3970 6160
599 206 740 264 I525

677 329 838 384 Vsus.
857 329 915 386 2.
936 328 1103 397 Deus,
1122 330 1389 402 judicium
1408 341 1556 387 tuum
1585 336 1695 405 regi
1720 336 1811 400 da,
1831 346 1880 389 et
1900 336 2166 408 justitiam
2199 345 2242 402 Α

599 433 744 475 tuam
771 422 882 491 ﬁlio
915 423 1074 491 regis,
1103 432 1210 479 etc.
1245 423 1363 478 Rex
1388 423 1665 494 Christus,
1699 430 1842 499 regis
1868 427 1958 483 Dei
1984 429 2172 485 Filius.

599 515 944 582 Quapropter
981 513 1095 582 ipse
1137 524 1356 582 regnat,
1384 515 1559 571 donec
1581 533 1774 574 omnes
1800 519 2007 574 inimici
2039 521 2175 576 sub-

593 604 853 674 jiciuntur
882 604 955 660 ei.
989 605 1195 661 Deinde
1223 607 1402 664 tradet
1426 623 1652 680 regnum
1684 611 1796 668 Deo
1817 623 1872 669 et
1902 611 2074 671 Patri.

671 869 801 924 IBID.
831 868 1089 925 Judicare
1129 876 1382 940 populum
1410 881 1556 925 tuum
1589 873 1640 925 in
1657 873 1875 943 justitia
1899 883 1946 928 et
1980 892 2176 946 paupe-

599 979 678 1016 res
733 973 850 1016 tuos
897 964 952 1017 in
986 962 1215 1033 judicio,
1246 973 1354 1020 etc.
1388 963 1502 1018 Non
1551 980 1746 1020 omnes
1779 981 2045 1036 pauperes
2079 968 2173 1023 Dei

598 1061 746 1119 sunt,
789 1053 884 1106 sed
922 1053 1014 1122 qui
1070 1067 1355 1124 propterea
1413 1056 1557 1126 quod
1615 1056 1741 1112 Jesu
1793 1058 2078 1123 assistunt,
2109 1059 2175 1114 ab

598 1143 717 1214 ipso
744 1145 885 1198 beati
923 1146 1310 1215 praedicantur.

673 1236 831 1292 Vsus.
862 1239 916 1293 3.
955 1237 1263 1309 Suscipiunt
1308 1252 1508 1296 monles
1565 1258 1772 1309 pacem,
1807 1251 1918 1297 etc.
1979 1261 1999 1294 ι
2026 1242 2174 1298 Beati

601 1328 743 1382 enim
777 1328 987 1398 paciﬁci
1007 1331 1074 1384 “.
1107 1351 1129 1384 ι

670 1417 836 1474 Vsus.
863 1420 918 1475 4.
947 1419 1224 1476 Judicabit
1265 1440 1521 1493 pauperes
1547 1425 1754 1493 populi,
1783 1436 1830 1480 et
1880 1426 2053 1482 salvos
2081 1427 2168 1496 fa-

597 1511 698 1566 ciet
717 1512 855 1581 ﬁlios
869 1530 1179 1584 pauperum,
1206 1525 1252 1571 et
1271 1519 2041 1586 humiliabitcalumniatdrem,
2067 1530 2173 1575 etc.

601 1601 655 1657 Si
690 1602 866 1658 ﬁdelis
897 1619 1002 1659 non
1024 1605 1323 1674 judicatur,
1359 1608 1500 1662 forte
1532 1611 1623 1679 qui
1658 1611 1811 1667 dives
1847 1621 1931 1666 est
1972 1611 2026 1665 in
2057 1627 2174 1666 om—

598 1696 654 1750 ni
697 1711 954 1754 sermone
1005 1708 1060 1752 et
1103 1699 1352 1767 scientia,
1377 1701 1470 1771 qui
1521 1703 1672 1758 dives
1699 1713 1785 1759 est
1834 1705 1889 1758 in
1921 1705 2176 1773 operibus
2207 1697 2249 1750 Β

599 1788 758 1843 bonis
792 1797 847 1843 et
900 1789 1318 1856 thesaurizavit,
1353 1795 1508 1861 cuius
1544 1812 1564 1845 ι
1587 1796 1821 1866 propriae
1851 1797 2056 1851 divitia:
2090 1812 2175 1851 re-

597 1882 838 1950 demptio
874 1884 1070 1938 anima:
1124 1885 1241 1954 ejus
1273 1886 1485 1950 sunt",
1515 1906 1533 1938 I
1569 1903 1680 1943 non
1721 1888 2038 1954 iudicatur;
2071 1889 2165 1957 qui

598 1984 779 2030 autem
809 1989 839 2029 a
880 1975 1079 2045 populo
1126 1977 1734 2046 mendicat,judicatur,
1762 1995 1885 2033 cum
1920 1993 2022 2034 nec
2071 1979 2175 2032 ﬁde

599 2084 696 2124 sua
731 2071 804 2124 ita
833 2069 1151 2137 profecerit,
1185 2078 1246 2125 ut
1268 2071 1571 2126 obtinuerit
1607 2071 1736 2126 illud
1768 2090 1782 2126 :
1829 2091 1847 2125 ι
1875 2071 1976 2140 Qui
2003 2075 2177 2129 credit

596 2160 651 2214 in
680 2174 787 2227 me,
823 2175 928 2215 non
971 2160 1388 2228 judicatur“;»
1418 2176 1594 2232 neque
1627 2162 1702 2216 ita
1741 2172 1916 2216 tamen
1965 2164 2176 2219 cecide-

596 2253 688 2320 rit,
724 2263 783 2307 ut
819 2253 872 2308 in
909 2252 1016 2308 illis
1062 2255 1134 2310 sit
1164 2254 1230 2308 de
1273 2255 1469 2324 quibus
1493 2255 1696 2309 dictum
1718 2264 1801 2310 est
1835 2273 1848 2308 :
1879 2275 1898 2307 ι
1929 2256 2028 2323 Qui
2063 2273 2169 2311 non

594 2345 792 2408 credit,
826 2343 938 2414 jam
974 2345 1252 2414 judicatus
1295 2356 1396 2402 est.
1421 2366 1440 2399 ι
1473 2347 1607 2402 Illud
1667 2358 1850 2404 autem
1885 2368 1904 2402 s
1930 2350 2022 2420 qui
2059 2367 2169 2406 non

595 2438 806 2493 crediti
843 2439 1057 2507 accipio
1084 2455 1182 2509 pro
1221 2458 1240 2490 ι
1263 2439 1491 2495 inﬁdeli.
1516 2459 1536 2492 ι

668 2529 834 2585 Vsus.
863 2529 916 2586 6.
951 2530 1234 2586 Descendet
1263 2533 1400 2586 sicut
1442 2533 1620 2600 pluvia
1656 2533 1710 2588 in
1741 2533 1928 2598 vellus,
1953 2545 2000 2590 et
2036 2537 2172 2590 sicut

595 2620 872 2676 stillicidia
913 2620 1177 2675 stillantia
1211 2637 1370 2692 super
1397 2630 1618 2689 terram,
1649 2631 1756 2678 etc.
1795 2623 1950 2680 Sicut
1989 2625 2172 2696 pluvia

595 2710 651 2768 iu
688 2722 902 2783 gentes,
929 2711 1070 2768 sicut
1097 2713 1374 2768 stillicidia
1395 2713 1447 2767 in
1477 2713 1751 2769 lsraelem.

667 2801 831 2858 Vsus.
861 2803 916 2861 7.
950 2801 1166 2858 Orietur
1213 2805 1269 2858 in
1313 2806 1496 2860 diebus
1548 2807 1662 2879 ejus
1682 2807 1897 2880 justitia
1922 2815 1972 2864 et
2000 2807 2172 2861 abun-

597 2897 783 2952 damia
814 2896 962 2966 pacis
992 2897 1155 2952 donec
1185 2898 1470 2969 auferatur
1497 2901 1647 2969 luna,
1681 2912 1789 2958 etc.
1817 2905 1894 2958 Ac
1928 2903 1973 2958 si
1999 2902 2170 2966 dicat,

597 3001 767 3056 usque
813 2988 882 3042 ad
930 2989 1478 3100 consummationem.
1543 2991 1772 3047 Sublata
1816 2993 1963 3048 enim
2015 2992 2168 3060 luna,
2199 3036 2245 3100 ο

597 3079 806 3137 tollitur
845 3090 1098 3151 tempus;
1135 3081 1350 3139 sublato
1379 3093 1557 3140 autem
1582 3095 1847 3155 tempore,
1877 3086 2040 3142 ﬁnem
2067 3087 2168 3142 ha-

592 3169 744 3226 behit
762 3172 1036 3228 sensibilis
1065 3174 1318 3232 mundus.
1354 3173 1540 3231 Potest
1573 3187 1754 3233 autem
1781 3176 1965 3232 lunam
1987 3179 2172 3234 dicere

591 3266 756 3318 etiam
790 3264 1160 3327 adversariam
1211 3266 1493 3334 virtutem,
1522 3279 1781 3340 tanquam
1825 3273 1969 3326 nocti
2000 3273 2172 3343 impe-

593 3364 827 3418 tantem.

669 3446 835 3504 Vens.
860 3447 916 3513 9.
940 3447 1135 3504 Coram
1179 3449 1273 3505 illo
1327 3452 1600 3522 prociderat
1653 3451 1959 3525 zﬁ'tliiopes,
1986 3465 2033 3511 et
2061 3459 2167 3513 iui-

593 3541 716 3596 mici
749 3541 866 3611 ejus
911 3551 1108 3597 terram
1163 3542 1380 3612 lingent.
1417 3542 1581 3615 Reges
1618 3544 1834 3612 Tharsis
1878 3557 1928 3602 et
1955 3549 2168 3613 insulas.

592 3644 702 3688 etc.
752 3632 850 3690 His
911 3645 1038 3704 puto
1089 3635 1319 3690 indicari
1369 3636 1664 3693 discrimen
1716 3654 1905 3694 eorum
1949 3642 2043 3711 qui
2099 3645 2168 3698 ad

593 3725 867 3784 Christum
889 3728 1177 3786 accedunt.

667 3817 942 3887 Ejusdem.
976 3819 1204 3876 Tharsis
1257 3836 1389 3892 gens
1419 3831 1503 3878 est
1527 3821 1864 3893 Ethiopica.
1897 3825 2167 3883 Praeterea

593 3910 822 3968 Tharsis
845 3912 1084 3970 colorem
1116 3915 1387 3984 signiﬁcat
1431 3917 1874 3987 hyacinthinum,
1908 3924 2170 3989 quemad-

594 4005 812 4060 modum
847 4007 992 4076 apud
1023 4009 1347 4078 prophetam
1399 4009 1663 4080 scriptum
1704 4021 1826 4065 est:
1858 4031 1878 4064 ι
1899 4012 2170 4069 Similitu-

591 4098 663 4149 do
719 4109 911 4159 eorum
951 4097 1090 4152 sicut
1159 4099 1454 4155 Tharsis.»
1511 4101 1667 4171 Apud
1734 4101 1928 4158 Jonam
1986 4115 2168 4160 autem

592 4186 822 4241 Tharsis
869 4187 1143 4258 signiﬁcat
1178 4188 1407 4245 Tarsum
1464 4191 1627 4265 762
1676 4193 1979 4247 civitatem.
2025 4195 2166 4250 Salia

590 4294 722 4333 vero
751 4281 882 4334 urbs
913 4290 996 4334 est
1054 4279 1240 4345 Indim,
1269 4296 1301 4336 e
1349 4298 1456 4352 qua
1489 4286 1639 4339 venit
1668 4286 1854 4355 regina
1891 4289 2060 4342 austri
2101 4289 2166 4342 ad

594 4372 961 4428 Salomonem.
1025 4373 1250 4429 'l‘harsis
1305 4376 1703 4446 interpretatur
1759 4381 2111 4447 speculatores
2146 4420 2161 4446 ,

2279 4388 2484 4442 νεύεται
2517 4389 2904 4455 κατάσκοποι,
2950 4392 3307 4462 κατασκοπὴ
3333 4390 3666 4461 εὐφροσύνης
3689 4380 3751 4434 καὶ

591 4465 878 4531 speculatio
908 4465 1109 4520 lwtitim
1140 4476 1188 4520 et
1217 4468 1423 4536 gaudii.

665 4555 827 4629 Vsus.
863 4557 952 4612 11.
988 4556 1185 4612 Omnes
1240 4570 1415 4628 gentes
1470 4562 1694 4619 servient
1718 4564 1785 4629 ei,
1823 4572 1930 4618 etc.
1956 4564 2014 4622 Si
2049 4580 2164 4621 ser-

588 4650 739 4704 vient
768 4650 817 4703 ei
846 4665 1038 4705 omnes
1077 4659 1287 4719 gentes,
1321 4651 1547 4706 omnino
1575 4654 1816 4708 servient
1843 4657 2011 4710 etiam
2058 4657 2162 4712 illa:

587 4756 709 4809 qum
739 4741 880 4804 bella
938 4743 1160 4798 habent.
1193 4742 1430 4818 Quodsi
1486 4745 1557 4798 ita
1611 4755 1714 4810 est,
1739 4749 1917 4804 omnis
1975 4750 2162 4820 utique

590 4844 785 4888 natura
809 4834 1152 4890 rationabilis
1179 4836 1382 4891 serviet
1411 4836 1651 4906 Christo.
1682 4838 1751 4893 Et
1780 4840 1885 4895 hoc
1907 4852 1990 4896 est
2014 4843 2158 4912 quod

589 4925 732 4996 apud
758 4925 984 4987 Paulum
1001 4926 1043 4957 ³⁷
1071 4927 1275 4982 dictum
1302 4939 1410 4994 est,
1459 4928 1583 4998 quia
1618 4928 1670 4983 ei
1716 4927 1964 5004 ﬂectetur
1999 4949 2162 4990 omne

585 5035 748 5093 genu.

2012 202 2170 273 EXG

2279 214 2442 273 :ENE
3671 230 3754 288 ιειι
3855 219 3857 268 ¹

2357 340 2418 393 Ὀ
2446 339 2614 408 Θεὸς,
2641 341 2708 396 τὸ
2738 341 2916 412 κρῖμά
2943 356 3058 398 σου
3085 344 3164 412 τῷ
3188 345 3441 411 βασιλεῖ
3455 346 3566 413 δὸς,
3592 350 3667 402 και
3690 354 3756 416 τιν

2277 430 2674 500 δικαιοσύνην
2714 449 2830 488 σου
2860 434 2941 500 τῷ
2972 435 3078 501 υἱῷ
3118 437 3226 490 τοῦ
3253 437 3566 504 βασιλέως,
3601 458 3644 492 κ.
3664 458 3700 493 τ.
3730 445 3755 496 ἑ.

2273 522 2540 586 Βασιλεὺς
2572 524 2803 595 Χριστὸς
2833 525 2967 596 (56),
3020 524 3284 595 βασιλέως
3326 526 3462 579 Θεοῦ
3485 528 3620 591 Υἱός⁸
3647 531 3757 602 Gabii;
3856 579 3857 602 ἦ

2278 617 2443 680 αὐτὸς
2487 616 2780 688 βασιλεύει,
2823 618 2926 682 ἕως
2972 619 3168 682 πάντες
3193 621 3244 671 οἱ
3288 619 3472 691 ἐχθροὶ
3510 621 3759 690 auctarum

2267 708 2446 780 αὐτῷ.
2498 706 2632 763 Εἶτα
2666 711 2978 783 παραδώσει
3019 713 3118 784 τὴν
3167 711 3450 782 βασιλείαν
3489 713 3559 784 τῷ
3594 715 3683 785 Θεῷ
3703 718 3760 769 καὶ

2276 802 2474 874 Πατρί.

2347 895 2589 963 Κρίνειν
2613 895 2722 950 τὸν
2749 897 2905 950 λαόν
2933 910 3047 950 σου
3092 895 3161 949 ἑν
3201 894 3550 962 δικαιοσύνῃ
3580 898 3654 948 καὶ
3672 898 3759 963 τοὺς

2277 987 2551 1054 πτωχούς
2577 1002 2692 1040 σου
2715 986 2786 1040 ὲν
2821 986 3037 1054 κρίσει,
3067 1003 3122 1040 κ.
3151 1004 3204 1038 τ.
3241 987 3292 1038 ὲ.
3333 987 3406 1038 UO
3443 985 3617 1048 πάντες
3639 988 3760 1056 (5ῖ)ιεὶ

2277 1076 2482 1146 πτωχοὶ
2531 1076 2626 1130 τοῦ
2665 1077 2799 1130 Θεοῦ
2839 1079 2994 1136 εἰσιν,
3027 1077 3140 1130 ἀλλ’
3172 1079 3224 1128 οἱ
3263 1076 3354 1130 διὰ
3398 1077 3457 1130 τὸ
3495 1080 3761 1148 capsis-stu}

2291 1167 2464 1238 Ἰησοῦ
2503 1168 2932 1240 μακαριζόμενοι
2957 1169 3047 1221 ὑπ’
3078 1167 3271 1223 αὐτοῦ.

2359 1259 2718 1314 Ἀναλαϐἐτω
2740 1261 2812 1316 τὰ
2836 1261 2946 1330 ὄρη
2976 1258 3254 1329 εἰρήνην,
3289 1277 3345 1312 κ.
3375 1277 3424 1312 τ.
3458 1260 3500 1315 ὲ,
3539 1280 3554 1310 ι
3573 1260 3763 1331 Μακᾶρω.

2276 1350 2384 1422 γὰρ
2410 1352 2520 1424 (58)
2551 1354 2600 1407 οἰ
2627 1353 2978 1425 εἰρηνοποιοί.
3015 1371 3034 1404 ι

2347 1444 2546 1514 Κρινεῖ
2570 1445 2714 1512 τοὺς
2743 1444 3016 1516 πτωχοὺς
3048 1444 3154 1499 τοῦ
3178 1444 3362 1509 λαοῦ,
3393 1444 3488 1498 καὶ
3509 1444 3659 1498 σώσει
3678 1446 3764 1507 τοὺς

2276 1537 2445 1604 υἱοὺς
2488 1537 2606 1592 τῶν
2657 1537 2952 1605 πενήτων,
2999 1537 3098 1592 καὶ
3141 1537 3496 1591 ταπεινώσει
3541 1534 3764 1603 συκοφάν-
3856 1543 3857 1605 λ

2277 1647 2412 1698 την,
2448 1648 2504 1684 κ.
2533 1648 2584 1683 τ.
2617 1633 2664 1686 ὲ.
2692 1632 2755 1684 Εἰ
2778 1633 2806 1683 ὁ
2835 1629 3106 1684 πιστεύων
3124 1630 3239 1701 (59)
3258 1632 3322 1684 οὐ
3354 1630 3598 1701 κρίνεται,
3625 1631 3764 1698 μήποτε

2278 1724 2306 1775 ὁ
2339 1722 2436 1791 μὲν
2463 1723 2521 1776 ὲν
2553 1724 2717 1778 παντὶ
2747 1723 2992 1777 πλουτῶν
3018 1725 3162 1794 λόγῳ
3189 1723 3288 1777 καὶ
3320 1721 3528 1791 γνώσει,
3557 1721 3635 1773 καὶ
3657 1720 3766 1770 πλου-

2277 1815 2384 1868 τῶν
2418 1817 2476 1869 ὲν
2509 1815 2692 1888 ἔργοις
2723 1816 2947 1886 ἀγαθοῖς
2972 1817 3084 1879 ,καὶ
3116 1817 3473 1888 θησαυρίσας,
3497 1835 3513 1867 ι
3554 1808 3606 1867 οὗ
3637 1814 3767 1879 λύτρα

2276 1908 2394 1961 ἐστὶ
2422 1909 2520 1980 τῆς
2555 1908 2734 1979 ψυχῆς
2765 1910 2794 1961 ό
2828 1907 2956 1972 ἴδιος
2987 1908 3241 1971 πλοῦτος,
3273 1927 3290 1958 ι
3330 1908 3405 1960 of).
3433 1907 3668 1977 κρίνεται·
3693 1901 3766 1954 ὁδὲ

2277 2000 2571 2070 πτωχεύων
2602 2000 2660 2053 τὸ
2687 2001 2796 2053 ἀπὸ
2821 2000 2914 2054 τοῦ
2943 1998 3070 2053 λαοῦ
3118 2002 3387 2073 κρίνεται·
3418 1999 3531 2052 οὔτε
3570 1996 3768 2066 mroer

2279 2109 2378 2156 σας
2405 2094 2498 2146 ἐπὶ
2528 2091 2780 2146 τοσοῦτον
2803 2093 2903 2163 τὴν
2931 2093 3135 2156 πίστιν,
3166 2093 3247 2156 ὡς
3269 2094 3450 2163 τυχεῖν
3485 2090 3586 2152 τοῦ,
3617 2109 3632 2140 ι
3650 2090 3768 2141 Ὀτιό

2277 2185 2545 2238 πιστεύων
2575 2188 2654 2248 εἰς
2686 2185 2787 2256 ἐμὲ
2818 2187 2879 2238 οὐ
2910 2185 3188 2258 κρίνεται·
3225 2204 3246 2236 ι
3285 2183 3408 2239 οὔτε
3439 2185 3509 2245 ὡς
3537 2181 3767 2242 ἀποπεσὼν,

2275 2276 2351 2340 ὡς
2371 2279 2428 2330 ὲν
2448 2277 2676 2340 ἐκείνοις
2704 2273 2843 2332 εἶναι
2869 2277 2996 2350 περὶ
3018 2271 3092 2331 ὧν
3119 2278 3342 2349 εἴρηται
3361 2295 3401 2328 ἀ
3425 2278 3477 2331 ’0
3488 2277 3551 2348 μὴ
3575 2275 3767 2328 πιστεύων

2275 2367 2374 2438 ήδη
2417 2368 2687 2440 κέκριται.
2714 2389 2734 2421 ι
2787 2369 2994 2421 Ἀκούω
3039 2368 3095 2421 δὲ
3136 2368 3237 2422 τοῦ
3290 2371 3356 2423 (ὁ
3397 2369 3468 2440 μὴ
3511 2368 3762 2422 materiari.»

2275 2461 2396 2513 ἀντὶ
2425 2459 2541 2525 τοῦ,
2577 2479 2594 2511 ι
2615 2463 2642 2513 ὁ
2668 2460 2932 2514 ἀπιστῶν.
2960 2480 2980 2512 ι

2345 2553 2758 2623 Καταϐήσεται
2801 2554 2881 2620 ὡς
2927 2553 3101 2620 ὑετὸς
3145 2554 3248 2607 ἐπὶ
3305 2553 3510 2615 πόκον,
3546 2552 3627 2605 καὶ
3671 2550 3763 2602 ὡσεὶ

2275 2644 2514 2714 σταγὼν
2532 2647 2569 2713 ἠ
2597 2643 2902 2705 στάζουσα
2921 2644 3022 2699 ἐπὶ
3039 2645 3155 2713 τὴν
3175 2643 3320 2715 γῆν,
3348 2663 3400 2698 κ.
3425 2661 3472 2698 τ.
3496 2644 3538 2696 ὲ.
3569 2643 3640 2706 Ὧς
3662 2641 3763 2700 iisti;

2277 2737 2375 2808 μὲν
2393 2735 2503 2808 (60)
2534 2737 2624 2789 ἐπὶ
2649 2735 2718 2789 τὰ
2758 2735 2908 2807 ἔθνη,
2951 2736 3027 2799 ὡς
3072 2737 3335 2806 σταγόνες
3361 2736 3452 2789 ἐπὶ
3479 2735 3559 2789 τὸν
3596 2732 3761 2804 Ἰσραήλ.

2357 2829 2653 2884 Ἀνατελεῖ
2683 2829 2757 2884 ἐν
2794 2829 2926 2895 ταῖς
2969 2829 3222 2898 ἡμέραις
3274 2829 3460 2884 αὐτοῦ
3495 2827 3762 2888 δικαιοσύνη

2274 2921 2376 2976 καὶ
2405 2920 2638 2991 πλῆθος
2680 2920 2922 2990 εἰρήνης
2961 2921 3072 2988 ἕως
3116 2917 3192 2977 οὗ
3235 2918 3605 2988 ἀνταναιρεθῇ
3638 2919 3667 2984 ι)
3699 2932 3762 2968 σε·

2273 3017 2457 3087 λήνη,
2490 3035 2545 3071 κ.
2572 3035 2624 3072 τ.
2654 3017 2702 3070 έ.
2748 3016 2891 3070 Ἀντὶ
2918 3015 3010 3069 τοῦ
3035 3015 3168 3088 (61),
3203 3015 3367 3086 μέχρι
3399 3014 3492 3084 τῆς
3520 3008 3760 3070 συντελείας.

2272 3110 2512 3182 Σελήνης
2542 3109 2652 3182 γὰρ
2680 3109 3102 3181 ἀναιρουμένης,
3130 3108 3444 3180 ἀναιρεῖται
3465 3105 3655 3178 χρόνος·
3680 3099 3761 3171 χρέ-

2271 3220 2362 3257 νου
2390 3202 2447 3256 δὲ
2475 3200 2871 3271 ἀναιρεθέντος,
2915 3199 3068 3264 τέλος
3114 3200 3231 3266 ἔξει
3273 3202 3304 3254 ὁ
3341 3199 3577 3270 αἰσθητὸς
3604 3197 3758 3264 κόσμος.

2269 3291 2502 3345 Δύναται
2557 3291 2615 3346 δὲ
2668 3291 2899 3363 σελήνην
2957 3290 3133 3360 λέγειν
3183 3291 3285 3344 καὶ
3330 3291 3425 3363 τὴν
3470 3284 3760 3356 ἀντικειμένην

2269 3384 2518 3455 δύναμιν,
2552 3383 2629 3447 ὡς
2658 3382 2932 3454 ἄρχουσαν
2955 3383 3054 3454 τῆς
3088 3383 3310 3446 νυκτός.

2353 3473 2643 3530 Ἐνώπιον
2678 3473 2866 3529 αὐτοῦ
2896 3474 3388 3540 προσπεσοῦνται
3427 3473 3675 3535 Αἰθίοπες,
3699 3463 3757 3518 καὶ
3856 3463 3857 3524 Ῠ

2271 3570 2324 3621 οἱ
2373 3564 2575 3634 ἐχθροὶ
2615 3564 2800 3619 αὑτοῦ
2858 3564 3010 3634 χοῦν
3061 3562 3363 3628 λείξουσι.
3405 3560 3760 3624 Βασιλεῖςθιιρ-

2269 3655 2373 3720 σὶς
2408 3655 2505 3708 καὶ
2539 3658 2598 3709 al
2635 3653 2841 3723 νῆσοι,
2874 3673 2928 3709 κ.
2956 3673 3005 3709 τ.
3038 3657 3086 3711 ἑ.
3121 3657 3397 3724 Διαφορὰν
3431 3654 3530 3727 (62)
3556 3648 3676 3722 οἶμαι
3702 3648 3761 3716 δη-

2271 3746 2490 3801 λοῦσθαι
2525 3747 2581 3800 ὲν
2615 3747 2823 3811 τούτοις
2853 3747 2962 3801 τῶν
3001 3747 3078 3817 τῷ
3105 3747 3329 3818 Χριστῷ
3364 3747 3668 3817 προσιόντων.

2347 3840 2457 3894 Τοῦ
2480 3840 2688 3894 αὐτοῦ.
2726 3840 2957 3912 Θαρσεῖς
2985 3838 3134 3904 ἔθνος
3164 3839 3279 3912 (65)
3334 3838 3615 3894 Αἱθιοπικόν
3643 3837 3756 3886 ἐστιν.

2275 3933 2393 3985 “Et:
2442 3933 2502 3984 τὸ
2540 3933 2773 4004 Θαρσεῖς
2823 3931 3076 4003 σημαίνει
3111 3932 3171 3984 τὸ
3204 3933 3402 4004 χρῶμα
3429 3931 3484 3984 τὸ
3518 3925 3756 3982 ὑακίνθινον,

2268 4021 2344 4085 ὡς
2373 4023 2521 4093 παρὰ
2548 4023 2624 4094 τῷ
2655 4025 2908 4096 προφήτῃ
2935 4022 3156 4094 ἔχομεν·
3201 4044 3218 4073 ι
3261 4025 3530 4094 Ὁμοίωμα
3556 4015 3756 4074 αὑτῶ·ιὼς

2268 4114 2519 4185 Θαρσεῖς.
2542 4135 2560 4166 ι
2597 4116 2859 4186 Σημαίνει
2902 4115 2958 4168 δὲ
3003 4117 3155 4188 παρὰ
3194 4116 3274 4187 τῷ
3325 4117 3472 4184 Ἰωνᾷ
3509 4114 3588 4167 καὶ
3610 4107 3756 4178 Ταρσὸν

2269 4205 2365 4274 τὴν
2398 4204 2571 4258 πόλιν.
2603 4204 2749 4260 Σαϐὰ
2773 4205 2829 4258 δὲ
2856 4206 3007 4269 πόλις
3029 4207 3127 4276 τῆς
3166 4207 3377 4270 Ἰνδίας,
3408 4206 3493 4275 ἀφ’
3520 4201 3577 4274 ἧς
3600 4198 3756 4272 ἦλθενὴ

2270 4295 2555 4366 βασίλισσα
2583 4297 2734 4352 νότου
2765 4298 2902 4369 πρὸς
2923 4298 3270 4369 Σαλομῶντα.
3308 4300 3524 4371 Θαρσεῖς
3554 4296 3600 4348 δὲ
3639 4296 3756 4361 ἑρμηο

2273 4497 2480 4549 χαρᾶς.

2341 4577 2547 4631 Πάντα
2597 4579 2671 4631 τὰ
2732 4580 2875 4646 ἔθνη
2921 4579 3369 4635 δουλεύσουσιν
3397 4579 3559 4645 αὐτῷ,
3594 4594 3637 4630 κ.
3663 4591 3697 4624 τ.
3719 4570 3748 4618 ἑ.

2271 4667 2333 4721 El
2357 4667 2732 4724 δουλεύσουσιν
2747 4669 2856 4742 (64)
2874 4671 3024 4742 αὐτῷ
3050 4671 3226 4724 πάντα
3247 4671 3314 4724 τὰ
3338 4665 3748 4743 ἔθνη,δουλεύσουςι

2271 4761 2487 4825 πάντως
2519 4762 2706 4817 καὶτὰ
2739 4765 2866 4828 τοὺς
2908 4766 3175 4837 πολέμους
3215 4767 3420 4838 ἔχοντα.
3459 4765 3515 4818 ΕΞ
3555 4762 3602 4822 δὲ
3628 4755 3743 4812 τθθτθν

2269 4855 2420 4906 πᾶσα
2463 4854 2574 4923 ἄρα
2604 4855 2765 4923 φύσις
2811 4857 3000 4928 λογικὴ
3048 4858 3319 4920 δουλεύσει
3353 4857 3425 4928 τῷ
3461 4845 3744 4926 Χριστῷκαῖ

2268 4944 2425 5010 τοῦτό
2468 4948 2582 5002 ἐστι
2614 4947 2676 5000 τὸ
2712 4949 2860 5021 παρα
2886 4949 2962 5021 τῷ
3001 4949 3198 5020 Παύλῳ
3229 4949 3518 5022 εἰρημένον,
3549 4945 3614 4998 ὅτι
3647 4934 3743 5002 αὐτῷ

2269 5037 2477 5107 κάμψει
2509 5041 2616 5092 πᾶν
2649 5040 2797 5106 γόνυ.
2947 5027 2951 5030 ’

695 5115 739 5145 ³⁵
770 5114 964 5170 Matth.
997 5131 1050 5180 ν,
1079 5116 1134 5172 9.
1211 5117 1259 5150 ³³
1277 5117 1437 5175 Prov.
1471 5136 1590 5186 xm,
1629 5121 1682 5177 8.
1757 5121 1803 5154 ³⁸
1831 5121 1990 5179 Joan.
2024 5143 2146 5201 xm,

2346 5133 2389 5164 ³⁷
2418 5133 2616 5204 Philip.
2653 5151 2716 5202 ιι,
2753 5136 2841 5190 t0.

654 5207 770 5280 (56)
800 5211 1102 5278 Βασιλεὺς
1132 5213 1410 5282 Χριστός,
1439 5227 1545 5272 etc.
1578 5214 1946 5287 Coislinianus
1969 5234 2165 5276 secun-

584 5285 771 5420 ὅηῑέῖ)
807 5353 889 5406 Οὐ
922 5351 1168 5419 πάντες,
1200 5362 1304 5413 etc.
1335 5355 1499 5414 Idem.

657 5421 769 5493 (58)
803 5423 1102 5502 Μακάριοι.
1124 5423 1273 5502 γάρ,
1291 5435 1398 5480 etc.
1431 5428 1610 5484 Codex
1650 5427 2016 5490 Cuisliniauus
2043 5432 2158 5502 pri-

585 5505 727 5554 mus,
753 5503 808 5546 et
840 5495 1055 5547 scheda:
1087 5495 1297 5551 brahii.

584 5646 615 5684 ε
657 5561 770 5684 (ὕὲ)
793 5565 863 5617 El
895 5567 928 5616 ό
955 5566 1278 5635 πιστεύων,
1310 5577 1418 5625 etc.
1453 5570 1634 5635 Codex
1659 5572 2027 5646 Coislinianus
2065 5589 2156 5630 se-

620 5648 691 5684 IIII
735 5650 817 5684 IIS.

620 5648 817 5688 ιιιιαιιε.

658 5702 774 5778 (60)
815 5704 911 5772 Ὠς
938 5706 1110 5773 ὑετὸς
1136 5709 1275 5777 μέν,
1312 5722 1415 5764 etc.
1443 5711 1623 5768 Codex
1663 5713 2023 5778 Coislinianus
2052 5716 2164 5788 pri-

2269 5242 2410 5287 mus.
2443 5237 2498 5284 et
2533 5229 2746 5280 scheda'
2766 5229 2973 5285 Grabii.

2264 5285 2446 5421 b"((11)
2491 5297 2638 5351 Ἀντὶ
2666 5299 2793 5365 τοῦ,
2829 5315 2937 5356 etc.
2973 5301 3118 5355 Idem
3144 5301 3310 5358 codex
3358 5308 3409 5354 et
3441 5293 3622 5353 schedaz
3639 5285 3736 5342 Grav

2308 5384 2363 5421 ιι.

2336 5437 2449 5508 (62)
2487 5439 2802 5508 Διαφοράν,
2833 5450 2940 5494 etc.
2969 5441 3331 5496 Coislinianus
3357 5435 3609 5496 secundus.

2475 5506 2724 5585 Θαρσεῖς
2753 5511 2945 5585 ἔθνος,
2971 5525 3076 5566 etc.
3112 5509 3660 5585 Coisliuianusnpljillf'lﬁ

2341 5574 2452 5648 (64)
2477 5574 3038 5644 Εὶήδουλεύσουσιν,
3085 5592 3190 5640 etc.
3240 5583 3410 5638 Codex
3452 5574 3735 5634 Coisliuianus

2269 5650 2565 5716 secundus,
2594 5662 2648 5706 et
2680 5654 2892 5709 scheda:
2925 5651 3133 5715 Grabii.
