3970 6160
283 241 427 299 i529

1228 239 1540 298 SELECTA
1573 238 1639 295 IN
1675 236 2017 296 PSALMOS.
2049 269 2121 283 —
2151 240 2346 300 PSAL.
2381 241 2616 304 LXXIII.

3416 252 3556 312 £550

286 382 307 415 ι
346 365 407 419 '0
430 362 771 436 κολλώμενος
799 362 878 435 τῷ
905 363 1096 436 Κυρίῳ
1122 363 1181 418 ἐν
1211 363 1432 436 πνεῦμά
1466 365 1632 418 ἐστιν.
1659 381 1679 413 ι
1713 362 1858 432 ’Δμα

1978 360 2142 430 mino,
2173 379 2313 420 tinus
2340 366 2563 435 spiritus
2608 372 2713 421 est.
2745 383 2766 419 ι
2803 364 2941 423 IIinc
2978 366 3144 425 etiam
3187 367 3351 426 simul
3379 371 3545 429 Jisci-

281 456 339 510 δὲ
368 457 462 511 καὶ
491 456 836 529 μανθάνομεν
881 457 973 511 διὰ
1000 456 1207 512 τούτων
1233 456 1334 530 τὴν
1372 455 1467 510 τοῦ
1496 452 1703 526 ἀγαθοῦ
1728 450 1865 507 Θεοῦ

282 549 489 605 οὐσίαν.

846 737 1141 793 ΨΑΛΜΟΣ
1178 740 1300 795 OI".

354 830 487 886 Ἵνα
509 831 586 898 τί,
632 832 666 886 ὀ
701 830 867 897 Θεὸς,
905 830 1127 885 ἀπώσω
1150 834 1237 897 εὶς
1277 830 1471 897 τέλος,
1500 848 1556 885 κ.
1591 847 1645 886 τ.
1684 829 1732 883 ἑ.
1784 828 1873 892 Ὠς

283 922 421 991 πρὸς
448 923 511 976 τὸ
541 922 703 994 ῥητὸν
743 922 859 995 (89)
893 922 1067 977 ταῦτά
1106 940 1271 993 φασιν
1312 925 1360 977 οἱ
1396 924 1455 976 ἐν
1495 924 1563 994 τῇ
1597 920 1875 993 αἰχμαλω-

285 1015 396 1083 σίᾳ.
451 1012 778 1066 ’Λπωθεϊται
821 1011 879 1065 δὲ
924 1012 1020 1079 οὓς
1055 1013 1354 1068 ἀπωθεῖται
1399 1012 1604 1085 Κύριος
1630 1011 1773 1066 κατὰ
1808 1009 1871 1064 τὸ

283 1105 488 1177 πλῆθος
517 1106 627 1160 τῶν
668 1105 934 1160 ἀσεϐειῶν
968 1105 1180 1160 αὐτῶν·
1213 1107 1307 1161 καί
1346 1123 1500 1171 τινας
1542 1104 1866 1169 ἀπωθεῖται,

283 1197 360 1261 ὡς
388 1197 721 1269 γέγραπται,
761 1197 866 1264 ἕως
913 1197 1137 1270 σφόδραο
1181 1197 1276 1263 οὓς
1305 1198 1362 1252 δὲ
1397 1218 1416 1249 ι
1439 1200 1520 1263 είς
1547 1198 1700 1262 τέλος
1720 1217 1739 1250 ι
1774 1197 1870 1251 καὶ

283 1287 352 1342 τὰ
374 1287 599 1360 ἔσχατα.

366 1485 644 1556 Ὠρτίο-θη
691 1489 726 1541 ὁ
774 1487 962 1557 θυμός
1011 1501 1128 1540 σου
1198 1486 1297 1540 ἐπὶ
1353 1488 1620 1555 πρόϐατα
1670 1486 1866 1557 νομῆς

1975 469 2097 510 mus
2128 457 2254 513 boni
2285 457 2380 514 Dei
2417 458 2798 515 substantiam.

2469 731 2789 789 PSALMUS
2826 731 3059 789 LXXIII.

2051 824 2210 880 Vens.
2235 824 2288 879 l.
2323 822 2390 878 Ut
2421 826 2570 895 quid,
2612 826 2773 890 Deus,
2831 829 3072 895 repulisti
3102 830 3156 882 in
3191 829 3392 897 ﬁnem?
3443 841 3551 888 etc.

1974 916 2249 984 Quantum
2279 918 2346 971 ad
2375 916 2611 972 litteram
2640 926 2873 989 spectat,
2904 919 3020 974 haec
3064 919 3254 976 dicunt
3304 922 3394 993 qui
3427 935 3556 978 sunt

1973 1004 2026 1059 in
2059 1004 2393 1073 captivitate.
2429 1005 2660 1075 Repellit
2708 1019 2890 1063 autem
2916 1023 3056 1079 quos
3108 1012 3323 1082 repellit
3360 1014 3551 1067 Domi-

1971 1112 2075 1151 nus
2127 1098 2428 1153 secundum
2477 1098 2882 1155 multitudinem
2936 1101 3279 1171 impietalum
3339 1119 3552 1162 eorum.

1970 1189 2039 1246 Et
2091 1190 2353 1258 quosdam
2405 1190 2621 1260 quidem
2651 1191 2884 1261 repellit,
2936 1193 3078 1248 sicut
3126 1196 3389 1263 scriptum
3444 1208 3552 1263 est,

1970 1284 2353 1350 vehementer,
2407 1285 2674 1355 quosdam
2727 1300 2858 1340 vero
2889 1304 2909 1339 ι
2947 1289 3001 1341 in
3057 1287 3220 1343 linem
3250 1307 3270 1341 ι
3301 1297 3357 1345 et
3382 1305 3554 1361 usque

1968 1377 2035 1432 ad
2063 1378 2381 1433 novissima.
2631 1434 2635 1438 .

2042 1473 2171 1527 IBID.
2195 1472 2379 1528 Iratus
2416 1483 2493 1529 est
2522 1474 2678 1544 furor
2700 1483 2821 1530 tuus
2841 1493 3003 1546 super
3025 1493 3143 1531 oves
3173 1493 3386 1546 pascuae
3420 1488 3546 1543 tum,

284 1547 508 1643 oov,'s'c.
542 1596 593 1633 τ.
715 1578 811 1643 Τὸ,
843 1547 1273 1632 ιΕίσελεύσεται
1297 1547 1431 1651 (90),
1468 1580 1563 1633 καὶ
1593 1547 1858 1646 ὲξελεῦσῖεί

1978 1576 2076 1622 etc.
2112 1564 2247 1623 Illud
2271 1566 2342 1634 “,
2373 1586 2391 1620 ι
2423 1567 2787 1638 lngredietur,
2816 1580 2870 1624 et
2893 1571 3227 1640 egredietur,
3270 1581 3324 1625 et
3348 1585 3546 1640 pascua

282 1683 393 1733 ται,
425 1670 520 1722 καὶ
548 1667 722 1740 νομὴν
750 1669 993 1739 εὑρήσει,
1020 1687 1038 1718 ι
1069 1667 1245 1740 τούτῳ
1270 1669 1557 1740 χρήσιμον.

353 1758 668 1827 Μνήσθητι
693 1757 805 1825 τῆς
836 1756 1193 1828 συναγωγῆς
1228 1773 1345 1813 σου
1384 1754 1462 1829 ἧς
1492 1758 1730 1827 ἐκτήσω
1762 1760 1864 1814 ἀπ’

283 1849 496 1918 ἀρχῆς,
524 1868 578 1905 κ.
612 1868 660 1903 τ.
690 1851 737 1914 ἐ.
757 1852 1021 1923 Ζητήσεις
1049 1852 1158 1904 ἀπὸ
1189 1851 1349 1916 ποίας
1372 1851 1485 1925 (9i)
1514 1853 1687 1924 ἀρχῆς
1713 1853 1867 1923 ἐκτή-

285 1958 416 1996 σατο
462 1942 559 2013 τὴν
612 1943 935 2014 συναγωγὴν
985 1943 1177 1996 ἐαυτοῦ
1215 1946 1246 1998 6
1289 1944 1443 2009 Θεὸς,
1484 1946 1579 1998 καὶ
1612 1946 1672 1999 τὸ
1707 1946 1867 1999 πότε-

286 2050 377 2105 ρον
407 2034 731 2107 προγνώσει,
759 2035 792 2106 ἦ
823 2035 1018 2100 ἄλλως.
1046 2037 1134 2093 Τὸ,
1175 2056 1193 2088 t
1221 2036 1307 2091 ἵνα
1334 2038 1387 2091 τί
1414 2058 1431 2089 ι
1466 2039 1604 2111 πρὸς
1629 2039 1761 2093 Θεὸν
1786 2039 1867 2092 λε·

280 2129 511 2199 γόμενον
557 2129 886 2194 πευστικῶς,
917 2131 1199 2202 αἰτητικὸν
1237 2132 1386 2186 ἐστιν
1414 2132 1760 2205 ἀποκρίσεως
1783 2133 1864 2187 δι-

279 2222 585 2294 δασκούσης
617 2223 712 2296 τὴν
753 2225 933 2280 αἰτίαν
973 2227 1071 2297 τῆς
1104 2226 1371 2291 ἀπώσεως
1401 2228 1496 2282 καὶ
1537 2228 1636 2299 τῆς
1670 2228 1861 2301 ὀργῆς·

279 2312 342 2366 τὸ
380 2314 456 2377 δὲ,
515 2334 534 2366 ι
556 2314 837 2387 ὠργίσθης
882 2317 975 2369 ἐπὶ
1023 2316 1292 2390 πρόϐατα,
1316 2337 1335 2370 ι
1372 2316 1462 2371 διὰ
1507 2316 1734 2388 ίλασμὸν
1766 2316 1863 2371 τοῦ

280 2406 630 2478 ὀργιζομένου
659 2407 876 2479 λέγεται
894 2427 909 2441 ·
942 2413 1058 2474 τοῖς
1095 2410 1207 2482 γὰρ
1234 2410 1311 2475 ὡς
1339 2410 1586 2481 πρόϐατα
1617 2411 1864 2484 ἀνοήτοις

282 2498 612 2572 συγγνώμην
638 2501 731 2555 ἐπὶ
754 2503 869 2565 τοῖς
895 2502 975 2564 εἰς
999 2501 1242 2556 διάνοιαν
1264 2504 1482 2573 ήμαρτη
1492 2496 1672 2572 μὲνοις
1700 2503 1860 2556 αἰτεῖ.

290 2590 449 2646 Ἀλλά
501 2593 599 2646 καὶ
652 2592 1045 2664 ἐπιλαθόμενος
1087 2593 1179 2647 διὰ
1222 2593 1293 2647 τὰ
1343 2594 1718 2665 ἁμαρτήματα
1763 2594 1863 2665 τῆς

280 2684 618 2755 συναγωγῆς,
665 2682 933 2755 μνήσθητι
993 2683 1165 2753 αὐτῆς
1202 2667 1501 2756 γενομένης
1554 2686 1649 2739 ἀπ’
1687 2685 1863 2758 ἀρχῆς

279 2778 573 2847 κτήματος.
601 2775 726 2839 Πῶς
750 2776 808 2830 δὲ
840 2794 859 2827 ι
885 2776 979 2829 ἀπ’
999 2776 1194 2848 ἀρχῆς,
1216 2795 1235 2827 ι
1262 2777 1362 2830 οὐκ
1387 2776 1729 2848 ἐμφαίνεται,
1751 2777 1859 2832 οὐδ’

278 2867 345 2923 ἂν
367 2868 425 2933 ἐξ
446 2866 721 2937 Αἰγύπτου
743 2869 870 2939 νοῇς
892 2867 1062 2939 αὐτὴν
1087 2868 1279 2939 κτῆσιν
1306 2864 1586 2939 γεγονένάι
1609 2869 1768 2925 Θεοῦ.

368 2957 713 3027 Ἐλυτρώσω
723 2958 953 3027 ῥάϐδον
974 2963 1377 3031 κληρονομίας
1399 2977 1533 3016 σου·
1554 2962 1691 3032 ὄρος
1710 2963 1866 3018 Σιὼν

275 3050 453 3105 τοῦτο
477 3050 508 3105 ὃ
536 3048 1011 3118 κατεσκήνωσας
1042 3051 1113 3105 ἐν
1134 3052 1315 3120 αὐτῷ,
1349 3071 1402 3107 κ.
1432 3055 1564 3108 ne.
1597 3048 1865 3127 Ζητήσεις

275 3143 387 3198 εἴτε
410 3142 520 3215 (92)
584 3143 854 3214 ἐκτήσατο
890 3144 919 3196 6
955 3142 1089 3207 Θεὸς
1127 3144 1254 3215 ὅρος
1300 3144 1460 3209 Σιὼν,
1490 3147 1601 3200 εἴτε
1636 3147 1864 3219 ἐλυτρώ-

276 3248 408 3290 eam
437 3234 589 3301 αὐτὸ,
642 3234 760 3299 πῶς
788 3234 884 3288 ἀπ’
911 3234 1088 3308 ἀρχὴς
1136 3238 1405 3310 ἐκτήσατο
1430 3236 1463 3308 ἢ
1497 3237 1858 3310 ἐλυτρώσατο.

274 3328 439 3397 Ζήτει
470 3327 769 3399 μυστικῶς.

345 3420 504 3475 Ὅσα
528 3420 979 3489 ἐπονηρεύσατο
1020 3422 1054 3475 ὁ
1099 3419 1312 3490 ἐχθρὸς
1342 3422 1412 3475 ἐν
1436 3421 1518 3489 τῷ
1545 3423 1693 3495 ἁγίῳ
1720 3440 1858 3489 σου,

274 3512 373 3567 καὶ
397 3511 891 3583 ὲνεκαυχήσαντο
913 3517 969 3569 οὶ
988 3514 1315 3585 μισοῦντές
1344 3529 1440 3583 σε,
1470 3516 1553 3570 ἐν’
1559 3515 1729 3585 μέσῳ
1750 3517 1861 3586 τῆς

270 3603 482 3675 ἑορτῆς
519 3622 657 3669 σου,
694 3623 748 3661 κ.
792 3622 845 3659 τ.
882 3606 930 3661 ἐ.
972 3607 1048 3660 Οὐ
1092 3604 1414 3676 τόπου(95),
1450 3606 1565 3660 ἀλλ’
1605 3608 1806 3680 ἀρετῆς
1830 3608 1859 3660 6

270 3700 423 3764 Θεός.
482 3699 546 3754 Ἡ
591 3698 649 3751 δὲ
699 3697 793 3754 τοῦ
841 3699 1011 3753 τόπου
1067 3700 1256 3772 μνήμη
1307 3698 1397 3753 διὰ
1445 3699 1860 3773 φιλανθρωπίας

271 3790 492 3846 ἐλπίδα·
520 3789 660 3845 ὥστε
698 3791 828 3855 τοὺς
868 3790 1169 3855 ἐπιϐάντας
1206 3794 1320 3857 τοῖς
1361 3792 1712 3867 ἀφιερωθεῖσι
1739 3794 1859 3866 Θεῷ

269 3883 489 3954 χωρίοις
506 3882 829 3954 ἀμείϐεσθαί
869 3900 1003 3956 φησι
1051 3882 1229 3948 τοῦτο,
1244 3884 1375 3937 ὅτιὸ
1396 3884 1553 3955 λόγος
1573 3888 1601 3940 6
1624 3887 1859 3960 πονηρὸς

270 3973 463 4044 ἐχθρὸς
501 3974 558 4028 ἐν
594 3977 707 4038 τοῖς
750 3974 925 4044 ἁγίοις
967 3975 1102 4029 ἐστί.
1142 3976 1254 4029 Καὶ
1294 3974 1388 4029 νῦν
1428 3978 1789 4049 πονηρεύεται
1828 3980 1858 4033 6

269 4063 464 4135 ἐχθρὸς
505 4065 561 4118 ἐν
588 4064 666 4136 τῷ
696 4065 856 4136 ἁγίῳ,
888 4065 1168 4120 τουτέστιν
1195 4068 1254 4121 ἐν
1281 4071 1349 4140 τῇ
1387 4068 1706 4143 Ἐκκλησία.
1747 4073 1857 4127 Καὶ

271 4155 366 4211 ἐὰν
397 4154 604 4231 ἐκπέσῃ
629 4174 714 4222 τις
759 4156 869 4210 τῶν
915 4157 1117 4230 ἑορτῶν
1150 4156 1245 4212 τοῦ
1286 4158 1449 4227 Θεοῦ,
1482 4161 1856 4233 ἐγκαυχῶνται

1966 1659 2231 1726 inveniet,
2264 1677 2285 1713 ι
2316 1661 2383 1715 ad
2412 1661 2464 1715 id
2492 1660 2624 1715 utile
2648 1670 2754 1719 est.

2040 1752 2206 1807 Vens.
2256 1752 2312 1808 2.
2366 1750 2574 1807 Mentor
2619 1762 2730 1807 esto
2775 1757 3202 1826 congregationis
3250 1766 3355 1812 tua:
3389 1774 3550 1828 quam

1964 1844 2246 1915 possedisti
2276 1843 2341 1898 ab
2368 1844 2543 1910 initio,
2577 1854 2682 1899 etc.
2716 1844 2944 1912 Quaeres
2970 1864 2998 1901 a
3026 1863 3135 1917 quo
3180 1849 3337 1905 initio
3364 1865 3553 1925 posse-

1966 1938 2042 1991 dit
2071 1938 2545 2007 congregationem
2572 1952 2728 1993 suam
2766 1938 2925 2004 Deus,
2984 1954 3052 1996 an
3082 1941 3442 2012 praescientia,
3481 1957 3548 1997 an

1966 2030 2148 2085 aliter.
2186 2030 2338 2096 Illud,
2382 2048 2401 2081 ι
2435 2041 2492 2085 ιιι
2524 2032 2655 2100 quid
2685 2050 2707 2084 ι
2745 2033 2812 2087 ad
2845 2033 3010 2087 Deum
3049 2033 3439 2105 interrogative
3466 2033 3551 2087 di-

1966 2134 2135 2191 ctum,
2163 2124 2406 2194 postulat
2436 2140 2778 2195 responsum,
2810 2141 2919 2196 quo
2968 2126 3226 2181 doceatur
3273 2142 3436 2182 causa
3468 2141 3553 2181 re-

1967 2218 2235 2289 pulsionis
2292 2226 2349 2273 et
2406 2218 2535 2285 irae;
2600 2217 2742 2273 istud
2791 2233 2947 2283 vero,
2990 2238 3008 2269 ι
3063 2218 3239 2274 Iratus
3294 2234 3356 2274 es
3381 2234 3548 2288 super

1963 2323 2118 2374 oves,
2152 2326 2174 2363 ι
2208 2317 2430 2379 propter
2464 2309 2903 2365 misericordiam
2949 2310 3241 2365 irascentis
3292 2310 3498 2365 dicitur
3526 2328 3541 2364 :

1965 2416 2090 2457 nam
2120 2401 2189 2458 iis
2213 2402 2307 2472 qui
2339 2402 2483 2458 sicut
2502 2416 2632 2458 oves
2671 2402 2993 2473 insipientes
3041 2412 3171 2458 sunt
3199 2404 3417 2459 veniam
3452 2419 3550 2473 pro

1965 2494 2293 2565 insipientia
2321 2496 2560 2565 peccatis
2583 2495 2740 2566 petit.
2793 2494 2897 2561 Qui
2942 2496 3391 2568 congregationis
3442 2505 3550 2552 tua:

1962 2589 2164 2645 oblitus
2192 2604 2254 2645 es
2282 2598 2505 2659 propter
2541 2599 2787 2659 peccata,
2817 2605 3026 2644 memor
3056 2599 3175 2645 esto
3203 2589 3369 2652 illius,
3426 2606 3547 2662 quae

1964 2680 2035 2735 ab
2078 2681 2233 2736 initio
2297 2681 2440 2736 facta
2475 2688 2561 2737 est
2614 2682 2885 2750 possessio
2947 2691 3056 2734 tua.
3092 2679 3379 2748 Quomodo
3411 2701 3430 2733 ι
3476 2682 3547 2736 ab

1965 2767 2146 2835 initio,
2176 2785 2195 2820 ι
2236 2782 2345 2823 non
2372 2768 2686 2825 declaratur
2719 2787 2734 2825 :
2766 2785 2944 2841 neque
2996 2771 3042 2825 si
3096 2784 3164 2825 ex
3188 2769 3425 2842 Aigypto
3457 2786 3549 2844 co:

1890 2894 1933 2952 ο
1966 2862 2105 2933 gites
2134 2860 2307 2931 ipsam
2346 2859 2549 2921 factam
2586 2877 2710 2919 esse
2736 2865 3135 2935 possessionem
3172 2865 3288 2920 Dei.

2035 2952 2167 3009 Imb.
2214 2952 2502 3009 Redemiin
2555 2956 2757 3027 virgam
2807 2957 3135 3012 hwreditntis
3188 2969 3294 3013 tua:
3332 2973 3351 3012 :
3397 2974 3549 3013 mons

1965 3046 2120 3113 Sion,
2148 3047 2205 3100 in
2226 3063 2330 3119 quo
2356 3048 2608 3104 hubitasti
2629 3048 2686 3104 in
2713 3066 2797 3116 eo,
2833 3059 2941 3106 etc.
2976 3050 3103 3105 Sive
3137 3061 3376 3108 montem
3413 3050 3545 3107 Sion

1963 3142 2268 3211 possederit
2316 3141 2481 3209 Deus,
2535 3142 2652 3199 sive
2686 3142 3015 3210 redemerit,
3042 3159 3253 3213 qnmres
3274 3146 3549 3215 quomodo

1962 3232 2032 3287 ab
2055 3234 2210 3290 initio
2251 3233 2555 3305 possederit
2582 3247 2670 3290 vet
2697 3235 3012 3291 redemerit.
3058 3235 3253 3305 Quaere
3296 3239 3546 3308 mystice.

2035 3420 2202 3477 Vens.
2229 3420 2287 3476 5.
2317 3421 2535 3490 Quanta
2582 3422 2907 3494 malignatus
2945 3433 3021 3478 est
3070 3424 3314 3479 inimicus
3337 3426 3392 3480 in
3424 3444 3548 3480 san-

1962 3525 2069 3581 cto,
2094 3524 2142 3569 et
2170 3514 2391 3586 gloriati
2422 3524 2544 3576 sunt
2576 3515 2667 3583 qui
2692 3517 2913 3569 oderunt
2962 3526 3012 3572 te
3032 3557 3048 3583 ,
3094 3518 3155 3571 in
3196 3520 3364 3572 medio
3418 3525 3550 3573 sote-

1960 3609 2205 3663 mnitatis
2241 3619 2368 3676 tute,
2397 3618 2507 3665 etc.
2538 3608 2655 3664 Non
2690 3608 2818 3674 loci,
2861 3610 2955 3666 sed
2981 3610 3204 3666 virtutis
3250 3612 3389 3667 Dens
3438 3620 3543 3666 est.

1959 3700 2087 3759 Luci
2123 3712 2299 3759 autem
2328 3704 2777 3761 commemoratio
2798 3702 2859 3757 lit
2882 3703 2953 3758 ob
2980 3717 3130 3773 spem
3166 3704 3543 3775 benignitatis,

1962 3795 2036 3847 ita
2068 3803 2128 3848 ut
2173 3795 2266 3865 qui
2310 3797 2376 3849 ad
2419 3795 2534 3851 loca
2567 3796 2678 3853 Deo
2726 3805 3049 3852 consecrata
3083 3795 3407 3860 ascendunt,
3452 3814 3544 3852 re-

1960 3887 2286 3954 spondeant,
2332 3889 2528 3958 inquit,
2585 3904 2893 3946 sermonem
2936 3891 3137 3945 malum
3174 3890 3449 3945 inimicum
3488 3888 3541 3944 in

1959 3979 2164 4035 sanctis
2193 3995 2334 4036 esse.
2385 3981 2449 4036 Et
2489 3997 2631 4038 nunc
2681 3984 3009 4053 malignatur
3036 3983 3295 4039 inimicus
3324 3983 3378 4038 in
3413 3998 3543 4038 san-

1959 4082 2071 4136 cto,
2101 4071 2201 4127 hoc
2244 4072 2406 4145 765
2436 4083 2519 4130 est
2558 4076 2611 4129 in
2643 4075 2909 4132 Ecclesia.
2961 4076 3029 4131 Et
3082 4076 3128 4130 si
3166 4076 3292 4146 quis
3329 4091 3357 4130 a
3395 4075 3542 4131 sole-

1960 4162 2279 4219 mnitatibus
2331 4166 2426 4220 Dei
2481 4165 2769 4231 exciderit,
2810 4166 3115 4237 gloriantur
3158 4166 3248 4236 qui
3304 4167 3541 4220 oderunt

269 4251 318 4303 οἱ
351 4249 632 4322 μισοῦντες
653 4251 744 4304 τὸν
767 4250 1004 4323 Χριστὸν
1031 4254 1126 4306 καὶ
1151 4251 1504 4325 ἀναιροῦντες
1532 4255 1717 4322 αὐτὸν,
1745 4257 1854 4311 εἴτε

1978 4256 2238 4313 Sin-istum
2277 4267 2333 4312 et
2362 4256 2698 4314 interﬁciunt
2727 4258 2901 4326 illum,
2952 4261 3068 4316 sive
3116 4259 3370 4329 p0pulns,
3425 4260 3542 4316 sive

267 4346 298 4398 6
324 4342 473 4408 λαὸς,
507 4343 616 4397 εἴτε
648 4345 703 4397 αἱ
735 4343 1106 4415 ἀντικείμεναι
1137 4344 1412 4416 δυνάμεις.

350 4434 446 4501 Ὠς
469 4434 539 4487 ἐν
562 4433 763 4506 δρυμῷ
783 4434 985 4501 ξύλων
1002 4436 1242 4505 ἀξίναις
1277 4437 1584 4509 ἐξέκοψαν
1616 4440 1724 4510 τὰς
1752 4445 1856 4498 θύ-

260 4541 376 4595 ρας
402 4524 613 4594 αὐτῆς,
651 4543 709 4580 κ.
740 4544 791 4581 τ.
821 4528 869 4581 ἐ.
913 4527 1098 4583 Ταῦτα
1125 4529 1303 4583 πάντα
1337 4530 1450 4602 (94)
1491 4534 1851 4607 πεπλήρωται

266 4619 326 4672 ἐν
371 4620 438 4690 τῇ
495 4617 605 4671 τῶν
666 4619 1053 4692 Ἰεροσολύμων
1100 4620 1332 4687 ἁλώσει,
1396 4623 1588 4700 ὥσπερ
1662 4627 1849 4703 Ἰώση-

267 4728 367 4775 πος
412 4711 617 4782 ἱστορεῖ
670 4710 878 4765 καθὲνα
931 4712 1292 4785 διηγούμενος
1351 4715 1461 4771 τῶν
1524 4722 1849 4793 πεπραγμέ-

265 4817 389 4855 νων.

349 4894 745 4963 Ἐνεπύρισαν
775 4894 846 4949 ἐν
884 4895 1027 4965 πυρὶ
1067 4896 1134 4951 τὸ
1183 4899 1576 4972 ἁτιαστήριόν
1606 4919 1723 4959 σου
1758 4909 1848 4975 εἰς

263 4985 379 5057 τὴν
411 4984 548 5057 Tﬁr'
588 4985 971 5053 ἐϐεόήλωσαν
1004 4987 1072 5041 τὸ
1104 4988 1395 5062 σκήνωμα
1420 4993 1528 5048 τοῦ
1558 4996 1848 5066 ὀνόματός

263 5095 402 5146 σου,
443 5096 498 5133 κ.
532 5095 585 5131 τ.
622 5078 671 5133 ἐ.
712 5079 985 5152 Σκήνωμα
1015 5081 1111 5137 τοῦ
1144 5083 1409 5156 ὀνόματος
1443 5086 1556 5159 (95)
1582 5088 1677 5143 τοῦ
1712 5090 1848 5146 Θεοῦ

263 5172 413 5226 ἐστιν
444 5173 473 5225 6
501 5169 647 5236 νοῦς,
680 5171 829 5237 ὅστις
863 5171 1209 5246 βεϐηλοῦται,
1234 5177 1422 5249 γήϊνος
1454 5178 1576 5232 ἀντὶ
1618 5180 1850 5253 ἐπουρα-

261 5262 373 5317 νίου
397 5261 708 5334 γενόμενος.

332 5358 379 5390 ⁸⁸
402 5356 561 5413 Joan.
584 5373 641 5425 ι,
680 5358 735 5414 9.

265 5449 585 5575 sei-:2th
609 5450 763 5520 πρὸς
785 5450 853 5505 τὸ
871 5451 1088 5522 ῥητόν,
1104 5461 1217 5511 etc.
1234 5451 1284 5510 E
1300 5453 1492 5511 codice
1511 5453 1853 5515 Coisliniano

338 5591 446 5659 (90)
484 5591 577 5654 Τὸ,
607 5593 1058 5659 Εισελεύονεται,
1089 5601 1200 5649 etc.
1240 5594 1315 5649 Es
1350 5596 1562 5652 eodem.

334 5661 448 5731 (ιιι)
479 5661 774 5730 Ζητήσεις
813 5663 934 5719 ἀπὸ
961 5663 1161 5731 ποίας,
1193 5676 1301 5720 etc.
1330 5666 1406 5720 Ex
1443 5670 1657 5725 eodem.

339 5729 449 5802 (92)
481 5731 776 5803 Ζητήσεις
805 5734 947 5804 etes,
978 5745 1088 5793 etc.
1116 5729 1205 5801 Ex,
1223 5740 1443 5794 eodem.

1961 4351 2288 4407 adversaria:
2318 4361 2637 4421 potestates.

2030 4438 2199 4496 Vens.
2255 4442 2373 4497 5-6.
2431 4440 2600 4508 Quasi
2649 4443 2704 4497 in
2753 4443 2883 4497 silva
2942 4443 3207 4513 lignorum
3271 4446 3539 4501 securibus

1957 4533 2267 4587 exciderunt
2282 4534 2488 4605 januas
2517 4534 2652 4605 ejus,
2680 4543 2787 4589 etc.
2816 4534 2940 4590 Hcce
2962 4539 3143 4592 omnia
3166 4538 3384 4609 impleta
3409 4549 3541 4594 sunt

1957 4625 2011 4679 in
2042 4625 2394 4699 Jerosolyma:
2419 4632 2843 4703 expugnatione,
2890 4634 3345 4701 quemadmodum
3410 4649 3538 4689 nar-

1959 4730 2044 4775 rat
2067 4719 2337 4792 Joscpltus
2361 4725 2453 4793 qui
2482 4724 2800 4796 singillatim
2833 4740 2919 4781 res
2948 4735 3131 4797 gestas
3159 4729 3531 4800 persequitur.

2027 4900 2192 4955 Vens.
2222 4899 2277 4955 7.
2315 4899 2672 4957 Incenderunt
2725 4904 2836 4974 igni
2881 4908 3246 4961 smtcluarium
3283 4920 3430 4963 tuum
3477 4909 3533 4964 in

1956 5003 2135 5058 terra;
2175 4992 2479 5065 polluerunt
2530 4994 2928 5051 tabernaculum
2981 5001 3210 5055 nominis
3261 5003 3359 5066 tui,
3422 5010 3531 5056 etc.

1958 5084 2391 5142 Tabernaculum
2427 5084 2668 5142 nominis
2718 5088 2809 5144 Dei
2839 5099 2923 5145 est
2956 5106 3128 5156 mens,
3187 5107 3308 5163 qua:
3336 5093 3533 5164 pollui-

1957 5188 2046 5234 tur
2067 5193 2191 5235 cum
2214 5192 2315 5248 pro
2338 5178 2551 5235 caelesti
2580 5180 2645 5236 lit
2669 5191 2907 5239 terrena.

2022 5451 2137 5522 (93)
2154 5454 2239 5507 Οὐ
2270 5458 2482 5517 τόπου,
2513 5463 2618 5507 etc.
2645 5453 2725 5508 Ex
2749 5453 2957 5509 eodem.

2020 5521 2133 5596 (94)
2176 5522 2370 5596 Ταῦτα
2390 5522 2624 5596 (πάντα,
2650 5536 2757 5579 etc.
2783 5522 2829 5578 E
2852 5524 3037 5579 codice
3062 5521 3286 5581 Coislin.
3320 5526 3515 5596 primo,

1946 5605 2000 5651 et
2028 5592 2247 5649 Scliedis
2270 5592 2478 5661 Grabii.

2008 5664 2122 5735 (95)
2149 5663 2442 5734 Σκήνωμα
2468 5664 2573 5719 τοῦ
2604 5665 2917 5735 ὀνόματος,
2946 5674 3058 5724 etc.
3096 5666 3170 5723 Ex
3199 5666 3387 5723 eodem
3419 5682 3516 5720 eoo

1938 5737 2058 5793 dixe
2084 5746 2141 5791 et
2165 5737 2382 5794 schedis
2414 5735 2624 5792 Grabii.
