3970 6160
505 220 635 278 1551

500 449 614 487 ram
640 446 784 488 tuam
815 436 880 490 de
906 440 1074 492 medio
1126 441 1245 493 sinu
1274 450 1363 494 tuo
1390 442 1441 494 in
1488 443 1684 510 ﬁnem?
1701 455 1810 501 etc.
1857 446 1914 501 Si
1955 464 2070 503 ma-

498 539 598 579 nus
626 535 680 580 et
731 527 952 583 dextera
989 529 1083 585 Dei
1136 531 1282 587 inter
1313 547 1374 586 se
1423 534 1702 599 diﬂ‘erunt.
1749 541 1974 596 adverto
2003 557 2070 598 ne

497 617 642 671 forte
675 633 867 674 manus
891 619 1056 674 faciat
1080 637 1200 692 quae
1230 633 1357 678 sunt
1391 634 1581 679 contra
1634 627 1820 681 hostes
1863 632 2067 700 populi,

496 711 716 764 dextera
747 725 878 764 vero
908 722 1164 781 operetur
1195 713 1334 768 bona
1361 730 1462 784 pro
1501 717 1718 786 populo.
1757 720 1918 776 Verbi
1945 737 2061 791 gra-

496 801 592 865 tia,
625 816 818 857 manus
847 816 987 864 erat,
1022 808 1239 874 quando
1264 806 1527 873 furorem,
1578 818 1635 865 et.
1694 812 1856 878 iram,
1887 823 1942 868 et
1969 815 2068 868 tri-

491 891 847 961 bulationem,
887 896 1282 952 immissionem
1326 915 1422 968 per
1446 902 1668 972 angelos
1696 905 1865 960 malos
1895 906 2068 979 Egy-

490 982 637 1050 ptiis,
671 982 1020 1040 Hebrmorum
1047 989 1241 1057 gratia,
1271 990 1417 1044 misit
1448 993 1589 1048 Deus
1611 994 1678 1049 de
1704 998 1881 1052 medio
1903 1000 2021 1054 sinu
2047 1014 2062 1052 :

489 1075 645 1141 quasi
673 1075 799 1130 olim
831 1076 899 1133 de
922 1080 1098 1134 medio
1125 1080 1248 1136 sinu
1298 1085 1440 1137 bona
1471 1085 1682 1141 dederit
1723 1087 1816 1143 Dei
1847 1107 2061 1159 manus,

492 1173 674 1231 postea
701 1175 885 1220 autem
926 1181 1117 1223 aversa
1152 1170 1313 1225 fuerit
1340 1187 1369 1225 a
1419 1170 1578 1229 bonis
1608 1175 1674 1230 de
1729 1178 1908 1232 medio
1941 1180 2064 1234 sinu

488 1253 819 1321 accipiendis
843 1267 898 1310 et
927 1257 1120 1314 dandis
1154 1263 1371 1332 populo.
1425 1265 1601 1323 Simul
1634 1277 1815 1324 autem
1848 1286 2064 1342 quaeres

489 1357 556 1396 an
594 1344 702 1400 du’o
733 1347 842 1402 sint
869 1363 1060 1406 manus
1083 1361 1140 1407 et
1161 1353 1384 1410 dextera
1421 1358 1540 1413 Dei.

558 1523 842 1582 Vens.12.
894 1529 1039 1585 Deus
1085 1543 1262 1588 autem
1300 1553 1393 1592 rex
1445 1550 1623 1595 noster
1657 1553 1777 1598 ante
1825 1547 2058 1614 sa’cula,

487 1629 730 1678 operatus
767 1632 842 1674 est
890 1624 1115 1678 salutem
1145 1628 1202 1680 in
1242 1631 1412 1685 medio
1449 1643 1628 1700 terra,
1677 1647 1785 1692 etc.
1833 1638 2060 1705 Quando

1869 232 1961 291 EX
2001 236 2306 296 ORIGENE

570 343 737 400 Vrsas.
767 345 855 399 ll.
887 343 1086 408 thuid
1135 350 1326 403 avertis
1356 367 1572 405 manum
1621 361 1766 407 tuam
1807 366 1853 409 et
1893 359 2075 413 dexte-
2101 364 2149 421 Α

3637 253 3760 308 1532

2251 361 2374 414 Ἵνα
2402 361 2460 415 τί
2486 363 2882 434 ἀποστρέφεις
2902 366 3019 434 τὴν
3043 368 3214 438 χεῷἁ
3243 385 3362 423 σου
3400 369 3504 422 καὶ
3523 370 3650 436 τὴν
3677 370 3761 423 δε-

2172 451 2309 517 ξιάν
2332 469 2448 508 σου
2489 456 2558 508 ἐκ
2590 457 2786 525 μέσου
2828 459 2934 512 τοῦ
2976 462 3210 514 κόλπου
3257 475 3378 514 σου
3423 463 3519 527 εἰς
3557 461 3762 526 τέλος

2171 560 2226 596 κ.
2251 561 2303 596 τ.
2333 546 2380 599 ὲ.
2412 547 2474 598 Ei
2493 546 2734 618 διαφέρει
2761 550 2796 620 ή
2825 551 2944 621 χεὶρ
2978 550 3088 620 (96)
3111 553 3205 604 καὶ
3239 555 3272 622 ἡ
3295 551 3456 616 δεξιὰ
3479 554 3583 606 τοῦ
3613 553 3759 615 Θεοῦ,

2169 633 2426 706 ἐφίστημι
2473 638 2678 708 μήποτε
2713 641 2745 708 ἡ
2793 639 2892 708 μὲν
2930 643 3051 710 χεὶρ
3083 641 3150 696 τὰ
3189 643 3334 695 κατὰ
3381 643 3501 695 τῶν
3561 642 3760 713 ἐχθρῶν

2167 724 2260 777 τοῦ
2294 725 2425 779 λαοῦ
2454 731 2615 792 ποιεῖ,
2647 731 2680 799 ἡ
2709 729 2858 794 δεξιὰ
2881 731 2936 784 δὲ
2961 732 3027 784 τὰ
3060 733 3200 804 ὑπὲρ
3237 733 3335 786 τοῦ
3374 733 3519 786 λαοῦ
3565 734 3755 800 ἀγαθά-

2166 812 2276 871 οἷον
2309 819 2340 888 ἠ
2370 821 2510 890 χεὶρ,
2534 822 2623 873 ὅτε
2650 821 2820 891 θυμὸν
2851 823 2944 876 καὶ
2973 824 3141 895 ὀργὴν
3178 826 3276 877 καὶ
3313 825 3510 894 θλίψιν
3539 827 3761 879 ἀποστο-

2166 909 2263 979 λὴν
2289 910 2354 962 δι’
2380 911 2624 979 ἀγγέλων
2654 915 2903 985 πονηρῶν
2925 917 3239 984 Αἰγυπτίοις
3285 919 3434 989 ὑπὲρ
3498 918 3759 987 Ἑϐραίων

2167 1000 2481 1055 ἀπέστειλεν
2511 1005 2540 1055 6
2570 1004 2701 1067 Θεὸς
2742 1007 2805 1058 ἐκ
2855 1006 3018 1075 μέσου
3063 1006 3156 1059 τοῦ
3192 1008 3422 1060 κόλπουο
3480 1008 3570 1072 ὡς
3604 1011 3760 1061 πάλαι

2169 1093 2267 1163 μὲν
2295 1093 2593 1164 δεδομένων
2614 1097 2678 1148 ὲκ
2703 1097 2869 1166 μέσου
2901 1097 2996 1150 τοῦ
3018 1098 3218 1151 κόλπου
3256 1099 3493 1167 ἀγαθῶν
3525 1101 3641 1153 ἀπὸ
3677 1103 3762 1169 τῆς

2165 1185 2345 1256 χειρὸς
2369 1186 2462 1239 τοῦ
2484 1186 2638 1240 Θεοῦ·
2669 1187 2894 1259 ὕστερον
2916 1189 2971 1242 δὲ
2999 1191 3450 1261 ἀποστραφείσης
3487 1191 3601 1260 τῆς
3627 1192 3762 1255 θείας

2164 1277 2344 1347 χειρὸς
2377 1277 2482 1330 ἀπὸ
2508 1278 2602 1330 τοῦ
2641 1277 2936 1350 λαμϐάνειν
2962 1283 3026 1334 ἐκ
3056 1280 3219 1351 μέσου
3245 1281 3340 1333 τοῦ
3371 1283 3599 1334 κόλπου
3631 1285 3762 1350 ἁγα-

2165 1367 2253 1431 θὰ,
2299 1368 2390 1420 καὶ
2434 1368 2630 1422 διδόναι
2677 1369 2756 1440 τῷ
2798 1370 2931 1441 λαῷ.
2965 1373 3115 1442 ’Ἅμα
3151 1372 3206 1424 δὲ
3252 1371 3532 1444 ζητήσεις
3584 1375 3638 1425 εἰ
3679 1372 3762 1425 δύο

2163 1457 2298 1510 εἰσὶν
2325 1459 2358 1529 ἡ
2393 1460 2510 1530 χεὶρ
2537 1461 2634 1514 καὶ
2664 1462 2696 1530 ἡ
2726 1461 2873 1526 δεξιὰ
2903 1461 2994 1515 τοῦ
3027 1461 3185 1516 Θεοῦ.

2244 1549 2297 1602 Ὁ
2323 1550 2389 1602 δὲ
2419 1552 2561 1617 Θεὸς
2587 1552 2888 1619 ,ϐασιλεὺς
2920 1552 3087 1622 ἡμῶν
3113 1553 3227 1621 πρὸ
3269 1552 3524 1619 αἰῶνος,
3564 1553 3756 1623 εὶρτάο

2163 1655 2311 1695 σατο
2345 1644 2734 1710 σωτηρίανὲν
2754 1645 2922 1714 μέσῳ
2947 1643 3054 1714 τῆς
3078 1643 3209 1715 γῆς,
3234 1663 3289 1698 κ.
3326 1662 3377 1698 τ.
3445 1646 3496 1698 ὲ.
3560 1647 3697 1698 Ὅτε
3735 1647 3760 1697 ὁ

485 1703 656 1763 Filius
682 1710 917 1768 hominis
951 1715 1004 1768 in
1034 1717 1199 1772 corde
1233 1729 1390 1777 terrae
1431 1733 1542 1779 tres
1579 1727 1696 1782 dies
1723 1744 1785 1784 ac
1819 1741 1929 1787 tres
1957 1748 2048 1787 no-

2166 1733 2289 1796 Υἱὸς
2318 1734 2428 1804 (97)
2462 1703 2555 1788 τοῦ
2585 1703 3255 1810 ἀνθρωπου-ὲποίσησενέν
3288 1740 3353 1808 τῇ
3410 1737 3632 1807 καρδίᾳ

485 1807 600 1852 ctes
639 1801 773 1880 egit.
820 1802 1093 1861 Fortassis
1132 1824 1262 1865 vero
1291 1831 1310 1863 ‹
1353 1818 1589 1872 medium
1640 1828 1801 1876 terrae
1843 1841 1861 1874 ι
1894 1834 2055 1880 vocat

485 1875 732 1948 centrum
759 1895 922 1964 illius,
965 1913 1085 1968 quae
1110 1902 1371 1972 sphaerica
1400 1919 1501 1963 est.

553 2073 716 2130 Vsus.
751 2077 838 2132 l5.
881 2078 959 2133 Tu
987 2081 1317 2149 conﬁrmasti
1345 2085 1402 2138 in
1433 2087 1623 2143 uirtute
1653 2101 1746 2146 tua
1778 2111 1947 2162 mare,
1998 2108 2054 2153 tu

482 2168 775 2221 contrivisti
825 2173 1003 2238 capita
1051 2174 1341 2228 draconum
1392 2178 1448 2231 in
1496 2183 1664 2250 aquis,
1701 2195 1809 2240 etc.
1850 2188 1917 2243 Ut
1948 2206 2052 2245 non

481 2260 713 2326 amplius
764 2273 908 2317 esset
934 2268 1242 2323 contrarius
1299 2279 1493 2327 ventus
1531 2277 1917 2344 navigantibus
1969 2285 2052 2337 di—

480 2351 722 2420 scipulis,
755 2363 805 2408 et
830 2357 969 2410 facta
995 2358 1074 2414 eis
1123 2363 1514 2430 tranquillitate
1571 2371 1638 2424 ad
1683 2380 1881 2428 terram
1929 2391 2052 2446 per-

479 2444 732 2498 venirent
753 2448 818 2499 ad
851 2463 1012 2516 quam
1044 2452 1390 2511 recedebant.

552 2620 715 2679 Vens.
777 2626 862 2682 l7.
917 2626 1182 2684 Ai‘statem
1235 2644 1284 2686 et
1329 2651 1416 2689 uer
1453 2647 1506 2687 tu
1539 2638 1732 2706 fecisti,
1788 2651 1895 2698 etc.
1940 2645 2050 2700 Cur

477 2716 661 2770 omisit
683 2728 1004 2776 autumnum
1034 2734 1088 2776 et
1119 2725 1392 2782 hiemem?
1421 2731 1586 2786 Aiunt
1615 2733 1777 2802 igitur
1803 2746 2046 2792 :estatem

474 2811 696 2878 quidem
747 2823 1031 2880 autumno,
1081 2818 1312 2874 hiemem
1346 2832 1524 2877 autem
1557 2827 1669 2879 veri
1717 2831 1937 2898 opponi.
1971 2832 2050 2887 Ac

474 2916 573 2957 ver
605 2905 822 2973 quidem
873 2911 1264 2978 generationis,
1315 2927 1474 2972 aestas
1528 2933 1662 2974 vero
1713 2929 1926 2991 tempus
1963 2932 2048 2979 est

473 2996 852 3066 perfectionis.

543 3082 710 3141 Vens.
737 3089 824 3144 18.
857 3089 1060 3144 Memor
1086 3101 1196 3148 esto
1229 3094 1406 3165 hujus,
1433 3106 1537 3152 etc.
1571 3098 1776 3156 Memor
1794 3110 1913 3157 esto
1943 3103 2045 3158 hu-

465 3175 560 3250 jus
585 3189 851 3235 creaturae
877 3182 1150 3240 videlicet.
1191 3185 1244 3239 Si
1285 3200 1506 3258 propter
1537 3191 1810 3260 homines,
1843 3195 2043 3265 inquit,

469 3277 779 3324 creaturam
838 3270 1037 3339 fecisti,
1099 3279 1361 3333 auxilium
1416 3293 1611 3351 praesta
1663 3284 1771 3342 illis
1824 3300 2046 3360 propter

468 3376 607 3430 quos
643 3373 896 3419 creatura
922 3367 1066 3422 facta
1121 3377 1225 3424 est.
1288 3369 1383 3425 Vel
1449 3388 1658 3430 memor
1713 3387 1831 3432 esto
1883 3381 2044 3450 hujus

467 3455 936 3524 congregationis,
989 3475 1153 3530 quam
1202 3465 1486 3531 possedisti
1537 3468 1604 3523 ab
1668 3469 1845 3526 initio.
1907 3472 2042 3528 Nam

464 3547 629 3601 etiam
670 3548 735 3602 ad
761 3548 890 3604 illud
935 3551 1187 3611 refertur.
1389 3613 1395 3620 ,

541 3639 702 3696 Vsus.
745 3641 833 3696 l9.
866 3641 946 3698 Ne
986 3648 1166 3700 tradas
1217 3647 1392 3703 bestiis
1423 3650 1656 3704 animam
1707 3654 2042 3722 conﬁtentem

463 3731 577 3794 tibi,
614 3742 720 3788 etc.
781 3733 837 3789 Si
873 3737 1058 3791 bestia:
1115 3739 1368 3793 dicuntur
1417 3740 1706 3807 dazmonia,
1761 3745 1814 3799 in
1852 3747 2040 3803 bestiis

466 3823 628 3894 766
657 3836 836 3880 autem
867 3829 1122 3896 praevalet
1172 3830 1345 3894 furor,
1383 3832 1436 3886 in
1463 3835 1796 3890 dtemonibus
1849 3839 2039 3908 utique

459 3919 721 3985 prawalet
771 3920 945 3977 furor.
998 3922 1066 3976 Et
1092 3924 1232 3992 apud
1278 3923 1377 3979 Job
1424 3926 1468 3957 ⁸⁵
1511 3928 1714 3983 dicitur
1746 3947 1760 3984 :
1795 3949 1813 3981 ι
1845 3930 2040 3988 Bestiae

463 4020 700 4078 agrestes
725 4013 965 4080 pacilicae
989 4026 1148 4069 erunt
1185 4018 1302 4074 tibi.
1347 4037 1368 4070 ι

535 4099 694 4156 Vrsas.
737 4103 824 4158 20.
886 4105 1098 4174 Respice
1144 4109 1200 4160 in
1256 4119 1644 4175 testamentum.
1695 4127 1802 4171 etc.
1831 4116 2038 4174 Memor

457 4204 578 4247 esto
609 4197 1029 4264 promissionum
1065 4216 1202 4268 quas
1237 4204 1551 4261 Abrahamo
1589 4209 1786 4274 fecisti,
1823 4212 1941 4265 fore
1977 4224 2036 4267 ut

457 4287 617 4342 dares
645 4289 838 4344 semini
870 4291 986 4359 ejus
1011 4303 1210 4347 terram
1245 4296 1385 4352 lacte
1413 4316 1478 4355 ac
1515 4302 1673 4356 melle
1701 4314 2029 4360 manantem.

529 4462 661 4517 lum.
713 4465 855 4531 Quia
885 4468 1068 4536 repleti
1112 4481 1234 4525 sunt
1281 4475 1374 4542 qui
1409 4476 1678 4532 obscurati
1719 4493 1843 4534 sunt
1871 4492 2028 4538 terra:

454 4555 694 4611 domibus
717 4560 1079 4630 iniquitatum,
1113 4577 1221 4620 etc.
1255 4565 1553 4624 Obscurata
1599 4588 1751 4627 mens
1789 4575 2028 4642 repletur

455 4647 854 4717 iniquitatibus.
907 4653 1234 4710 Obscuratio
1287 4659 1431 4712 enim
1485 4661 1537 4714 in
1597 4664 1943 4734 cognitione,
1974 4675 2029 4721 et

452 4737 713 4806 iniquitas
744 4743 794 4796 in
823 4745 1034 4800 actibus
1061 4747 1404 4819 intelligitur.

528 4825 689 4882 Vens.
723 4829 814 4886 (ἒξ.
869 4831 1134 4904 Exsurge,
1170 4835 1331 4904 Deus,
1367 4840 1556 4910 judico
1582 4859 1800 4898 causam
1853 4856 2021 4902 tuam.

454 4915 656 4972 Memor
686 4933 794 4975 esto
837 4924 1272 4994 improperiorum
1325 4940 1558 4999 tuorum,
1613 4951 1731 5003 quae
1778 4937 1842 4988 ab
1890 4941 2023 4994 insi-

447 5011 619 5080 piente
651 5021 775 5066 sunt
807 5024 916 5069 tota
941 5017 1046 5082 die,
1091 5029 1198 5074 etc.
1233 5038 1252 5072 ι
1291 5020 1557 5094 Exsurge,
1598 5025 1761 5093 Deus,
1802 5044 1821 5077 ι
1851 5044 2022 5100 usque

517 5132 561 5164 “
594 5131 695 5188 Job
729 5149 780 5202 ν,
820 5135 911 5190 25.

515 5247 627 5317 (96)
668 5249 740 5302 Ei
789 5246 1057 5318 διαφέρει
1107 5249 1147 5317 ἡ
1178 5249 1328 5319 χείρ,
1359 5255 1464 5304 etc.
1496 5246 1540 5301 Ε
1581 5246 1770 5305 codice
1829 5249 2020 5308 Coisli-

448 5316 615 5369 niann’
637 5321 895 5372 secundo.

518 5389 630 5458 (9'7)
664 5390 793 5442 Ὅτε
817 5393 850 5443 ό
885 5391 1035 5456 Υἱός,
1076 5399 1183 5445 etc.
1219 5390 1298 5444 Ex
1330 5391 1542 5445 eodem.

667 5461 799 5546 τινα
817 5459 1200 5546 μῃκέτιηειο.
1236 5461 1314 5546 E_x
1343 5463 1584 5546 eodem."
1684 5533 1720 5546 ﬂ
1763 5532 1775 5544 .
1809 5531 1845 5546 υ

515 5529 633 5601 (99)
665 5531 768 5582 Διά
817 5532 875 5584 τι
927 5531 1182 5601 παρῆκε,
1236 5543 1344 5588 etc.
1381 5533 1422 5587 Ε
1467 5532 1652 5589 codice
1681 5531 2014 5592 Coisliniano

465 5615 638 5672 :rtmo.
734 5668 744 5672 _
1863 5665 1868 5672 .

443 5614 638 5669 [.I'lIIIO.
1863 5665 1868 5672 .

514 5668 928 5738 (1)Μνήσθητι
969 5672 1212 5741 ταύτης,
1236 5683 1342 5731 etc.
1372 5674 1413 5731 E
1449 5673 1638 5732 codice
1679 5674 2014 5734 Coisliniano

2158 1824 2261 1894 γῆς
2279 1828 2428 1896 τρεῖς
2459 1827 2670 1898 ἡμέρας
2708 1831 2802 1881 καὶ
2826 1831 2974 1898 τρεῖς
3004 1829 3220 1892 νύκτας.
3246 1828 3404 1898 Τάχα
3431 1828 3493 1880 δὲ
3530 1849 3551 1879 ι
3587 1830 3652 1880 τὸ
3676 1830 3762 1898 μέ·

2160 1929 2249 1964 σον
2291 1913 2389 1984 τῆς
2418 1914 2523 1984 γῆς
2556 1935 2573 1966 ι
2602 1916 2662 1969 τὸ
2691 1917 2914 1988 κέντρον
2952 1918 3120 1989 αὐτῆς
3166 1918 3338 1988 λέγει,
3367 1918 3758 1988 σφαιροειδοί

2156 2002 2343 2065 οὔσης.

2225 2021 2256 2054 σ
2301 2021 2343 2057 ι’.

2355 2093 2765 2160 ἑκραταίωσας
2815 2095 2886 2148 ὲν
2924 2093 2998 2163 τῇ
3030 2093 3278 2164 δυνάμει
3327 2113 3451 2152 σου
3488 2099 3618 2166 τὴν
3665 2097 3759 2155 θῶ-

2153 2192 2422 2252 λασσαν,
2460 2188 2541 2240 σὺ
2579 2187 2956 2256 συνέτριψας
2997 2190 3102 2254 τὰς
3134 2191 3404 2258 κεφαλὰς
3443 2192 3578 2244 τῶν
3622 2193 3759 2260 δρα-

2154 2282 2388 2334 κόντων
2427 2281 2525 2335 ἐπὶ
2560 2279 2668 2334 τοῦ
2713 2280 2953 2346 ὓδατος,
2986 2298 3039 2332 κ.
3067 2297 3118 2332 τ.
3155 2281 3202 2334 ὲ.
3240 2281 3361 2334 ἰνα
3399 2283 3618 2352 μηκέτι
3650 2285 3755 2352 (98)

2153 2372 2391 2436 ἐναντίος
2421 2369 2454 2447 ᾖ
2496 2375 2523 2426 ὁ
2555 2372 2752 2444 ἄνεμος
2783 2375 2895 2436 τοῖς
2927 2371 3148 2425 πλέουσι
3175 2373 3473 2443 μαθηταῖς,
3518 2376 3623 2427 καὶ
3664 2393 3744 2443 γει

2153 2466 2384 2536 νομὲνης
2419 2466 2603 2529 αὐτοῖς
2648 2465 2891 2536 γαλήνης
2943 2465 3203 2533 γένωνται
3250 2467 3331 2528 εἰς
3373 2466 3479 2536 τὴν
3530 2468 3644 2537 γῆν
3679 2471 3751 2531 εἰς

2150 2557 2218 2628 ἣν
2249 2557 2480 2626 ὑπῆγον.

2223 2645 2402 2713 Θέρος
2451 2647 2547 2700 καὶ
2599 2646 2705 2714 ἔαρ
2751 2645 2834 2700 σὺ
2877 2645 3188 2714 ἐποίησας,
3239 2666 3291 2700 κ.
3340 2667 3391 2703 τ.
3447 2653 3498 2703 ὲ.
3556 2651 3661 2707 Διὰ
3698 2652 3748 2705 τε

2157 2740 2372 2812 παρῆκε
2413 2739 2525 2809 (99)
2564 2740 2625 2792 τὸ
2658 2738 2975 2810 μετόπωρον
3006 2740 3099 2792 καὶ
3131 2741 3224 2794 τὸν
3263 2742 3561 2811 χειμῶνας
3610 2747 3747 2799 Φασὶ

2146 2832 2324 2887 τοίνυν
2353 2831 2691 2886 ἀντικεῖσθαι
2722 2833 2784 2884 τὸ
2811 2832 2912 2902 μὲν
2951 2832 3106 2904 θέρος
3149 2832 3229 2902 τῷ
3278 2835 3619 2907 μετοπώρῳ,
3657 2840 3744 2891 τὸν

2147 2924 2204 2978 δὲ
2231 2925 2475 2997 χειμῶνα
2502 2921 2580 2994 τῷ
2612 2923 2751 2994 ἔαρι·
2787 2926 2881 2979 καὶ
2913 2925 2974 2978 τὸ
3010 2925 3111 2995 μὲν
3138 2925 3236 2997 έαρ
3269 2927 3392 2978 ἐστὶ
3425 2930 3630 3000 καιρὸς
3662 2947 3747 2998 γε-

2149 3017 2368 3082 νέσεως,
2391 3017 2524 3070 τὸδὲ
2548 3014 2706 3088 θέρος
2736 3017 2928 3089 καιρὸς
2955 3017 3304 3082 τελειώσεως.

2217 3108 2531 3177 Μνήσθητι
2568 3111 2809 3177 ταύτης,
2843 3127 2898 3163 κ.
2929 3127 2982 3164 τ.
3018 3111 3066 3165 έ.
3096 3111 3386 3181 Μνήσθητι
3424 3111 3643 3182 ταύτης
3665 3111 3738 3182 (i)

2142 3201 2239 3274 τῆς
2260 3200 2490 3264 κτίσεως
2509 3201 2772 3273 δηλονότι.
2802 3201 2866 3255 Ei
2903 3201 2992 3255 διὰ
3015 3203 3142 3266 τοὺς
3184 3201 3544 3273 ἀνθρώπους,
3579 3208 3736 3275 φησὶ,

2140 3293 2239 3363 τὴν
2267 3291 2442 3345 κτίσιν
2463 3292 2790 3362 πεποίηκας,
2825 3291 3108 3363 παράσχου
3139 3293 3236 3362 τὴν
3279 3294 3617 3366 ἐπικουρίαν
3644 3296 3710 3348 αὖ

2141 3387 2274 3448 τοῖς,
2313 3385 2378 3438 δι’
2399 3383 2491 3447 οὒς
2524 3386 2556 3455 ὴ
2579 3386 2757 3449 κτίσις
2778 3385 3100 3456 γεγένηται·
3132 3386 3166 3457 ἢ
3201 3387 3295 3440 καὶ
3321 3385 3504 3450 οὓτως
3531 3385 3736 3458 causa;

2142 3475 2242 3546 τῆς
2293 3475 2613 3546 συναγωγῆς
2661 3470 2729 3547 ἦς
2791 3478 3009 3547 ἐκτήσω
3063 3476 3156 3531 ἀπ’
3205 3478 3418 3549 ἀρχῆςο
3461 3479 3734 3550 καὶπρὸς

2141 3568 2317 3621 ἐκεῖνο
2342 3567 2452 3639 γὰρ
2472 3567 2798 3622 ἀποδίδοται.

2209 3657 2308 3724 Μὴ
2331 3655 2607 3725 παραδῷς
2634 3657 2760 3723 τοῖς
2802 3657 3027 3725 θηρίοις
3069 3659 3281 3727 ψυχὴν
3315 3660 3728 3730 ἐξομολογουο

2134 3747 2330 3817 μένην
2375 3763 2509 3814 σοι,
2546 3764 2601 3801 κ.
2635 3764 2688 3801 τ.
2734 3748 2781 3802 ὲ.
2816 3748 2884 3800 Ei
2923 3748 3086 3820 θηρία
3123 3750 3202 3819 (2)
3244 3750 3466 3818 λέγεται
3513 3752 3582 3805 τὰ
3611 3752 3727 3805 δαι-

2143 3839 2319 3910 μόνια,
2345 3839 2402 3892 ὲν
2431 3839 2488 3891 δὲ
2517 3840 2628 3902 τοῖς
2668 3838 2879 3910 θηρίοις
2925 3841 3210 3912 ἐπικρατεῖ
3233 3842 3261 3893 6
3287 3841 3482 3912 θυμὸς,
3521 3843 3580 3894 ὲν
3614 3845 3726 3905 τοῖς

2137 3930 2386 4002 δαίμοσιν
2409 3930 2517 4003 ἄρα
2549 3932 2836 4003 ἐπικρατεῖ
2870 3935 2898 3985 ὁ
2932 3931 3120 4003 θυμός.
3148 3933 3256 3986 Καὶ
3285 3935 3342 3986 έν
3376 3935 3455 4005 τῷ
3488 3933 3610 3987 Ἰὼὸ
3637 3934 3714 3986 λέ-

2137 4037 2242 4088 γει·
2279 4040 2298 4071 (
2341 4021 2518 4092 Θῆρες
2545 4021 2727 4092 ἄγριοι
2755 4021 3128 4093 εἰρηνεύσουσί
3164 4040 3264 4076 σοι.
3301 4043 3319 4074 ι

2221 4113 2578 4179 Ἐπίϐλεψον
2620 4114 2708 4178 εις
2751 4112 2866 4179 τὴν
2915 4111 3208 4181 διαθήκην
3260 4131 3409 4179 σου,
3465 4133 3522 4168 κ.
3572 4134 3623 4169 τ.
3669 4119 3711 4168 ἑ.

2136 4202 2420 4274 Μνήσθητι
2447 4202 2554 4255 τῶν
2571 4203 2645 4274 (5)
2665 4203 3007 4272 ἐπαγγελιῶν
3037 4221 3155 4270 σου,
3197 4198 3271 4258 ὧν
3309 4208 3714 4277 ὲπηγγεέλωτῷ

2149 4296 2419 4367 Ἀϐραὰμ,
2467 4294 2652 4350 δοῦναι
2693 4295 2769 4367 τῷ
2801 4297 3079 4369 σπέρματι
3131 4299 3296 4352 αὑτοῦ
3332 4300 3437 4370 γῆν
3489 4302 3714 4372 ῥέουσαν

2067 4413 2110 4468 D
2135 4387 2276 4458 γάλα
2309 4391 2403 4442 καὶ
2424 4389 2565 4460 μέλι.

2208 4480 2327 4532 Ὅτι
2377 4478 2817 4547 ἐπληρώθησαν
2863 4481 2917 4533 οἱ
2971 4477 3395 4548 ἐσκοτισμένοι
3451 4479 3564 4549 τῆς
3608 4482 3709 4552 γῆς

2131 4572 2314 4627 οἴκων
2364 4571 2647 4642 ἀνομιῶν,
2700 4590 2756 4626 κ.
2800 4589 2849 4625 τ.
2896 4573 2945 4626 ὲ.
3003 4573 3414 4643 Ἐσκοτισμένος
3469 4575 3598 4640 νοῦς
3639 4577 3707 4648 (4)

2131 4664 2432 4737 πληροῦται
2455 4663 2714 4735 ἀνομιῶν·
2735 4664 2924 4727 σκότος
2950 4663 3058 4736 γὰρ
3080 4663 3206 4735 περὶ
3225 4663 3450 4731 γνῶσιν,
3479 4666 3575 4718 καὶ
3597 4668 3706 4719 ἀνο-

2132 4758 2230 4828 μία
2261 4759 2388 4830 περὶ
2416 4757 2614 4830 πρᾶξιν
2640 4759 2858 4810 νοεῖται.

2211 4851 2480 4916 Ἀνάστα,
2510 4853 2543 4905 ό
2574 4849 2739 4916 Θεὸς,
2763 4849 3018 4904 δίκασον
3031 4849 3143 4919 τὴν
3171 4850 3349 4918 δίκην
3380 4864 3521 4904 σου·
3551 4851 3700 4921 μνή-

2129 4947 2305 5011 σθητι
2349 4943 2466 4996 τῶν
2525 4942 2882 5011 ὀνειδισμῶν
2936 4958 3053 4998 σου
3106 4941 3222 4996 τῶν
3278 4945 3394 4996 ὑπὸ
3446 4944 3701 5015 ἄφρονος

2130 5036 2284 5106 ὅλην
2320 5036 2434 5106 τὴν
2455 5036 2702 5107 ἡμέραν,
2732 5053 2787 5092 κ.
2815 5051 2869 5092 τ.
2891 5036 2940 5090 ὲ.
2971 5054 2990 5088 ι
3041 5035 3290 5100 ’Δνάστα,
3314 5038 3342 5090 6
3384 5036 3520 5102 Θεὸς
3573 5037 3694 5109 (5),»

2124 5275 2291 5316 sccun
2303 5263 2391 5321 do.

2220 5333 2274 5411 ἓ)
2295 5338 2366 5411 Et
2397 5337 2589 5411 θηρία,
2620 5347 2726 5411 οη·ζ
2776 5338 2818 5392 Ε
2846 5339 3034 5411 codice
3064 5338 3396 5411 Coisliniano
3427 5340 3627 5411 primo.

2219 5406 2273 5476 5)
2303 5407 2619 5476 Μνήσθητι
2651 5408 2787 5475 τῶν,
2815 5419 2922 5463 etc.
2966 5409 3044 5463 Ex
3081 5410 3294 5463 eodem.

2215 5475 2270 5549 ᾗ)
2306 5475 2778 5549 ΑἘσξιοτισμένος
2804 5478 2969 5545 νοῦς,
3002 5490 3112 5532 etc.
3145 5479 3216 5533 Ex
3239 5479 3453 5535 eodem.

2210 5545 2264 5617 5)
2304 5545 2643 5618 Ἀνάστα,’ό
2680 5551 2844 5618 Θεός,
2869 5559 2975 5605 etc.
3027 5549 3069 5604 E
3123 5549 3315 5610 codice
3359 5549 3690 5607 Coisliniare

2123 5617 2384 5674 seCuudo.

3905 2347 3914 2850 Ι

3903 2987 3914 3044 i
