3970 6160
247 253 402 313 i533

1189 253 1497 311 SELECTA
1537 253 1605 311 IN
1643 254 1984 314 PSALMOS.
2019 288 2082 300 —
2124 257 2320 317 PSAL.
2357 259 2592 317 LXXIV.

3388 268 3528 327 1554

239 375 382 441 ἕως,
420 394 438 427 ι
473 375 604 445 ὅλην
632 375 731 448 τὴν
753 374 990 446 ἡμέραν.
1038 394 1056 428 ι
1093 375 1207 430 Οὐκ
1237 372 1378 443 εἶπε,
1404 377 1504 450 τὴν
1530 377 1684 450 δίκην
1710 394 1829 449 μου,

1947 380 2015 432 ad
2063 379 2212 444 illud,
2251 397 2270 432 ι
2313 389 2426 435 tota
2479 382 2587 437 die.
2625 401 2646 435 ι
2680 380 2799 438 Non
2854 383 3012 450 dixit,
3069 397 3287 440 causam
3321 401 3521 456 meam,

241 469 392 524 ἀλλὰ
421 489 439 522 ι
465 471 565 542 τὴν
594 470 753 543 δίκην
793 483 910 527 σου.
961 490 979 522 ι
1031 471 1172 539 Ἐγὼ
1207 473 1308 543 μὲν
1341 474 1471 545 γὰρ,
1515 473 1668 544 φησὶ,
1705 473 1844 527 ἐνδί-

242 581 367 627 κως
415 562 671 634 ὑπομένω
701 562 908 617 ταῦτα·
954 563 1152 618 ἐκεῖνοι
1186 563 1244 618 δὲ
1292 564 1493 628 πολλὰς
1536 564 1844 636 ἐτόλμησαν

242 654 396 707 κατὰ
435 653 528 706 σοῦ
584 653 955 726 βλασφημίας.
1003 655 1100 718 El;
1147 654 1250 724 τὴν
1296 655 1405 709 τῶν
1443 654 1842 726 ἁπατησάντων

241 747 340 800 τὸν
376 746 505 800 λαὸν
533 746 804 818 τιμωρίαν
832 746 1140 816 διανίστησι
1175 749 1268 800 τὸν
1306 747 1458 800 Θεὸν.
1514 748 1584 800 Ἦ
1627 747 1721 800 καὶ
1758 745 1844 800 οὖ-

237 854 378 902 τωςο
426 837 713 909 Μνήσθητι
756 839 857 910 τῆς
919 837 1199 911 συνθήκης
1266 857 1359 893 σου
1397 840 1581 902 αὐτοῖς
1619 837 1710 892 διά
1744 837 1841 891 τοῦ

239 927 489 1001 Χριστοῦ
525 928 925 1001 δεδωρημένης.
963 932 1028 984 Ei
1058 931 1168 1002 γὰρ
1196 931 1290 985 καὶ
1322 931 1392 985 τὰ
1421 931 1655 1002 μάλιστα
1681 930 1841 1000 γεγό-

239 1023 376 1075 νασί
405 1039 548 1086 τινες
568 1022 943 1095 ἐσκοτισμένοι
969 1023 1068 1096 τὴν
1090 1024 1350 1090 διάνοιαν,
1397 1025 1490 1079 καὶ
1531 1025 1696 1078 οῐκων
1718 1024 1842 1077 ἀνο-

246 1110 412 1182 μιῶν-
447 1110 867 1184 πεπληρωμένοι
913 1117 964 1169 οἱ
992 1116 1067 1188 μὴ
1106 1114 1529 1187 καταδεξάμενοι
1573 1116 1664 1168 τὸν
1703 1115 1839 1186 Χρι-

243 1203 378 1256 στόν
409 1219 524 1268 σου,
557 1203 693 1259 ἀλλὰ
728 1206 792 1259 σύ
826 1223 889 1276 γε
918 1207 995 1272 ὼς
1033 1206 1166 1271 Θεὸς
1195 1207 1304 1261 τῶν
1339 1208 1448 1261 σῶν
1491 1205 1724 1278 πτωχῶν
1764 1205 1854 1279 μὴ

242 1295 610 1370 ἀποστραφῇς
653 1299 752 1362 τάς
788 1300 1017 1362 ἱκεσίας.
1067 1298 1286 1370 Ἐπειδὴ
1330 1300 1432 1370 οὐχ
1466 1301 1626 1371 ἡμεῖς
1657 1298 1840 1370 ἠδική-

246 1387 416 1456 μεθα,
446 1389 583 1444 ἀλλὰ
607 1390 796 1462 σὺ,(σέ
837 1391 947 1463 γὰρ
967 1390 1242 1446 ὠνείδισεν
1265 1393 1294 1444 6
1321 1391 1538 1464 ἐχθρὸς,
1583 1392 1678 1444 καὶ
1710 1389 1840 1454 λαὸς

242 1481 442 1554 ἄφρων
479 1483 766 1555 παρώξυνε
786 1502 799 1515 ο
826 1485 845 1557 )
874 1485 1066 1539 τούτου
1098 1485 1260 1558 χάριν
1305 1483 1602 1556 «ἀνάστηθι
1643 1485 1738 1538 καὶ
1760 1482 1837 1538 δί-

244 1588 422 1626 κασον
450 1573 550 1646 τὴν
571 1573 727 1644 δίκην
757 1591 871 1628 σου.
922 1595 943 1628 ι

329 1664 439 1718 Τοῦ
491 1666 697 1721 αὐτοῦ.
750 1666 865 1722 Νῦν
907 1667 1118 1740 ἄφρονα
1163 1666 1239 1739 (6)
1290 1667 1382 1721 τὸν
1426 1664 1672 1720 διάϐολον
1723 1664 1839 1716 ὀνο-

251 1757 440 1829 μάζει.

816 1942 1110 1998 ΨΑΛΜΟΣ
1147 1945 1264 1997 ΟΔ’.

320 2035 426 2100 Εἰς
462 2033 526 2087 τὸ
550 2032 745 2100 τέλος,
768 2035 854 2105 μὴ
875 2035 1240 2107 διαφθείρῃς,
1283 2034 1529 2106 ψαλμὸς
1570 2032 1732 2103 ᾠδῆς
1754 2029 1835 2097 τῷ

255 2125 463 2194 Ἁσὰφ,
492 2143 546 2180 κ.
572 2144 623 2180 τ.
657 2127 703 2181 ἐ.
730 2127 1045 2199 Γέγραπται
1075 2131 1132 2182 ἐν
1155 2131 1223 2200 τῇ
1255 2127 1445 2201 πρώτῃ
1480 2127 1557 2196 (7)
1582 2126 1691 2180 τῶν
1722 2126 1828 2178 Βα-

242 2217 484 2272 σιλειῶν·
513 2236 532 2269 t
568 2218 677 2270 Καὶ
701 2211 821 2271 εἷπε
846 2217 1008 2271 Δαυῒδ
1039 2219 1176 2289 πρὸς
1215 2217 1453 2272 Ἀϐεσαῖ’
1481 2215 1573 2287 Μὴ
1592 2215 1836 2285 διαφθεί-

243 2327 351 2385 ρῃς
383 2309 566 2377 αὐτὸν,
607 2330 626 2363 ι
660 2309 899 2382 δηλονότι
945 2311 1036 2365 τὸν
1063 2310 1254 2364 Σαούλ·
1295 2310 1440 2382 άπερ
1475 2311 1579 2382 ὅρα
1616 2311 1666 2364 ει
1701 2310 1834 2381 χρή-

244 2405 388 2475 σιμά
414 2407 532 2458 ἐστι
562 2404 700 2476 πρὸς
724 2403 824 2475 τὴν
853 2407 1184 2477 ἐπιγραφήν.

332 2495 924 2566 Ἐξομολογησόμεθά
955 2510 1076 2562 σοι,
1111 2501 1145 2551 ὁ
1179 2496 1344 2564 Θεὸς,
1390 2497 1833 2568 ἐξομολογησά-

239 2592 414 2657 pelia,
441 2588 538 2641 καὶ
579 2588 1062 2657 ἐπικαλεσάμεθα
1103 2587 1170 2641 τὸ
1210 2587 1398 2658 ὄνομά
1432 2605 1570 2654 σου,
1603 2606 1658 2642 κ.
1692 2606 1743 2642 τ.
1781 2588 1827 2642 ἐ.

257 2675 325 2730 Ἦ
361 2679 417 2730 ἐν
441 2675 662 2748 Χριστῴ
692 2675 769 2748 (8)
825 2677 1122 2748 Ἐκκλησία
1145 2679 1271 2742 τοὺς
1300 2679 1394 2733 δύο
1423 2680 1638 2750 στίχους
1659 2678 1826 2748 λέγει.

319 2767 685 2838 Διητήσομαι
746 2765 943 2823 πάντα
994 2770 1067 2824 τὰ
1113 2769 1418 2839 θαυμάσιά
1471 2787 1608 2826 σου.
1655 2773 1832 2827 Ὅταν

241 2857 407 2914 λάϐω
447 2860 676 2928 καιρὸν,
704 2878 758 2914 κ.
788 2879 840 2914 τ.
885 2863 931 2915 ἐ.
995 2861 1054 2915 'U
1101 2861 1398 2934 Σύμμαχος
1447 2863 1543 2934 (9)·
1595 2882 1614 2916 ι
1660 2865 1831 2918 Ὅταν

243 2949 394 3006 λάϐω
419 2951 519 3023 τὴν
547 2954 889 3025 συναγωγήν.
925 2972 944 3004 ι
980 2953 1168 3017 Ὅταν,
1190 2956 1378 3025 φησὶν,
1413 2954 1821 3026 ἐπανέλθωμεν,

245 3041 343 3096 καὶ
366 3042 448 3106 εἰς
470 3042 562 3097 τὸν
594 3044 738 3116 ἱερόν
776 3061 870 3099 σου
907 3045 1386 3118 συναθροισθῶμεν
1412 3047 1562 3112 ναὸν,
1599 3047 1722 3102 τότε
1767 3065 1828 3102 σε

243 3135 484 3207 ἐννόμως
523 3137 862 3214 ὑμνήσομενο
906 3140 1001 3194 καὶ
1039 3141 1140 3205 τὰς
1187 3142 1288 3206 σὰς
1333 3142 1657 3213 εὐεργεσίας
1701 3142 1829 3206 τοὺς

1948 472 2045 526 sed
2073 490 2093 524 ι
2130 487 2350 528 causam
2387 482 2556 530 tuam.
2587 492 2607 526 ι
2646 475 2756 545 Ego
2781 476 2951 542 enim,
3001 477 3196 548 inquit,
3226 475 3374 545 juste
3406 480 3522 535 lucc

1945 562 2224 631 sustineo;
2254 565 2327 618 illi
2363 580 2492 619 vero
2519 567 2721 622 multas
2767 576 2957 622 contra
3011 577 3061 623 te
3086 569 3203 623 ausi
3243 580 3370 626 sunt
3396 587 3524 640 pro-

1945 651 2090 708 ferre
2114 653 2502 725 hlaSphemias.
2531 657 2611 710 At]
2647 657 2977 728 supplicium
3001 674 3190 714 eorum
3225 669 3316 730 qut
3349 675 3520 730 popu-

1944 744 2056 800 lum
2114 747 2466 817 deceperunt,
2529 749 2699 804 Deum
2750 753 2975 807 excitat.
3039 753 3135 808 Vel
3186 755 3352 807 etiam
3387 754 3517 808 sic:

1946 836 2153 892 Memor
2176 849 2296 894 esto
2344 842 2658 896 testamenti
2693 843 2769 896 tui
2807 844 2952 914 quod
2997 845 3078 899 eis
3109 860 3204 913 per
3241 845 3520 899 Christum

1943 928 2130 984 datum
2163 940 2268 985 est.
2301 930 2416 986 Etsi
2447 931 2592 986 enim
2637 934 2886 988 nonnulli
2936 945 3118 990 mente
3153 946 3279 989 sunt
3335 937 3521 990 admo-

1941 1017 2070 1072 dum
2127 1020 2438 1087 obscurati,
2511 1031 2566 1078 et
2609 1023 2862 1078 domibus
2933 1025 3278 1094 iniquitatum
3331 1025 3519 1095 repleti

1943 1119 2093 1174 sunt,
2122 1112 2214 1181 qui
2243 1111 2524 1167 Christum
2573 1128 2680 1169 non
2739 1126 3094 1185 receperunt,
3145 1128 3520 1172 verumtamen

1943 1208 1999 1255 tu
2028 1210 2086 1254 ut
2114 1201 2256 1256 Deus
2278 1215 2582 1272 pauperum
2621 1212 2836 1258 tuorum
2887 1218 3077 1270 preces
3110 1219 3178 1258 ne
3228 1206 3520 1274 despicias.

1941 1291 2208 1359 Quoniam
2258 1308 2366 1348 non
2427 1308 2528 1348 nos
2574 1293 2771 1362 injuria
2807 1293 2989 1351 σπεειί
3039 1311 3260 1362 sumus,
3311 1299 3406 1351 sed
3463 1307 3521 1352 tu

1941 1385 2061 1455 (tibi
2095 1383 2238 1438 enim
2273 1384 2665 1455 improperavit
2699 1387 2976 1456 inimicus,
3011 1399 3068 1442 et
3094 1397 3145 1443 te
3177 1389 3408 1458 populus
3438 1390 3522 1443 in-

1939 1477 2144 1544 sipiens
2167 1476 2567 1547 exacerbavit),
2599 1489 2890 1549 propterea
2927 1498 2948 1531 ι
2990 1493 3227 1550 exsurge
3256 1490 3307 1536 et
3337 1481 3518 1550 judica

1939 1585 2158 1626 causam
2185 1579 2353 1625 tuam.
2390 1589 2409 1622 ι

2012 1660 2291 1731 Ejusdem.
2319 1661 2676 1733 lnsipientem
2727 1661 2834 1719 hoc
2875 1660 2999 1719 loco
3029 1661 3303 1718 diabolum
3336 1671 3515 1717 vocat.

2429 1930 2754 1990 PSALMUS
2790 1931 3027 1991 LXXIV.

2005 2026 2172 2084 Vnus.
2209 2027 2259 2080 1.
2296 2024 2364 2080 1η
2387 2025 2567 2094 ﬁnem,
2597 2042 2660 2080 ne
2692 2042 3020 2097 corrumpas,
3065 2032 3296 2097 psalmus
3327 2033 3516 2084 cantici

1933 2120 2134 2190 Asaph,
2185 2127 2296 2175 etc.
2328 2117 2603 2188 Scriptum
2661 2127 2745 2174 est
2785 2121 2838 2174 in
2891 2121 3026 2175 libro
3079 2123 3253 2192 primo
3302 2121 3520 2193 Regno-

1936 2231 2055 2270 rum
2083 2214 2129 2246 “
2159 2229 2175 2268 :
2211 2231 2229 2265 ι
2263 2212 2327 2267 Et.
2355 2212 2494 2268 dixit
2542 2211 2714 2268 David
2756 2215 2824 2268 ad
2871 2214 3079 2281 Ahisai,
3115 2215 3193 2270 Ne
3234 2217 3516 2286 disperdas

1933 2309 2107 2374 illum,
2137 2326 2160 2362 ι
2197 2306 2450 2363 videlicet
2511 2306 2663 2362 Saul.
2723 2307 2855 2375 Quae
2879 2309 3002 2364 vide
3055 2324 3122 2362 an
3151 2309 3277 2368 huic
3321 2309 3518 2365 inscri-

1935 2402 2104 2470 ptioni
2140 2399 2292 2454 utilia
2319 2399 2452 2455 sint.

2010 2494 2170 2550 Vsus.
2205 2493 2258 2547 2.
2285 2492 2668 2564 Conﬁtebimur
2693 2492 2810 2559 tibi,
2845 2491 3008 2560 Deus,
3049 2493 3434 2562 conﬁtebimur,
3463 2505 3515 2549 et

1931 2588 2288 2642 invocabimus
2327 2602 2515 2640 nomen
2545 2595 2716 2651 tuum,
2747 2595 2854 2640 etc.
2906 2583 3017 2641 Hos
3047 2587 3183 2640 duos
3215 2587 3514 2642 versiculos

1932 2679 2144 2752 profert
2165 2695 2288 2751 quae
2323 2679 2377 2734 in
2409 2678 2626 2735 Christo
2649 2687 2731 2733 est
2761 2677 3028 2733 Ecclesia.

2004 2771 2169 2826 Vnus.
2194 2773 2249 2826 3.
2285 2769 2534 2824 Narrabo
2563 2769 2740 2822 omnia
2771 2768 3039 2822 mirabilia
3063 2778 3178 2823 tua.
3205 2768 3338 2823 Cum
3358 2786 3512 2825 acce-

1930 2879 2056 2931 pero
2117 2873 2341 2932 tempus,
2389 2869 2496 2917 etc.
2556 2859 2966 2930 Symmachus:
3001 2880 3020 2913 ι
3051 2861 3186 2917 Cum
3247 2877 3512 2933 accepero

1931 2954 2431 3026 congregationem.
2471 2972 2491 3006 ι
2519 2953 2677 3017 Cum,
2723 2952 2922 3022 inquit,
2958 2955 3160 3010 reversi
3225 2954 3509 3020 fuerimus,

1930 3054 1987 3102 et
2013 3047 2068 3102 in
2095 3056 2286 3104 sancto
2313 3046 2518 3118 templo
2549 3053 2643 3100 tuo
2687 3047 3003 3116 congregati
3046 3046 3334 3110 fuerimus,
3380 3057 3513 3102 tunc

1932 3147 1986 3194 te
2020 3139 2262 3209 legitime
2284 3138 2705 3206 celebrabimus,
2757 3147 2812 3193 et
2853 3153 2950 3194 eos
2995 3139 3087 3208 qui
3122 3138 3384 3193 beneﬁcia
3421 3147 3509 3193 tua

242 3228 570 3298 ἀγνοοῦντας
618 3231 931 3304 διδάξομεν·
973 3234 1182 3298 ἐκεῖνος
1227 3234 1335 3306 γὰρ
1382 3236 1514 3306 ἡμῖν
1565 3236 1594 3288 6
1639 3237 1829 3310 καιρὸς

1943 3231 2210 3303 ignorant,
2238 3230 2555 3288 docebimus
2588 3249 2603 3285 :
2639 3245 2766 3286 nam
2825 3229 2960 3285 illud
2995 3230 3178 3286 facere
3225 3229 3386 3286 nobis
3415 3245 3513 3301 per

240 3321 402 3375 τοῦτο
430 3324 604 3377 ποιεῖν
634 3323 939 3396 ἐπιτρέψει.
961 3324 1148 3390 Οὕτως
1170 3325 1207 3380 ἃ
1227 3325 1396 3398 ἐχρῆν
1417 3329 1543 3391 τοὺς
1571 3327 1630 3382 ἐν
1654 3327 1832 3382 Βαϐυ-

239 3410 373 3467 λῶνι
395 3412 763 3486 δορυαλώτους
782 3415 1022 3482 διδάξας,
1054 3416 1402 3471 ὑποδείκνυσι
1421 3418 1516 3472 τὸν
1537 3416 1672 3473 Θεὸν
1692 3419 1831 3490 πρὸς

239 3504 341 3567 τὰς
368 3507 741 3578 γεγενημένας
768 3508 1102 3578 ἐπαγγελίας
1141 3509 1583 3581 ἀποκρουόμενον
1620 3512 1715 3565 καὶ
1743 3510 1829 3565 λέ-

238 3614 436 3667 γοντα’
475 3616 493 3649 t
546 3598 686 3668 Ἐγὼ
723 3599 1024 3670 εύθύτητας
1054 3600 1246 3672 κρινῶ.
1276 3619 1294 3652 ι
1322 3601 1466 3672 Ὅρα
1482 3601 1660 3656 τοίνυν
1677 3603 1725 3655 εἰ
1752 3602 1827 3674 μὴ

236 3687 325 3743 διὰ
345 3690 550 3747 τούτων
563 3693 592 3744 6
607 3692 758 3762 Σωτὴ
766 3710 798 3764 ρ
810 3693 910 3756 τὰς
933 3691 1139 3756 οἰκείας
1159 3692 1439 3764 ἐνεργείας
1449 3692 1706 3759 διδάσκει,
1729 3695 1827 3767 τὴν

236 3782 330 3836 τοῦ
348 3784 560 3856 Πατρὸς
574 3784 784 3850 διεξιὼν
800 3786 1095 3855 θεολογίαν.
1112 3785 1251 3857 Φησὶ
1267 3783 1416 3854 γοῦνο
1442 3805 1460 3837 ι
1486 3787 1826 3858 Διηγήσομαι

238 3874 307 3928 τὰ
350 3875 628 3948 θαυμάσια
663 3893 779 3944 σου,
817 3879 845 3931 ὁ
882 3878 1036 3943 Θεὸς,
1078 3878 1208 3932 ὅταν
1238 3876 1393 3930 λάϐω
1438 3878 1538 3950 τὴν
1581 3896 1828 3948 συναγω-

238 3969 362 4038 γήν·
411 3988 430 4020 ι
480 3969 874 4038 ἐπαγγέλλεται
909 3970 1041 4043 γὰρ,
1084 3971 1280 4043 καιροῦ
1323 3972 1626 4044 ἐπιτηδείου
1668 3973 1826 4026 λαϐό-

240 4077 421 4130 μενος,
450 4062 628 4116 πάντα
671 4063 739 4116 τὰ
774 4063 1027 4136 θαύματα
1055 4065 1150 4118 τοῦ
1195 4066 1409 4137 Πατρὸς
1436 4066 1820 4138 διηγήσασθαι.

237 4152 592 4225 Δικαιοσύνης
638 4155 696 4208 δὲ
743 4156 837 4211 καὶ
878 4157 1171 4228 εὐθύτητος
1210 4157 1368 4229 ἔργον
1415 4158 1475 4210 τὸ
1523 4163 1596 4228 μὴ
1631 4159 1824 4228 μόνους

1933 3334 2148 3395 tempus
2172 3324 2380 3380 licebit.
2409 3323 2503 3380 Sic
2525 3333 2817 3395 postquam
2849 3339 2944 3380 eos
2974 3323 3067 3394 qui
3122 3324 3177 3377 in
3212 3322 3510 3394 Babylonia

1932 3419 2129 3488 captivi
2185 3424 2361 3484 erant,
2410 3418 2598 3473 docuit
2645 3417 2808 3490 767
2851 3432 2973 3487 qua:
3025 3415 3270 3472 docenda
3323 3425 3506 3484 erant,

1930 3509 2238 3565 subindicat
2271 3510 2438 3566 Deum
2473 3508 2646 3566 factas
2698 3511 3090 3580 promissiones
3129 3508 3508 3576 repellenlem,

1929 3609 1986 3656 et
2023 3601 2296 3656 dicentem
2327 3616 2340 3653 :
2375 3617 2394 3654 ι
2428 3599 2544 3670 Ego
2563 3600 2805 3669 justitias
2836 3599 3116 3668 iudicabo.
3159 3619 3180 3652 ι
3215 3597 3348 3654 Vide
3378 3613 3510 3669 ergo

1929 3709 2114 3750 annon
2149 3709 2248 3766 per
2274 3695 2389 3750 haec
2442 3693 2694 3748 Salvator
2721 3693 2968 3762 proprias
3017 3691 3364 3762 operationes
3412 3690 3508 3745 do-

1927 3798 2050 3844 ceat
2079 3789 2206 3843 dum
2234 3789 2301 3843 de
2324 3787 2488 3842 Patre
2516 3786 2634 3841 fuse
2666 3783 2901 3840 disserit.
2932 3783 3022 3838 Ait
3075 3785 3238 3852 igitur
3269 3800 3284 3838 :
3321 3802 3340 3834 ι
3371 3784 3507 3838 Nar-

1929 3883 2062 3937 rabo
2091 3881 2361 3936 mirabilia
2407 3890 2521 3945 tua,
2559 3880 2724 3943 Deus,
2779 3894 2902 3933 cum
2956 3889 3222 3945 accepero
3274 3891 3508 3948 synago-

1926 3990 2072 4046 gam.
2112 3992 2132 4026 ι
2168 3973 2465 4028 Pollicetur
2513 3971 2656 4025 enim
2701 3985 2762 4025 se
2801 3970 2856 4024 in
2901 3978 3145 4040 tempore
3195 3978 3506 4038 opportuno

1925 4067 2106 4122 omnia
2155 4064 2338 4120 Patris
2365 4061 2630 4118 mirabilia
2660 4071 3030 4118 narraturum.
3072 4059 3304 4115 Justitiaa
3351 4075 3507 4114 natu-

1925 4174 2032 4232 que
2077 4168 2136 4214 et
2172 4158 2512 4214 rectitudinis
2553 4172 2690 4226 opus
2735 4165 2841 4221 est,
2897 4170 3003 4210 non
3062 4152 3276 4209 Judaeos
3327 4153 3502 4209 solum

249 4245 534 4311 Ἰουδαίους
573 4248 916 4319 προσίεσθαι,
949 4248 1065 4302 ἀλλ’
1108 4249 1166 4315 ἐξ
1208 4249 1460 4302 ἁπάντων
1501 4248 1670 4303 ἐθνῶν
1723 4251 1822 4322 τὴν

1943 4252 2236 4318 tdmittere,
2273 4249 2368 4307 sed
2397 4251 2655 4306 omnibus
2701 4265 2769 4305 ex
2819 4248 3070 4320 gentibus
3115 4245 3502 4302 salvandorutu

236 4336 464 4410 ἐκλογὴν
499 4341 771 4394 ποιεῖσθαι
797 4340 907 4394 τῶν
939 4340 1282 4411 σωζομένων.

1943 4344 2242 4400 :lectionem
2274 4343 2485 4400 facere.

319 4427 534 4499 Ἐτάκη
563 4431 602 4500 ὴ
638 4429 714 4500 γῆ
755 4431 855 4485 καὶ
885 4429 1108 4497 πάντες
1138 4433 1192 4484 οι
1236 4432 1656 4498 κατοικοῦντες
1710 4434 1820 4488 αὐ-

2000 4439 2160 4494 Vsns.
2195 4437 2251 4493 4.
2297 4436 2612 4509 Liquefacm
2653 4446 2728 4491 est
2770 4442 2914 4490 terra
2943 4441 2994 4487 et
3027 4450 3201 4488 omnes
3227 4434 3317 4504 qui
3349 4431 3502 4485 habi-

233 4522 368 4590 τὴν,
405 4540 460 4576 κ.
489 4539 540 4576 τ.
571 4523 618 4575 ἐ.
650 4521 758 4592 Γῆν
793 4521 942 4590 λέγει
972 4521 1082 4592 (10)
1113 4521 1214 4594 τὴν
1249 4521 1410 4591 φύσιν
1446 4522 1544 4592 τὴν
1575 4521 1817 4595 λογικὴν,

1948 4539 2041 4584 ant
2063 4532 2118 4584 in
2146 4547 2230 4594 ea,
2267 4539 2374 4586 etc.
2403 4529 2628 4582 Terram
2652 4527 2788 4583 dicit
2812 4535 3060 4580 naturam
3099 4524 3500 4589 rationabilem,

231 4615 353 4686 ἥτις
383 4615 552 4687 ἐτάκη
576 4615 684 4670 ἀπὸ
713 4613 883 4686 πυρὸς
912 4613 1007 4667 τοῦ
1039 4614 1408 4685 πνευματικοῦ
1429 4613 1458 4667 ὃ
1477 4611 1608 4686 ἦλθε
1637 4615 1817 4686 βαλεῖν

1943 4638 2046 4694 tuae
2076 4621 2364 4691 liquefacta
2395 4629 2481 4676 est
2509 4622 2574 4675 ab
2605 4620 2729 4688 igne
2764 4617 3022 4688 Spiritali,
3056 4633 3216 4687 quem
3249 4616 3502 4671 Salvator

231 4709 260 4760 6
293 4709 484 4781 Σωτὴρ
511 4707 604 4762 ἐπὶ
631 4707 733 4778 τῆς
763 4706 888 4776 γῆς.
924 4705 1092 4777 Τῆξις
1113 4706 1170 4760 δέ
1193 4707 1308 4760 ἐστι
1334 4707 1609 4778 χωρισμὸς
1639 4707 1818 4778 ψυχῆς

1943 4716 2074 4770 ιειιίι
2129 4716 2349 4770 mittere
2408 4715 2460 4769 in
2508 4721 2734 4769 terram.
2794 4710 3137 4781 Liqnefactio
3192 4719 3370 4764 autem
3417 4720 3502 4764 est

231 4797 340 4851 ἀπὸ
367 4799 600 4862 κακίας’
651 4798 762 4870 πῦρ
803 4797 860 4852 δέ
900 4800 1017 4852 ἐστι
1062 4798 1249 4870 νοητὸν
1293 4798 1608 4853 διδασκαλία
1654 4816 1816 4852 πνευ-

234 4891 439 4963 ματικὴ
469 4889 563 4945 τοῦ
597 4891 885 4963 Σωτῆρος,
922 4889 1194 4964 φθαρτικὴ
1239 4890 1439 4955 κακίας
1491 4891 1585 4944 καὶ
1635 4891 1813 4960 ἀγνω-

233 4983 374 5038 σίας.

313 5002 374 5046 ις.

313 5075 454 5146 Ἐγὼ
501 5077 840 5145 ἐστερέωσα
882 5077 1026 5146 τοὺς
1053 5078 1322 5146 στύλους
1347 5077 1558 5149 αὐτῆς,
1590 5097 1644 5134 κ.
1673 5097 1725 5133 τ.
1760 5081 1808 5137 ἐ.

235 5187 255 5220 t
282 5169 392 5222 Καὶ
422 5169 642 5239 γνόντες
673 5169 785 5244 (ii)
824 5171 924 5244 τὴν
968 5172 1148 5244 χάριν,
1179 5173 1344 5245 φησὶν
1372 5175 1402 5227 6
1442 5173 1765 5239 Ἀπόστολος
1790 5215 1806 5241 ,

298 5330 346 5362 “
373 5328 548 5402 lReg.
578 5347 726 5397 xxvt,
757 5331 812 5388 9.
884 5332 930 5365 ⁸⁷
957 5331 1133 5389 Galat.
1169 5348 1228 5398 ll,
1254 5332 1308 5387 9.

298 5467 374 5609 $6)
407 5468 536 5525 Νῦν
559 5471 814 5541 ἄφρονα.
850 5480 957 5526 etc.
982 5471 1025 5526 E
1042 5471 1231 5528 codice
1251 5472 1587 5530 Coisliniano
1604 5475 1797 5544 primo.

327 5542 378 5609 7)
411 5543 748 5609 Γέγραπται
775 5543 847 5596 ἐν
869 5541 943 5609 τῇ
969 5541 1193 5609 πρώτῃ,
1216 5557 1322 5602 etc.
1352 5544 1396 5600 E
1428 5545 1618 5603 codice
1642 5546 1797 5604 Cois-

253 5609 263 5619 .
303 5541 378 5619 ρ)
411 5543 748 5619 Γέγραπται
775 5543 847 5596 ἐν
869 5541 943 5612 τῇ
969 5541 1193 5612 πρώτῃ,
1216 5557 1322 5602 etc.
1352 5544 1396 5600 E
1428 5541 1618 5603 codice
1642 5546 1799 5604 Cois-

234 5608 435 5665 ϋιιὶιιίιο
474 5608 736 5668 secundo.

301 5681 378 5751 (8)
419 5682 481 5735 Ἡ
512 5683 581 5734 ἐν
605 5683 859 5751 Χριστῷ,
897 5693 1002 5739 etc.
1038 5684 1114 5738 Ex
1147 5685 1360 5741 eodem.

301 5749 389 5823 (9,).
424 5751 478 5805 Ὀ
516 5749 836 5835 Σύμμαχος
869 5767 975 5813 etc.
1007 5755 1085 5812 Ex
1106 5757 1318 5814 eodem.

1924 4808 2202 4877 separatio
2241 4808 2438 4863 animae
2467 4823 2497 4861 a
2529 4806 2768 4872 malitia;
2816 4805 2958 4874 ignis
2989 4785 3122 4859 vero
3154 4803 3498 4858 intellectua-

1922 4901 2012 4967 lis,
2047 4899 2349 4956 Salvatoris
2379 4901 2625 4955 doctrina
2648 4909 2734 4956 est
2771 4897 3058 4968 spiritalis,
3082 4912 3202 4967 qua:
3231 4897 3497 4954 malitiam

1920 5003 1974 5049 et
2002 4994 2268 5050 inscitiam
2297 4994 2578 5064 disperdit.

1989 5084 2122 5140 lstu.
2167 5084 2282 5156 Ego
2326 5086 2635 5156 conﬁrmavi
2684 5086 2958 5142 columnas
3007 5085 3142 5154 ejus,
3199 5096 3305 5141 etc.
3379 5105 3398 5137 ι
3429 5087 3498 5140 Et

1918 5189 2042 5231 cum
2092 5177 2498 5246 cognovissent,
2554 5177 2730 5249 inquit
2781 5177 3074 5247 Apostolus
3135 5176 3204 5244 ⁸⁷,
3261 5178 3491 5246 gratiam

1983 5479 2096 5564 (ι
2129 5478 2262 5547 Γῆν
2283 5479 2470 5548 λέγει,
2509 5487 2615 5535 etc.
2638 5479 2714 5534 Ex
2741 5478 2932 5535 eodem
2962 5477 3150 5534 codice
3181 5487 3236 5532 et
3272 5477 3490 5534 schedia

1910 5548 2236 5692 “rabiliKal
2258 5624 2543 5694 ίγννόντες.
2579 5631 2684 5679 etc.
2714 5621 2755 5678 E
2781 5621 2968 5678 codice
3011 5619 3239 5679 Coislin.
3283 5621 3492 5692 primo,

1912 5701 1971 5752 et
1995 5695 2212 5751 schedia
2240 5693 2456 5751 Grabii.
