3970 6160
479 195 618 253 1555

1854 201 1945 256 EX
1985 200 2288 259 ORIGENE

3638 210 3766 266 1536

475 328 601 385 quae
632 314 757 369 data
789 324 875 370 est
899 315 1056 384 mibi,
1090 313 1328 374 Iacobus
1355 326 1413 374 et
1444 318 1684 392 Cepbas,
1714 330 1773 375 et
1800 318 2059 389 Joannes,

2177 322 2264 389 τὴν
2288 322 2535 380 δοθεῖσάν
2566 343 2676 397 μοι,
2712 323 2966 390 Ἰάκωϐος
2996 326 3095 382 καὶ
3123 325 3325 399 Κηφᾶς
3355 322 3453 380 καὶ
3479 324 3766 397 Ἰωάννης.

475 409 567 478 qui
594 409 916 464 videbantur
943 412 1209 467 columnae
1238 428 1381 469 esse.
1414 433 1434 466 ι

555 500 718 556 Vsus.
754 501 807 556 9.
850 500 990 566 Quia
1025 504 1171 557 calix
1209 505 1267 558 in
1307 521 1470 558 manu
1507 505 1758 572 Domini,
1793 508 1898 562 vini
1929 510 2060 563 meri

474 591 660 662 plenus
704 593 877 658 mixto,
916 604 965 648 et
1013 595 1289 650 inclinarit
1317 613 1383 651 ea:
1420 598 1520 652 Itoc
1560 598 1615 653 in
1644 600 1762 667 hoc,
1797 613 2063 654 verumta-

475 701 593 738 men
626 684 734 754 [απ
755 686 869 756 ejus
893 703 996 740 non
1022 700 1094 743 est
1120 689 1414 745 exinanita.
1448 690 1636 745 Bibent
1665 709 1843 746 omnes
1875 710 2060 761 pecca-

476 785 614 832 tores
637 788 811 842 term,
831 789 938 834 etc.
959 780 1113 836 Nunc
1135 783 1355 853 quidem
1377 783 1639 853 supplicia
1672 786 1830 838 mista
1861 799 2059 854 pecca-

477 869 687 923 toribus
721 870 1052 935 inleruntur,
1099 873 1152 928 in
1184 873 1366 928 futuro
1389 885 1571 929 autem
1600 877 1801 931 sarculo
1834 891 1980 930 mera
2006 884 2061 930 et

447 961 645 1016 ‘Veillli
676 962 966 1020 fzeculenta
1002 965 1338 1036 inﬂigentur.
1376 967 1476 1026 Vel
1521 971 1685 1025 etiam
1731 971 1812 1026 sic
1841 971 2058 1040 :Calix,

480 1052 680 1122 inquit,
712 1064 797 1109 est
828 1057 880 1110 in
913 1073 1073 1112 manu
1108 1058 1345 1127 Domini,
1371 1062 1424 1115 in
1452 1077 1612 1130 quem
1637 1062 2062 1133 uniuscujusque

478 1145 716 1203 hominis
761 1147 972 1206 fructus
1008 1154 1181 1209 bonos
1224 1163 1280 1208 et
1321 1155 1493 1210 malos
1530 1156 1693 1210 veluti
1725 1156 2058 1226 exprimens,

475 1249 529 1292 et
584 1239 726 1295 bona
781 1243 938 1297 malis
982 1244 1318 1309 admiscens,
1365 1248 1584 1315 plenum
1646 1247 1797 1299 illum
1852 1236 2064 1301 eﬂiciti

477 1326 674 1383 deinde
716 1344 949 1399 quorum
1001 1333 1104 1387 faex
1136 1350 1241 1388 non
1270 1335 1588 1399 ell‘unditnr,
1622 1339 1673 1392 id
1706 1348 1788 1392 est
1828 1353 2059 1407 quorum

473 1431 697 1487 peccata
742 1438 1086 1493 permanent,
1139 1428 1175 1481 ii
1227 1428 1375 1483 illum
1422 1429 1667 1496 ebibent,
1719 1441 1776 1485 et
1825 1432 2064 1502 propriis

476 1512 636 1568 malis
713 1514 1133 1574 inebriabuntur
1188 1536 1201 1571 :
1261 1522 1717 1589 quemadmodum
1774 1534 1828 1577 et
1887 1525 2061 1580 sancti

476 1616 672 1659 omnes
700 1604 888 1660 bibent
922 1608 1153 1664 calicem
1190 1611 1316 1665 vitae
1344 1610 1397 1664 in
1430 1627 1601 1682 regno
1634 1613 1896 1669 caelorum
1931 1632 2056 1671 cum

474 1691 591 1760 ipso
632 1693 859 1750 Domino
888 1695 1039 1761 Jesu,
1070 1701 1370 1755 scentulum
1408 1701 1619 1757 Domini
1654 1717 1867 1756 vocem.

2160 415 2211 468 oi
2234 414 2527 480 δοκοῦντες
2556 416 2737 471 στῦλοι
2771 413 2928 472 εἶναι.
2973 437 2993 469 ι

2234 509 2353 563 Ὅτι
2383 508 2673 578 ποτήριον
2697 511 2768 565 ἐν
2794 512 2943 581 χειρὶ
2970 513 3217 581 Κυρίου,
3263 514 3443 569 οινου
3493 513 3768 582 ἀκράτου

2161 599 2392 669 πλῆρες
2423 600 2817 671 κερὰοματος·
2851 601 2951 655 καὶ
2988 602 3236 657 ἔκλινεν
3267 603 3340 657 ἐκ
3392 604 3636 657 τούτου
3690 606 3769 669 εἰς

2159 691 2357 761 τοῦτο,
2402 692 2570 761 πλὴν
2615 697 2650 747 ό
2694 696 2938 763 τρυγίας
2985 696 3174 750 αὑτοῦ
3224 698 3341 750 οὐκ
3395 695 3764 759 ἐξεκενὼθη.

2160 784 2405 838 Πίονται
2448 783 2673 851 πάντες
2700 787 2756 839 οἱ
2798 787 3132 855 ἁμαρτωλοὶ
3166 786 3280 855 τῆς
3310 785 3465 857 τῆς,
3506 806 3569 840 κ.
3620 792 3677 839 τὶ
3722 789 3763 840 ὲ.

2161 877 2275 931 Νῦν
2311 877 2410 948 μὲν
2441 878 2498 931 αἱ
2533 877 2780 941 κολάσεις
2805 876 2915 948 (12)
2949 878 3355 949 κεκερασμέναι
3384 878 3768 948 προσάγονται

2158 972 2271 1033 τοῖς
2306 970 2733 1041 ἁμαρτάνουσιν·
2769 972 2827 1022 ὲν
2858 969 2915 1023 δὲ
2960 969 3039 1040 τῷ
3078 968 3326 1041 μέλλοντι
3376 969 3634 1040 ἄκρατοι
3682 970 3768 1020 καὶ

2159 1061 2360 1115 ὡσανεὶ
2389 1059 2686 1134 τρυγώδεις
2724 1062 3263 1134 προσενεχθήσονται.
3299 1061 3379 1115 Ἦ
3420 1060 3532 1114 καὶ
3575 1059 3763 1122 οὕτως·

2160 1154 2236 1208 Τὸ
2259 1156 2551 1226 ποτήριον,
2602 1154 2797 1225 φησὶν,
2833 1154 2980 1207 ἔστιν
3021 1154 3080 1206 ἐν
3107 1157 3175 1225 τῇ
3206 1153 3302 1206 τοῦ
3338 1152 3570 1223 Κυρίου
3605 1149 3767 1219 χειρὶ,

2161 1244 2240 1307 είς
2261 1243 2290 1297 ὃ
2318 1244 2547 1298 ἑκάστου
2580 1242 2870 1317 ἀνθρώπου
2902 1246 3027 1310 τοὺς
3056 1247 3303 1315 καρποὺς
3328 1245 3432 1297 καὶ
3467 1243 3614 1304 τοὺς
3640 1241 3763 1308 ἄγει

2161 1335 2287 1401 θοὺς
2320 1336 2580 1401 καὶτοὺς
2634 1338 2905 1409 πονηροὺς
2960 1337 3121 1390 οἱονεὶ
3174 1334 3493 1399 ὲκπιέζων,
3566 1333 3670 1386 καὶ
3710 1329 3769 1384 τὰ

2161 1429 2343 1498 ἀγαθὰ
2374 1432 2487 1492 τοῖς
2523 1433 2781 1503 πονηροῖς
2820 1430 3125 1502 άνακιρνῶν
3148 1470 3163 1493 ,
3199 1429 3417 1499 πλῆρες
3450 1426 3603 1480 αὑτὸ
3644 1426 3770 1476 απο-

2161 1522 2322 1575 τελεῖ·
2360 1519 2481 1577 εἶτα
2512 1517 2587 1577 ὧν
2609 1524 2710 1577 οὐκ
2738 1525 2983 1594 ἐκχεῖται
3022 1525 3052 1577 6
3075 1522 3327 1595 τρυγίας,
3363 1520 3672 1574 τουτέστιν
3701 1511 3771 1571 ὧν

2163 1615 2589 1685 ὲναπομένουσιν
2622 1617 2679 1671 αί
2713 1615 2978 1688 ἁμαρτίαι
3003 1655 3019 1679 ,
3068 1609 3212 1669 οῦτοι
3258 1614 3402 1667 αὐτὸ
3453 1612 3766 1673 ὲκπίονται,

2166 1709 2260 1761 καὶ
2290 1710 2405 1770 τοῖς
2442 1709 2592 1772 ἰδίοις
2620 1711 2815 1772 κακοῖς
2852 1708 3314 1779 μεθυσθήσονταιο
3351 1706 3569 1777 ὥσπερ
3597 1705 3696 1758 καὶ
3722 1705 3768 1757 αἱ

475 1786 622 1855 ᾶγιοι
679 1793 880 1856 πάντες
917 1793 978 1847 τὸ
1024 1797 1283 1868 ποτήριον
1325 1800 1424 1876 τῆς
1473 1798 1622 1871 ζωῆς
1658 1802 1716 1856 ὲν
1750 1803 1813 1874 τῇ
1863 1800 2117 1873 βασιλείᾳ
2147 1800 2259 1859 τῶν
2315 1805 2559 1877 οὐρανῶν
2602 1806 2719 1877 μετ’
2761 1804 2926 1859 αὑτοῦ
2974 1806 3068 1859 τοῦ
3120 1805 3326 1877 Κυρίου
3378 1802 3601 1874 Ἰησοῦ,
3634 1800 3769 1856 κατὰ

474 1884 571 1957 τὴν
600 1887 694 1941 τοῦ
723 1890 929 1962 Κυρίου
956 1896 1162 1964 φωνήν.

989 2079 1116 2134 PSA
1130 2080 1215 2134 LM
1227 2080 1313 2136 US
1356 2080 1569 2139 LXXV.
2097 2090 2138 2144 Β

553 2169 715 2227 Vens.
745 2173 801 2229 2.
840 2172 1017 2229 Notus
1042 2176 1096 2228 in
1120 2173 1314 2229 ludam
1344 2176 1503 2240 Deus,
1526 2181 1580 2231 in
1615 2175 1785 2231 Israel
1815 2196 2062 2249 magnum

2728 2078 3023 2134 ΨΑΔΜΟΣ
3061 2079 3183 2132 OE'.

2236 2173 2518 2241 Γνωτός
2548 2172 2619 2227 ἐν
2654 2172 2731 2241 τῇ
2773 2171 3029 2239 Ἰουδαίᾳ
3054 2175 3088 2226 ὀ
3117 2172 3284 2239 Θεὸς,
3302 2172 3376 2227 ἐν
3400 2171 3490 2238 τῷ
3523 2172 3763 2240 Ἰσραὴλ

473 2282 665 2321 nomen
697 2266 834 2337 ejus,
867 2280 914 2323 et
946 2269 1120 2337 [actus
1148 2278 1225 2324 est
1256 2271 1311 2325 in
1331 2288 1459 2339 pace
1479 2271 1624 2326 locus
1650 2274 1783 2342 ejus,
1817 2284 1923 2329 elc.
1959 2275 2063 2341 Qui

2177 2268 2311 2341 υέγα
2334 2268 2400 2322 τὸ
2429 2266 2616 2337 ὄνομα
2640 2265 2847 2331 αὑτοῦ,
2874 2266 2971 2319 καί
2992 2265 3244 2335 ἐγενήθη
3260 2266 3335 2319 ἐν
3360 2266 3595 2334 εἰρήνῃ
3621 2269 3657 2319 ὁ
3679 2269 3767 2319 τό·

476 2370 672 2416 natura
706 2360 802 2416 Dei
836 2362 890 2416 in
941 2363 1098 2418 nobis
1143 2364 1294 2419 locus
1336 2379 1444 2419 non
1480 2373 1601 2421 erat
1640 2367 1792 2435 prius
1824 2368 1877 2421 in
1907 2382 2060 2437 pace,

2177 2375 2277 2427 ντος
2307 2357 2515 2423 αὐτοῦ,
2543 2375 2596 2411 κ.
2624 2374 2677 2410 τ.
2712 2357 2761 2410 ὲ.
2799 2356 2857 2409 '0
2890 2355 3050 2425 φύσει
3077 2356 3171 2409 τοῦ
3204 2356 3343 2409 Θεοῦ
3373 2357 3496 2426 (1⁵5)
3543 2357 3609 2409 ἐν
3638 2358 3767 2428 ἡμῖν

478 2453 657 2511 factus
688 2464 769 2511 est
796 2471 924 2524 pax.
977 2455 1030 2510 In
1071 2455 1280 2513 Christi
1329 2458 1498 2527 igitur
1543 2460 1778 2515 adventu
1828 2460 2065 2514 innotuit

2177 2453 2347 2517 τόπος,
2380 2452 2482 2504 οὐκ
2510 2448 2586 2504 ὣν
2611 2450 2878 2522 πρότερον
2906 2451 2964 2502 ἐν
2991 2451 3181 2522 εἰρήνῃ
3206 2491 3221 2515 ,
3256 2451 3493 2519 γέγονεν
3545 2451 3759 2521 εἰρήνη.

479 2545 646 2611 Deus,
678 2547 957 2602 revelante
989 2546 1160 2617 ipsum
1194 2547 1330 2603 Filio
1376 2549 1429 2603 itt
1474 2563 1536 2604 ea
1580 2566 1699 2620 qua:
1738 2566 1953 2607 sursum
1981 2558 2064 2606 est

2177 2546 2265 2599 Ἐν
2295 2547 2361 2616 τῇ
2395 2542 2632 2616 Χριστοῦ
2666 2538 2759 2597 οὖν
2793 2543 3059 2615 ἐπιδημίᾳ
3081 2542 3331 2612 ἐγνώσθη
3362 2545 3391 2596 6
3427 2543 3592 2607 Θεὸς,
3629 2544 3760 2596 ἁπο-

478 2637 808 2695 Jerusalem.
835 2639 931 2694 Vel
967 2641 1019 2695 in
1050 2656 1112 2695 ea
1146 2656 1266 2709 qua!
1299 2656 1517 2696 sursum
1562 2654 1645 2698 est
1678 2642 1860 2698 Iudam
1906 2653 2063 2699 notus

2177 2638 2502 2707 ιαλύψαντος
2540 2636 2704 2691 αὐτὸν
2738 2634 2833 2689 τοῦ
2864 2634 2995 2689 Υἱοῦ
3020 2637 3077 2690 ὲν
3106 2637 3173 2707 τῇ
3210 2635 3323 2689 ἄνω
3362 2634 3757 2706 Ἰερουσαλήμ.

476 2741 564 2788 est
587 2730 748 2800 Deus,
777 2731 865 2786 ubi
888 2746 1050 2788 verus
1074 2732 1194 2802 ejus
1218 2732 1360 2787 Deus
1387 2742 1492 2797 est,
1522 2741 1573 2787 et
1605 2749 1709 2788 non
1740 2735 1920 2804 typica
1945 2736 2063 2800 ejus

2177 2733 2236 2787 'H
2264 2733 2322 2785 ὲν
2354 2734 2419 2803 τῇ
2453 2731 2566 2786 ἄνω
2600 2729 2826 2801 Ἰουδαίᾳ
2846 2727 3086 2797 γνωστὸς
3107 2729 3136 2781 6
3156 2726 3311 2792 Θεὸς,
3356 2726 3493 2779 ἔνθα
3518 2729 3549 2780 6
3576 2726 3761 2797 ἀληθιο

478 2823 673 2892 gloria.
709 2822 866 2879 Nunc
894 2824 1060 2895 763
1090 2824 1236 2879 enim
1282 2839 1379 2895 per
1407 2825 1686 2895 speculum
1741 2836 1796 2880 et
1843 2826 1895 2881 in
1930 2826 2064 2881 aeni-

2177 2824 2252 2890 νὺς
2276 2825 2410 2889 Θεός
2433 2825 2580 2879 ἐστιν
2608 2821 2797 2887 αὑτοῦ,
2830 2822 2923 2877 καὶ
2954 2822 3013 2875 οὐ
3043 2820 3246 2892 τυπικὴ
3281 2820 3411 2885 δόξα
3438 2820 3635 2874 αὑτοῦ·
3670 2820 3761 2876 νῦν

480 2924 661 2985 gmale
690 2928 850 2973 notus
879 2926 964 2973 est
1002 2918 1161 2973 Deus.
1195 2916 1302 2975 Sed
1324 2927 1379 2975 et
1413 2919 1600 2975 nonin
1634 2934 1701 2975 eo
1745 2919 1838 2989 qui
1865 2934 2064 2975 secun-

2177 2918 2269 2989 γὰρ
2295 2917 2360 2970 δι’
2390 2916 2656 2988 ἐσόπτρου
2697 2914 2791 2969 καὶ
2835 2914 2895 2966 ὲν
2940 2913 3222 2985 αἰνίγματι
3263 2912 3518 2981 γνωστός
3551 2916 3706 2966 ἐστιν
3729 2914 3756 2965 ὁ

479 3008 609 3063 dum
641 3023 886 3075 carnem,
918 3011 1010 3063 sed
1047 3010 1102 3063 in
1135 3024 1201 3066 eo
1229 3011 1321 3080 qui
1366 3012 1669 3067 secundum
1703 3012 1954 3082 spiritum
1981 3020 2065 3067 est

2177 3009 2314 3073 Βεός.
2365 3006 2527 3062 Ἀλλὰ
2565 3008 2659 3061 καὶ
2690 3007 2789 3060 οὐκ
2817 3007 2879 3060 ὲν
2909 3004 2985 3076 τῷ
3018 3004 3159 3060 κατὰ
3190 3005 3371 3077 σάρκα
3391 3045 3406 3068 ,
3444 3004 3590 3058 ἀλλὰ
3620 3003 3755 3059 κατὰ

480 3101 650 3159 Israel
696 3118 949 3171 magnum
983 3116 1178 3156 nomen
1224 3105 1364 3171 ejus.
1416 3087 1642 3159 ιἸιυοιιε
1670 3125 1689 3158 t
1747 3116 1925 3161 autem
1973 3104 2062 3159 Dei

2177 3100 2383 3172 πνεῦμα
2423 3099 2640 3171 Ἰσραὴλ
2680 3097 2822 3171 μέγα
2864 3097 2928 3151 τὸ
2971 3098 3140 3168 ὄνομα
3173 3096 3361 3153 αὐτοῦ.
3394 3115 3413 3148 ι
3439 3096 3628 3159 Τόπος
3651 3115 3670 3148 ι
3702 3093 3754 3148 δὲ

481 3208 646 3264 quem
688 3193 741 3247 in
772 3207 833 3246 se
866 3192 1134 3246 dederunt
1165 3193 1239 3257 ei,
1280 3193 1334 3247 in
1367 3206 1603 3263 superna
1628 3205 1714 3250 est
1739 3195 1946 3261 Judma,
1972 3196 2064 3251 ubi

2177 3194 2300 3249 Βεοῦ
2334 3194 2393 3247 δν
2419 3193 2656 3248 διδόασιν
2702 3193 2761 3247 ὲν
2806 3193 3017 3254 ἑαυτοῖς
3045 3189 3214 3261 αὐτῷ,
3251 3192 3307 3242 ὲν
3348 3193 3417 3260 τῇ
3470 3190 3588 3244 ἄνω
3616 3188 3756 3242 ἐστὶν

484 3303 508 3338 ι
538 3284 714 3338 factus
738 3290 824 3339 est
857 3285 911 3339 in
944 3297 1097 3353 pace.
1126 3302 1145 3336 ι
1178 3282 1318 3339 Huic
1362 3285 1594 3357 analoga
1628 3294 1712 3341 est
1732 3304 1750 3336 ι
1770 3283 2057 3339 habitatio:

2177 3285 2428 3357 Ἰουδαίᾳ,
2457 3276 2569 3357 ὲνῇ
2598 3301 2617 3335 t
2647 3283 2878 3357 ἐγενήθη
2913 3285 2973 3337 ὲν
3005 3284 3248 3355 είρήνῃ·»
3272 3274 3316 3349 ᾧ
3340 3281 3615 3349 ἀνάλογόν
3646 3282 3753 3333 ἐστι

487 3378 584 3434 Dei
608 3393 625 3426 ι
650 3376 704 3430 in
724 3374 874 3442 Sion,
897 3395 916 3428 ι
938 3376 1006 3432 de
1037 3390 1144 3444 qua
1168 3375 1374 3430 dictum
1407 3385 1491 3431 est
1527 3394 1542 3431 :
1585 3395 1605 3428 ι
1630 3376 1735 3432 Sed
1757 3377 2064 3434 accessistis

2177 3395 2193 3429 t
2217 3377 2278 3430 τὸ
2303 3378 2720 3448 κατοικητήριον
2743 3394 2762 3428 ι
2810 3374 2906 3430 τοῦ
2949 3375 3083 3429 Θεοῦ
3130 3393 3150 3426 ι
3176 3377 3235 3427 ὲν
3263 3371 3437 3437 Σιὼν,
3470 3392 3492 3425 ι
3535 3374 3668 3443 περὶ
3692 3366 3752 3442 ἧς

484 3470 552 3526 ad
584 3470 715 3528 Sion
749 3478 1010 3531 montem,
1045 3478 1101 3523 et
1130 3468 1407 3523 civitatem
1443 3469 1537 3523 Dei
1581 3469 1813 3524 viventis
1847 3468 2065 3526 Jerusa-

2177 3472 2399 3542 εἴρηται·
2431 3489 2450 3521 ι
2498 3468 2656 3523 Ἀλλὰ
2685 3466 3119 3540 προσεληλύθατε
3141 3464 3280 3521 Σιὼν
3302 3465 3443 3536 ὄρει,
3479 3465 3580 3518 καὶ
3609 3464 3749 3519 πόλει

481 3563 587 3619 lem
611 3564 892 3619 ctelestem
912 3562 979 3626 ³³,
1012 3580 1031 3613 ι
1067 3562 1155 3615 ubi
1185 3571 1467 3630 propterea
1499 3573 1605 3628 pax
1630 3568 1738 3628 est,
1778 3560 1905 3631 quia
1934 3575 2065 3618 con-

2177 3562 2303 3617 Θεοῦ
2335 3561 2536 3627 ζῶντος
2571 3559 2925 3632 Ἰερουσαλὴμ
2955 3559 3311 3631 ἐπουρανίῳ-ι
3335 3556 3469 3610 ἔνθα
3495 3555 3585 3611 διὰ
3600 3554 3749 3610 τοῦτό

484 3660 627 3716 trita:
657 3669 785 3717 sunt
824 3661 1080 3730 potentiae
1127 3672 1375 3722 arcuum,
1431 3665 1669 3724 scutum,
1727 3656 1962 3727 gladius,
2010 3663 2065 3714 et

2177 3653 2317 3707 ἑστιν
2345 3653 2560 3723 εἰρήνη,
2603 3651 2726 3704 ἐπεὶ
2762 3648 3050 3721 συνετρίϐη
3076 3651 3133 3702 ὲν
3160 3648 3298 3719 αὐτῇ
3325 3645 3399 3700 τὰ
3430 3647 3613 3720 κράτη
3648 3645 3749 3699 τῶν

483 3756 713 3812 bellum.
2168 3743 2357 3812 τόξων,
2382 3744 2545 3799 ὅπλον
2566 3742 2661 3797 κα)⁸
2682 3741 2944 3814 ῥομφαία,
2976 3740 3071 3795 καὶ
3103 3738 3357 3811 πόλεμος.

560 3848 835 3919 Ejusdem.
910 3850 1086 3906 Locus
1146 3847 1274 3915 Dei,
1339 3846 1520 3900 anima
1573 3859 1749 3915 pura;
1802 3844 2065 3902 habitatio

2245 3848 2356 3903 Τοῦ
2384 3850 2589 3906 αὐτοῦ.
2620 3851 2798 3914 Τόπος
2826 3845 2960 3901 Θεοῦ
2995 3844 3128 3917 (14),
3146 3845 3292 3919 ψυχὴ
3314 3847 3555 3920 καθαράν
3574 3866 3744 3903 κατοιο

486 3953 666 3998 autem
691 3944 830 4012 ejus,
870 3958 1023 3998 mens
1046 3939 1490 4010 contemplativa.

560 4033 731 4089 Vens.
775 4034 832 4088 4.
873 4033 958 4088 Ibi
995 4033 1256 4104 confregit
1283 4030 1544 4102 potentias
1569 4045 1813 4094 arcuum,
1837 4039 2064 4096 scutum,

487 4126 727 4198 gladium
776 4135 822 4178 et
856 4123 1070 4190 bellum,
1103 4133 1211 4178 etc.
1242 4124 1418 4178 Arcus
1471 4123 1575 4177 hoc
1627 4121 1750 4176 loco
1799 4121 2069 4176 datmones

486 4225 672 4279 vocat,
709 4230 738 4268 a
778 4215 974 4282 quibus
1012 4213 1181 4285 ignita
1225 4213 1407 4282 jacula
1465 4213 1780 4267 mittuntur.
1836 4209 2067 4282 Ignitum

484 4308 724 4384 jaculnm
760 4318 844 4363 est
875 4306 1133 4377 cogitatio
1166 4305 1454 4362 affectibus
1503 4306 1781 4378 obnoxia,
1817 4304 2069 4377 idemque

490 4409 717 4459 vocatur
745 4409 801 4454 et
836 4407 1049 4454 scutum
1081 4407 1136 4452 et
1169 4396 1400 4467 gladius.

565 4586 733 4641 Vnus.
785 4584 837 4638 5.
886 4581 1172 4636 Illuminas
1225 4588 1280 4633 tu
1330 4578 1648 4636 mirabiliter
1712 4598 1743 4634 a
1806 4581 2068 4636 montibus

493 4680 722 4747 (τίει-πίε,
775 4687 884 4732 etc.
941 4672 1055 4728 Iloc
1098 4680 1204 4740 est,
1254 4672 1417 4727 doces
1450 4688 1546 4727 nos
1583 4688 1679 4743 per
1707 4681 1925 4730 sanctas
1959 4673 2068 4728 vir-

492 4780 548 4827 ιιι
556 4781 654 4827 tes.

573 4863 735 4921 Vens.
790 4860 842 4916 6.
900 4859 1123 4914 Turbati
1155 4867 1274 4914 sunt
1313 4874 1487 4912 omnes
1537 4859 1839 4926 insipiente:
1888 4858 2067 4924 corde,

492 4969 600 5012 etc.
639 4945 870 5011 Turbati
900 4953 1273 5024 insipientium
1318 4962 1401 5006 est
1431 4966 1444 5002 :
1485 4952 1757 5020 sapientes
1784 4955 1928 5006 enim
1960 4967 2067 5006 non

493 5052 805 5107 turbantur.

564 5143 697 5199 IBID.
754 5141 1099 5196 Dormierunt
1123 5154 1361 5193 somnum
1385 5153 1570 5201 suum,
1614 5143 1661 5189 et
1702 5133 1833 5187 nihil
1858 5135 2072 5189 invene-

496 5245 624 5291 runt
668 5251 844 5290 omnes
869 5233 969 5288 viri
1013 5232 1320 5288 diuitiarum
1372 5231 1423 5284 in
1479 5228 1723 5281 manibus
1775 5226 1908 5293 suis,
1959 5238 2068 5282 etc.

573 5327 620 5361 ⁴⁸
648 5328 812 5385 Hebr.
844 5342 946 5395 xu,
976 5326 1070 5384 22.

574 5423 688 5505 (lg)
716 5423 849 5505 μῦν
869 5420 986 5505 μεν
1016 5424 1076 5505 at
1108 5419 1412 5505 ξιονξᾴσεςς,
1440 5426 1545 5471 etc.
1574 5416 1648 5472 Ex
1676 5416 1866 5470 eodem
1891 5414 2079 5470 codice

505 5490 844 5551 Coisli'uiano
870 5490 931 5546 et
960 5493 1177 5547 schedis
1194 5490 1400 5544 Grabii.

578 5564 708 5637 tl3)_
729 5565 784 5616 Ὀ
819 5564 1001 5632 φύσει
1021 5560 1127 5616 τοῦ
1156 5557 1327 5625 Θεοῦ,
1353 5568 1459 5615 etc.
1493 5557 1675 5615 Codex
1709 5553 2076 5637 Coislinianus

504 5634 798 5691 secundus.

582 5704 695 5778 (.14)
721 5704 908 5769 Τόπος
937 5699 1107 5772 Θεοῦ,
1132 5711 1239 5760 etc.
1259 5700 1438 5760 Codex
1468 5699 1835 5759 Coislinianus
1847 5701 2081 5771 primus.

2172 3950 2427 4021 κητήριον
2459 3947 2515 4000 δὲ
2544 3946 2703 4014 Θεοῦ,
2737 3945 2861 4007 νοῦς
2889 3944 3237 4015 θεωρητικός.

2252 4039 2414 4094 Ἐκεῖ
2431 4039 2756 4108 συνέτριψε
2801 4038 2872 4092 τὰ
2919 4036 3105 4105 κράτη
3140 4033 3260 4087 τῶν
3287 4032 3504 4096 τόξων,
3534 4032 3740 4091 ἔπλεν,

2169 4131 2271 4188 καὶ
2308 4131 2635 4202 ῥομφαίαν,
2671 4129 2771 4184 καὶ
2800 4131 3088 4199 πόλεμον,
3115 4144 3167 4180 κ.
3195 4144 3245 4179 τ.
3278 4127 3324 4179 ὲ.
3352 4124 3497 4189 Τόξα
3518 4124 3615 4178 νῦν
3641 4123 3742 4192 (l5)

2174 4242 2293 4289 τους
2330 4224 2586 4296 δαιμονας
2609 4223 2883 4295 ὀνομάζει,
2909 4223 3002 4291 ἀφ’
3028 4214 3103 4274 ὦν
3125 4220 3195 4274 τὰ
3226 4218 3602 4290 πεπυρωμένα
3624 4216 3741 4286 βέλη

2171 4315 2561 4386 ἐκπέμπονται.
2599 4313 2763 4378 Belo;
2795 4313 2851 4367 δὲ
2892 4310 3288 4383 πεπυρωμένον
3317 4309 3468 4363 ἐστὶν
3511 4310 3542 4361 6
3578 4310 3742 4377 ἐμπα-

2171 4409 2270 4483 ϐὴς
2303 4409 2580 4479 λογισμός·
2611 4408 2672 4461 τὸ
2697 4407 2754 4463 δὲ
2780 4406 2913 4462 αὐτὸ
2938 4406 3031 4459 καὶ
3056 4404 3223 4459 ὅπλον
3253 4403 3347 4458 καὶ
3376 4401 3624 4475 ῥομφαία
3651 4417 3737 4453 κα-

2170 4499 2363 4554 λεῖται.

2241 4593 2509 4661 Φωτίζεις
2546 4593 2628 4648 σὺ
2671 4590 3025 4663 θαυμαστῶς
3075 4589 3197 4645 ἀπὸ
3240 4587 3426 4657 ὀρέων
3478 4586 3737 4645 αἰωνίων,

2171 4700 2225 4736 κ.
2260 4701 2310 4738 τ.
2346 4685 2391 4738 ὲ.
2418 4681 2698 4751 Τουτέστι,
2729 4681 3002 4744 διδάσκεις
3025 4679 3136 4751 (16)
3163 4681 3311 4750 ἡμᾶς
3334 4677 3423 4733 διὰ
3446 4678 3561 4730 τῶν
3590 4676 3738 4744 ἁγίων

2172 4774 2469 4846 δυνάμεων.

2260 4869 2705 4940 Ἐταράχθησαν
2729 4870 2953 4935 πάντες
2977 4872 3031 4923 οἱ
3075 4867 3363 4922 ἀσύνετοι
3401 4863 3481 4933 τῇ
3515 4863 3735 4933 καρδίᾳ.

2178 4976 2230 5012 κ.
2257 4975 2308 5013 τ.
2337 4960 2381 5015 ὲ.
2411 4962 2484 5014 Τὸ
2508 4961 2867 5034 ταράττεσθαι
2897 4960 3007 5029 (17)
3044 4956 3320 5012 ἀσυνέτων
3358 4954 3497 5008 ὲστί·
3546 4949 3739 5008 συνετοὶ

2176 5051 2285 5124 γὰρ
2310 5054 2370 5106 οὐ
2391 5055 2770 5126 ταράσσονται.

2250 5144 2575 5200 ’Ύπνωσαν
2606 5148 2803 5202 ὕπνον
2824 5144 3025 5201 αὐτῶν
3045 5185 3061 5208 ,
3091 5144 3193 5200 καὶ
3232 5146 3346 5215 οὐχ
3371 5139 3560 5213 εὗρον
3576 5142 3741 5198 οὐδὲν

2176 5231 2398 5302 πάντες
2428 5240 2482 5291 οἱ
2512 5236 2725 5308 ἄνδρες
2752 5237 2859 5293 τοῦ
2911 5238 3179 5293 ,πλούτου
3226 5235 3358 5303 ταῖς
3394 5235 3609 5306 χερσὶν
3643 5234 3737 5289 air

2261 5422 2372 5493 (15)
2406 5422 2557 5487 Τόξα
2576 5419 2849 5493 timete.
2885 5418 3033 5474 Idem
3068 5421 3371 5493 codegjms.

2285 5488 2370 5548 16)
2405 5493 2687 5548 Τουτέστι
2717 5490 3043 5557 διδάσκεις,
3073 5499 3179 5545 etc.
3214 5488 3386 5544 Idem.

2254 5493 2365 5634 £17)
2423 5564 2495 5620 Τὸ
2548 5563 2953 5634 ταράττεσθαι,
2993 5572 3102 5619 etc.
3163 5560 3351 5617 Codex
3382 5555 3609 5616 Coislini

2254 5555 2383 5691 (md
2423 5564 2495 5620 Τὸ
2548 5563 2953 5634 ταράττεσθαι,
2993 5555 3102 5619 etc.
3163 5560 3351 5617 Codex
3382 5555 3747 5616 Coislinianu

2182 5647 2347 5691 secun
2389 5651 2468 5692 us.
