3970 6160
269 300 408 360 1657

1194 295 1503 352 SELECTA
1543 296 1607 349 ΞΝ
1650 295 1987 353 PSALMOS.
2019 329 2087 341 -—-
2121 298 2318 358 PSAL.
2362 301 2594 362 LXXVI.

3371 313 3397 371 1
3408 316 3515 373 558

262 416 415 477 τῶν,
447 431 500 468 κ.
537 431 588 468 τ.
639 414 685 467 ὲ.
726 413 802 467 Δι’
836 412 865 466 ὃ
904 411 1085 478 καλῶς
1135 412 1247 486 (18)
1303 415 1594 487 παρεγγυᾷ
1627 417 1655 468 ὁ
1688 413 1836 484 σοφὸς

1958 415 2301 487 Quapropter
2367 419 2592 488 pulchre
2664 422 2876 488 sapiens
2924 421 3178 479 Salomon
3244 424 3512 499 hortatur,

262 504 543 576 Σολομὼν,
577 522 595 555 ι
619 503 711 575 Μὴ
732 504 836 575 δῷς
859 503 1045 571 ὕπνον,
1074 504 1268 574 λέγων,
1306 510 1418 570 σοῖς
1449 507 1677 579 δμμασι,
1722 507 1843 579 μηδ’

260 595 624 670 ἐπινυστάξῃς
651 598 763 660 σοῖς
797 595 1114 668 βλεφάροις,
1144 597 1232 651 ἵνα
1259 596 1405 669 σώζῃ
1431 598 1619 671 ὥσπερ
1644 598 1842 671 δορκάς

258 689 328 740 ὲκ
354 686 583 759 βρόχων,
618 688 710 741 καὶ
737 686 928 760 ὥσπερ
952 688 1138 758 ὄρνεον
1166 690 1230 741 ὲκ
1270 690 1508 757 παγίδος.
1537 709 1555 742 ι

337 780 450 834 Τοῦ
477 780 684 835 αὐτοῦ.
716 779 907 844 Οὕτως
922 781 1113 853 ἄνδρες
1145 782 1375 836 πλούτου
1400 783 1531 855 (19),
1550 783 1626 847 ὡς
1652 783 1842 855 ἄνδρες

255 870 529 940 αἱμάτων·
570 872 619 923 οἱ
664 869 774 940 γὰρ
824 870 1040 942 ἔχοντες
1080 870 1152 925 τά
1197 872 1343 945 πάθη
1397 873 1607 944 ἄνδρες,
1638 873 1839 929 τούτων

254 960 369 1015 τῶν
400 960 588 1016 παθῶν
622 961 996 1033 ὀνομάζονται.

346 1050 722 1115 Ἐνύσταξαν
751 1055 803 1106 οὶ
848 1052 1265 1120 ἐπιϐεϐηκότες
1303 1052 1446 1120 τοὺς
1480 1053 1735 1120 ἵππους,
1779 1073 1832 1109 κ.

254 1161 311 1199 τ.
350 1146 395 1198 ὲ.
442 1146 503 1198 Οἱ
545 1144 797 1215 δαίμονες
857 1141 969 1217 (20)
1031 1144 1446 1209 ὲπικαθέζονται
1494 1145 1681 1211 ἵπποις
1745 1148 1838 1201 καὶ

256 1236 530 1306 ἡμιόνοις,
558 1229 639 1298 οἷς
661 1234 760 1288 οὐκ
784 1234 901 1288 ἐστι
943 1234 1179 1299 σύνεσις,
1219 1235 1619 1304 ἀναγκάζοντες
1643 1238 1836 1302 αὐτοὺς

257 1326 332 1378 τά
360 1325 466 1379 τῶν
500 1324 707 1394 ἀλόγων
742 1324 894 1389 ζώων
921 1329 1184 1397 ἐνεργεῖν.
1209 1325 1396 1381 Ἴπποι
1427 1327 1482 1380 δὲ
1508 1329 1601 1382 καὶ
1624 1328 1837 1399 ἡμίονοι

259 1416 539 1486 ἄνθρωποι
564 1419 702 1471 εἰσιν
738 1418 1025 1487 ἐμπαθεῖς,
1055 1420 1140 1488 ἐφ’
1168 1418 1204 1472 ὃ.
1245 1419 1319 1490 μὴ
1357 1418 1457 1483 δεῖ,
1499 1419 1710 1488 ἀλόγως
1743 1437 1840 1488 φε-

264 1509 521 1581 ρόμενοι,
552 1508 649 1563 καὶ
695 1510 1112 1581 χρεμετίζοντες
1162 1513 1256 1566 ἐπὶ
1303 1513 1423 1575 ταῖς
1468 1513 1683 1581 γυναιξὶ
1728 1513 1836 1568 τῶν

261 1597 513 1670 πλησίον.

335 1689 564 1757 Πάντες
598 1695 653 1746 οἱ
690 1694 894 1761 κύκλῳ
925 1692 1110 1748 αὐτοῦ
1150 1678 1390 1747 οἴσουσι
1428 1692 1586 1761 δῶρα
1625 1691 1707 1759 τῷ
1733 1711 1839 1763 φο-

1951 510 2137 564 diceus
2160 508 2204 544 "
2232 530 2244 565 :
2277 528 2296 561 ι
2326 509 2403 565 Ne
2445 511 2669 567 dederis
2687 526 2932 569 somnum
2974 515 3145 570 oculis
3184 519 3290 572 tuis
3322 527 3376 573 et
3402 522 3506 591 pal-

1949 602 2132 670 pebris
2151 603 2255 657 tuis
2277 604 2745 671 dormitationem,
2772 620 2829 662 ut
2860 608 3085 665 solveris
3112 613 3267 682 quasi
3299 615 3514 671 damula

1947 691 2013 747 de
2039 692 2246 763 laqueis
2269 704 2322 749 et
2349 696 2503 765 quasi
2551 698 2671 752 avis
2694 713 2757 751 ex
2786 700 3053 771 decipulo.
3091 720 3112 755 ι

2017 782 2293 853 Ejusdem.
2336 786 2412 839 Ita
2445 787 2548 839 viri
2584 787 2939 857 divitiarum,
2988 792 3130 847 sicut
3158 794 3260 849 viri
3295 798 3514 864 sangui-

1946 886 2073 926 num
2108 890 2123 927 :
2162 890 2285 930 nam
2313 877 2409 946 qui
2438 872 2644 934 habent
2691 879 2917 937 aﬂ'ectus
2942 922 2957 948 ,
3016 884 3122 940 viri
3155 885 3349 942 borum
3384 889 3513 944 δοκε-

1943 973 2124 1019 cluum
2156 968 2524 1024 nominantur.

2012 1053 2179 1111 Vens.
2208 1058 2259 1110 '7.
2288 1057 2712 1115 Dormitaverunt
2736 1062 2826 1129 qui
2844 1066 3183 1121 ascenderunt
3202 1085 3378 1139 equos,
3403 1080 3509 1129 etc.

1944 1146 2227 1204 Daemones
2257 1150 2495 1205 insident
2524 1156 2679 1220 equis
2724 1165 2779 1208 et
2824 1157 2985 1210 mulis
3010 1198 3023 1220 ,
3073 1161 3267 1227 quibus
3300 1171 3514 1218 nonest

1944 1237 2267 1302 intellectus,
2291 1240 2414 1293 dum
2446 1242 2589 1309 ipsos
2627 1253 2826 1313 cogunt
2855 1246 3025 1301 instar
3056 1249 3512 1307 irrationabilium

1944 1331 2255 1385 animalium
2286 1335 2524 1401 Operari.
2587 1335 2720 1405 Equi
2766 1350 2945 1392 autem
2990 1349 3044 1392 et
3087 1340 3214 1395 muli
3263 1342 3511 1399 homines

1942 1431 2068 1477 sunt
2094 1425 2291 1493 quibus
2326 1426 2511 1479 insunt
2535 1426 2783 1493 affectus,
2823 1433 3028 1503 quique
3062 1434 3128 1486 ad
3166 1449 3225 1488 ea
3255 1449 3371 1503 qua:
3404 1451 3508 1491 non

1940 1524 2178 1582 oportet,
2223 1517 2666 1575 irrationabiliter
2714 1521 2988 1590 feruntur,
3036 1534 3091 1579 et
3145 1527 3392 1581 hinniunt
3440 1530 3508 1584 ad

1943 1623 2141 1665 uxores
2172 1613 2405 1681 proximi
2439 1617 2546 1671 sui.

2009 1708 2174 1763 Vsus.
2215 1706 2426 1774 12,15.
2491 1707 2684 1764 Omnes
2740 1710 2793 1763 in
2842 1710 3064 1763 circuitu
3114 1711 3229 1779 ejus
3280 1711 3504 1782 aﬂ‘erent

261 1782 445 1849 ϐεμῖ),
504 1784 603 1837 καὶ
660 1785 1074 1855 ἀφαιρουμένῳ
1131 1786 1439 1855 πνεύματα
1489 1786 1797 1855 ἀρχόντων
1822 1824 1836 1851 ,

1958 1814 2157 1852 nunera
2185 1798 2427 1864 terribili,
2448 1808 2497 1853 et
2528 1800 2576 1853 ei
2598 1801 2687 1870 qui
2705 1799 2877 1868 aufert
2909 1776 3151 1867 spiritum
3180 1776 3502 1869 principum,

261 1873 490 1942 φοϐερῷ
541 1875 701 1944 παρὰ
737 1876 859 1944 τοῖς
891 1876 1223 1941 βασιλεῦσι
1262 1877 1374 1947 τῆς
1418 1877 1559 1949 γῆς,
1594 1896 1650 1933 κ.
1696 1896 1748 1933 τ.
1789 1879 1837 1934 ἑ.

275 1963 615 2036 ’Λφαιρεῖται
646 1966 932 2039 πνεύματα
962 1968 1071 2040 (21)
1104 1970 1378 2041 ἀρχόντων
1406 1971 1435 2023 ὁ
1467 1969 1695 2041 φοϐερὸς
1730 1970 1842 2025 τῶν

263 2055 531 2127 βασιλέων
561 2061 658 2131 τῆς
691 2063 810 2133 γῆς.
845 2063 1069 2134 Πνεῦμα
1099 2064 1154 2117 δὲ
1185 2063 1460 2136 ἀρχόντων
1492 2063 1639 2117 ἐστὶν
1654 2065 1840 2129 ἐντοῖς

260 2151 585 2223 ἀρχομένοις
617 2154 721 2208 ὑπὸ
755 2156 864 2210 τῶν
918 2157 1191 2228 ἀρχόντων
1241 2156 1339 2211 τοῦ
1381 2155 1575 2221 αἰῶνος
1623 2156 1834 2212 τούτου.

260 2243 486 2316 Πνεῦμα
508 2247 565 2300 δὲ
590 2247 685 2300 τοῦ
714 2247 973 2320 ἄρχοντος
1005 2249 1099 2302 τοῦ
1139 2249 1331 2313 αἰῶνος
1354 2248 1544 2302 τούτου
1570 2244 1639 2320 ἦν
1666 2249 1759 2302 καὶ
1782 2251 1840 2303 ὲν

274 2337 443 2410 Ἰούδᾳ
474 2340 554 2412 τῷ
578 2342 877 2413 προδιδόντι
908 2342 1000 2396 τὸν
1040 2341 1263 2413 Ἰησοῦν.
1298 2341 1529 2413 Φοὸερὸς
1554 2340 1611 2393 δὲ
1635 2340 1842 2404 τούτοις

259 2432 374 2491 τοῖς
415 2430 687 2500 πνεύμασι
717 2433 1006 2504 γενόμενος
1034 2435 1062 2486 ό
1086 2432 1297 2504 Σωτὴρ,
1327 2433 1552 2504 ἀφαιρεῖ
1568 2429 1703 2484 αύτά
1733 2429 1841 2485 ἀπὸ

265 2520 630 2591 ἐνεργούντων
666 2517 711 2592 ᾦ
736 2524 897 2588 αὐτὸς
923 2520 1031 2577 οἶδε
1064 2522 1261 2595 καιρῷ,
1297 2521 1383 2577 ἵνα
1407 2524 1838 2594 μετανοήσωσιν.

264 2609 419 2663 Οὕτω
446 2611 502 2664 δὲ
536 2611 631 2665 καὶ
672 2613 898 2683 φοϐερός
937 2614 1052 2665 ἐστι
1082 2612 1234 2683 παρὰ
1266 2614 1376 2674 τοῖς
1407 2608 1683 2681 βασιλεῦσι
1739 2608 1841 2679 τῆς

262 2698 385 2767 γῆς,
420 2702 548 2772 περὶ
580 2694 655 2754 ὧν
678 2701 891 2773 εἴρηται
913 2715 927 2729 ·
963 2719 982 2754 ι
1016 2700 1372 2773 Παρέστησαν
1403 2701 1452 2754 oi
1477 2698 1714 2762 ϐασιλεῖς
1738 2696 1837 2768 τῆς

261 2807 388 2861 γηςο
429 2812 449 2845 ι

822 2974 1115 3029 ΨΔΛΜΟΣ
1152 2974 1286 3034 0C7.

331 3058 507 3128 Φωνῇ
524 3077 643 3129 μου
677 3059 827 3129 πρὸς
846 3063 1067 3131 Κύριον
1090 3058 1385 3130 ἐκέκραξα
1405 3100 1421 3126 ,
1465 3057 1565 3113 καὶ
1595 3059 1634 3127 ἡ
1665 3055 1832 3128 φωνή

259 3167 375 3219 μου
405 3153 553 3219 πρὸς
582 3150 707 3206 τὸν¹
728 3153 893 3220 Θεὸν,
943 3154 1043 3210 καὶ
1080 3154 1386 3224 προσέσχε
1413 3169 1550 3223 μοι,
1588 3168 1643 3205 κ.
1678 3168 1728 3203 τ.
1784 3151 1830 3204 ἑ.

266 3242 394 3295 Ὅτε
429 3244 577 3296 πᾶσα
619 3243 768 3314 φωνὴ
813 3245 923 3316 (22)
955 3244 1112 3316 ἡμῶν
1161 3244 1299 3299 κατά
1346 3244 1479 3299 Θεόν
1528 3246 1643 3298 ἐστι
1662 3280 1678 3306 ,
1710 3242 1835 3295 τότε

263 3333 400 3386 ἐπάν
441 3333 663 3405 γένηται
700 3336 835 3406 πρὸς
873 3337 1034 3390 αὐτὸν
1069 3338 1103 3408 ὴ
1138 3336 1289 3406 φωνὴ
1336 3335 1494 3407 ἡμῶν
1518 3375 1535 3403 ,
1577 3334 1834 3405 προσέχει

261 3424 393 3494 ἡμῖν
424 3424 682 3495 ἀμίαντον
704 3425 887 3495 ἔχουσι
912 3425 1009 3497 τὴν
1036 3428 1238 3498 φωνήν.
1600 3435 1603 3437 ’

345 3517 441 3567 Ἐν
460 3516 646 3585 ἡμέρᾳ
678 3517 936 3585 θλίψεώς
962 3536 1084 3588 μου
1133 3519 1241 3572 τὸν
1294 3517 1450 3573 Θεὸν
1483 3515 1831 3585 ἐξεζήτησαν

262 3623 317 3661 κ.
346 3623 401 3662 τ.
428 3608 474 3660 ι.
505 3608 603 3661 Διὰ
621 3609 719 3677 τῆς
750 3610 1059 3681 πρακτικῆς
1087 3610 1198 3682 (25)
1235 3611 1294 3664 ὲν
1318 3609 1398 3681 τῷ
1433 3609 1528 3663 νῦν
1558 3607 1715 3663 αἰῶνι
1742 3608 1833 3662 τὸν

261 3697 396 3751 Θεὸν
426 3698 783 3771 ὲκζητοῦμεν.

337 3788 448 3843 Τοῦ
476 3789 682 3844 αὐτοῦ.
723 3790 900 3860 Ἀγίου
930 3791 990 3844 τὸ
1012 3791 1125 3862 (24)
1166 3792 1225 3846 ὲν
1256 3789 1606 3863 περιστάσεσι
1634 3789 1707 3862 μὴ
1742 3788 1834 3843 θο-

261 3878 503 3947 λοῦσθαι,
527 3882 641 3936 ἀλλ’
670 3882 918 3954 ὲκζητεῖν
955 3882 1047 3935 τὸν
1086 3883 1237 3938 Θεόν.

345 3974 711 4044 Ἄπηνήνατο
767 3973 1225 4044 παρακληθῆναι
1281 3975 1320 4043 ἡ
1380 3972 1551 4044 ¹Ψυχή
1580 3991 1698 4044 μου
1719 3991 1732 4005 ·
1776 3973 1835 4028 ἐ-

257 4064 541 4135 μνήσθην
569 4066 673 4120 τοῦ
705 4066 874 4129 Θεοῦ,
907 4083 961 4121 κ.
1000 4083 1050 4118 τ.
1079 4067 1127 4120 ὲ.
1158 4065 1224 4118 Ἠ
1248 4064 1380 4137 μηδὲ
1400 4063 1498 4135 τὴν
1524 4062 1696 4135 ἀρχὴν
1720 4062 1832 4135 (25)

264 4158 577 4231 λυπουμένη
605 4161 750 4232 ψυχὴ
776 4161 869 4213 ἐπὶ
900 4162 1012 4224 τοῖς
1038 4161 1381 4230 πειρασμοῖς,
1409 4158 1485 4223 ὡς
1515 4157 1590 4229 μὴ
1605 4158 1833 4229 δεομένη

265 4251 679 4323 παρακλήσεως,
708 4251 1058 4306 ἀπαναίνεται
1092 4250 1527 4324 παρακληθῆναι.

1938 1892 2161 1945 terribili
2221 1894 2362 1960 apud
2418 1908 2561 1963 reges
2618 1903 2795 1959 terror,
2844 1903 2952 1948 etc.
3004 1891 3198 1945 Aufert
3256 1893 3503 1963 spiritum

1937 1985 2242 2055 principum
2280 1986 2539 2040 terribilis
2568 2001 2753 2055 regum
2789 1995 2968 2042 terrae.
3019 1987 3254 2057 Spiritus
3298 1986 3503 2052 princi-

1935 2089 2061 2145 pum
2098 2085 2182 2130 est
2225 2076 2278 2131 in
2324 2075 2388 2131 iis
2429 2076 2518 2145 qui
2574 2075 2938 2145 subjiciuntur
2984 2076 3320 2146 principibus
3349 2073 3505 2141 hujus

1934 2166 2140 2223 saeculi.
2167 2166 2406 2237 Spiritus
2439 2166 2706 2236 principis
2750 2167 2934 2222 saeculi
2984 2166 3146 2234 hujus
3191 2175 3304 2221 erat
3338 2166 3502 2221 etiam

1935 2258 1989 2313 in
2014 2258 2150 2313 Juda
2183 2258 2272 2328 qui
2302 2258 2483 2313 Jesum
2514 2257 2769 2327 prodidit.
2824 2257 3105 2313 Terribilis
3138 2266 3317 2312 autem
3353 2255 3505 2311 hisce

1933 2348 2218 2418 spiritibus
2249 2349 2427 2402 factus
2456 2347 2710 2402 Salvator
2740 2361 2836 2401 eos
2869 2356 3109 2417 tempore
3150 2344 3252 2400 sibi
3283 2353 3410 2400 noto
3435 2344 3505 2400 ab

1932 2441 2282 2509 operantibus
2310 2437 2507 2504 aufert,
2534 2445 2588 2491 ut
2608 2439 2980 2507 paenitentiam
3011 2445 3193 2508 agant.
3220 2437 3311 2492 Sic
3339 2435 3503 2491 etiam

1942 2530 2200 2587 terribilis
2229 2541 2314 2587 est
2339 2535 2477 2601 apud
2517 2546 2675 2601 reges
2721 2540 2900 2596 terrae,
2952 2530 3018 2587 de
3059 2528 3255 2602 quibus
3302 2531 3502 2586 dictuut

1941 2634 2028 2681 est
2056 2623 2106 2658 ⁸⁸
2143 2642 2160 2681 :
2188 2638 2210 2677 ι
2233 2625 2539 2681 Astiterunt
2572 2637 2725 2693 rcges
2753 2631 2931 2678 terrae.
2959 2642 2981 2677 ι

2326 2958 2490 3031 739
2518 2956 2838 3015 PSALMUS
2886 2957 3119 3015 LXXVI.
3257 3020 3263 3031 ,

2012 3056 2171 3111 Vsus.
2220 3053 2270 3111 Ι.
2334 3052 2473 3108 Voce
2503 3068 2618 3106 mea
2647 3054 2716 3104 ad
2740 3053 3026 3108 Dominum
3060 3055 3301 3121 clamavi,
3323 3069 3371 3110 et
3406 3071 3507 3115 vos

1935 3164 2054 3201 mea
2090 3147 2159 3199 ad
2197 3144 2382 3201 Deum.
2413 3154 2460 3197 et
2490 3142 2715 3196 intendit
2741 3144 2895 3206 mihi,
2952 3155 3056 3199 etc.
3109 3145 3333 3211 Quando
3390 3159 3503 3204 tota

1933 3248 2120 3297 nostra
2154 3254 2255 3293 vox
2290 3238 2355 3291 ad
2381 3237 2543 3291 Deum
2574 3249 2678 3299 est.
2709 3246 2860 3305 tunc,
2894 3254 3015 3292 cum
3049 3242 3116 3291 ad
3145 3240 3311 3294 Deum
3340 3244 3504 3295 inn-it

1935 3346 2039 3385 vox
2070 3340 2248 3383 nostra
2275 3369 2290 3393 ,
2325 3328 2557 3382 intendit
2586 3329 2745 3383 nobis
2779 3330 3150 3383 intemeratum
3189 3347 3370 3386 vocent
3404 3334 3505 3387 ha-

1933 3421 2036 3477 ben
2046 3424 2207 3476 tibus.

2006 3513 2168 3568 Vens.
2219 3516 2274 3568 5.
2334 3512 2399 3567 1η
2438 3514 2526 3566 die
2556 3512 2916 3565 tribulationis
2953 3529 3081 3567 metu
3124 3513 3288 3568 Deum
3325 3517 3508 3582 exqui-

1933 3608 2051 3671 sivi,
2081 3618 2188 3661 etc.
2247 3603 2517 3674 Operibus
2572 3606 2776 3659 nostris
2834 3608 2998 3660 Deum
3053 3607 3103 3657 in
3159 3608 3261 3661 hoc
3306 3608 3506 3663 saeculo

1931 3700 2288 3769 exquirimus.

2004 3791 2282 3860 Ejusdem.
2319 3787 2374 3843 In
2421 3788 2677 3841 adversis
2720 3803 2826 3842 nou
2893 3788 3137 3852 turbari,
3191 3791 3284 3844 sed
3335 3791 3501 3846 Deum

1933 3884 2243 3952 exquirere,
2268 3882 2443 3937 sancti
2482 3889 2587 3934 est.

2006 3975 2168 4031 Vnus.
2189 3975 2241 4040 5,
2262 3975 2317 4027 4.
2353 3974 2540 4028 [ienuit
2560 3974 2824 4029 consolari
2843 3989 3023 4028 anima
3046 3988 3180 4027 mea.
3207 3974 3410 4031 Memor
3425 3979 3505 4047 fui

1935 4069 2052 4135 Dei,
2080 4078 2191 4125 etc.
2219 4068 2412 4121 Anima
2442 4081 2564 4136 qua:
2586 4066 2731 4120 nulla
2761 4067 2815 4121 in
2852 4066 3243 4122 teutationibus
3275 4069 3500 4125 tristitia

1935 4159 2188 4225 adicitur,
2220 4157 2401 4214 renuit
2435 4157 2730 4224 consolari,
2761 4157 2962 4227 quippe
2987 4173 3109 4228 quae
3135 4159 3506 4217 consolatione

1936 4266 2041 4305 non
2071 4250 2329 4320 indigeat.

341 4318 451 4399 2*οῦ
486 4318 692 4399 αὑτοῦ.
719 4345 882 4399 Οὐδὲν
914 4343 1056 4399 οὓτω
1088 4318 1200 4415 (26)
1232 4318 1540 4415 παραδιαλεί
1558 4342 1735 4414 ψυχὴν
1756 4342 1831 4408 ὡς

2010 4318 2288 4412 Ejusdem.
2321 4340 2464 4396 Nihil
2486 4354 2642 4410 aeque
2677 4339 2912 4394 animant
2954 4338 3268 4395 consolatur
3304 4350 3369 4396 ac
3395 4355 3506 4396 me-

266 4438 455 4509 μνήμη
484 4436 640 4491 Θεοῦ.

331 4526 852 4597 Προκατελάϐοντο
899 4526 1178 4598 φυλακὰς
1218 4527 1273 4580 οἱ
1329 4524 1627 4595 ὀφθαλμοί
1661 4541 1783 4595 μου
1812 4562 1830 4590 ,

261 4637 317 4675 κ.
349 4638 400 4674 τ.
436 4622 483 4673 ὲ.
517 4618 688 4674 Τοῦτο
707 4619 992 4692 γνώρισμά
1010 4619 1118 4691 (27)
1138 4621 1254 4671 ἐστι
1278 4615 1479 4687 πολλῆς
1506 4614 1829 4687 ἀγρυπνίας.

350 4712 734 4782 Ἐταράχθην,
769 4712 866 4765 καὶ
904 4713 1014 4766 οὐκ
1050 4711 1355 4779 ἐλάλησα,
1390 4726 1446 4763 κ.
1481 4726 1530 4762 τ.
1564 4709 1612 4762 ὲ.
1659 4708 1717 4762 '0
1747 4724 1832 4761 κι-

272 4804 451 4870 νηθεὶς
493 4804 590 4876 μὲν
618 4804 730 4876 (28)
782 4804 888 4858 ὑπὸ
909 4804 1098 4876 ὀργῆς,
1127 4804 1162 4875 ἢ
1194 4802 1392 4875 λύπης,
1421 4801 1584 4873 ἢτῶν
1612 4799 1834 4865 λοιπῶν,

268 4878 771 4968 ὲγκρατευσάμενος
795 4896 852 4951 δὲ
875 4896 1041 4968 μηδὲν
1067 4895 1176 4950 ἀπὺ
1200 4895 1392 4969 ὀργῆς,
1412 4895 1448 4968 ἢ
1470 4893 1665 4966 λύπης,
1696 4895 1729 4965 ἦ
1752 4911 1835 4948 τι-

264 5004 352 5050 νος
386 4985 493 5039 τῶν
517 4986 722 5054 παθῶν,
754 4986 896 5041 εῐποι
916 4986 1034 5043 ἀνί
1057 4986 1405 5060 Ἐταράχθην,
1430 4984 1525 5040 καὶ
1568 4984 1670 5039 οὐκ
1708 4983 1835 5038 ἐλά-

264 5090 425 5149 Λησα.
464 5097 485 5130 ι

332 5196 379 5229 δ’
402 5195 563 5251 Prov.
585 5210 664 5261 νι,
696 5193 810 5262 4,5.
882 5193 930 5227 ⁸⁸
976 5192 1123 5249 Psal.
1152 5208 1212 5262 tt,
1247 5191 1304 5247 2.

356 5311 446 5381 l8)
478 5313 559 5367 Δι’
589 5311 620 5366 δ
643 5310 864 5381 καλῶς,
891 5319 996 5366 etc.
1013 5309 1193 5365 Codex
1214 5307 1574 5381 Coislinjanus
1594 5306 1824 5378 primus.

358 5376 450 5452 19)
481 5382 680 5450 οὕτως
707 5376 925 5450 ἄνδρες
957 5381 1245 5452 πλούτου,
1272 5388 1377 5452 etc.
1408 5376 1579 5452 idem.

355 5446 448 5528 20)
489 5458 554 5510 οι
585 5446 912 5523 δαίμονές(
940 5463 1047 5506 etc.
1096 5449 1278 5507 Codex
1328 5446 1694 5504 Coisliuianus
1738 5460 1827 5503 se-

268 5533 833 5667 νυῗὲὕῶἈφαιρεῖι-αι
867 5592 1224 5667 πνεψμαται-
1228 5598 1333 5644 etc.
1351 5588 1531 5667 idem:

339 5656 609 5793 (ἓὲἒνῡὶε
635 5656 801 5723 ἑτιῑσα
827 5656 1152 5733 φωνήζοιο.
1183 5658 1227 5715 E
1264 5658 1451 5717 codice
1491 5656 1824 5716 Coisliuiano

269 5752 428 5794 secuti
469 5752 521 5794 o.
765 5767 774 5777 ο

1936 4436 2110 4491 moria
2135 4433 2251 4489 Dei.

2008 4525 2171 4581 Vens.
2208 4526 2262 4580 5.
2312 4525 2742 4594 Anticipauerunt
2777 4521 2987 4591 oigih'as
3032 4521 3171 4576 oculi
3216 4522 3340 4585 mei,
3394 4528 3501 4578 etc.

1937 4618 2120 4674 Multa:
2152 4617 2580 4688 pervigilationis
2599 4614 2740 4670 istud
2776 4614 3032 4668 indtciutu
3072 4623 3175 4669 est.

2009 4709 2144 4765 law.
2208 4708 2472 4763 Turbatus
2517 4723 2653 4773 sum,
2692 4714 2742 4761 et
2780 4721 2884 4760 non
2934 4720 3050 4758 sum
3101 4704 3331 4770 locutus,
3396 4712 3502 4760 etc.

1934 4801 2038 4869 Qui
2071 4802 2142 4856 ab
2167 4785 2499 4869 iraquidem
2541 4808 2635 4854 aut
2661 4797 2882 4853 tristitia
2914 4805 3008 4849 aut
3042 4795 3265 4863 reliquis
3299 4795 3508 4850 ail‘ecti-

1935 4892 2041 4948 bus
2084 4902 2354 4956 movetur,
2387 4905 2496 4946 non
2545 4888 2782 4944 abstinet
2828 4901 2961 4942 vero
3016 4901 3076 4942 se
3125 4887 3192 4942 ab
3250 4887 3352 4951 ira,
3410 4895 3505 4940 aut

1939 4983 2179 5049 tristitia,
2227 4991 2323 5037 aut
2361 4981 2467 5036 alio
2517 4980 2762 5051 quolibet
2793 4977 3014 5046 affectu,
3066 4979 3249 5034 dicere
3294 4979 3501 5049 passit:

1951 5096 1970 5131 s
1999 5076 2270 5133 Turbatus
2296 5089 2442 5141 sum,
2470 5083 2526 5128 et
2553 5089 2660 5129 non
2688 5087 2806 5127 sum
2837 5071 3070 5127 locutus.
3096 5089 3117 5124 ι

2004 5301 2117 5376 (25)
2146 5300 2250 5355 Διὰ
2268 5298 2379 5368 τῆς
2412 5293 2778 5366 πρακτικῆς,
2816 5301 2923 5350 etc.
2959 5292 3004 5350 E
3040 5288 3369 5347 Coisliniano
3389 5285 3505 5358 pri-

1934 5390 2121 5514 ωίξ2ι4)
2162 5440 2362 5514 ῗΑτίοιξ
2382 5439 2486 5514 ,τόε
2517 5446 2624 5514 etc.
2656 5432 3054 5514 E'Coisliniano
3082 5426 3342 5514 secundo.

2028 5501 2120 5579 25)
2162 5512 2224 5564 Ἡ
2235 5501 2399 5579 ’μηδὲ
2430 5506 2545 5575 τὴν
2570 5503 2802 5579 ἀρχή-ν,
2818 5514 2923 5579 etc.
2949 5502 3025 5579 Ex
3047 5501 3258 5579 eodem.

2026 5571 2326 5643 26)(ὶύῧᾶ
2362 5571 2534 5643 οὕτω,
2563 5571 2734 5629 οίοζΕ
2763 5572 3092 5643 Coisliniano
3124 5571 3319 5638 primo.

2024 5642 2115 5722 27)
2143 5651 2320 5704 Τοῦτο
2348 5642 2669 5722 πνῴρισμα,
2705 5644 2920 5722 θιο.“ιέ¹ξ
2945 5642 3155 5722 eodem.

2026 5705 2117 5795 28)
2146 5705 2485 5790 Ὀκιντίθεὶξ
2510 5705 2779 5787 “tmte.
2805 5713 2847 5769 E
2876 5711 3203 5769 Coisliniano
3238 5705 3496 5765 secundo.

2002 5516 2024 5798 Ξ
