3970 6160
498 244 639 300 1559

1849 245 1942 302 EX
1973 244 2276 302 OBIGENE

3653 248 3775 301 15w

569 363 735 420 Vnus.
766 364 819 421 6.
861 364 1102 436 Cogitavi
1135 367 1246 422 dies
1279 368 1526 438 antiquos
1565 377 1614 422 et
1657 383 1824 423 annos
1851 378 2063 422 artemo:

2249 364 2683 436 Διελογισάμην
2715 365 2942 436 ἡμέρας
2980 366 3240 435 ἀρχαίας
3271 365 3375 421 καί
3419 366 3532 432 ἐτη
3575 364 3776 418 aldina

499 457 551 510 in
575 465 745 511 mente
770 457 954 522 habui,
979 468 1086 514 etc.
1115 459 1215 525 Qui
1245 459 1450 514 incerta
1472 460 1752 516 etocculta
1775 459 1870 516 Dei
1901 463 2072 524 novit,

494 546 544 602 is
585 555 639 602 et
681 549 1082 619 praeteritorum
1128 551 1475 619 saeculorum,
1528 563 1583 610 et
1639 570 1827 609 eorum
1875 554 1968 624 qui
2018 555 2071 610 in

494 637 628 706 ipsis
660 649 788 694 sunt
816 657 1129 708 annorum,
1182 660 1283 700 nec
1331 662 1436 702 non
1485 648 1833 716 antiquorum
1861 647 2069 701 dierum

491 744 558 784 ex
592 731 792 800 quibus
823 735 950 794 anni
982 737 1376 803 constiterunt,
1416 739 1734 794 memoriam
1766 739 1950 794 habet.

565 821 727 879 Vens.
760 827 813 880 7.
859 826 1028 881 Nocte
1073 845 1191 882 cum
1246 831 1403 884 corde
1450 847 1564 885 meo
1609 830 1962 894 exercitatior,
2022 839 2072 884 et

491 916 784 970 sarriebam
811 919 1057 987 spiritum
1088 938 1284 988 meum,
1315 930 1423 977 etc.
1461 919 1625 989 Quasi
1659 923 1865 978 diceret
1893 941 1906 976 :
1944 923 2069 994 Spi-

492 1006 598 1061 ritu
625 1017 678 1061 et
706 1019 890 1066 mente
921 1013 1286 1068 exercitabar.

564 1097 729 1153 Vnus.
767 1099 818 1154 9.
851 1101 955 1154 Aut
979 1104 1033 1156 in
1058 1103 1217 1172 ﬁnem
1240 1104 1656 1158 misericordiam
1679 1120 1830 1158 suam
1865 1104 2073 1158 abscin-

489 1183 618 1238 det?
665 1196 772 1242 etc.
838 1188 958 1257 Ipso
1011 1191 1169 1260 quasi
1221 1193 1576 1248 abscindente
1635 1195 2068 1249 misericordiam

485 1290 639 1330 suam
668 1294 697 1331 a
729 1282 1031 1348 nonnullis,
1074 1285 1280 1339 dictum
1323 1295 1409 1340 cst
1435 1287 1562 1342 alibi
1593 1288 1637 1321 "
1667 1307 1680 1344 :
1716 1308 1736 1343 ι
1784 1290 2070 1347 Praetende

485 1367 914 1426 misericordiam
961 1381 1106 1428 tuam
1145 1377 1451 1431 scientibus
1482 1387 1552 1432 te.
1583 1397 1602 1431 ι

556 1456 722 1515 Vsus.
755 1462 843 1516 11.
871 1461 940 1516 Et
966 1464 1100 1531 dixi,
1119 1465 1270 1520 Nunc
1305 1469 1438 1536 coepi
1468 1483 1486 1520 :
1510 1470 1622 1523 [nec
1645 1471 1867 1525 mutatio
1890 1472 2070 1526 dexte-

483 1569 558 1608 ra:
580 1553 814 1622 Excelsi,
845 1566 952 1612 etc.
981 1557 1269 1627 Nunquam
1299 1561 1484 1631 coepit,
1515 1562 1642 1617 licet
1666 1563 1982 1619 clamaverit
2001 1566 2068 1620 ad

484 1646 674 1713 Deum,
712 1657 767 1702 et
794 1649 844 1702 in
874 1651 962 1704 die
995 1651 1367 1707 tribulationis
1400 1669 1522 1709 eum
1573 1655 1888 1725 exquisierit
1917 1699 1932 1720 ,
1967 1673 2066 1713 nec

482 1739 649 1794 fuerit
692 1741 987 1810 deceptus,
1026 1743 1156 1798 licet
1207 1745 1262 1799 in
1315 1746 1577 1800 memoria
1625 1723 1717 1801 Dei
1764 1749 2066 1805 delectatus
2096 1723 2141 1784 Β

481 1830 644 1886 fuerit
676 1841 730 1886 et
760 1833 972 1902 vigilias
1019 1836 1449 1906 anticipaverint
1474 1838 1618 1893 oculi
1653 1838 1790 1906 ejus.
1833 1840 2064 1898 Dextera

481 1933 662 1975 autem
697 1922 913 1978 Excelsi
949 1924 1200 1982 Salvator
1225 1937 1332 1995 est,
1385 1929 1479 1998 qui
1531 1929 1769 2000 seipsum
1813 1934 2065 2002 mutavit,

482 2007 710 2063 fortnam
766 2012 910 2067 servi
957 2015 1258 2086 accipiens,
1311 2032 1410 2087 per
1460 2033 1622 2090 quem
1675 2024 1946 2092 coepimus
2009 2025 2064 2081 in

479 2098 629 2155 Novo
681 2101 1032 2162 Testamento
1074 2109 1284 2167 hortari
1335 2121 1394 2168 ut
1437 2112 1625 2186 ﬁgurae
1665 2114 1828 2172 linem
1854 2117 2069 2190 accipe—

477 2204 600 2248 rent
622 2203 676 2250 et
701 2197 965 2269 inciperet
995 2201 1224 2257 veritas.

553 2373 828 2442 Ejusdem.
857 2377 1211 2437 Mutationem
1235 2383 1341 2439 hoc
1363 2383 1483 2440 loeo
1506 2385 1641 2441 dicit
1667 2402 1697 2441 a
1725 2388 1891 2460 77o
1912 2389 2066 2445 mali-

480 2467 552 2522 tia
610 2479 665 2523 et
697 2472 1004 2541 ignorantia
1055 2475 1122 2531 ad
1168 2477 1432 2532 virtutem
1473 2487 1528 2534 et
1577 2479 1864 2536 scientiam
1920 2484 2066 2539 redi-

481 2569 616 2617 tum.

549 2653 714 2711 Vens.
751 2654 840 2711 M.
901 2657 1064 2724 Deus,
1104 2660 1158 2713 in
1214 2671 1399 2716 sancto
1443 2666 1526 2718 via
1577 2673 1703 2732 tua;
1759 2668 1876 2735 quis
1925 2667 2062 2722 Deus

476 2762 698 2814 magnus
725 2749 862 2802 sicut
891 2747 1030 2805 Deus
1057 2754 1278 2807 noster?
1305 2764 1414 2810 etc.
1443 2754 1541 2810 Vel
1579 2757 1632 2811 in
1678 2759 1825 2812 omni
1871 2768 2062 2814 sancto

474 2848 560 2891 est
589 2841 670 2893 via
711 2840 838 2910 Dei,
873 2843 958 2898 vel
994 2844 1046 2898 in
1089 2843 1310 2902 Christo
1341 2847 1565 2903 verbum
1606 2849 1768 2920 ejus:
1797 2866 1922 2906 nam
1967 2835 2059 2922 qui

475 2929 615 2983 dixit
643 2930 688 2962 δ’
720 2945 734 2984 :
769 2950 788 2984 ι
814 2931 926 3000 Ego
966 2949 1085 2988 sum
1127 2935 1232 3001 via,
1262 2956 1281 2989 ι
1324 2938 1378 2991 in
1416 2948 1608 2995 sancto
1643 2949 1746 2997 est.

549 3019 828 3089 Ejusdem.
867 3022 1000 3080 Vide
1047 3040 1115 3078 an
1147 3037 1436 3097 propterea
1493 3031 1710 3085 laetatur
1747 3030 1875 3101 quia
1925 3046 2064 3087 non-

479 3112 607 3165 nulli
635 3115 855 3182 quidem
886 3118 960 3171 dii
992 3095 1162 3186 sunt,
1213 3095 1394 3178 nullus
1448 3138 1582 3179 vero
1639 3095 1867 3194 magnus
1921 3095 2134 3180 sicutc

477 3203 617 3255 Dens
647 3212 851 3269 noster,
885 3217 941 3260 et
969 3217 1149 3263 utrum
1175 3213 1242 3266 ad
1270 3213 1386 3268 haec
1421 3215 1498 3268 uti
1537 3214 1704 3271 liceat
1734 3216 1820 3272 his
1849 3217 2061 3274 verbis:

479 3313 498 3345 ι
530 3292 997 3360 Quemadmodum
1032 3311 1159 3355 sunt
1183 3302 1257 3356 dii
1281 3303 1436 3358 multi
1465 3303 1533 3368 ⁵³,
1564 3324 1582 3355 ι
1605 3313 1710 3360 etc.

549 3386 710 3440 Vens.
739 3387 826 3443 15.
866 3388 1063 3443 Notam
1087 3393 1260 3459 fecisti
1282 3396 1338 3450 in
1376 3396 1591 3466 populis
1619 3400 1864 3454 uirtutem
1889 3411 2061 3468 tuam,

473 3486 580 3532 etc.
612 3476 725 3533 lloc
753 3490 836 3535 est
872 3481 1154 3538 Christum
1185 3502 1200 3540 :
1226 3486 1478 3543 Christus
1504 3490 1651 3544 enim
1683 3490 1861 3547 virtus
1887 3502 1944 3548 et
1967 3495 2061 3552 Dei

473 3571 763 3640 sapientia.

547 3663 707 3721 Vens.
742 3667 828 3720 l7.
866 3667 1116 3724 Turbata:
1136 3682 1257 3726 sunt
1285 3673 1484 3743 abyssi,
1516 3685 1624 3730 etc.
1653 3676 1850 3745 Abyssi
1882 3679 2056 3734 virtu-

2174 458 2510 528 ἐμνήσθην,
2550 477 2605 514 κ.
2638 477 2686 514 τ.
2725 462 2768 514 ὲ.
2812 461 2871 513 Ὀ
2902 459 2975 513 τὰ
3008 459 3182 529 ἄδηλα
3212 460 3322 530 (29)
3349 459 3446 512 καὶ
3470 459 3545 511 τὰ
3575 456 3776 529 asp-ign

2174 550 2268 604 τοῦ
2295 551 2430 604 Θεοῦ
2461 551 2736 621 ἐγνωκὼς,
2771 548 2924 616 οὗτος
2968 554 3066 608 καὶ
3104 553 3205 617 τὰς
3249 554 3480 623 μνήμας
3526 551 3641 621 ἔχει
3679 551 3776 603 τῶν

2175 643 2556 714 παρελθόντων
2591 644 2799 698 αἰώνων
2827 685 2842 709 ,
2901 647 2996 699 καὶ
3026 645 3136 698 τῶν
3164 647 3222 698 ἐν
3255 646 3446 708 αὐτοῖς
3481 643 3624 696 ἐτῶν
3650 683 3666 706 ,
3695 645 3777 696 καὶ

2172 737 2270 800 τὰς
2293 735 2353 802 ὲξ
2382 732 2457 791 ὧν
2487 736 2660 791 ταῦτα
2693 737 3020 809 συνέστηκεν
3049 739 3284 808 ἀρχαίας
3306 737 3564 809 ἡμέρας.

2242 827 2478 895 Νυκτὸς
2493 829 2646 898 μετὰ
2671 828 2779 897 τῆς
2803 830 3050 899 καρδίας
3065 849 3185 900 μου
3224 830 3658 898 ὴδολέσχουγ,
3685 832 3770 883 καὶ

2172 919 2485 975 ἕσκαλλον
2511 921 2576 974 τὸ
2600 920 2836 990 πνεῦμά
2857 940 2998 991 μου,
3034 941 3086 976 κ.
3112 941 3164 977 τ.
3188 924 3235 974 ὲ.
3263 923 3418 975 Ὠσεὶ
3455 922 3619 991 ἔλεγε
3648 924 3769 992 (50)·

2172 1009 2272 1064 Νοῒ
2301 1011 2395 1064 καὶ
2427 1010 2506 1081 τῷ
2532 1011 2800 1082 πνεύματι
2827 1013 3167 1084 ἀδολέσχουν.
3293 1016 3296 1018 ’

2249 1105 2326 1157 Ἣ
2351 1105 2439 1169 εὶς
2467 1103 2643 1171 τέλος
2676 1104 2743 1157 τὸ
2778 1104 2951 1171 ἕλεος
2979 1107 3164 1161 αὑτοῦ
3209 1108 3526 1176 ἀποκόψει
3547 1125 3568 1171 ;
3591 1127 3646 1161 κ.
3670 1109 3771 1163 τ.ὲ.

2185 1195 2272 1259 Ὠς
2309 1195 2606 1260 κόπτοντος
2640 1197 2805 1249 αὐτοῦ
2837 1198 2948 1268 (51)
2978 1199 3040 1251 τὸ
3069 1198 3216 1277 ἔλεος
3238 1200 3332 1252 ἐπί
3356 1217 3538 1265 τισιν,
3570 1202 3776 1272 εἴρηται

2170 1287 2406 1359 ἀλλαχοῦ
2439 1289 2526 1356 τὸ,
2567 1308 2584 1340 ι
2615 1289 2946 1361 Παράτεινον
3001 1291 3063 1344 τὸ
3117 1291 3266 1356 ἔλεός
3305 1309 3408 1346 σου
3443 1298 3572 1358 tot;
3621 1294 3776 1365 γινὼ-

2173 1379 2363 1433 σκουσί
2395 1396 2472 1432 σε.
2505 1399 2523 1432 ι

2240 1472 2351 1527 Καὶ
2373 1469 2531 1527 εἴπα-
2566 1473 2696 1528 Νῦν
2726 1474 3023 1546 ἠρξάμην,
3054 1477 3204 1544 αὕτη
3224 1478 3264 1546 ἠ
3287 1479 3649 1546 ἀλλοίωσις
3679 1480 3781 1546 τῆς

2168 1561 2373 1630 δεξιᾶς
2398 1565 2505 1618 τοῦ
2544 1566 2861 1634 Ὑψίστου,
2893 1585 2948 1621 κ.
2969 1585 3019 1622 τ.
3040 1569 3086 1622 ὲ.
3105 1569 3381 1622 Οὐδέποτε
3419 1569 3646 1641 ἤρξατο
3676 1571 3777 1640 (52)

2169 1656 2462 1729 κεκραγὼς
2486 1658 2623 1730 πρὸς
2649 1658 2804 1724 Θεὸν,
2828 1660 2924 1714 καὶ
2951 1661 3011 1714 ὲν
3039 1661 3222 1733 ἡμέρα
3247 1660 3501 1731 θλίψεως
3534 1663 3778 1734 ζητήσας

2172 1748 2335 1801 αὑτὸν
2363 1787 2378 1813 ,
2434 1749 2528 1802 καὶ
2579 1750 2653 1821 μὴ
2684 1749 2984 1821 ἀπατηθεὶς
3009 1790 3024 1816 ,
3061 1752 3154 1804 κα).
3187 1750 3282 1804 ἐπὶ
3318 1751 3403 1824 τῷ
3456 1753 3780 1823 μεμνῆσθαι

2170 1840 2268 1894 τοῦ
2299 1840 2436 1895 Θεοῦ
2465 1842 2808 1914 εὐφρανθεὶς,
2829 1845 3354 1916 προκαταλαϐόντων
3379 1846 3654 1914 φυλακὰς
3681 1848 3782 1900 τῶν

2171 1932 2466 2004 ὀφθαλμῶν
2494 1935 2680 1990 αὐτοῦ.
2715 1935 2876 2002 Δεξιὰ
2901 1936 2959 1990 δὲ
2992 1935 3088 1991 τοῦ
3125 1938 3385 2008 Ὑψίστου
3407 1942 3441 1993 ὀ
3471 1942 3704 2013 Σωτὴρ,
3727 1942 3782 2008 ὓς

2171 2025 2462 2096 ἠλλοίωσεν
2498 2027 2710 2093 ἑαυτὸν,
2747 2027 2960 2100 μορφὴν
2991 2029 3178 2083 δούλου
3221 2029 3414 2084 λαϐὼν
3437 2072 3453 2095 ,
3489 2033 3568 2086 δι’
3597 2034 3660 2087 ὃν
3683 2038 3719 2104 ἡ
3723 2053 3782 2107 ρ-

2172 2117 2381 2191 ξάμεθα
2407 2120 2467 2174 ὲν
2496 2123 2564 2193 τῇ
2602 2121 2780 2194 Καινῇ
2823 2122 3388 2194 προευτρεπισάμενοι
3447 2127 3537 2189 είς
3573 2127 3644 2180 τὸ
3688 2128 3783 2198 ἄρα

2173 2210 2366 2278 ξασθαι
2386 2213 2516 2278 τοὺς
2549 2213 2756 2279 τύπους
2781 2214 3070 2281 παύεσθαι,
3110 2214 3383 2287 ἄρχεσθαι
3408 2218 3475 2272 δὲ
3507 2219 3620 2292 τὴν
3652 2221 3780 2294 ἁλή-

2171 2302 2342 2359 θειαν.

2246 2397 2358 2452 Τοῦ
2387 2398 2596 2453 αὐτοῦ.
2658 2397 2965 2454 Ἀλλοίωσιν
3016 2399 3164 2471 λέγει
3213 2401 3330 2473 (55)
3374 2404 3634 2459 ἐνταῦθα
3685 2407 3780 2477 τὴν

2170 2489 2279 2542 ἀπὸ
2309 2490 2510 2555 κακίας
2548 2491 2644 2545 καὶ
2673 2492 2950 2562 ἀγνωσίας
3001 2494 3094 2548 ἐπ’
3147 2495 3361 2568 ἀρετὴν
3418 2499 3527 2552 καὶ
3577 2498 3778 2569 γνῶσιν

2170 2580 2450 2637 ἐπάνοδον.

2251 2671 2314 2726 '0
2349 2672 2513 2739 Θεὸς,
2543 2673 2613 2727 ἐν
2638 2673 2718 2740 τῷ
2747 2677 2893 2746 ἁγίῳ
2920 2678 2960 2746 ἠ
2994 2678 3136 2746 ὁδός
3162 2694 3308 2735 σου·
3349 2683 3450 2749 τις
3485 2683 3643 2751 Θεὸς
3678 2684 3776 2754 μέ-

2166 2781 2279 2834 γας
2301 2765 2426 2832 ὠςό
2458 2765 2597 2824 Θεὸς
2623 2766 2813 2837 mter;
2825 2787 2880 2824 κ.
2898 2787 2950 2824 τ.
2967 2771 3178 2825 ὲ.Ἦτοι
3208 2774 3269 2827 ὲν
3299 2777 3481 2830 παντὶ
3503 2777 3620 2848 (54)
3639 2779 3775 2849 ἁγίῳ

2169 2858 2202 2927 ἡ
2233 2857 2348 2922 ὁδὸς
2373 2857 2468 2912 τοῦ
2499 2859 2656 2926 Θεοῦ,
2686 2860 2720 2932 ἢ
2764 2863 2824 2916 ἐν
2853 2863 2931 2935 τῷ
2967 2864 3190 2936 Χριστῷ
3214 2867 3244 2918 ὁ
3273 2865 3445 2937 λόγος
3494 2871 3669 2924 αὐτοῦ
3694 2890 3707 2903 ·
3746 2874 3771 2926 ὁ

2168 2949 2278 3023 γὰρ
2309 2951 2503 3020 είπὼν,
2539 2973 2558 3006 ι
2607 2954 2746 3024 Ἐγώ
2774 2957 2889 3027 εἰμι
2921 2957 2956 3029 ἠ
2983 2958 3121 3024 ὁδὸς,
3154 2978 3172 3011 ι
3210 2960 3270 3015 ἐν
3301 2962 3386 3034 τῷ
3414 2964 3568 3036 ἁγίῳ
3607 2967 3764 3021 ἐστίν.

2247 3042 2357 3097 Τοῦ
2393 3045 2602 3101 αὐτοῦ.
2635 3047 2778 3120 ὐρα
2806 3051 2852 3102 εί
2885 3049 2972 3103 διὰ
3011 3051 3220 3105 τούτων
3251 3054 3372 3127 (55)
3414 3057 3766 3130 εὐφραίνεται

2166 3133 2248 3186 ὅτι
2287 3135 2393 3188 εἰσὶ
2438 3135 2535 3207 μέν
2570 3155 2715 3202 τινες
2751 3138 2891 3204 θεοὶ,
2940 3141 3116 3206 οὐδεὶς
3162 3142 3218 3196 δὲ
3261 3144 3450 3214 μέγας
3481 3149 3564 3212 ὡς
3587 3151 3617 3202 ὁ
3646 3151 3764 3214 Θεὸς

2166 3224 2346 3296 ἡμῶν,
2368 3227 2462 3280 καὶ
2489 3229 2537 3280 εί
2570 3231 2981 3302 συγχρήσασθαι
3009 3234 3088 3297 είς
3111 3233 3289 3289 ταῦτα
3331 3235 3458 3292 ἐστι
3485 3240 3591 3312 τῷ·
3620 3243 3765 3296 (ﬂ:-

2165 3333 2268 3388 περ
2329 3320 2435 3372 εἰσὶ
2463 3320 2572 3375 θεοὶ
2601 3322 2805 3388 πολλοὶ,
2831 3343 2849 3376 ι
2886 3343 2940 3379 κ.
2978 3343 3028 3380 τ.
3063 3328 3110 3381 ἐ.

2249 3407 2610 3479 Ἐγνώρισας
2653 3415 2724 3468 ἐν
2766 3415 2890 3482 τοῖς
2926 3417 3102 3486 λαοῖς
3148 3419 3266 3489 τὴν
3316 3423 3599 3496 δύναμιν
3630 3443 3760 3494 σου.

2164 3517 2218 3553 κ.
2251 3517 2304 3555 τ.
2332 3503 2378 3556 ὲ.
2423 3505 2680 3560 Τουτὲστι
2705 3507 2795 3562 τὸν
2827 3511 3063 3582 Χριστόν
3087 3513 3218 3586 (56)·
3249 3517 3505 3587 Χριστὸς
3534 3522 3645 3594 γὰρ
3678 3521 3760 3577 δύο

2164 3611 2327 3665 ναμις
2351 3596 2445 3650 καὶ
2470 3597 2604 3652 Θεοῦ
2641 3603 2821 3670 σοφία.

2245 3688 2696 3759 Ἐταράχθησαν
2716 3693 2998 3763 ἄϐυσσοι,
3034 3716 3088 3752 κ.
3121 3717 3172 3754 τ.
3211 3703 3256 3756 ὲ.
3285 3703 3354 3755 Αἱ
3380 3705 3622 3761 ἄϐυσσοι
3653 3709 3754 3777 (57‘)

477 3766 558 3813 tes
593 3759 833 3816 indicant
857 3762 1101 3817 infernas
1123 3779 1246 3834 qua:
1277 3776 1547 3835 praasente
1575 3769 1795 3826 Christo
1831 3773 2062 3828 turbatae

2194 3777 2259 3842 ὰς
2298 3780 2681 3852 καταχθονίους
2721 3786 2981 3858 δυνάμεις
3023 3789 3312 3862 δηλοῦσιν,
3354 3797 3572 3862 αἵτινες
3606 3759 3668 3852 év‘

477 3859 624 3905 Sunt.

552 3944 710 3999 Vsus.
744 3945 834 4001 i9.
868 3945 985 4001 νοω
1047 3950 1270 4004 tonitrui
1295 3951 1375 4004 tui
1402 3951 1455 4006 in
1485 3963 1604 4007 rota
1624 3993 1640 4018 ,
1665 3965 1772 4010 etc.
1802 3956 1940 4011 Rota
1973 3958 2059 4014 vel

475 4035 737 4093 saeculum
777 4038 884 4092 hoc
926 4041 1234 4110 signiﬁcat,
1295 4043 1380 4098 vel
1425 4045 1739 4102 sensibilem
1775 4051 2056 4116 mundum,

473 4129 563 4182 vel
594 4144 782 4198 puram
811 4140 1181 4200 aeternamque
1229 4136 1465 4190 animant
1493 4177 1509 4204 ,
1545 4139 1815 4209 siquidem
1852 4142 2057 4198 malitia

475 4220 542 4275 ad
571 4220 824 4290 angulum
853 4224 1025 4278 sedet.

546 4311 673 4367 luto.
707 4311 1009 4367 llluxerunt
1035 4318 1430 4374 coruscationes
1451 4331 1556 4375 tua:
1595 4324 1709 4375 orbi
1736 4332 1910 4388 terrae,
1944 4334 2054 4380 etc.

2162 3873 2434 3945 παρουσίᾳ
2466 3875 2558 3928 τοῦ
2589 3878 2824 3946 Χριστοῦ
2849 3884 3253 3956 ἐταράχθησαν.

2231 3963 2403 4031 Φωνὴ
2443 3963 2550 4032 τῆς
2587 3968 2854 4039 ,βροντῆς
2896 3987 3016 4028 σου
3056 3976 3127 4029 ἐν
3167 3978 3398 4048 τροχῷ,
3431 3999 3482 4035 κ.
3516 3999 3572 4035 τ.
3606 3984 3653 4038 ι.
3699 3984 3754 4036 ⁸⁸)

2159 4055 2350 4126 τροχὸς
2377 4057 2485 4128 (58)
2521 4059 2553 4130 ἢ
2587 4060 2678 4114 τὸν
2705 4061 2876 4117 αἰῶνα
2907 4069 3168 4139 σημαίνει
3193 4072 3403 4136 τοῦτον,
3433 4075 3467 4144 ἢ
3501 4076 3601 4129 τὸν
3631 4077 3755 4129 κόσα

2162 4163 2264 4215 μον
2307 4147 2399 4202 τὸν
2443 4150 2734 4225 αἰσθητὸν,
2769 4155 2802 4227 ἢ
2836 4157 2935 4228 τὴν
2977 4160 3230 4233 καθαρὰν
3271 4166 3363 4218 καὶ
3397 4165 3622 4219 αἰώνιον
3649 4168 3750 4236 εξο-

2158 4241 2280 4312 χὴν,
2312 4239 2470 4314 εἴπερ
2503 4248 2535 4317 ἡ
2582 4247 2750 4300 κακία
2781 4251 2931 4323 παρὰ
2964 4254 3170 4321 γωνίαν
3195 4256 3547 4328 παρεδρεύει.

2234 4336 2504 4405 Ἔφαναν
2537 4342 2596 4393 αλ
2619 4341 2924 4413 ἀστραπαί
2944 4363 3063 4402 σου
3082 4348 3160 4416 τῇ
3180 4351 3527 4418 οἰκουμένῃ,
3547 4369 3604 4404 κ.
3633 4369 3681 4404 τ.
3701 4352 3743 4404 ἐ.

476 4406 680 4476 Fulgnr
716 4405 868 4474 prius
914 4416 998 4460 est
1046 4410 1453 4480 coruscatione,
1501 4415 1819 4470 coruscatio
1871 4427 2052 4472 autem

2193 4425 2356 4499 [ρὼτη
2385 4430 2484 4500 μὲν
2515 4429 2676 4505 (39M
2715 4405 2909 4510 ῥροντὴ
2939 4439 3042 4510 τῆς
3069 4405 3375 4513 ἀστραπῆς,
3401 4443 3435 4512 ἡ
3548 4444 3746 4515 ἀστρα-

473 4499 618 4569 prior
648 4498 999 4566 conspicitur.

549 4588 709 4644 Vens.
743 4589 834 4644 20.
869 4589 935 4642 In
968 4591 1105 4643 mari
1130 4591 1211 4645 via
1243 4601 1335 4647 tua
1361 4606 1410 4649 et
1439 4600 1639 4654 semitm
1667 4601 1722 4654 in
1745 4601 1892 4670 aquis
1910 4602 2049 4655 mul—

2159 4518 2234 4590 πὴ
2265 4521 2455 4590 ὁρᾶται
2495 4523 2703 4597 πρώτη.

2241 4616 2343 4668 Ἔν
2382 4613 2458 4685 τῇ
2490 4618 2772 4689 θαλάσσῃ
2809 4623 2848 4691 ἡ
2883 4623 3024 4690 ὁδός
3048 4642 3186 4690 σου,
3214 4626 3311 4680 καὶ
3339 4629 3398 4680 αἱ
3426 4629 3613 4697 τρίὅοι
3631 4645 3740 4682 σου

473 4686 562 4749 tis,
598 4696 645 4739 et
685 4688 904 4756 vestigia
960 4698 1048 4744 tua
1083 4706 1187 4744 non
1245 4704 1649 4761 cognoscentur,
1715 4707 1822 4750 etc.
1875 4695 2049 4766 Supra

2193 4722 2226 4759 ν
2259 4704 2438 4760 ὕδασι
2473 4686 2767 4777 πολλοῖς
2793 4686 2891 4766 καὶ
2920 4686 3011 4767 ιιιὰ⁷
3033 4686 3182 4786 ῑχνη
3206 4734 3325 4772 σου
3368 4686 3736 4790 οὑττνωσθιὲη

474 4778 678 4830 dictnm
706 4789 791 4832 est
819 4797 832 4832 :
873 4798 892 4830 ι
923 4781 1082 4844 Deus,
1113 4782 1164 4835 in
1189 4794 1380 4838 sancto
1405 4785 1485 4840 via
1519 4796 1632 4842 tua.
1659 4807 1678 4840 ι
1707 4787 1801 4844 Via
1831 4789 2049 4860 quidem

2193 4810 2344 4860 ἐται,
2372 4815 2425 4852 κ.
2455 4815 2506 4851 τ.
2543 4801 2589 4853 ὲ.
2635 4801 2913 4874 Ἀνωτὲρω
2943 4778 3324 4878 εἴρηνται-(40)
3362 4829 3381 4860 ι
3419 4778 3658 4873 ’θ’Θεὺς,
3683 4813 3733 4860 ἐν

473 4867 568 4922 Dei
608 4868 707 4921 fuit
735 4871 787 4922 in
819 4873 952 4925 mari
977 4871 1184 4940 Rubro,
1227 4876 1435 4932 semitae
1475 4893 1605 4933 vero
1646 4879 1764 4948 ejus
1797 4882 1852 4938 in
1895 4882 2051 4954 aquis

2193 4886 2234 4957 ᾦ
2257 4888 2399 4958 ἁγιῳ
2444 4890 2476 4959 ή
2517 4891 2635 4956 ὁδός
2670 4909 2785 4949 σου.
2816 4867 2846 4946 ι’
2881 4894 2946 4949 Ἡ
2976 4867 3077 4967 εὶὲῦ
3102 4867 3222 4962 est;
3250 4867 3345 4952 τὸῠ
3390 4899 3528 4955 Θεοῦ
3562 4867 3729 4955 εἰ.-

577 5013 622 5044 “
671 5011 814 5068 Psal.
870 5031 1032 5083 xxxv,
1064 5018 1150 5073 Η.
1226 5020 1271 5052 ⁵³
1303 5017 1462 5077 Joan.
1493 5038 1606 5090 xtv,
1645 5025 1698 5078 6.
1773 5025 1820 5057 ⁵³
1847 5024 1868 5078 l
1896 5026 2024 5082 Cor.
2056 5044 2172 5097 vnl,
2207 5030 2260 5086 5.

548 5155 657 5227 (29)
700 5157 754 5209 '0
788 5147 1109 5227 τᾶἅδηλα,
1145 5171 1251 5216 etc.
1289 5165 1330 5218 E
1352 5165 1540 5221 codice
1567 5164 1901 5222 Coisliniano
1944 5169 2058 5239 pri-

475 5243 659 5368 W230)
705 5297 867 5352 Ὡσεί
897 5301 1090 5370 ἔλεγε,
1124 5311 1230 5356 etc.
1259 5303 1333 5357 Ex
1363 5306 1575 5361 eodem.

548 5369 658 5440 (ξι)
705 5370 800 5440 Ὡς
833 5369 1162 5440 κόπτοντος
1182 5375 1391 5440 αὐτοῦ,
1419 5387 1527 5432 etc.
1557 5376 1635 5432 Ex
1666 5379 1880 5433 eodem.

548 5371 629 5426 (3t
705 5371 800 5434 Ὡς
833 5373 1162 5438 κόπτοντος
1182 5375 1391 5440 αὐτοῦ,
1419 5387 1527 5432 etc.
1557 5376 1635 5432 Ex
1666 5379 1880 5433 eodem.

476 5371 989 5561 86(ξὶὺδέποτε
1015 5442 1259 5512 ἤρξατο,
1295 5457 1401 5503 etc.
1437 5447 1481 5502 E
1512 5449 1702 5505 codice
1722 5448 2060 5509 Coisliniano

478 5577 662 5719 “£5:
692 5578 1050 5636 Ἀλλοίωσιν
1077 5583 1259 5654 λέγει,
1295 5597 1401 5642 etc.
1432 5589 1471 5644 Ε
1493 5591 1681 5648 codice
1719 5591 2053 5664 Coisliniano

458 5717 497 5815 ς
551 5717 663 5783 (⁵54)
699 5718 864 5774 Ἤτοι
911 5721 981 5777 ἐν
1034 5728 1232 5792 παντί,
1266 5738 1373 5786 etc.
1425 5731 1467 5787 E
1505 5736 1691 5793 codice
1716 5734 2052 5796 Coisliniano

2157 5171 2519 5310 sefggilgbpa
2545 5247 2597 5297 sl
2627 5244 2727 5299 διὰ
2755 5247 2999 5310 τούτων,
3027 5257 3134 5302 etc.
3165 5246 3243 5300 Ex
3274 5249 3491 5306 eodem.

2227 5311 2340 5386 (56)
2371 5311 2647 5386 Τουτέστι
2673 5316 2780 5371 τὸν
2807 5318 3088 5386 Χριστόν,
3124 5329 3232 5374 etc.
3264 5319 3345 5374 Ex
3365 5325 3554 5380 codice
3574 5324 3721 5381 Cois-

2157 5381 2360 5436 liniano
2385 5385 2582 5452 primo.

2231 5453 2343 5521 (57)
2366 5456 2434 5507 Al
2457 5455 2736 5521 ἄϐυσσοι,
2765 5467 2870 5512 etc.
2907 5457 2980 5511 Ex
3007 5458 3218 5516 eodem.

2232 5523 2342 5589 (58)
2377 5525 2438 5576 '0
2464 5529 2694 5595 τροχός,
2726 5537 2830 5583 etc.
2867 5528 2941 5582 Ex
2965 5533 3174 5585 eodem.

2160 5664 2192 5718 ὁ
2231 5595 2342 5666 (59)
2367 5593 2574 5664 Πρώτη
2589 5593 2724 5666 μέν,
2752 5612 2857 5654 etc.
2887 5598 2930 5652 E
2959 5602 3149 5656 codice
3177 5599 3528 5663 Coisliniano
3547 5622 3729 5664 secun-

2200 5682 2249 5718 Ο.

2200 5682 2229 5719 Ο

2229 5708 2340 5806 (40)
2375 5737 2656 5808 Ἁνωτέρω
2678 5738 2920 5811 εἴρηται.
2948 5748 3052 5799 etc.
3087 5739 3166 5798 Ex
3191 5746 3412 5802 eodem.

3899 425 3922 1018 l
