3970 6160
231 241 363 299 1551
1117 238 1426 298 SELECTA
1466 236 1534 293 IN
1566 236 1794 293 PSALM

1945 266 2017 281 -—-
2050 239 2249 298 PSAL.
2292 239 2548 298 LXXVII.
3354 248 3494 305 1542

227 359 400 432 λάσσῃ
425 357 648 429 γέγονεν
688 356 948 432 Ἐρυθρᾷ,
977 358 1035 412 al
1073 358 1131 413 δὲ
1160 358 1340 432 τρίϐοι
1372 353 1538 411 αὐτοῦ
1563 357 1621 409 ὲν
1655 353 1795 408 ῦδασ‹

1927 357 2122 422 multis,
2159 359 2212 414 in
2242 358 2501 428 Jordane,
2555 370 2801 432 tempore
2834 360 2962 419 Jesu
2993 371 3048 420 et
3084 364 3234 422 Elim.
3269 364 3411 434 Quin
3440 378 3495 424 et

227 450 463 516 πολλοῖς,
506 452 600 505 ἐπὶ
634 450 732 506 τοῦ
775 451 1065 524 Ἰορδάνου,
1102 450 1196 504 ἐπὶ
1248 449 1425 521 Ἰησοῦ
1469 448 1564 503 καὶ
1603 444 1795 500 Ἠλίου.

1925 462 1940 495 ι
1969 444 2370 517 investigabiles
2398 449 2498 504 vim
2526 450 2667 520 ejus.
2699 470 2717 503 ι
2754 451 3099 524 Quapropter
3127 473 3148 507 ι
3178 467 3232 511 et
3264 457 3493 531 vestigia

238 543 399 597 Ἀλλὰ
422 544 517 597 καὶ
567 564 586 596 ι
607 543 1004 615 ἀνεξιχνίαστοι
1046 546 1103 599 αἱ
1144 544 1256 598 ὁδοὶ
1294 540 1482 597 αὐτοῦ.
1511 560 1530 594 s
1557 537 1649 594 Διὸ
1671 558 1690 590 ι
1715 537 1806 591 καὶ

1928 534 2035 607 ejus
2068 553 2175 593 non
2217 550 2660 610 cognoscentur:
2720 543 2773 598 in
2825 545 2959 600 mari
3004 547 3379 616 ambulantis,
3439 558 3496 607 et

223 634 292 689 τὰ
328 634 449 708 ἴχνη
499 634 664 689 αὐτοῦ
695 636 756 689 οὐ
794 636 1208 709 γνωσθήσεται»
1252 634 1527 698 δδεύοντος
1593 632 1652 685 ὲν
1715 627 1791 681 θα·

1928 628 2143 684 semitas
2172 630 2225 684 in
2257 630 2415 701 aquis
2449 632 2634 688 multis
2660 634 2937 701 habentis,
2964 637 3020 694 in
3044 640 3247 711 quibus
3270 640 3496 698 deduxit

223 724 416 801 λάσσῃ,
447 728 541 781 καὶ⁸
568 727 790 801 τρίϐους
816 730 875 782 ὲν
913 727 1073 784 ὕδασι
1111 727 1325 791 πολλοῖς
1350 726 1566 797 ἔχοντος
1586 762 1602 788 ,
1640 722 1700 775 ὲν
1726 714 1791 782 οἷς

1403 742 1566 797 εοντος
1586 762 1602 788 ,
1640 722 1700 775 ὲν
1726 714 1808 783 οἷς
1913 720 2170 794 populum
2202 738 2361 780 suum
2394 739 2492 796 per
2518 741 2670 784 mare
2705 727 2971 787 Rubrum.

222 816 472 892 ώδήγησε
518 821 610 875 τὸν
656 820 784 875 λαὸν
814 821 981 876 αὐτοῦ
1012 820 1104 876 διὰ
1141 820 1418 891 θαλάσσης
1454 814 1744 890 Ἐρυθρᾶςο

711 1006 1010 1064 ΨΑΔΜΟΣ
1047 1009 1145 1064 οΖν
1186 1008 1318 1081 (tt).

2389 997 2713 1056 PSALMUS
2748 1000 3006 1059 LXXVII.

293 1100 405 1155 Kal
439 1102 545 1167 τὰς
579 1102 834 1169 ἐντολὰς
864 1100 1051 1156 αὑτοῦ
1089 1100 1462 1170 ἐκζητήσωσι
1488 1140 1504 1165 ,
1554 1117 1610 1154 κ.
1655 1116 1708 1152 τ.
1756 1098 1803 1153 ὲ.

1988 1093 2157 1149 Vens.
2205 1092 2261 1148 7.
2314 1090 2385 1146 Et
2443 1095 2700 1149 mandata
2736 1096 2856 1167 ejus
2885 1098 3185 1169 exquirant,
3233 1109 3341 1159 etc.
3390 1102 3496 1172 Qui

223 1192 286 1246 Oi
333 1192 435 1256 τὰς
479 1192 699 1257 ἐντολὰς
748 1194 1105 1265 ὲκζητοῦντες
1141 1192 1237 1247 τοῦ
1276 1192 1412 1247 θεοῦ
1446 1193 1509 1247 οὐ
1566 1192 1791 1261 γίνονται

1927 1186 2174 1241 maiidata
2207 1184 2300 1240 Dei
2335 1186 2669 1254 exquirunt,
2710 1185 2747 1240 ii
2774 1201 2882 1243 non
2924 1197 3051 1244 sunt
3083 1191 3495 1261 reprehensioni

222 1283 435 1355 ψεκτοὶ,
460 1284 535 1348 ὡς
565 1286 614 1338 οἱ
648 1286 885 1360 πατέρες
917 1287 1119 1340 αὐτῶν.

1918 1278 2166 1345 obnoxii,
2194 1278 2338 1333 sicut
2370 1290 2552 1348 patres
2576 1294 2789 1335 eorum.

309 1375 733 1446 Ἐστράςεησαν
760 1378 830 1432 ἐν
862 1377 1054 1447 ἡμέρᾳ
1080 1379 1370 1449 πολέμου,
1405 1395 1457 1432 κ.
1486 1395 1538 1431 τ.
1564 1378 1610 1431 ὲ.
1640 1366 1808 1440 Οὗτος

1993 1369 2158 1424 Vsus.
2190 1369 2245 1425 9.
2280 1371 2533 1426 Conversi
2559 1380 2681 1427 sunt
2715 1372 2771 1426 in
2796 1372 2882 1427 die
2908 1371 3054 1439 belli,
3084 1382 3194 1430 etc.
3218 1372 3315 1431 Ille
3342 1381 3495 1445 terga

225 1464 369 1520 νῶτα
395 1466 576 1523 δίδωσι
607 1472 718 1534 τοῖς
741 1470 984 1543 ἐχθροῖς,
1018 1473 1048 1525 ὁ
1095 1473 1170 1545 μὴ
1202 1472 1493 1543 φυλάσσων
1521 1471 1614 1525 τὸν
1647 1470 1793 1541 νόμοι

1611 1488 1614 1513 .
1647 1470 1812 1541 νόμον
1910 1461 2005 1517 dat
2031 1461 2300 1528 hostibus,
2340 1462 2432 1534 qui
2459 1463 2635 1536 legem
2663 1463 2760 1519 Dei
2783 1478 2892 1520 non
2919 1464 3179 1523 custodit.

223 1560 319 1614 τοῦ
344 1560 500 1616 Θεοῦ.

294 1652 409 1707 Καὶ
436 1655 800 1722 προσέθεντο
833 1655 922 1711 ἔτι
969 1656 1075 1712 τοῦ
1130 1658 1494 1728 ἁμαρτάνειν
1529 1658 1709 1726 αὐτῷ,
1751 1676 1808 1714 κ.
1839 1718 1862 1728 _

1980 1639 2148 1697 Vsus.
2183 1639 2271 1695 17.
2319 1639 2390 1695 Et
2431 1650 2791 1712 opposuerunt
2823 1641 2998 1697 adhuc
3021 1658 3238 1713 peccare
3264 1644 3350 1714 ei,
3378 1652 3493 1702 etc.

222 1758 276 1798 τ.
310 1743 357 1796 ἑ.
517 1744 753 1816 χαλεπὸν
782 1745 843 1800 τὸ
873 1744 1012 1818 μετὰ
1037 1747 1138 1819 τὴν
1164 1718 1368 1817 γνώσιν
1394 1718 1766 1820 ἁμαρτάνεινῑ

1663 1718 1766 1802 ξω
1804 1750 1807 1753 λ
1839 1718 1883 1774 Β
1911 1735 2086 1806 Quam
2119 1736 2273 1793 triste
2301 1746 2388 1793 est
2410 1736 2581 1793 semel
2602 1737 2943 1793 illuminatos
2972 1740 3231 1809 peccare!

291 1835 391 1904 Μὴ
436 1836 764 1905 δυνήσεται
801 1842 836 1894 ό
874 1840 1021 1907 Θεὸς
1050 1839 1362 1911 ἑτοιμάσω
1409 1839 1707 1911 τράπεζαν
1735 1841 1807 1895 ἑν

1978 1828 2145 1885 Vsus.
2195 1828 2285 1887 19.
2336 1827 2599 1900 Nunquid
2635 1830 2831 1900 poterit
2866 1828 3012 1886 Deus
3038 1846 3234 1902 parare
3259 1848 3495 1890 mensam

220 1922 463 1994 ὲρήμῳ;
498 1944 552 1980 κ.
607 1944 658 1982 τ.
701 1929 747 1983 ὲ.
784 1929 1032 2002 Ἔρημον
1073 1926 1238 1987 οὖσαν
1280 1930 1343 1985 τὸ
1391 1930 1660 2002 πρότερον
1706 1929 1788 2003 τὴς

1930 1939 1964 1978 n
2006 1922 2258 1977 deserto?
2304 1930 2413 1978 etc.
2462 1922 2746 1980 Desertam
2786 1923 2937 1994 prius
2983 1924 3222 1980 animam
3256 1923 3496 1984 Matthxi

218 2016 399 2088 ψυχὴν
416 2018 699 2073 Ματθαίου
725 2020 820 2075 τοῦ
840 2021 1074 2077 τελώνου
1090 2025 1119 2078 6
1139 2024 1331 2098 Σωτὴρ
1353 2022 1510 2096 ἡμῶν
1538 2022 1786 2096 πεποίηκε

1926 2013 2188 2071 )uhlicanl
2214 2011 2465 2070 Salvator
2493 2023 2687 2072 noster
2720 2028 2967 2070 mensam
3006 2014 3143 2073 fecit
3171 2016 3333 2089 771
3370 2034 3494 2091 qua

217 2106 500 2182 τράπεζαν
529 2110 837 2182 τρέφουσαν
878 2113 967 2169 διὰ
998 2114 1093 2169 τοῦ
1136 2115 1470 2186 Εὐαγγελιου
1498 2115 1600 2181 τὰς
1629 2115 1785 2187 ψυχρὴ

1599 2136 1600 2143 η
1629 2115 1809 2187 ψυχὰς
1909 2119 2007 2177 per
2037 2104 2392 2178 Evangelium
2422 2105 2706 2164 hominum
2731 2105 2946 2164 animas
2973 2107 3167 2164 nutrit.

217 2199 331 2254 τῶν
363 2199 689 2273 ἀνθρώπων.

288 2291 401 2345 Kal
438 2292 559 2360 πῦρ
613 2293 852 2365 ἀνήφθη
898 2296 966 2351 ἐν
1005 2295 1222 2361 Ἰακὼϐ,
1259 2295 1361 2351 καὶ
1409 2295 1557 2367 ὁρτὴ
1611 2296 1796 2365 ἀνέϐη

1979 2286 2146 2345 Vsus.
2175 2288 2267 2344 21.
2301 2289 2373 2345 Et
2406 2290 2541 2360 ignis
2581 2305 2835 2346 accensus
2872 2298 2951 2346 est
2991 2290 3051 2346 in
3090 2290 3286 2361 Iacob,
3308 2302 3361 2350 et
3385 2294 3474 2352 ira

215 2381 317 2436 ἐπὶ
352 2385 461 2438 τὸν
499 2385 757 2455 Ἰσραήλ,
786 2406 840 2442 κ.
874 2406 925 2442 τ.
962 2389 1012 2443 ὲ.
1056 2387 1176 2460 Πῦρ
1227 2388 1325 2459 μὲν
1368 2388 1669 2443 ἀνάπτεται
1709 2390 1783 2442 ἑτέ

1922 2383 2154 2438 iscendit
2202 2385 2261 2438 in
2306 2382 2497 2452 Israel,
2535 2392 2644 2439 etc.
2694 2380 2843 2454 Ignis
2880 2386 3208 2441 accenditur
3257 2388 3312 2443 in
3370 2389 3490 2447 viro

216 2477 310 2532 τὸν
361 2479 688 2550 πρακτικὸν,
733 2480 871 2553 ὀργὴ
914 2480 972 2534 δὲ
1015 2479 1292 2533 ἀναϐαίνει
1330 2479 1425 2532 ἐπὶ
1465 2479 1556 2534 τὸν
1599 2480 1784 2553 θεωρη·

1922 2489 2160 2546 ψει-σεο,
2202 2475 2287 2533 ira
2320 2483 2504 2532 autem
2530 2475 2781 2532 ascendit
2837 2491 3002 2548 super
3028 2477 3208 2534 virum
3237 2488 3490 2535 contem-

217 2571 390 2623 τικόν.

1905 2568 2136 2638 plationi
2167 2570 2438 2625 deditum.

287 2664 397 2718 Kal
427 2664 609 2731 θύρας
635 2661 896 2731 οὐρανοῦ
936 2661 1222 2728 ἀνέῳξεν,
1250 2680 1306 2715 κ.
1334 2679 1385 2717 τ.
1415 2664 1463 2717 ὲ.
1495 2661 1679 2737 Θύρας
1708 2665 1803 2718 οὐ-

1979 2660 2145 2717 Vsus.
2177 2660 2267 2718 25.
2322 2660 2393 2716 Et
2435 2662 2637 2732 januas
2683 2662 2802 2718 cali
2843 2665 3073 2734 aperuit,
3121 2674 3230 2720 etc.
3288 2662 3493 2723 Januas

219 2756 384 2827 ρανοῦ
420 2756 567 2825 λέγει
607 2758 797 2823 φύσεις
827 2754 1054 2823 λογικὰς
1082 2755 1223 2827 πρὸς
1253 2754 1602 2811 διδασκαλίαν
1644 2775 1787 2811 πνευ

1919 2753 2034 2807 cceli
2070 2760 2230 2808 vocat
2280 2754 2638 2810 rationabiles
2681 2764 2910 2812 naturas
2938 2769 3061 2826 qua:
3090 2756 3161 2811 ad
3188 2755 3487 2827 spiritalem

221 2848 455 2920 ματικὴν
493 2848 825 2918 κινηθείσας.

1907 2846 2213 2900 doctrinam
2246 2856 2558 2902 moventur.

296 2944 506 3011 Ἄρτον
553 2940 826 3011 ἀγγέλων
856 2939 1081 3011 ἔφαγεν
1122 2939 1452 3010 ἄνθρωπος,
1488 2959 1544 2995 κ.
1572 2958 1623 2995 τ.
1656 2942 1703 2995 ὲ.
1745 2941 1804 2995 '0

1980 2936 2143 2996 Vens.
2173 2936 2262 2995 25.
2313 2938 2520 2996 Panem
2557 2940 2868 3011 angelorum
2922 2942 3261 2998 manducavit
3305 2941 3484 3006 homo,

219 3033 410 3105 Σωτήρ
443 3050 604 3105 φησιν
623 3049 636 3063 ο
674 3051 693 3082 ι
738 3014 877 3099 Ἐγώ
906 3033 1021 3103 εἰμι
1045 3034 1073 3086 6
1100 3032 1263 3104 ἄρτος
1286 3035 1314 3087 6
1348 3036 1414 3088 ὲκ
1445 3032 1541 3087 τοῦ
1570 3031 1787 3106 οὐρανοί

1919 3039 2015 3087 etc.
2055 3030 2313 3087 Salvator
2341 3033 2422 3088 ait
2439 3031 2489 3065 “
2513 3053 2528 3088 :
2556 3050 2575 3085 ι
2601 3033 2713 3103 Ego
2753 3048 2875 3088 sum
2916 3035 3074 3103 panis
3120 3034 3217 3105 qui
3245 3034 3315 3089 de
3344 3032 3487 3090 coelo

218 3125 481 3188 καταϐάς.
521 3144 539 3176 s
570 3124 771 3179 Τοῦτον
819 3124 913 3180 οὖν
948 3126 1040 3180 τὸν
1089 3127 1252 3197 ἄρτον
1291 3124 1478 3197 ἢσθιον
1529 3124 1628 3197 μὲν
1667 3123 1786 3198 πρό-

1919 3124 2189 3181 clescendi.
2217 3143 2239 3178 ι
2266 3123 2423 3181 Hunc
2456 3140 2592 3196 ergo
2639 3141 2831 3197 panem
2865 3127 3017 3197 prius
3062 3126 3281 3197 quidem
3308 3125 3487 3196 angeli

215 3231 376 3291 τερον
409 3217 651 3288 ἄγγελοι,
683 3220 802 3274 νυνὶ
833 3219 889 3272 δὲ
938 3220 1033 3274 καὶ
1065 3218 1364 3293 ἄνθρωποι.
1396 3218 1470 3272 Τὸ
1507 3238 1528 3270 ι
1555 3217 1783 3273 ἐσθίειν]

1916 3218 2290 3283 comedebant,
2343 3234 2491 3274 nunc
2534 3232 2666 3274 vero
2708 3220 2877 3274 etiam
2903 3218 3152 3274 homines
3172 3220 3484 3274 comedunt.

216 3310 453 3367 ἐνταῦθα
484 3311 546 3365 τὸ
584 3329 602 3363 ι
630 3310 922 3381 γινώσκειν
948 3331 966 3363 ι
1005 3312 1280 3383 σημαίνει.
1327 3311 1499 3365 Τοῦτο
1551 3309 1660 3383 γὰρ
1708 3312 1784 3365 εσ-

1918 3310 2302 3368 rCotnederes
2361 3321 2545 3367 autem
2595 3313 2698 3368 hoc
2744 3311 2863 3367 loco
2916 3311 3187 3383 signiﬁcat
3236 3326 3486 3382 «cogno-

218 3399 326 3457 θίει
361 3401 488 3467 νοῦς
518 3401 548 3456 δ
577 3402 675 3457 καὶ
712 3400 992 3471 γινώσκει,
1022 3401 1304 3456 καὶτοῦτο
1329 3403 1432 3456 οὐκ
1472 3399 1644 3455 ἐσθίει
1672 3399 1703 3454 ὃ
1739 3401 1786 3455 oi

1915 3417 2083 3459 scere.
2110 3422 2131 3457 s
2166 3403 2301 3459 Illud
2342 3405 2488 3459 enim
2530 3405 2768 3460 comedit
2803 3419 2956 3461 mens
3000 3405 3144 3475 quod
3175 3404 3483 3476 cognoscit,

215 3495 494 3567 γινώσκει.

1903 3502 1960 3550 et
1985 3494 2120 3551 illud
2148 3498 2257 3550 nbn
2293 3494 2535 3551 comedit
2562 3496 2706 3566 quod
2737 3510 2845 3550 non
2882 3493 3189 3565 cognoscit.

288 3589 401 3643 Kal
426 3588 671 3658 ἔϐρεξεν
699 3586 792 3641 ἐπ’
821 3585 1042 3653 αὐτοὺς
1074 3587 1220 3641 ὡσεὶ
1264 3586 1419 3656 χοῦν
1456 3583 1711 3656 σάρκας,
1741 3603 1797 3642 κ.

1978 3587 2140 3643 Vens.
2167 3586 2260 3642 27.
2303 3586 2376 3641 Et
2409 3587 2545 3657 pluit
2581 3602 2738 3656 super
2768 3603 2857 3642 eos
2901 3587 3039 3641 sicut
3065 3585 3331 3656 pulverem
3356 3602 3483 3640 car-

213 3698 268 3737 τ.
292 3682 342 3735 ἑ.
370 3681 480 3753 Τὴν
508 3680 922 3754 ὀρτυγομήτραν
957 3678 1167 3750 σάρκας
1199 3678 1505 3751 ὠνόμασεν.

1903 3695 2017 3747 nes,
2047 3688 2154 3734 etc.
2187 3680 2549 3736 Coturnicum
2579 3679 2863 3734 matricem
2887 3692 3084 3734 carnes
3113 3677 3348 3733 vocavit.

284 3774 396 3831 Kal
427 3772 724 3843 ἐμνήσθη,
759 3770 849 3825 ὅτι
887 3768 1044 3839 σάρξ
1071 3774 1212 3839 εισι,
1243 3788 1297 3825 κ.
1337 3788 1389 3824 τ.
1420 3770 1470 3826 ἑ.
1519 3768 1667 3825 ’Δντὶ
1703 3767 1800 3823 τοῦ

1972 3772 2139 3828 Vsus.
2168 3772 2259 3828 '59.
2304 3771 2375 3827 Et
2425 3772 2735 3826 recordatus
2763 3781 2843 3826 est
2884 3772 3014 3843 quia
3044 3786 3171 3825 caro
3201 3780 3347 3838 sunt,
3371 3780 3483 3828 etc.

216 3864 493 3937 σαρκικοί.

1901 3864 1960 3920 ld
1984 3875 2069 3920 est
2098 3864 2369 3919 carnales.

298 3955 760 4022 Ἐξαπέστειλεν
822 3955 910 4020 είς
975 3951 1199 4018 αὐτοὺς
1257 3953 1624 4022 κυνόμυιαν,
1687 3950 1790 4008 καὶ

1972 3957 2141 4014 Vsus.
2163 3957 2255 4012 45.
2289 3954 2438 4012 Misit
2465 3957 2525 4011 in
2556 3971 2643 4010 eos
2668 3955 3008 4026 cynomyian,
3041 3964 3091 4011 et
3119 3955 3340 4011 comedit
3369 3971 3484 4025 eos,

215 4048 554 4118 κατέφαγεν
597 4047 843 4113 αὐτοὺς,
894 4064 948 4103 κ.
993 4063 1046 4099 τ.
1094 4046 1140 4101 ἐ.
1188 4047 1250 4100 Οἱ
1287 4045 1528 4118 Ἑϐραῖοι
1573 4045 1783 4115 λέγουσι

1917 4061 2009 4107 etc.
2036 4049 2252 4106 Hebraei
2293 4048 2618 4121 cynomyian
2648 4056 2851 4104 vocant
2897 4047 3159 4104 animalia
3184 4048 3401 4106 diversa
3428 4058 3485 4104 et

217 4140 516 4209 κυνόμυιαν
539 4140 704 4212 θηρία
732 4140 962 4212 διάφορα
990 4139 1085 4193 καὶ
1109 4138 1553 4210 ἀναμεμιγμένα.
1902 4145 2091 4200 ntista.

301 4235 596 4305 Ἆπαρχὴν
626 4235 852 4302 παντὸς
895 4234 1088 4289 πόνου
1128 4227 1329 4287 αὐτῶν
1368 4227 1441 4283 ἐν
1480 4226 1608 4295 τοῖς
1644 4243 1798 4297 σκη-

1976 4235 2140 4290 Vsus.
2191 4236 2282 4292 51.
2327 4233 2606 4292 Primitias
2642 4235 2814 4293 omnis
2861 4233 3062 4290 laboris
3094 4251 3281 4290 eorum
3309 4237 3367 4290 in
3400 4244 3486 4288 ta-

215 4325 449 4398 νώμασι
477 4329 625 4398 Χὰμ,
653 4346 709 4382 κ.
730 4345 782 4382 τ.
810 4329 857 4382 ὲ.
881 4327 1068 4391 Οῦτως
1097 4324 1337 4386 ἐκείνους
1362 4319 1682 4385 παιδεύσας,
1707 4319 1783 4373 earl

1914 4330 2200 4385 bernaculis
2238 4330 2426 4397 Citam,
2458 4340 2570 4387 etc.
2605 4331 2737 4386 Cum
2766 4330 2847 4385 sic
2891 4328 3016 4385 illos
3039 4328 3392 4397 instituisset,
3427 4328 3482 4385 in

214 4423 317 4496 τὴν
354 4419 559 4493 ἔρημον
589 4420 765 4492 ἧγαγε
796 4420 886 4473 τὸν
914 4419 1114 4472 οἰκεῖον
1145 4414 1294 4481 λαὸν,
1329 4412 1565 4485 ποιμένα
1597 4411 1782 4484 μιμού-

1915 4422 2182 4479 desertum
2236 4423 2394 4479 duxit
2441 4424 2718 4495 proprium
2770 4421 3053 4494 populum,
3086 4430 3357 4493 pastorem
3386 4420 3483 4492 qui

219 4529 381 4585 μενος
404 4511 505 4583 τῆς
535 4510 771 4581 ποίμνης
800 4509 1120 4580 ἡγούμενον.

1048 4525 1120 4562 ον.
1903 4523 2121 4580 gregem
2151 4512 2313 4582 regit,
2353 4511 2616 4569 imitatus.

290 4604 404 4659 Kal
456 4600 780 4673 εισήγαγεν
829 4602 1051 4666 αὐτοὺς
1089 4600 1175 4665 είς
1231 4596 1370 4666 ὄρος
1429 4595 1797 4667 ἁγιάσματος

1976 4605 2146 4661 Vsus.
2175 4604 2267 4660 54.
2292 4604 2367 4659 Et
2405 4607 2616 4660 induxit
2642 4621 2730 4661 eos
2752 4606 2808 4660 in
2838 4613 3070 4661 montem
3094 4603 3482 4674 sanctiﬁcatio-

213 4694 425 4760 αὐτοῦ,
452 4711 509 4749 κ.
539 4711 592 4748 τ.
616 4694 665 4746 ὲ.
704 4693 868 4764 Ὄρος
889 4689 1228 4761 ἁγιάσματός
1248 4689 1394 4743 ἐστιν
1416 4689 1450 4758 ὴ
1476 4685 1678 4757 γνῶσις
1700 4684 1781 4740 τοῐ

1913 4701 1989 4756 nis
2029 4716 2177 4769 suae,
2216 4710 2324 4756 etc.
2374 4698 2531 4756 Mons
2571 4698 3034 4757 sanctiﬁcationis
3094 4705 3180 4755 est
3238 4696 3481 4769 cognitio

213 4784 376 4841 Θεοῦ.

1901 4790 2017 4848 Dei.

286 4878 397 4933 Kal
447 4876 805 4946 ἐσκήνωσεν
848 4874 918 4929 ἐν
974 4871 1102 4940 τοῖς
1158 4868 1552 4940 σκηνώμασιν
1600 4864 1801 4922 αὐτῶν

1976 4881 2141 4939 Vsus.
2169 4881 2262 4938 55.
2288 4879 2363 4937 Et
2392 4882 2633 4937 habitare
2659 4881 2785 4953 fecit
2818 4883 2876 4938 in
2905 4879 3267 4938 tabernaculis
3293 4894 3480 4935 eorum

213 4970 325 5037 τὰς
360 4968 559 5040 φυλὰς
586 4967 693 5022 τοῦ
730 4964 992 5035 Ἰσραήλ,
1027 4983 1081 5019 κ.
1111 4982 1163 5018 τ.
1190 4965 1240 5019 ὲ.
1282 4981 1302 5013 ι
1341 4961 1638 5034 Ἐνοικήσω
1666 4959 1781 5030 γὰρ

1909 4976 2066 5030 fribus
2092 4973 2289 5040 Israel,
2317 4983 2425 5030 etc.
2465 4992 2486 5028 ι
2516 4974 2835 5033 lnltabitabo
2881 4976 3055 5043 enim,
3104 4973 3280 5045 inquit
3314 4972 3385 5039 ⁵⁸,
3420 4970 3477 5027 in

215 5063 403 5134 φησὶν,
435 5063 495 5115 ὲν
523 5061 707 5125 αὐτοῖς
734 5059 830 5114 καὶ
861 5057 1319 5140 ὲμπεριπατῄσω.
1344 5072 1365 5108 s
1895 5069 1976 5125 eis
2013 5080 2069 5124 ει
2092 5067 2458 5124 ίηεωδυιηυο,
2482 5087 2503 5121 ,

284 5153 397 5208 Kal
423 5153 754 5221 ἐπείρασαν
777 5149 877 5204 καὶ
902 5148 1353 5217 παρεπίκραναν
1379 5145 1489 5199 τὸν
1513 5143 1664 5199 Θεὸν
1688 5143 1798 5198 τὸν

1980 5159 2144 5218 Vens.
2179 5160 2270 5218 56.
2293 5160 2365 5216 Et
2389 5170 2721 5217 tentarerunt
2757 5171 2806 5216 et
2835 5161 3275 5217 exacerbauerunt
3308 5157 3476 5213 Deum

211 5247 501 5317 ὕψιστον,
554 5262 610 5300 κ.
665 5261 718 5297 τ.
765 5245 814 5297 ὲ.
854 5241 1273 5314 Ἀμαρτάνουσα
1327 5236 1476 5309 ψυχὴ
1544 5252 1779 5307 παραπι-

1906 5255 2184 5323 excelsum,
2212 5265 2321 5312 etc.
2349 5255 2545 5310 Anima
2577 5269 2817 5325 peccans
2866 5254 3161 5310 exacerbat
3208 5249 3474 5322 cognitio~

211 5339 427 5410 κραίνει
472 5338 674 5408 γνῶσιν
696 5353 710 5367 ο
757 5337 793 5409 ἡ
845 5335 902 5389 δὲ
958 5330 1302 5404 κατορθοῦσα
1357 5327 1634 5400 γλυκαίνει
1695 5328 1779 5383 αὑ·

1695 5328 1794 5383 αὑ“
1900 5366 2042 5417 nem,
2073 5360 2223 5408 recte
2250 5358 2437 5407 autem
2464 5347 2667 5405 faciens
2690 5346 2901 5404 dulcem
2916 5360 3034 5403 eam
3062 5344 3260 5400 reddit.

210 5434 336 5504 τήν.

287 5547 334 5579 ⁸⁸
362 5544 517 5603 Joau.
551 5562 627 5615 vr,
660 5547 751 5604 51.
827 5546 875 5579 ⁸⁵
902 5544 945 5600 ll
974 5542 1105 5599 Cor.
1140 5559 1217 5609 vr,
1244 5540 1337 5597 16.

289 5641 401 5714 (41)
428 5642 507 5697 Ab
536 5644 641 5698 hoc
664 5643 879 5714 psalmo
906 5654 1091 5714 Lxltvu
1135 5652 1306 5714 usque
1337 5635 1404 5692 ad
1437 5633 1634 5714 linem“
1647 5632 1795 5714 [ιδεμ-ι
1907 5635 2070 5694 niano
2089 5634 2288 5707 primo,
2313 5630 2399 5692 vel
2422 5645 2452 5689 e
2472 5628 2688 5689 schedis
2725 5620 2913 5684 Grabii
2944 5619 3258 5694 deprompta
3290 5624 3439 5677 sunt.

215 5702 466 5783 mi'cx'tx,
500 5702 682 5771 omnia
712 5713 920 5771 scholia
962 5710 1153 5768 Grteca
1199 5702 1284 5766 v'el
1313 5724 1344 5766 e
1371 5706 1558 5767 codice
1594 5702 1789 5765 Cuisli-
