3970 6160
538 210 675 284 1543
1594 232 1603 239 ·
1879 217 1971 273 EX
2002 216 2106 273 om

2222 215 2308 271 NE
3689 199 3790 253 iisti

610 345 772 400 Vens.
808 343 898 399 57.
935 341 1188 396 Conversi
1226 351 1350 397 sunt
1403 342 1459 395 in
1517 355 1703 395 arcum
1731 354 1975 409 pravum,
2008 348 2116 391 etc.
2149 345 2178 403 Α

2292 329 2806 399 Μετεστρὰφησαν
2858 329 2948 392 εἰς
2998 323 3183 387 τόξον
3226 317 3661 409 στρεϐλόνρκ.
3689 331 3733 366 τ.
3764 316 3795 367 ξ.

532 442 706 496 Arcus
763 452 962 506 pravus
1013 437 1194 489 anima
1240 450 1521 504 perversa,
1567 434 1778 504 sagitta:
1817 448 1948 487 vero
1996 431 2100 502 ejn:

2230 427 2382 490 Γόξον
2411 423 2668 496 στρεϐλὸν
2696 420 2841 492 ψυχὴ
2884 413 3306 489 διεστραμμένη
3328 429 3344 441 ⁶
3387 409 3533 481 βέλη
3580 407 3639 460 δὲ

531 530 896 599 cogitationes
927 528 1105 581 make.

2217 517 2472 588 λογισμοὶ
2504 514 2752 587 πονηροί.

604 592 885 676 V£n5.60.
925 620 991 672 Et
1050 619 1244 685 repulit
1301 617 1703 672 tabernaculum
1754 615 1959 680 Selom,
1997 627 2105 669 etc.

2270 613 2399 666 'Kal
2427 612 2715 666 ἀπώσατο
2742 608 2856 675 τὴν
2881 604 3125 674 σκηνὴν
3150 598 3385 671 Σηλὼμ
3405 638 3424 664 ,
3468 614 3534 651 κ.
3569 612 3624 648 τ.
3650 595 3694 648 ἑ.
3721 592 3802 664 τὴν

530 714 681 783 Quod
708 727 899 781 nempe
927 713 980 765 in
1005 711 1190 766 Selom
1219 719 1342 765 erat
1370 712 1559 767 situm.

1229 719 1342 765 erat
1370 712 1559 767 situm.
2215 707 2274 760 ὲν
2302 702 2505 775 Σηλὼμ
2532 701 2797 755 ἑστῶσαν.

600 806 765 861 Vens.
792 806 881 860 62.
914 804 979 858 Et
1012 807 1378 860 hwreditatem
1414 820 1563 858 suam
1587 803 1803 870 sprevit,
1838 810 1946 855 etc.
1987 799 2111 854 Hm-

2285 795 2397 851 Kal
2438 794 2555 864 τὴν
2588 791 2995 861 κληρονομίαν
3045 787 3237 844 αὐτοῦ
3287 781 3659 852 ὑπρεῶεν,
3691 798 3734 832 κ.
3766 796 3802 831 ι.

530 900 813 955 reditatem
848 898 952 953 hoc
983 900 1103 953 loco
1131 898 1356 953 vocatid
1381 897 1526 966 quod
1563 896 1940 950 haereditatem
1972 894 2098 947 adit.

2314 887 2695 961 Κληρονομίαν
2746 884 2986 938 ἐνταῦθα
3023 883 3085 935 τὸ
3137 875 3553 951 κληρονομοῦν
3610 876 3801 946 εἴρηκεν.

528 994 649 1048 Alio
682 1008 847 1046 sensu
897 992 1188 1046 hazreditas
1224 991 1316 1044 Dei
1348 998 1475 1044 sunt
1509 990 1707 1044 anima:
1735 986 2096 1044 rationabiles

1871 986 2108 1041 habiles.
2220 981 2428 1046 Ἀλλως
2462 978 2797 1052 κληρονομία
2820 976 2954 1031 Θεοῦ
2988 975 3159 1046 ψυχαὶ
3181 970 3439 1041 λογικαί.

602 1085 765 1139 Vens.
795 1086 882 1139 63.
919 1082 1145 1137 quenes
1172 1097 1352 1136 eorum
1376 1082 1599 1136 comedit
1623 1082 1784 1152 ignis,
1808 1089 1915 1135 etc.
1948 1078 2115 1134 Forte

2294 1072 2443 1139 Τοὺς
2472 1073 2837 1137 νεανίσκους
2865 1069 3065 1124 αὐτῶν
3091 1065 3410 1135 κατέφαγε
3446 1063 3612 1131 πῦρ,
3638 1080 3689 1116 ιι.
3712 1079 3753 1114 τ.
3777 1064 3806 1111 ἒ.

531 1179 671 1249 ignis
700 1186 827 1231 sunt
854 1177 1027 1248 ignita
1068 1174 1248 1243 jacula
1280 1175 1525 1244 maligni.

2244 1166 2373 1236 Γάχα
2412 1165 2523 1236 πῦρ
2584 1167 2704 1219 ἐστι
2757 1163 2827 1218 τὰ
2878 1160 3257 1233 πεπυρωμένα
3319 1157 3471 1229 βέλη
3532 1154 3637 1209 τοῦ
3693 1172 3812 1222 ,τε-νε-

2261 1277 2344 1312 ου.

600 1360 767 1415 Vens.
803 1359 893 1415 68.
932 1357 999 1412 Et
1053 1357 1209 1428 elegit
1255 1357 1450 1411 tribum
1499 1355 1669 1415 Iuda.
1696 1362 1805 1407 etc.
1846 1372 1863 1403 ι
1888 1351 2115 1405 Manife-

2250 1277 2344 1312 μου.

2291 1350 2405 1404 Kal
2430 1348 2755 1415 ἐξελέξατο
2784 1345 2897 1415 τὴν
2919 1345 3129 1416 φυλὴν
3151 1343 3379 1407 Ἰούδα,
3415 1360 3479 1396 κ.
3514 1361 3575 1395 τ.
3606 1344 3659 1395 ὲ.
3689 1339 3818 1406 «Πρί-

530 1467 671 1512 stum
701 1455 845 1508 enim
870 1462 952 1507 est
982 1454 1125 1521 quod
1154 1467 1221 1507 ex
1248 1450 1388 1506 Juda
1413 1464 1570 1505 ortus
1614 1448 1685 1503 sit
1722 1446 1987 1501 Dominus
2017 1458 2098 1499 not

2248 1443 2380 1513 ηλον
2429 1443 2574 1514 γὰρ,
2621 1442 2706 1496 ὅτι
2768 1440 2828 1507 ἐξ
2888 1439 3058 1494 Ἰούδα
3115 1436 3522 1493 ἀνατέταλκεν
3572 1438 3607 1488 6
3659 1432 3816 1503 Κύβος

530 1556 664 1614 ster,
687 1565 707 1600 ι
742 1544 920 1615 inquit
940 1543 1233 1613 Apostolus
1255 1543 1325 1596 “.

2219 1536 2398 1606 ἡμῶν,
2426 1555 2445 1588 ι
2485 1536 2650 1607 φησὶν
2686 1533 3026 1598 ’Δπόστολος.

881 1731 1045 1802 772
1083 1728 1409 1786 PSALMUS
1447 1726 1732 1783 Lxxvut.
2154 1730 2199 1787 Β

1694 1726 1732 1782 l.
2154 1730 2199 1787 Β
2798 1717 3093 1774 ΨΑΛΜΟΣ
3128 1716 3262 1770 OH'.

596 1826 762 1882 Vens.
794 1825 848 1881 8.
906 1824 1047 1891 Quia
1101 1840 1356 1894 pauperes
1406 1823 1536 1892 facti
1567 1838 1751 1877 sumus
1800 1820 1982 1884 nimis,
2005 1829 2114 1877 etc.

2306 1818 2426 1870 ’Ὁτι
2484 1814 2951 1883 ὲπτωχεύσαμεν
3008 1807 3283 1877 σφόδρα,
3336 1824 3401 1859 κ.
3444 1822 3505 1857 τ.
3566 1806 3618 1858 ὲ.
3661 1802 3821 1872 Στερτ-

526 1914 729 1973 Privati
755 1916 963 1973 divitiis
993 1916 1236 1971 scientia:
1265 1928 1534 1985 pauperes
1566 1911 1693 1968 facti
1727 1926 1937 1968 sumus.

2253 1910 2412 1972 lév'rsc
2475 1906 2571 1962 τοῦ
2644 1903 2876 1959 πλούτου
2954 1902 3053 1972 τῆς
3120 1897 3396 1969 γνώσεως
3492 1894 3821 1967 Emptis:-

2228 2019 2349 2072 μεν.

1015 2189 1338 2247 PSALMUS
1377 2188 1618 2246 LXXIX.

2785 2179 3078 2237 ΨΑΛΜΟΣ
3114 2178 3235 2233 09'.

594 2281 763 2339 Vens.
793 2284 847 2339 5.
878 2282 1069 2337 Excita
1092 2285 1381 2351 potentiam
1410 2292 1581 2350 tuans,
1609 2272 1721 2340 etc.
1739 2284 1993 2344 Christus
2015 2286 2110 2343 Dei

2304 2278 2637 2350 Ἐεέγειρον
2670 2274 2787 2344 τὴν
2832 2273 3200 2328 δυναστείαν
3241 2287 3398 2336 σου,
3433 2289 3498 2325 κ.
3531 2288 3591 2324 τ.
3632 2273 3683 2325 ὲ.
3717 2272 3819 2340 Χρι-

524 2375 699 2431 virtns
733 2385 815 2430 est
846 2385 903 2431 et
928 2375 1018 2429 Dei
1046 2376 1338 2444 sapientia.

2221 2372 2346 2436 στὸς
2375 2370 2513 2425 Θεοῦ
2541 2369 2771 2440 δύναμις
2806 2368 2901 2423 καὶ
2927 2365 3062 2420 Θεοῦ
3092 2365 3274 2434 σοφία.

598 2470 763 2525 Vnns.
797 2468 852 2523 6.
886 2467 1101 2523 Cibabis
1150 2484 1245 2522 nos
1299 2485 1434 2533 pane
1463 2468 1844 2539 lacrymarum,
1874 2479 1984 2526 etc.
2014 2469 2110 2526 llis

2294 2462 2548 2533 Ψωμιεῒς
2600 2460 2760 2531 ἡμᾶς
2814 2459 2996 2529 ἄρτον
3049 2457 3353 2526 δακρύων,
3417 2474 3483 2509 κ.
3532 2474 3592 2510 τ.
3644 2459 3695 2511 ὲ.
3740 2456 3814 2507 Διὰ

523 2560 709 2614 verbis
733 2559 1140 2615 amarissimam
1169 2559 1547 2629 pcenitentiam
1577 2559 1823 2615 exhibet.

2244 2555 2422 2610 τούτων
2473 2553 2583 2608 τῶν
2645 2552 2824 2626 ῥητῶν
2881 2552 3181 2624 παρίστησι
3239 2549 3611 2621 πικροτάτην
3675 2547 3812 2618 μεῖξ-

597 2733 764 2789 Vens.
790 2735 847 2790 8.
874 2733 944 2790 Et
976 2735 1189 2791 ostende
1216 2733 1409 2813 faciem
1448 2744 1617 2802 tuam,
1657 2744 1707 2789 et
1731 2736 1863 2789 salvi
1892 2737 2107 2802 erimus,

2240 2669 2247 2697 ν
2336 2668 2385 2704 ν.

2249 2668 2402 2798 οιὲαὶ
2426 2742 2725 2810 ὲπίφανον
2757 2738 2827 2792 τὸ
2858 2736 3184 2805 πρόσωπόν
3212 2750 3356 2796 σου,
3392 2733 3507 2788 καὶ
3550 2733 3808 2799 σωθησό-

523 2834 634 2879 etc.
663 2822 883 2878 Faciem
916 2824 1004 2878 hic
1024 2823 1300 2879 Christum
1329 2824 1652 2879 nominavit.
1701 2845 1719 2877 ι
1746 2826 1930 2896 Imago
1961 2830 2091 2882 enin

2239 2839 2386 2900 ιεθα,
2422 2851 2479 2887 κ.
2500 2852 2551 2887 τ.
2579 2834 2628 2886 ὲ.
2660 2831 2959 2904 Πρόσωπον
3000 2827 3238 2883 ἐνταῦθα
3272 2827 3371 2881 τὸν
3408 2827 3664 2898 Χριστὸν
3700 2826 3807 2878 ὠνέ-

522 2927 608 2972 est
631 2916 726 2972 Dei
754 2916 1070 2984 invisibilis,
1107 2918 1499 2988 primogenitns
1519 2918 1699 2974 omnis
1725 2922 2090 2976 creaturas".l

2236 2943 2428 2981 ιασενο
2471 2945 2489 2977 ι
2519 2924 2702 2979 Εἱκὼν
2748 2923 2858 2995 γάρ
2907 2924 3023 2976 ἐστι
3067 2921 3160 2975 τοῦ
3214 2920 3356 2974 Θεοῦ
3408 2919 3515 2976 τοῦ

2218 3018 2572 3090 Πρωτότοκος
2610 3016 2794 3085 πάσης
2829 3014 3078 3078 κτίσεως.
3106 3033 3125 3065 ι

597 3097 758 3152 Vens.
787 3097 843 3152 9.
890 3096 1107 3152 Vineam
1126 3097 1191 3152 de
1209 3096 1443 3168 Egypto
1493 3100 1842 3167 transtulisti,
1884 3109 1993 3158 etc.
2024 3102 2110 3159 Vi-
2133 3089 2165 3149 ε

2277 3089 2582 3178 Ἄμπελον
2611 3105 2681 3171 ἐξ
2706 3106 3007 3175 Αῑγύπτου
3033 3102 3323 3172 μετῆρας,
3354 3119 3413 3155 κ.
3448 3119 3508 3154 τ.
3544 3102 3599 3155 ὲ.
3622 3101 3804 3170 Ἄμε-

525 3203 681 3243 neam
713 3191 811 3242 hoc
838 3188 958 3242 loco
990 3198 1147 3242 vocat
1169 3189 1458 3245 duodecim
1490 3191 1668 3246 tribus
1700 3191 1888 3248 lsrael.

2208 3199 2299 3254 λον
2328 3198 2477 3267 λέγει
2509 3196 2605 3251 νῦν
2631 3196 2732 3261 τὰς
2762 3195 2972 3250 δώδεκα.
3000 3195 3172 3264 φυλὰς
3196 3192 3294 3247 τοῦ
3334 3192 3594 3264 Ἰσραήλ.

599 3277 764 3333 Vens.
790 3278 876 3330 11.
916 3276 988 3330 Et
1026 3278 1246 3331 arbusta
1276 3279 1391 3347 ejus
1414 3282 1599 3335 cedros
1623 3281 1746 3349 Dei,
1779 3292 1887 3338 etc.
1920 3284 2102 3339 Arbu-

2279 3291 2389 3346 Kal
2419 3295 2479 3345 al
2509 3289 2953 3359 ἁναδενδράδες
2991 3287 3185 3355 αὐτῆς
3236 3287 3349 3352 τὰς
3401 3286 3676 3355 κέδρους
3715 3281 3797 3338 τοῦ

525 3381 607 3427 sta
637 3380 763 3425 sunt
790 3370 866 3424 illi
899 3370 991 3440 qui
1020 3372 1473 3439 contemplationi
1504 3374 1670 3429 dediti
1704 3386 1853 3429 sunt.

2214 3382 2383 3447 Θεοῦ,
2408 3398 2463 3434 κ.
2490 3399 2542 3434 τ.
2566 3383 2614 3436 ἑ..
2652 3379 3061 3453 Ἀναδενδράδες
3094 3379 3233 3432 εἰσὶν
3261 3379 3312 3431 οἱ
3345 3376 3710 3449 θεωρητικά.

598 3458 760 3515 Vens.
792 3461 876 3515 18.
936 3458 1059 3514 Fiat
1102 3476 1292 3514 manus
1341 3472 1434 3517 tua
1480 3478 1640 3533 super
1664 3465 1833 3518 uirum
1875 3465 2108 3522 dextera

2285 3473 2606 3542 Γενηθήτω
2632 3475 2671 3543 ή
2699 3474 2829 3544 χείρ
2853 3490 2968 3528 σου
2992 3474 3085 3526 ἐπ’
3123 3470 3318 3539 ἄνδρα
3340 3470 3565 3537 δεξιᾶς
3594 3489 3732 3531 σου,
3755 3490 3798 3524 ι.

525 3562 651 3617 tute,
688 3563 796 3605 etc.
836 3551 1026 3606 Virum
1071 3552 1309 3607 dextera:
1366 3562 1524 3607 vocat
1583 3553 1887 3623 Christum,
1933 3557 2093 3626 4111181

2232 3584 2267 3622 ε.
2299 3568 2347 3622 ὲ.
2409 3566 2610 3637 Ἄνδρα
2673 3566 2846 3633 δεξιὸν
2889 3565 3039 3635 λέγει
3069 3565 3161 3619 τὸν
3200 3564 3474 3637 Χριστὸν,
3510 3565 3672 3627 ὅστις
3706 3563 3800 3615 ἐπὶ

528 3644 697 3701 Filius
731 3644 966 3701 hominis
986 3652 1090 3701 est.

2216 3660 2311 3714 καὶ
2340 3660 2466 3724 Υἱὸς
2488 3658 2797 3730 ἀνθρώπου.

600 3735 765 3791 Vens.
804 3736 892 3793 19.
933 3736 1228 3807 Viviﬁcabis
1261 3753 1376 3807 nos,
1401 3749 1450 3794 et
1501 3755 1691 3797 nomen
1716 3752 1865 3796 tuum
1898 3744 2110 3800 invoca—

2284 3752 2555 3819 Ζωώσεις
2593 3752 2775 3822 ἡμᾶς,
2816 3750 2917 3804 καὶ
2949 3750 3019 3804 τὸ
3065 3748 3254 3819 ὄνομά
3287 3766 3411 3803 σου
3453 3751 3802 3807 ἐπικαλῇ-ἐρ

527 3829 721 3891 bimus.
756 3842 859 3885 etc.
884 3829 1055 3884 Nemo
1082 3840 1263 3902 potest
1296 3847 1394 3887 nos
1414 3833 1718 3903 viviﬁcare,
1750 3835 1855 3891 nisi
1892 3835 1984 3892 ille
2011 3836 2095 3906 qui

2233 3846 2380 3909 ιεθα,
2408 3861 2464 3897 κ.
2494 3862 2547 3897 τ.
2584 3845 2630 3897 ὲ.
2667 3843 2859 3907 Οὐδεὶς
2903 3842 3127 3896 δύναται
3159 3840 3515 3912 ζωοποιῆσαι
3557 3847 3733 3915 ﬁssa},
3765 3843 3801 3895 εἱ

526 3922 731 3977 dixit"
758 3939 774 3977 :
814 3943 831 3975 ι
861 3923 975 3995 Ego
1011 3940 1134 3980 sum
1163 3927 1298 3981 vita.
1329 3945 1348 3979 ι

2212 3935 2287 4010 μὴ
2314 3936 2343 3988 6
2370 3936 2569 3993 εἰπών’
2603 3955 2623 3987 s
2661 3935 2802 4006 Ἐγώ
2832 3939 2947 4007 εἰμι
2975 3936 3009 4007 ἡ
3036 3934 3173 4006 ζωή.
3193 3953 3213 3987 s

1019 4109 1340 4167 PSALMUS
1378 4108 1595 4169 LXXX.
2003 4131 2018 4145 °

2003 4131 2018 4145 '
2796 4115 3094 4170 ΨΔΛΜΟΣ
3130 4115 3214 4169 Π’.

593 4207 761 4263 Vens.
790 4206 845 4261 6.
881 4205 1141 4275 Linguam
1170 4222 1329 4272 quam
1353 4222 1458 4261 non
1484 4218 1695 4262 noverat
1741 4210 1967 4276 audivit,
1994 4220 2103 4268 etc.

2280 4207 2586 4263 Γλῶσσαν
2614 4206 2696 4276 ἣν
2727 4211 2843 4263 οὐκ
2872 4207 3026 4279 ἔγνω
3048 4206 3339 4277 ἤκουσεν,
3365 4225 3427 4262 κ.
3450 4227 3510 4264 τ.
3541 4212 3596 4266 ὲ.
3632 4211 3804 4283 Νόμου

523 4303 721 4373 Legem
757 4315 918 4370 quam
955 4299 1242 4354 nesciebat
1264 4301 1494 4356 audivit.

1411 4302 1494 4356 lil.
2133 4330 2178 4386 Ι)
2205 4302 2267 4357 ὃν
2292 4303 2395 4356 οὐκ
2418 4301 2707 4372 ἠπίστατο,
2728 4301 2979 4372 ἤκουσεν.

596 4395 757 4448 Vens.
790 4390 879 4445 10.
922 4390 1045 4443 Νοη
1076 4390 1177 4443 erit
1202 4391 1257 4443 in
1277 4401 1325 4443 te
1350 4390 1493 4446 Deus
1530 4408 1730 4458 recens,
1753 4401 1864 4449 etc.
1890 4392 2102 4451 Recens

2281 4397 2406 4450 οὐκ
2458 4393 2632 4449 ἔσται
2679 4394 2750 4448 ἐν
2780 4394 2882 4448 σοὶ
2928 4392 3075 4459 Θεὸς
3122 4393 3525 4463 πρόσφατος,
3575 4414 3632 4452 κ.
3678 4413 3733 4449 τ.
3762 4396 3804 4448 ἑ.

525 4488 666 4541 Deus
697 4495 783 4540 est
812 4486 857 4539 is
883 4499 912 4537 a
938 4497 1047 4552 quo
1070 4482 1206 4536 nihil
1231 4483 1596 4539 substantiam
1650 4484 1850 4541 habere
1888 4493 2093 4556 potest:

2230 4483 2529 4557 Ιρόσφατός
2565 4485 2682 4537 ἐστι
2723 4482 2855 4546 Θεὸς
2883 4484 2912 4536 6
2953 4481 3120 4554 μηδὲν
3161 4482 3431 4537 οὐσιῶσαι
3479 4484 3798 4557 δυνάμενος,

523 4579 607 4633 vel
630 4579 676 4631 is
701 4577 791 4647 qui
819 4576 1025 4630 malitia
1063 4573 1298 4629 infectus
1327 4584 1430 4629 est.

2206 4578 2294 4651 ἢὸ
2323 4580 2391 4649 τῇ
2426 4577 2597 4647 κακίᾳ
2636 4576 3031 4647 πεποιωμὲνος.

593 4671 760 4726 Vens.
796 4671 885 4727 11.
933 4668 1113 4722 Dilata
1159 4683 1215 4722 os
1244 4676 1417 4733 tuum,
1445 4678 1492 4722 et
1542 4667 1766 4740 implebo
1796 4668 1953 4734 illud,
1986 4677 2097 4723 etc.

2336 4668 2596 4724 λὰτυνον
2627 4669 2696 4723 τὸ
2721 4669 2919 4738 στόμα
2953 4683 3094 4732 σου,
3138 4668 3238 4721 καὶ
3270 4668 3587 4738 κληρώσω
3629 4670 3793 4731 αὐτὸ,

524 4761 638 4818 Hoc
691 4761 808 4817 loco
838 4776 901 4829 os
952 4768 1185 4815 mentem
1232 4769 1414 4827 vocat,
1445 4760 1534 4815 cui
1568 4761 1912 4831 splendorem
1940 4759 2092 4818 aﬂ'erl

2223 4779 2259 4815 ι.
2284 4779 2338 4817 τ.
2367 4764 2413 4815 ὲ.
2446 4761 2634 4833 Στὸμα
2672 4760 2767 4816 νῦν
2796 4761 2890 4815 τὸν
2919 4759 3046 4814 νοῦν
3089 4760 3259 4830 λέγει,
3292 4762 3448 4825 ὅστις
3478 4761 3791 4834 λαμπρύνει

521 4855 869 4911 conversatio
896 4864 1067 4919 recta,
1094 4861 1150 4907 et
1180 4853 1431 4906 doctrina
1463 4868 1616 4909 vera.

2202 4868 2290 4905 ται
2322 4851 2410 4905 διὰ
2441 4852 2717 4917 πολιτείας
2748 4851 2916 4924 ὀρθῆς
2945 4852 3042 4906 καὶ
3066 4851 3356 4921 δογμάτων
3382 4850 3628 4923 ἀληθῶν.

595 4950 761 5005 Vens.
793 4947 882 5002 15.
915 4944 985 5000 Et
1016 4945 1195 5000 dimisi
1238 4961 1326 5001 eos
1370 4946 1658 5001 secundum
1686 4946 1950 5001 desideria
1977 4964 2098 5001 cor-

2273 4945 2387 5000 Kal
2433 4944 2834 5011 ἐξαπέστειλα
2877 4942 3100 5010 αὐτοὺς
3148 4942 3301 4997 κατὰ
3350 4944 3427 5000 τὰ
3476 4943 3784 5010 saneea

522 5042 603 5096 dis
627 5056 830 5103 eorum,
864 5045 970 5094 etc.
1015 5056 1033 5089 ι
1062 5036 1379 5107 Propterea,
1437 5038 1613 5105 inquit
1645 5036 1846 5095 Paulus
1861 5038 1932 5105 ",
1979 5050 2090 5095 tra-

2212 5053 2356 5103 ματα
2405 5036 2527 5092 τῶν
2563 5035 2823 5107 καρδιῶν
2857 5034 3075 5098 αὐτῶν,
3122 5052 3178 5089 κ.
3220 5053 3272 5091 τ.
3308 5036 3353 5088 ἐ.
3414 5056 3433 5088 ι
3460 5037 3565 5090 Διὰ
3609 5035 3780 5094 τοῦτο.

523 5129 796 5189 diditillos
827 5129 969 5184 Deus
994 5128 1047 5183 in
1079 5128 1364 5198 passiones
1387 5129 1715 5200 ignominiaa.
1747 5148 1769 5183 ι

2209 5129 2367 5197 φησὶν
2392 5129 2421 5181 ὁ
2448 5126 2688 5196 Παῦλος,
2731 5126 3049 5201 παρέδωκεν
3082 5128 3282 5191 αὐτοὺς
3311 5129 3342 5181 6
3362 5127 3498 5192 Θεὸς
3534 5129 3615 5192 εἰς
3640 5126 3777 5193 πάθη

2203 5217 2447 5288 ἀτιμίας.
2477 5237 2497 5271 s

1005 5395 1229 5452 PSALM
1242 5395 1326 5453 US
1364 5396 1604 5455 LXXXI.

2764 5405 3055 5459 ΨΑΛΜΟΣ
3093 5403 3223 5459 ΠΧ.

595 5493 754 5549 Vens.
785 5494 839 5551 7.
873 5492 975 5549 Vos
1016 5508 1191 5552 autem
1236 5497 1365 5550 sicut
1402 5497 1638 5551 homines
1680 5496 2005 5565 moriemini,
2044 5508 2094 5552 et

2289 5495 2481 5565 Ὑμεῖς
2541 5500 2618 5564 ὡς
2682 5497 2979 5567 ἄνθρωποι
3056 5497 3473 5566 ἀποθνήσκετε
3492 5541 3511 5567 ,
3553 5499 3650 5555 καὶ
3700 5498 3776 5563 ὡς

588 5682 636 5715 ⁸⁸
657 5682 822 5744 Hebr.
852 5699 945 5751 vn,
983 5686 1068 5741 14.
1145 5686 1189 5718 ⁵⁷
1224 5685 1433 5744 Coloss.
1464 5704 1505 5753 ι,
1542 5688 1625 5744 15.
1703 5688 1750 5721 ⁸⁸
1777 5685 1935 5744 J0au.
1963 5702 2074 5755 xw,
2111 5685 2156 5744 6.

1145 5686 1189 5718 ⁵⁷
1224 5685 1433 5744 Coloss.
1464 5704 1505 5753 ι,
1542 5688 1625 5744 15.
1703 5688 1750 5721 ⁸⁸
1777 5685 1935 5744 J0au.
1963 5702 2074 5755 xw,
2111 5685 2169 5745 6.
2264 5687 2310 5723 ⁵⁵
2339 5685 2498 5742 Rom.
2529 5701 2569 5751 ι,
2606 5683 2696 5741 26.
