3970 6160
262 287 395 345 1515

1128 282 1434 339 SELECTA
1472 279 1914 356 IN_PSALDI()S.
1952 311 2020 321 --
2055 276 2247 335 PSAL.
2290 276 2572 336 LXXXVI.

3344 276 3481 331 I546

252 398 339 470 εἷς
392 401 510 456 τῶν
580 398 889 471 ἀρχόντων
952 400 1228 467 πίπτετε,
1280 418 1335 455 κ.
1382 418 1434 454 τ.
1484 401 1530 454 ἐ.
1584 418 1602 451 ι
1647 398 1820 468 Ἐγὼ,

1943 399 2058 453 sicut
2113 415 2249 453 unus
2308 399 2369 452 de
2417 395 2738 467 principibus
2793 394 3009 457 cadetis,
3058 402 3167 450 etc.
3207 391 3486 465 «Ego,in-

252 495 435 564 φησὶν,
460 489 736 562 ἐφύτευσα
780 491 1022 563 ἄμπελον
1051 494 1395 566 καρποφόρον
1422 494 1600 547 πᾶσαν
1635 492 1821 562 ἀληθι-

252 588 343 654 νήν
364 600 377 614 ·
427 583 546 649 πῶς
585 584 867 657 ἐστράφης
896 586 975 649 είς
1009 584 1233 657 πικρίαν
1264 586 1297 657 ή
1325 584 1564 657 ἄμπελος
1594 585 1629 656 ὴ
1670 583 1821 638 ἀλλο-

247 692 371 748 τρια
394 691 408 739 ;
435 694 453 727 ι

805 854 1099 907 ΨΑΛΜΟΣ
1136 854 1263 906 IIB'.

326 938 549 999 Εἶπον·
604 945 801 1007 Δεῦτε,
857 944 955 998 καὶ
1011 943 1534 1013 ἐξολοθρεύσωμεν
1601 944 1823 1012 αὐτοὺς

254 1033 324 1098 ἐξ
354 1034 586 1102 ἔθνους,
627 1038 723 1090 καὶ
752 1039 823 1091 οὐ
844 1034 930 1105 μὴ
964 1034 1212 1105 μνησθῇ
1251 1035 1317 1090 τό
1362 1034 1547 1104 ὄνομα
1584 1036 1824 1106 Ἰσραὴλ

254 1125 363 1188 ἐτι,
387 1142 439 1178 κ.
465 1143 515 1179 τ.
538 1126 585 1179 ὲ.
621 1126 896 1181 Ἐντεῦθεν
930 1125 1292 1197 γινώσκομεν,
1317 1126 1398 1179 ὅτι
1426 1127 1821 1197 προκαλοῦνται

255 1216 519 1288 ἀλλήλους
551 1220 600 1270 οἱ
627 1217 874 1289 δαίμονες
906 1218 992 1271 ἐπ’
1024 1217 1269 1289 ἀπωλείᾳ
1291 1217 1487 1288 ψυχῆς.

335 1310 566 1375 Οἵτινες
620 1304 821 1363 εἷπον·
868 1307 1421 1377 Κληρονομήσωμεν
1469 1306 1703 1372 ἑαυτοῖς
1755 1307 1821 1360 τὸ

257 1400 648 1471 ἀγιαστήριον
672 1399 779 1453 τοῦ
813 1399 992 1464 Θεοῦ,
1023 1417 1076 1453 κ.
1112 1416 1161 1452 τ.
1207 1400 1256 1454 ὲ.
1307 1397 1465 1469 Ψυχὴ
1521 1397 1826 1470 ἀκάθαρτος

260 1490 461 1561 κλῆρος
494 1490 762 1562 δαιμόνων
781 1506 795 1520 ·
824 1488 968 1561 ψυχὴ
999 1490 1055 1543 δὲ
1088 1489 1300 1561 καθαρά
1337 1489 1535 1561 κλῆρος
1565 1489 1720 1546 Θεοῦ.

344 1584 396 1635 '0
420 1584 562 1648 Θεός
587 1600 726 1652 μου,
763 1582 869 1636 θοῦ
906 1580 1125 1647 αὐτοὺς
1153 1581 1232 1646 ὡς
1263 1580 1497 1650 τροχὸν,
1528 1598 1580 1634 κ.
1604 1598 1655 1637 τ.
1682 1581 1730 1637 ὲ.
1768 1582 1828 1635 '0

258 1674 450 1746 τροχὸς
476 1673 652 1742 ὀλίγον
681 1673 982 1743 ἐφάπτεται
1011 1671 1111 1740 τῆς
1143 1672 1265 1741 γῆς.

1926 493 2042 563 quit
2063 490 2131 558 ”,
2162 492 2393 561 plantavi
2434 494 2645 547 vineam
2675 492 3035 555 frncliferam,
3080 497 3244 543 totam
3270 502 3479 558 veram,

1926 588 2198 655 quomodo
2218 597 2477 639 conversa
2493 599 2553 640 es
2578 584 2632 660 in
2660 584 3074 640 amaritudinem
3098 582 3223 637 vitis
3249 580 3477 637 alienati

2311 857 2472 929 773
2507 853 2823 912 PSALMUS
2855 855 3115 911 LXXXII.

1999 949 2163 1006 Vens.
2193 950 2245 1005 5.
2278 949 2533 1003 Dixerunt
2562 962 2579 1001 :
2606 946 2813 1015 Venite,
2841 960 2891 1004 et
2926 949 3291 1018 disperdamus
3313 963 3399 1003 eos
3421 947 3485 1001 de

1926 1054 2093 1113 gente,
2136 1052 2183 1096 et
2231 1058 2334 1095 non
2372 1050 2690 1095 memoretur
2742 1056 2935 1096 nomen
2983 1038 3154 1096 Israel
3192 1043 3350 1103 ultra,
3376 1051 3482 1095 etc.

1928 1134 2062 1190 Hinc
2087 1135 2457 1205 cognoscimus
2509 1138 2777 1193 daemones
2803 1150 2863 1192 se
2908 1136 3053 1206 ipsos
3086 1134 3153 1189 ad
3188 1132 3485 1204 perdendos

1928 1227 2134 1280 animas
2161 1227 2404 1281 invitare.

1999 1312 2162 1369 Vens.
2198 1316 2283 1369 15.
2320 1314 2424 1381 Qui
2454 1315 2739 1371 dixerunt:
2767 1315 3088 1370 ercditate
3134 1313 3484 1384 possideamus

1928 1408 2287 1460 sanctuarium
2320 1407 2439 1472 Dei,
2469 1417 2573 1462 etc.
2600 1408 2817 1478 [mpura
2850 1409 3026 1461 anima
3060 1406 3345 1460 Inereditas
3377 1406 3484 1459 da:-

1931 1514 2172 1561 monnm,
2198 1498 2375 1551 anima
2398 1507 2575 1553 autem
2608 1515 2741 1568 pura
2777 1499 3062 1553 liaereditas
3093 1498 3204 1552 Dei.

2004 1583 2167 1640 Vens.
2221 1584 2304 1639 14.
2341 1584 2480 1639 Deus
2521 1601 2688 1652 meus,
2731 1602 2861 1655 pone
2900 1587 3021 1641 illos
3054 1595 3112 1640 ut
3156 1596 3343 1649 rolam,
3378 1593 3486 1641 etc.

1929 1675 2069 1730 Rota
2102 1674 2380 1744 paululum
2415 1676 2583 1745 tangit
2620 1684 2845 1731 terram.

331 1763 665 1832 Πλήρωσον
702 1763 775 1817 τὰ
814 1762 1104 1830 πρόσωπα
1140 1759 1335 1817 αὐτῶν
1376 1761 1604 1830 ἀτιμίας
1627 1802 1641 1824 ,
1679 1779 1729 1814 κ.
1773 1779 1824 1815 τ.

2003 1764 2170 1822 Vens.
2192 1766 2277 1819 I7.
2304 1765 2469 1833 Imple
2505 1768 2669 1838 facies
2690 1784 2868 1822 eorum
2897 1768 3207 1839 ignominia,
3234 1777 3338 1822 etc.
3364 1765 3489 1823 Hmc

260 1857 306 1910 ὲ.
346 1855 514 1910 Τοῦτο
545 1856 605 1909 τὺ
645 1855 934 1927 πρόσωπόν
975 1856 1090 1908 ἐστι
1131 1852 1224 1907 τοῦ
1266 1852 1494 1907 παλαιοῦ
1540 1850 1825 1925 ἀνθρώπου

257 1945 353 2000 τοῦ
386 1946 740 2019 φθειρομένου
790 1946 929 2000 κατὰ
976 1945 1074 2011 τὰς
1111 1945 1400 2017 ἐπιθυμίας
1432 1946 1530 2016 τῆς
1581 1946 1821 2017 ἀπάτηςο

255 2030 319 2090 οὗ
354 2038 652 2110 φθαρέντος
680 2040 709 2090 ὁ
743 2038 867 2104 νοῦς
892 2036 1110 2109 ὲκζητεῖ
1137 2036 1200 2090 τὸ
1222 2036 1392 2107 δνομα
1427 2036 1654 2107 Κυρίου.

327 2126 844 2197 Αίσχυνθήτωσαν
900 2126 998 2180 καὶ
1065 2123 1531 2193 ταραχθήτωσαν
1587 2126 1674 2191 είς
1720 2125 1826 2177 τὸν

255 2215 445 2271 αἰῶνα
488 2216 595 2271 τοῦ
637 2215 879 2282 αἰῶνος,
913 2214 1011 2267 καὶ
1059 2212 1524 2280 ὲντραπήτωσαν
1555 2208 1653 2262 καὶ
1686 2209 1831 2262 ἀπο-

254 2308 599 2375 λέσθωσαν,
630 2325 687 2363 κ.
718 2325 767 2361 τ.
801 2309 848 2361 ὲ.
881 2305 1030 2377 Αὕτη
1058 2305 1093 2376 ἡ
1136 2302 1379 2358 ἀπώλεια
1421 2302 1669 2373 σημαίνει
1703 2300 1830 2370 φθο-

258 2400 368 2475 ράν
398 2402 591 2466 κακίας
620 2400 716 2455 καὶ
744 2398 1036 2468 ἀγνωσίας.

824 2582 1116 2638 ΨΑΛΜΟΣ
1152 2581 1275 2634 III".

334 2678 622 2748 Μακάριοι
653 2681 705 2733 οἱ
743 2674 1161 2741 κατοικοῦντες
1202 2673 1271 2727 ὲν
1296 2670 1376 2738 τῷ
1417 2671 1559 2736 οίκῳ
1604 2687 1740 2731 σου,
1772 2687 1829 2724 κ.

261 2789 314 2825 τ.
343 2773 395 2828 ἑ.
433 2770 605 2833 Αὐτὸς
636 2769 732 2840 μὲν
760 2769 789 2821 ό
821 2765 986 2820 Δαυῒδ
1020 2765 1278 2835 ἐπιθυμεῖ
1307 2762 1564 2817 εἰσελθεῖν
1606 2763 1687 2825 εἰς
1733 2762 1831 2825 τὰς

266 2864 436 2928 αὐλὰς
479 2862 572 2916 τοῦ
609 2860 835 2932 Κυρίου,
874 2859 1164 2930 μακαρίζει
1199 2858 1255 2912 δὲ
1294 2858 1418 2921 τοὺς
1447 2853 1830 2916 κατοικοῦντας

265 2957 327 3009 ὲν
356 2955 433 3027 τῷ
463 2953 596 3025 οἴκῳ
626 2952 850 3023 Κυρίου.

831 3130 1123 3185 ΨΑΛΜΟΣ
1158 3129 1280 3182 ΠΔ’.

349 3225 603 3298 Ἆφῆκας
632 3230 741 3292 τὰς
786 3223 1038 3293 ἀνομίας
1067 3220 1147 3287 τῷ
1184 3221 1310 3287 λαῷ
1343 3237 1479 3285 σου,
1521 3220 1836 3290 meum

266 3318 469 3386 ,πάσας
508 3318 612 3384 τὰς
656 3316 944 3387 ἁμαρτίας
980 3315 1196 3379 αὐτῶν,
1222 3332 1277 3368 κ.
1304 3331 1355 3369 τ.
1392 3315 1440 3368 ὲ.
1470 3314 1570 3366 Διὰ
1617 3314 1714 3384 μὲν
1742 3311 1835 3366 τοῦ

269 3417 425 3485 ἁγίου
478 3411 850 3485 βαπτίσματος
898 3413 928 3467 ὁ
974 3410 1176 3481 Κύριος
1229 3408 1327 3471 τὰς
1378 3407 1645 3480 ἁμαρτίας
1712 3404 1837 3475 ἀφί-

270 3525 430 3580 στησι
454 3523 467 3537 ’
500 3506 587 3559 διὰ
637 3504 696 3558 δὲ
736 3504 835 3574 τῆς
868 3504 1070 3575 πικρᾶς
1111 3500 1395 3573 μετανοίας
1437 3499 1534 3564 τὰς
1565 3498 1836 3571 ἁμαρτίας

268 3598 647 3653 ἐπικαλύπτει.

345 3694 551 3757 Ἔλεος
598 3688 696 3743 καὶ
740 3687 990 3756 ἀλήθεια
1026 3685 1445 3753 συνήντησαν,
1486 3682 1835 3749 δικαιοσύνη

269 3785 368 3839 καὶ
399 3782 606 3853 εἰρήνη
646 3780 1078 3850 κατεφίλησαν,
1107 3795 1162 3831 κ.
1190 3795 1241 3830 τ.
1275 3777 1323 3830 ὲ.
1369 3772 1648 3828 Ἀδύνατόν
1691 3774 1837 3825 ἐστιν

1858 3136 1906 3195 C

1932 1855 2097 1911 facies
2129 1866 2213 1911 est
2263 1858 2460 1912 veteris
2501 1859 2735 1913 hominis
2788 1858 2877 1928 qui
2908 1858 3271 1927 corrumpitur
3297 1874 3489 1912 secun-

1934 1949 2058 2002 dum
2110 1947 2382 2002 desideria
2416 1951 2656 2016 erroris;
2689 1964 2796 2020 quo
2825 1960 3080 2020 corrupto
3107 1965 3259 2005 mens
3297 1953 3492 2019 quaerit

1932 2051 2126 2090 nomen
2153 2036 2386 2092 Domini.

2003 2129 2168 2185 Vens.
2209 2130 2295 2185 I8.
2331 2129 2653 2186 Erubescant
2682 2142 2730 2186 et
2762 2135 3136 2187 contnrbentur
3160 2133 3214 2187 in
3241 2131 3490 2187 swculunt

1934 2222 2135 2287 swculi,
2188 2231 2237 2277 et
2283 2223 2676 2292 confunduntur
2721 2235 2770 2278 et
2814 2237 3053 2293 pereant,
3102 2234 3204 2280 etc.
3256 2225 3491 2280 Perditio
3527 2270 3541 2294 ,

1934 2313 2049 2368 hanc
2070 2314 2341 2385 signiﬁcat
2377 2317 2649 2372 interitum
2675 2318 2893 2373 malitia:
2921 2326 2977 2374 et
3008 2318 3347 2388 ignorantiae.

2392 2579 2716 2638 PSALMUS
2754 2580 3035 2637 LXXXIII.

2008 2672 2172 2727 Vens.
2201 2672 2253 2728 5.
2284 2670 2436 2726 Beati
2458 2673 2548 2743 qui
2582 2674 2818 2727 habitant
2849 2674 2902 2727 in
2931 2674 3086 2727 domo
3118 2683 3348 2739 tua,etc.
3373 2672 3491 2746 Ipse

1936 2766 2153 2834 quidem
2204 2764 2374 2819 David
2418 2764 2687 2819 desiderat
2726 2765 2933 2835 ingredi
2983 2767 3032 2820 in
3078 2765 3215 2820 atria
3256 2767 3491 2832 Domini,

1935 2855 2124 2912 beatos
2157 2870 2287 2911 vero
2332 2856 2588 2926 praedicat
2621 2856 2926 2911 habitantes
2952 2856 3005 2911 in
3031 2856 3189 2912 domo
3218 2858 3455 2913 Domini.

2392 3122 2711 3179 PSALMUS
2751 3122 3034 3179 LXXXIV.

2010 3216 2172 3272 Vens.
2208 3215 2261 3270 5.
2299 3213 2559 3269 Remisisti
2612 3215 2943 3285 iniquitatem
2974 3215 3109 3284 plebi
3136 3225 3264 3281 ture,
3287 3219 3494 3285 operui-

1936 3310 2008 3361 sti
2031 3308 2207 3361 omnia
2242 3316 2455 3374 peccata
2486 3320 2688 3372 eorum,
2721 3314 2831 3360 etc.
2865 3304 2969 3359 Per
2998 3315 3247 3359 sanctum
3274 3306 3488 3374 quidem

1938 3397 2203 3468 baptisma
2230 3397 2489 3451 Dominus
2513 3407 2737 3466 peccata
2761 3397 3014 3460 remittit;
3052 3396 3141 3450 illa
3164 3410 3292 3451 vero
3314 3399 3492 3467 operit

1938 3505 2035 3561 per
2058 3504 2298 3544 amaram
2335 3487 2731 3558 ptenitentiam.

2014 3665 2179 3721 Vens.
2207 3667 2294 3721 11.
2326 3664 2689 3722 Misericordia
2710 3677 2756 3720 et
2780 3670 2969 3723 veritas
3006 3670 3342 3724 obviaverunt
3366 3673 3489 3737 sibi,

1930 3757 2143 3828 justitia
2164 3766 2212 3811 et
2238 3774 2343 3825 pax
2366 3756 2615 3811 osculata:
2636 3767 2778 3824 sunt,
2803 3768 2909 3812 etc.
2942 3757 3057 3813 Non
3078 3768 3253 3827 potest
3269 3761 3494 3828 iustitia:

268 3849 487 3948 εἰρήνην
518 3849 852 3941 συναφθῆναι
903 3867 1216 3939 δικαιοσύνῃ
1240 3908 1254 3931 ,
1301 3864 1374 3937 μὴ
1422 3862 1675 3935 ἀληθείας
1706 3860 1832 3932 ἐλέῳ

1943 3866 2044 3921 pax
2063 3850 2370 3913 admisceri,
2401 3849 2499 3901 nisi
2533 3849 2731 3902 veritas
2760 3849 3140 3903 misericordizn
3156 3850 3453 3905 obviaverit
3477 3868 3491 3904 :

272 3940 705 4037 σῦναντησάσης·
865 3964 962 4034 μὲν
1011 3961 1120 4031 γὰρ
1169 3959 1316 4022 ἕλεος
1357 3958 1456 4028 τὴν
1496 3953 1832 4023 δικαιοσύνην

1943 3956 2065 3995 nam
2092 3940 2462 3995 misericordia
2485 3940 2775 4010 justitiam,
2804 3940 3001 3994 veritas
3027 3954 3154 3994 vero
3185 3954 3370 4010 pacem
3398 3959 3493 4012 pa-

272 4032 518 4129 γεννᾷ,
547 4058 603 4111 δὲ
633 4032 987 4126 ἀλήθειαήτὴν
1021 4055 1263 4124 εἰρήνην.
1304 4047 1626 4119 Δικαιοσύνη
1657 4045 1712 4100 δὲ
1748 4044 1832 4098 καὶ

1943 4036 2030 4090 rit.
2067 4032 2285 4088 Iustitia
2333 4043 2512 4087 autem
2544 4044 2597 4087 et
2628 4046 2731 4101 pax
2761 4033 2812 4085 in
2837 4034 3051 4087 actione
3079 4042 3134 4086 et
3158 4038 3496 4104 contempla-

274 4150 467 4220 εἰρήνη
498 4147 621 4218 περὶ
645 4146 840 4218 πρᾶξιν
865 4145 960 4198 καὶ
986 4143 1215 4213 θεωρίαν
1242 4139 1593 4210 λαμϐάνεται.

342 4240 703 4305 Δικαιοσύνη
743 4234 998 4290 ἐνώπιον
1039 4233 1226 4288 αὑτοῦ
1268 4230 1753 4300 προπορεύσεται,
1784 4240 1838 4276 κ.

271 4348 324 4384 τ.
354 4333 403 4385 ὲ.
449 4331 512 4383 Ἦ
554 4328 795 4401 ἄρχουσα
822 4327 930 4380 τῶν
966 4323 1281 4397 πρακτικῶν
1325 4321 1532 4395 ἀρετῶν
1565 4321 1599 4390 ἡ
1634 4318 1841 4370 δικαιο-

274 4423 409 4496 σύνη
453 4424 619 4487 ἐστὶν,
647 4423 738 4490 ἀφ’
768 4417 837 4493 ἧς
872 4420 964 4473 καὶ
1000 4419 1050 4471 οι
1082 4416 1354 4488 ἄνθρωποι
1392 4414 1590 4468 δίκαιοι
1637 4407 1838 4481 ὀνομά-

272 4513 475 4578 ζονται.

847 4696 1135 4751 ΨΑΛΜΟΣ
1173 4694 1297 4748 ΠΕ’.

345 4788 554 4846 Σῶσον
584 4789 689 4842 τὸν
719 4787 942 4841 δοῦλόν
973 4801 1110 4849 σου,
1141 4787 1172 4838 ὁ
1200 4783 1342 4847 Θεός
1364 4797 1505 4850 μου,
1534 4778 1640 4832 τὸν
1673 4777 1843 4832 ἐλπί-

275 4884 449 4947 ζοντα
480 4882 575 4935 ἐπὶ
609 4881 702 4947 σὲ,
730 4898 783 4934 κ.
812 4896 861 4934 τ.
888 4877 933 4931 ἑ.
972 4878 1034 4929 Ἢ
1073 4876 1274 4946 γνῶσις
1305 4876 1339 4945 ἠ
1372 4872 1467 4926 τοῦ
1493 4869 1627 4924 Θεοῦ
1671 4885 1845 4939 σωτη-

274 4975 368 5047 ρία
395 4974 511 5027 ἐστὶ
537 4970 732 5042 ψυχῆς.

342 5067 459 5123 Καὶ
491 5061 810 5131 συναγωγὴ
847 5056 1138 5127 κραταιῶν
1176 5055 1472 5125 ἐζήτησαν
1492 5052 1606 5122 τὴν
1629 5048 1841 5121 ψυχήν

261 5178 408 5228 μου,
453 5175 507 5212 κ.
551 5174 600 5211 τ.
641 5157 686 5208 ὲ.
727 5154 801 5208 Τὸ
828 5154 1013 5223 τάγμα
1043 5148 1150 5203 τῶν
1198 5147 1466 5219 δαιμόνων
1517 5143 1837 5214 συναγωγὴν

264 5253 371 5307 ὼνό
386 5266 527 5323 μασε
560 5245 858 5321 κραταιῶν.

821 5426 1113 5483 armum:
1150 5427 1293 5494 [ις’.

343 5522 554 5595 Μήτηρ
604 5528 759 5580 Σιὼν
800 5520 944 5590 ἐρεῖν
982 5521 1314 5588 Ἄνθρωπος
1338 5558 1353 5587 ,
1397 5517 1491 5573 καί
1536 5516 1842 5587 ἄνθρωπος

334 5686 382 5721 ⁶⁰
402 5688 602 5745 Jerem.
635 5709 696 5751 ιι,
723 5696 812 5750 2|,

546 5782 811 5851 ΡΑτιιοι.
849 5792 967 5855 Gn.
1005 5793 1146 5858 XII.

1943 4127 2089 4183 tione
2117 4137 2422 4181 versantur.

2015 4217 2180 4273 Vens.
2215 4217 2303 4272 M.
2328 4217 2545 4270 Justitia
2587 4225 2707 4269 ante
2742 4231 2858 4268 eum
2894 4214 3200 4279 ambulabit,
3230 4224 3336 4270 elc.
3368 4215 3501 4271 Pra-

1947 4312 2099 4366 cticis
2125 4308 2410 4364 uirtutibus
2430 4308 2643 4376 jusutia
2679 4308 2928 4375 imperat,
2958 4316 3012 4360 et
3034 4321 3100 4359 ex
3135 4305 3222 4359 illa
3253 4306 3501 4362 homines

1938 4403 2071 4474 justi
2095 4404 2461 4457 nominantur.

2417 4668 2736 4730 PSALMUS
2776 4666 3037 4723 LXXXV.

2028 4771 2190 4825 Vens.
2221 4770 2276 4824 2.
2334 4767 2553 4824 Salvum
2588 4764 2673 4832 [ac
2704 4778 2908 4816 servum
2962 4771 3131 4824 tuum,
3160 4757 3300 4813 Deus
3344 4775 3509 4823 meus.

1945 4875 2233 4933 sperantem
2266 4861 2322 4913 iu
2350 4870 2421 4924 te,
2451 4865 2556 4911 etc.
2595 4853 2845 4924 Cognitio
2877 4851 2974 4908 Dei
2998 4851 3145 4906 salus
3174 4859 3259 4906 est
3296 4851 3509 4907 animae.

2017 5041 2178 5115 7⁸1ἇΙ
2220 5043 2382 5097 Vens.
2412 5042 2497 5096 M.
2543 5037 2610 5093 Et
2654 5053 2917 5109 synagoga
2964 5045 3248 5106 potentium
3296 5036 3514 5104 φιωεξε-

1943 5145 2064 5189 runt
2097 5137 2328 5189 animum
2372 5150 2560 5200 nteant,
2587 5141 2694 5186 etc.
2728 5129 2984 5186 Ordinem
3028 5129 3332 5185 daemonum
3387 5140 3514 5199 syn-

1953 5245 2178 5301 agogam
2212 5229 2426 5285 vocavit
2449 5228 2766 5299 potentium.

2400 5415 2723 5474 PSALMUS
2758 5412 3047 5473 LXXXVI.

2016 5513 2181 5572 Vens.
2213 5511 2266 5568 5.
2306 5510 2479 5567 Mater
2509 5510 2639 5566 Sion
2665 5510 2840 5565 dicet:
2876 5507 3045 5562 Homo
3073 5516 3121 5560 et
3151 5506 3306 5562 homo
3354 5515 3507 5561 natus

3064 5757 3142 5822 Ῑι9
