3928 6158
545 234 687 291 4547
1434 206 1439 211 ’
1920 227 2016 285 ex
2053 225 2357 286 ORIGENE
3622 217 3709 271 ιιι

542 363 618 409 est
666 354 721 406 ir.
770 367 853 416 ea,
899 357 1007 406 etc.
1043 348 1187 403 Puer
1224 346 1380 402 Jesus
1412 346 1659 404 nascitur
1701 347 1755 401 in
1808 344 2085 402 Bethleem

2154 350 2187 406 Α
2213 342 2466 417 ἐγενήθη
2495 343 2566 399 ἐν
2611 344 2786 414 αὐτῇ,
2826 362 2880 399 κ.
2914 363 2965 400 τ.
2991 346 3041 399 ὲ.
3071 345 3143 399 Τὸ
3182 345 3290 416 μὲν
3342 346 3535 400 παιδίον
3569 349 3705 420 hac};

545 442 709 500 homo
731 450 910 496 autem
943 440 996 495 in
1025 439 1178 505 Sion,
1212 440 1339 510 quia
1367 441 1511 495 actio
1536 440 1755 510 quidem
1786 438 2030 494 nascitur
2056 440 2096 495 ir

2215 437 2468 507 γεννᾶται
2507 437 2567 491 ὲν
2612 436 2889 507 Βηθλεὲμ,
2928 439 2957 491 6
2993 437 3051 490 δὲ
3097 437 3388 509 ἄνθρωπος
3418 443 3471 492 ὲν
3501 438 3625 507 Σιὼν,
3655 444 3707 498 Eii

543 536 741 600 anima,
769 531 1036 602 sapientia
1061 547 1187 588 vero
1210 532 1266 586 in
1293 541 1496 587 mente.

2212 529 2275 582 τὸ
2304 527 2503 602 πρᾶξιν
2539 528 2637 600 μὲν
2661 528 2939 583 τίκτεσθαι
2970 530 3029 584 ὲν
3057 532 3121 600 τῇ
3148 529 3324 601 ψυχῇ,
3356 531 3533 599 σοφίαν
3556 532 3601 585 δὲ
3627 550 3689 603 γεν

2214 621 2409 676 νᾶσθαι
2437 623 2495 674 ὲν
2527 621 2606 692 τῷ
2637 620 2732 692 νῷ.

614 715 777 771 Vens.
804 715 859 769 7.
897 713 1053 769 Sicut
1081 713 1374 769 laztantium
1398 714 1632 769 omnium
1671 713 1928 769 habitatio
1950 722 2027 769 est
2049 716 2106 770 in

2297 716 2389 781 Ὠς
2417 714 2896 785 εὐφραινομένων
2921 713 3160 767 πάντων
3193 713 3235 781 ἡ
3266 715 3607 768 κατοικίανέν
3628 717 3702 774 col.

542 818 614 874 te,
646 817 756 863 etc.
803 805 1005 862 Omnes
1044 805 1136 875 qui
1174 805 1436 860 laetantur
1478 805 1531 859 in
1572 805 1825 872 scientia,
1857 805 2093 861 habitam

2217 825 2273 861 κ.
2304 824 2355 861 τ.
2390 807 2436 860 ὲ.
2468 806 2677 871 Πάντες
2716 808 2765 860 oi
2798 806 3212 877 εὐφραινόμενοι
3251 806 3349 858 ἐπὶ
3387 804 3566 872 γνώσει
3592 822 3704 859 κατα-

541 905 596 956 in
625 900 910 970 sapientia,
962 907 1016 955 et
1064 913 1251 954 omnes
1284 899 1374 969 qui
1422 898 1672 954 habitant
1723 898 1779 953 in
1823 900 2092 969 sapientia

2218 900 2403 955 κοῢσιν
2438 904 2495 955 ὲν
2524 903 2588 971 τῇ
2620 899 2809 971 σοφίᾳ·
2840 899 2937 954 καὶ⁵
2971 898 3169 963 πάντες
3220 899 3272 951 οἱ
3318 898 3648 962 κατοικοῦντες
3670 901 3703 952 iv

540 1001 801 1064 tanquam
832 991 1095 1064 sapientia
1128 990 1469 1046 delectantur
1491 990 1738 1046 scientia.

2217 997 2286 1067 τῇ
2322 993 2507 1066 σοφίᾳ,
2531 994 2606 1058 ὡς
2631 994 2794 1065 σοφίᾳ
2823 992 3203 1064 εὐφραίνονται
3236 990 3335 1045 ἐπὶ
3366 990 3564 1059 γνώσει.

993 1143 1311 1201 PSALMUS
1348 1142 1658 1200 LXXXVII.

2779 1152 3073 1207 ΨΑΛΜΟΣ
3108 1151 3238 1205 ΠΖ⁹.

611 1241 775 1295 Vens.
812 1238 865 1294 ι.
892 1236 960 1291 Et
1008 1239 1115 1293 vita
1140 1254 1256 1291 mea
1280 1237 1487 1307 inferno
1510 1237 1976 1308 appropinquavit,
2000 1244 2109 1291 etc.

2283 1244 2393 1300 Kal
2440 1245 2480 1314 ἠ
2512 1244 2622 1314 ζωή
2657 1262 2775 1314 μου
2814 1245 2895 1312 τῷ
2934 1244 3046 1314 ᾄδῃ
3084 1243 3512 1315 προσήτνισεν,
3552 1261 3596 1297 κ.
3617 1259 3656 1296 τ.
3676 1245 3702 1297 ἐ.

538 1333 595 1390 Si
650 1332 845 1387 inferni
904 1330 1122 1386 nomine
1179 1339 1413 1383 mortem
1457 1328 1752 1397 acceperis,
1813 1342 2089 1400 cognosce.

2223 1335 2353 1393 Ἐὰν
2385 1335 2693 1409 μεταλάϐῃς
2734 1336 2825 1390 τὸν
2859 1336 2990 1408 ᾅδην
3038 1337 3119 1400 είς
3163 1336 3259 1389 τὸν
3307 1335 3540 1399 θάνατον,
3582 1334 3708 1407 γνώσῃ

539 1423 808 1493 quomodo
835 1436 978 1476 mors
1010 1422 1176 1475 vitam
1204 1419 1437 1474 hominis
1470 1427 1805 1489 corrumpat.
1834 1419 2090 1473 lnlernun‘

2211 1427 2331 1493 πῶς
2368 1428 2400 1483 6
2445 1428 2672 1491 Θάνατος
2720 1427 3017 1499 διαφθείρει
3082 1427 3233 1500 ζωὴν
3282 1427 3569 1499 ἀνθρώπου,
3596 1428 3705 1499 ᾍδην

540 1530 667 1572 vero
692 1515 791 1570 hoc
819 1514 938 1570 loco
965 1524 1124 1568 vocat
1165 1510 1456 1576 diabolum,
1488 1525 1549 1566 se
1576 1519 1758 1565 autem
1788 1511 1975 1565 vitam.

2210 1519 2268 1573 δὲ
2329 1520 2423 1576 νῦν
2492 1517 2745 1592 ὀνομάζει
2811 1519 2902 1573 τὸν
2972 1518 3219 1574 διάϐολον
3245 1559 3261 1584 ,
3337 1518 3476 1590 ζωὴν
3522 1519 3570 1570 δὲ
3621 1519 3705 1570 ἑαν-

2210 1612 2319 1667 τόν.

928 1691 958 1714 .-
1324 1698 1335 1709 .
1526 1697 1539 1708 .
1725 1696 1738 1708 .
2136 1642 2159 1699 Ῑ

608 1700 774 1755 Vens.
805 1697 859 1752 6.
900 1697 1047 1751 δείξω
1080 1695 1335 1751 vulnerati
1368 1697 1680 1751 dormientes
1717 1714 1772 1751 in
1809 1694 2101 1765 sepulchro,

2156 1643 2179 1699 3
2285 1703 2444 1759 Ὠσεί
2502 1705 2849 1775 τραυματίαι
2906 1702 3309 1769 καθεύδοντες
3358 1702 3425 1757 ἐν
3466 1701 3619 1770 τάφῳ,
3650 1695 3707 1753 ὧγ

536 1805 760 1859 quorum
807 1804 911 1843 non
962 1804 1160 1841 memor
1208 1802 1261 1841 es
1292 1787 1543 1857 amplius,
1570 1796 1679 1842 etc.
1716 1786 1867 1843 lllius
1910 1788 1963 1841 in
1999 1802 2087 1857 qut

2204 1797 2317 1851 οὐκ
2361 1794 2669 1867 ἐμνήσθης
2713 1796 2831 1862 ἔτι,
2860 1814 2915 1850 κ.
2947 1813 2997 1849 τ.
3030 1797 3078 1850 ἐ.
3120 1795 3366 1848 Ἐκεῖνον
3408 1792 3703 1865 μνημονεῦειί

540 1881 750 1937 habitat
797 1880 1074 1946 Dominus,
1123 1894 1331 1934 memor
1377 1887 1493 1945 est;
1542 1877 1683 1934 illius
1715 1892 1844 1934 vero
1897 1880 1953 1934 in
1998 1893 2091 1951 qut

2202 1888 2406 1962 Κύριος
2441 1888 2535 1942 τοῦ
2577 1892 2635 1942 ὲν
2663 1882 2708 1958 ᾧ
2764 1889 2977 1958 γίνεται
3002 1906 3016 1919 ·
3072 1888 3334 1942 κάκείνου
3364 1890 3422 1941 οὐ
3454 1885 3705 1958 μνημονεύει

545 1988 655 2028 non
685 1972 919 2036 habitat,
960 1972 1245 2026 immemor
1272 1979 1375 2028 est.

1272 1979 1375 2028 est.
2202 1977 2295 2032 τοῦ
2322 1979 2378 2031 ὲν
2411 1970 2455 2046 ᾦ
2481 1979 2542 2032 οὑ
2573 1977 2805 2046 γίνεται.

607 2064 738 2118 Intn.
768 2061 837 2115 Et
865 2061 966 2128 ipsi
1004 2061 1068 2115 de
1091 2077 1254 2114 manu
1286 2070 1378 2113 tua
1423 2057 1617 2129 repulsi
1653 2068 1796 2126 sunt,
1833 2067 1943 2116 etc.
1990 2060 2106 2115 Ma-

2270 2070 2384 2125 Kai
2420 2072 2591 2124 αὐτοὶ
2636 2071 2704 2125 ἐκ
2738 2071 2850 2139 τῆς
2890 2073 3088 2141 χειρός
3127 2087 3253 2126 σου
3302 2068 3644 2135 ἀπώσθησαγ,
3666 2082 3698 2116 ι

538 2172 666 2213 num
720 2156 823 2211 hoc
871 2154 992 2210 loco
1037 2161 1201 2209 vocat
1241 2152 1602 2224 cognitionem
1632 2153 1749 2217 Dei,
1787 2167 1905 2225 quae
1938 2167 2075 2224 oppu

2202 2179 2252 2216 τ.
2275 2164 2320 2216 ὲ.
2356 2163 2526 2235 Χεῖρα
2556 2161 2651 2217 νῦν
2677 2161 2823 2231 λέγει
2855 2162 2950 2233 τὴν
2977 2163 3180 2232 γνῶσιν
3224 2161 3324 2234 τὴν
3353 2159 3441 2214 τοῦ
3473 2156 3600 2223 Θεοῦ,
3619 2158 3700 2228 ἥτις

538 2251 718 2323 gnatis
751 2247 1006 2305 auxiliari
1033 2247 1188 2304 solet.

2204 2254 2414 2324 πέφυκε
2448 2254 2662 2327 βοηθεῖν
2691 2257 2802 2318 τοῖς
2833 2255 3287 2327 πολεμουμένοις.

610 2341 773 2396 Vens.
797 2340 850 2395 8.
884 2339 1053 2409 Super
1075 2355 1167 2394 me
1191 2339 1531 2409 conﬁrmatus
1555 2350 1630 2395 est
1654 2341 1807 2410 {uror
1830 2349 1972 2405 tuus,
1997 2349 2102 2394 etc.

2287 2348 2407 2400 Ἐπ’
2446 2348 2552 2416 ἐμὲ
2596 2347 2997 2416 ἐπεστηρίχθη
3050 2348 3084 2400 ὁ
3140 2346 3329 2416 θυμός
3374 2360 3500 2408 σου,
3540 2336 3693 2395 nti.

537 2432 788 2489 Christus
828 2432 966 2488 stitit
1012 2432 1254 2487 furorem
1302 2431 1397 2486 Dei
1428 2433 1691 2488 adversus
1711 2448 1899 2489 omnes
1932 2433 2088 2488 homi-

2204 2438 2307 2492 Τὸν
2352 2439 2520 2509 θυμὸν
2575 2437 2664 2492 τοῦ
2693 2437 2828 2491 Θεοῦ
2873 2437 3098 2508 ἔστησεν
3135 2440 3166 2491 6
3194 2436 3424 2507 Χριστὸς
3454 2432 3570 2488 κατὰ
3606 2430 3695 2485 πᾶν·

542 2540 639 2581 nes
667 2526 983 2581 excitatum.
1024 2524 1325 2594 Propterea
1379 2539 1605 2580 «omnes
1661 2525 2093 2589 declinaverunt,

2202 2547 2311 2585 των
2345 2531 2665 2602 ὁρμήσαντα
2702 2528 2813 2583 τῶν
2843 2528 3166 2600 ἀνθρώπων.
3207 2527 3351 2581 Διὸτι
3387 2545 3406 2577 ‹
3437 2525 3598 2586 πάντες
3617 2520 3691 2586 ἐξὲ-

536 2617 697 2672 simul
746 2617 963 2672 inutiles
1017 2615 1146 2673 facti
1203 2626 1346 2684 sunt,
1392 2631 1501 2672 non
1561 2625 1646 2673 est
1672 2619 1765 2687 qui
1807 2616 1975 2673 faciat
2011 2617 2087 2672 ho

2204 2622 2409 2687 κλιναν,
2437 2621 2554 2693 ἅμα
2608 2618 3019 2692 ὴχρειὼθησαν·
3061 2620 3164 2673 οὐκ
3197 2619 3315 2673 ἔστι
3346 2617 3499 2672 ποιῶν
3530 2612 3691 2686 χρηστό-

536 2726 668 2768 num
682 2711 750 2766 ⁶¹.
779 2728 800 2765 ι

2202 2730 2364 2768 τητα.
2392 2730 2410 2765 ι

610 2730 901 2857 Vneris)“.
933 2799 1192 2871 Nunquid
1220 2800 1444 2854 mortuis
1476 2800 1640 2870 facies
1672 2798 1938 2854 mirabilia
1961 2800 2105 2854 ἵεις.

2202 2730 2234 2766 τ
2274 2730 2364 2766 τα.
2392 2730 2411 2765 ι

2239 2732 2368 2873 nillil
2414 2804 2538 2870 τοῖς
2582 2802 2816 2872 νεκροῖς
2869 2802 3141 2869 ποιήσεις
3176 2800 3499 2883 θαυμάσια)
3538 2812 3636 2851 ις.
3654 2794 3684 2848 ὲ.

538 2895 642 2962 Qui
688 2895 796 2949 vita
841 2893 1040 2964 privati
1094 2902 1244 2958 sunt,
1277 2892 1465 2947 videre
1514 2900 1788 2962 nequeunt
1831 2892 2089 2948 mirabili:

2204 2896 2268 2953 Oi
2299 2897 2647 2970 ἐστερημένοι
2678 2897 2775 2967 τῆς
2812 2896 2958 2966 ζωῆς
2992 2897 3052 2949 οὐ
3096 2895 3353 2951 δύνανται
3386 2893 3501 2948 ίδεῖν
3528 2891 3579 2946 τὰ
3602 2888 3683 2942 θαυ-

538 2988 663 3042 νίιω
688 3001 806 3057 quae
835 2985 1001 3040 dixit:
1039 3003 1057 3035 ι
1083 2984 1194 3051 Ego
1225 2999 1343 3039 sum
1379 2985 1488 3038 vita
1505 2985 1569 3040 δ’.
1603 3004 1623 3038 ι

2133 2971 2174 3052 C
2208 2986 2378 3055 μάσια
2441 2984 2540 3054 τῆς
2604 2982 2750 3054 ζωῆς
2804 2983 2900 3053 τῆς
2959 2980 3254 3055 εἰπούσης·
3316 3001 3334 3033 ι
3373 2977 3501 3047 Ἐτὼ
3546 2973 3684 3045 εἰμιὴ

2199 3075 2333 3146 ζωή.
2358 3092 2377 3125 ι

622 3163 791 3217 Vens.
832 3160 919 3213 l2.
949 3159 1203 3230 Nunquid
1250 3160 1486 3213 narrabit
1516 3160 1710 3230 aliquis
1751 3160 1807 3214 in
1831 3159 2104 3229 sepulchro

2267 3166 2366 3237 Μὴ
2400 3166 2751 3238 διηγήσεταί
2782 3184 2870 3233 τις
2905 3168 2975 3221 ἐν
3012 3166 3092 3232 τῷ
3122 3166 3293 3237 τάφῳ
3323 3165 3385 3219 τὸ
3427 3162 3572 3227 ἔλεός
3591 3174 3681 3217 σοιί

541 3251 956 3309 misericordiam
985 3261 1130 3303 tuam
1161 3259 1209 3304 et
1255 3250 1524 3303 ueritatem
1568 3261 1713 3304 tuam
1748 3252 1803 3304 in
1851 3252 2092 3318 perditio-

2200 3260 2299 3315 καὶ
2336 3258 2451 3329 τὴν
2486 3258 2774 3325 ἀλήθειάν
2798 3248 2914 3312 σου
2959 3258 3030 3312 ἐν
3058 3257 3132 3326 τῇ
3177 3259 3469 3325 damula;
3507 3272 3549 3308 κ.
3586 3267 3622 3303 τ.
3650 3248 3677 3300 ἐ.

542 3346 646 3399 ne?
676 3352 782 3401 etc.
834 3340 1293 3410 Quemadmodum
1323 3341 1378 3394 in
1427 3341 1494 3395 iis
1547 3342 1636 3409 qui
1670 3344 1951 3410 perierunt
1998 3358 2093 3396 non

2203 3353 2413 3424 Ὥσπερ
2451 3352 2508 3404 ὲν
2541 3353 2652 3414 τοῖς
2693 3349 3027 3403 ἀπολωλόσιν
3071 3350 3171 3402 οὐκ
3219 3349 3364 3402 ἐστιν
3401 3344 3603 3416 ἀλήθεια,
3624 3336 3677 3391 οὗ·

540 3448 624 3490 est
649 3435 867 3501 veritas,
912 3432 992 3486 sic
1032 3431 1087 3484 in
1142 3431 1209 3486 iis
1262 3432 1351 3501 qui
1382 3432 1655 3487 obscurati
1681 3440 1805 3488 sunt
1844 3449 1947 3489 non
1978 3448 2091 3489 sum

1983 3448 2107 3490 ευηι
2198 3462 2308 3509 τως
2334 3445 2391 3498 ὲν
2421 3444 2535 3507 τοῖς
2561 3440 2962 3512 ὲσκοτισμὲνοις
2988 3440 3088 3495 οὐκ
3120 3439 3238 3494 ἐστι
3266 3437 3534 3509 θαυμάσια.

542 3526 828 3583 mirabilia.

542 3646 548 3655 -
611 3617 775 3673 Vens.
807 3618 891 3672 l5.
926 3614 994 3668 Et
1022 3612 1237 3687 Justitia
1270 3621 1363 3667 tua
1392 3613 1447 3668 in
1479 3622 1621 3669 terra
1667 3615 1963 3681 oblivionis,
1995 3626 2093 3670 etc.

2276 3619 2385 3673 Kal
2417 3619 2456 3686 ἠ
2507 3617 2857 3686 δικαιοσύνη
2903 3632 3020 3672 σου
3055 3617 3125 3671 ἐν
3166 3617 3248 3687 τῇ
3300 3606 3675 3677 agamnam.

542 3709 709 3764 Terra
740 3709 1028 3765 oblivionis
1059 3717 1143 3763 est
1171 3711 1350 3761 anima
1375 3705 1662 3762 rationalis
1689 3706 1954 3763 fructibus
1977 3723 2093 3762 san-

2207 3727 2262 3767 κ.
2293 3727 2345 3763 τ.
2374 3711 2419 3762 ὲ.
2450 3710 2529 3780 Γῆ
2560 3709 2958 3780 ὲπιλελησμένη
2996 3709 3111 3762 ἐστὶ
3139 3708 3286 3781 ψυχὴ
3320 3705 3492 3777 λογικὴ
3517 3690 3675 3754 τῶντοῧ

542 3802 613 3856 cti
642 3802 873 3871 Spiritus
905 3802 1115 3856 orbata.

2207 3803 2362 3872 ἁγίου
2394 3802 2707 3875 Πνεύματος
2729 3801 3060 3874 ἐστερημένη
3102 3799 3347 3872 καρπῶν.

616 3896 776 3950 Vens.
818 3894 901 3948 Π.
938 3893 1181 3947 Terrores
1232 3893 1311 3946 tui
1356 3892 1793 3947 conturbauerunt
1834 3908 1934 3958 me,
1990 3901 2099 3948 etc.

2279 3898 2344 3948 Ol
2375 3894 2722 3977 φοϐερισμοι
2757 3908 2872 3948 σου
2899 3892 3265 3961 ἑξετάραξάν
3296 3907 3386 3961 με,
3420 3905 3469 3941 κ.
3494 3902 3536 3938 τ.
3613 3877 3672 3927 Φο-

544 3990 807 4044 Terrores
855 3997 1014 4043 vocat
1054 3987 1282 4043 virtutes
1320 3988 1580 4057 quasdam
1634 3986 1875 4054 impuras
1903 3995 1959 4040 et
1990 3995 2095 4039 tur-

2205 3985 2500 4058 θερισμοὺς
2528 3973 2674 4056 λέγει
2704 3986 2957 4057 δυνάμεις
2992 3982 3143 4048 τινάς
3174 3982 3493 4053 ἀκαθάρτους
3519 3973 3590 4029 καὶ
3614 3983 3673 4017 τα·

544 4082 813 4138 bulentas.

2206 4076 2494 4150 ραχώδεις.

894 4263 1054 4335 775
1092 4261 1410 4319 PSALMUS
1437 4261 1766 4317 LXXXVIII.
2134 4269 2178 4323 ι)

1657 4261 1766 4317 llll.
2134 4269 2178 4323 D
2756 4257 3043 4313 ΨΑΛΜΟΣ
3076 4254 3208 4311 IIH'.

611 4379 776 4437 Vens.
805 4380 859 4435 2.
901 4378 1287 4432 Misericordia:
1321 4389 1460 4442 tuas,
1491 4377 1730 4445 Domine,
1765 4379 1820 4432 in
1857 4389 2105 4433 wternum

2276 4376 2353 4432 Τὰ
2388 4374 2526 4444 ἐλὲη
2569 4391 2704 4439 σου,
2741 4375 2938 4443 Κύριε,
2988 4375 3074 4438 εὶς
3121 4370 3306 4425 αἰῶνα
3356 4364 3556 4433 ᾄσομαι.
3599 4348 3666 4411 Εἰς

542 4474 783 4529 cantabo.
808 4470 876 4525 In
891 4469 1274 4540 generationem
1301 4478 1347 4521 et
1378 4470 1761 4537 generationem
1783 4456 2093 4521 annuntiabc

2203 4468 2414 4540 γενεὰν
2446 4470 2541 4522 καὶ
2584 4468 2797 4537 γενεὰν
2834 4461 3145 4534 ἀπαγγελῶ
3175 4462 3288 4531 τὴν
3324 4448 3566 4544 ἀλήθιειῷ⁸
3591 4455 3666 4544 εξου

544 4566 809 4620 ueritatem
837 4574 983 4615 tuam
1005 4561 1061 4613 in
1090 4575 1177 4613 ore
1198 4574 1331 4623 meo,
1363 4568 1467 4615 etc.
1501 4558 1864 4615 Misericordia
1893 4561 2095 4628 quidem

2203 4562 2273 4615 ἐν
2307 4559 2386 4626 τῷ
2416 4560 2666 4628 στόματι
2694 4576 2833 4628 μου,
2861 4575 2912 4611 κ.
2941 4575 2993 4610 τ.
3026 4559 3074 4609 ὲ.
3112 4555 3185 4608 Τὸ
3220 4555 3314 4623 μὲν
3345 4550 3472 4609 ἔλεος
3491 4541 3587 4601 τοὺς

545 4656 791 4710 homines
835 4652 1100 4717 aediﬁcat,
1148 4651 1349 4705 veritas
1404 4660 1585 4706 autem
1626 4662 1846 4707 sanctas
1886 4653 2096 4707 virtutes

2108 4690 2109 4695 ι
2205 4652 2453 4725 θρώπους
2472 4626 2819 4724 cimolia-1;
2850 4650 2907 4704 δὲ
2924 4649 3149 4721 ἀλήθεια
3179 4640 3435 4716 ὲτοιμάζει
3455 4626 3659 4697 milia;

583 4763 650 4799 ne
692 4754 826 4798 arat.

544 4763 575 4814 Ρ
620 4762 776 4891 νῗῑιιε.
808 4835 861 4889 6.
895 4833 1288 4902 Conﬁtebuntur
1349 4832 1460 4886 cazli
1514 4833 1782 4887 mirabilia
1830 4847 1943 4901 tua,
2001 4845 2095 4892 etc.

2201 4743 2336 4797 δυνά
2380 4760 2425 4795 ει
2463 4781 2477 4796 .

2284 4760 2848 4904 Ἐέοέῗολογήσονται
2909 4835 2963 4886 οἱ
3022 4822 3263 4899 οὐρανοὶ
3324 4820 3391 4878 τὰ
3444 4799 3658 4904 θαυμξίς

549 4947 571 4982 ι
604 4897 1016 4984 Contilebuntur
1049 4943 1067 4977 ι
1100 4940 1199 4994 pro
1233 4944 1250 4976 ‹
1286 4923 1536 4980 laudibus
1568 4925 1851 4982 extollent.
1881 4944 1902 4977 ι
1929 4897 1939 4901 ⁷

2200 4897 2424 4989 comit:
2436 4942 2487 4979 τ.
2513 4897 2633 4978 et
2658 4897 3170 4997 Ἐξομολογήσονεεαι
3206 4941 3225 4973 ι
3260 4917 3370 4974 ἀντὶ
3393 4909 3473 4967 τοῦ
3503 4925 3518 4958 t

2204 5035 2373 5073 σουσι.
2412 5038 2433 5072 ι

614 5104 780 5160 Vens.
816 5103 904 5159 15.
932 5102 974 5156 Τ
975 5103 1138 5157 Itabor
1166 5112 1215 5157 et
1243 5101 1475 5157 Hermon
1498 5104 1553 5157 in
1581 5107 1789 5160 nomine
1815 5116 1904 5162 tuo
1931 5112 2106 5164 exsul-

2099 5141 2106 5152 .
2277 5111 2474 5179 Θαὸὼρ
2505 5109 2605 5164 καὶ
2653 5109 2874 5179 Ἑρμῶν
2920 5109 2990 5163 ἐν
3028 5106 3111 5174 τῷ
3141 5098 3371 5173 ὀνόματί
3404 5107 3501 5149 σου
3523 5086 3555 5182 fi
3558 5078 3650 5182 721:1-

546 5195 751 5260 tabunt,
784 5204 889 5250 etc.
924 5192 1143 5248 Thabor
1167 5193 1376 5248 electus.
1399 5193 1615 5249 Thabor
1642 5205 1818 5250 autem
1852 5209 1932 5254 est
1951 5217 2097 5258 mons

2100 5237 2103 5250 ›
2204 5171 2548 5267 λιάσονέαι,
2598 5220 2652 5256 κ.
2812 5203 2859 5255 ὲ.
2929 5171 3124 5269 Θαϐὧρ
3192 5171 3465 5250 ὲιιλεκτόν.
3516 5171 3651 5234 θαθὼρ

545 5288 780 5342 (ἶιοιὶιαεεε
809 5287 863 5341 in
893 5300 1001 5356 quo
1031 5285 1444 5355 transﬁguratus
1469 5295 1551 5340 est
1575 5285 2096 5346 Jesuleermoniim

2098 5330 2099 5341 γ
2205 5290 2264 5345 δέ
2315 5293 2428 5345 ιστι
2471 5292 2532 5345 τὸ
2585 5292 2707 5365 ὅρος
2769 5292 2868 5363 τῆς
2926 5290 3208 5351 Γαλιλαίας
3283 5283 3358 5352 ἐφ’
3405 5269 3456 5330 οὗ
3506 5274 3649 5365 Εεξφί

546 5394 676 5433 vero
707 5393 859 5433 mons
886 5389 967 5432 est
993 5378 1045 5431 in
1075 5393 1180 5446 quo
1205 5380 1309 5431 sita
1334 5389 1416 5431 est
1446 5381 1572 5435 urbs
1599 5380 1782 5451 Naim,
1813 5383 1866 5439 in
1892 5399 1997 5455 qua
2024 5386 2097 5442 vi-

2096 5416 2103 5428 .
2208 5382 2359 5455 φώθη
2390 5355 3016 5456 ΧριστόςίιέΕρμιυνιεὶμ
3052 5382 3109 5435 δέ
3143 5384 3254 5435 ἐστι
3280 5375 3336 5427 τδ
3367 5372 3470 5441 δρθς
3521 5355 3647 5456 ἐφ’

547 5470 663 5524 duae
697 5469 862 5523 [ilium
890 5472 1171 5525 suscitavit
1199 5470 1460 5525 Christus.
1768 5438 1781 5451 '
1908 5438 1925 5455 ⁸

2208 5438 2382 5529 nstruit
2406 5438 2453 5545 ἡι
2474 5438 2625 5539 πόλιξ
2648 5438 2814 5547 Nati);
2848 5478 2904 5528 ἐν
2928 5438 3168 5549 ᾖῇγειρε
3195 5469 3278 5524 τδς,
3294 5438 3404 5535 τῆξ
3417 5456 3552 5528 χήρας
3573 5438 3646 5495 υίὸν

2209 5566 2236 5617 6
2265 5566 2514 5636 Χριστός.

618 5670 661 5702 ⁸⁸
688 5669 828 5725 Psal.
869 5684 985 5733 xm,
1011 5669 1061 5723 5.
1130 5671 1173 5701 ⁸³
1201 5667 1355 5725 Joan.
1382 5684 1488 5737 xw,
1518 5668 1574 5725 6.
