3928 6158
262 304 419 362 1549

1156 323 1465 384 SELECTA
1501 328 1568 385 IN
1603 328 1943 394 PSALMOS.
1983 368 2054 380 -
2086 339 2284 401 PSAL.
2318 344 2604 405 LXXXIX.

3377 365 3518 424 1550

338 425 455 481 Καὶ
485 426 556 482 ἐν
593 428 670 500 τῇ
699 432 942 505 εὐδοκία
989 454 1105 494 σου
1140 444 1525 512 ὑψωθήσεται
1564 460 1631 503 τι)
1671 462 1810 520 κέρα

2020 458 2186 517 Vens.
2215 462 2300 519 18.
2326 467 2395 520 Et
2423 485 2477 523 in
2507 469 2825 541 beneplacilo
2870 483 2958 529 tuo
3006 478 3328 537 excitabitur
3353 501 3517 543 cornu

257 517 462 585 Ws
495 537 548 573 κο
584 539 635 576 το
662 525 709 577 ἑ·
736 527 920 600 Κέρας
951 531 1046 587 νῦν
1076 535 1167 588 τὸν
1210 538 1335 592 νοῦν
1375 541 1647 612 ὀνομάζεν
1683 517 1847 615 ὑιιξοῦζ

251 622 356 663 ται
386 610 445 664 δὲ
468 611 592 679 νοῦς
609 614 697 669 διὰ
716 618 970 687 γνώσεως
1004 624 1160 679 Θεοῦ.

338 703 483 757 Τότε
542 705 856 777 ἐλάλησας
912 713 983 767 ἐν
1042 716 1247 785 ὁράσει
1298 722 1424 789 τοῖς
1486 724 1637 793 υἱοῖς
1693 742 1809 783 σου
1826 768 1842 794 ,

249 803 314 841 κ.
379 807 430 844 τ.
489 793 538 847 ἑ.
591 795 725 849 Τότε
770 797 1044 873 ἑλάλησας
1090 806 1181 860 διὰ
1229 808 1339 864 τῶν
1391 810 1564 881 ἁγίων
1627 831 1842 888 προφη-

247 894 392 936 των.
1262 944 1269 953 .

350 975 449 1028 Ἐν
484 978 666 1049 ἐλαίῳ
702 983 848 1054 ἁγίῳ
888 1003 1008 1055 μου
1033 988 1248 1057 ἕχρισα
1274 993 1478 1060 αὐτὸν,
1515 1013 1570 1052 κ.
1611 1015 1662 1052 τ.
1691 1000 1737 1052 ἐ.
1768 999 1842 1052 Τὸ

251 1064 420 1134 ἅγιον
450 1068 627 1126 ἔλαιον
657 1072 757 1146 τὴν
791 1076 886 1130 τοῦ
926 1078 1058 1132 Θεοῦ
1092 1080 1292 1149 γνῶσιν
1329 1086 1603 1156 σημαίνει,
1642 1089 1839 1160 μᾶλλον

247 1157 315 1212 δὲ
342 1161 443 1233 τὴν
480 1164 711 1238 οὐσιώδη
743 1169 944 1237 γνῶσιν
964 1171 1130 1243 δηλοῖ.

334 1252 460 1305 Οὐκ
507 1254 804 1325 ὠφελήσει
838 1264 872 1314 ό
911 1261 1126 1330 ἐχθρὸς
1166 1265 1236 1319 ἐν
1275 1267 1455 1334 αὐτῷ,
1489 1287 1544 1323 κ.
1585 1289 1633 1325 τ.
1672 1274 1717 1325 ἑ.
1750 1275 1833 1340 Ei,

245 1341 834 1421 ὃτανὰμαρτάνωμεν,
879 1356 1007 1419 τοὺς
1045 1356 1270 1428 ἐχθροὺς
1299 1360 1454 1431 ἡμῶν
1500 1363 1832 1434 ὠφελοῦμεν.

246 1431 492 1503 Χριστὸς
522 1437 578 1490 δὲ
621 1439 717 1510 οὐχ
755 1442 1019 1515 ἥμαρτεν·
1068 1445 1176 1518 ἄρα
1219 1450 1346 1513 τοὺς
1397 1431 1624 1523 ἐχθροὺς
1668 1431 1832 1508 αῦτοῦ

242 1523 357 1576 οὐκ
379 1524 659 1598 ὠφέλησεν
684 1533 712 1583 6
737 1532 987 1603 Χριστός.

323 1618 435 1672 Καὶ
459 1619 716 1691 θήσομαι
752 1625 825 1678 ἐν
865 1627 1147 1699 θαλάσσῃ
1186 1631 1354 1701 χεῖρα
1389 1637 1593 1701 αὑτοῦ,
1643 1640 1737 1692 καὶ
1760 1640 1829 1693 ἐν

242 1712 543 1780 ποταμοῖς
580 1714 787 1780 δεξιὰν
823 1721 1033 1786 αὑτοῦ,
1071 1740 1122 1777 κ.
1168 1742 1217 1777 τ.
1256 1727 1305 1779 ὲ.
1353 1727 1440 1782 Ἐν
1484 1728 1583 1799 μὲν
1624 1733 1690 1802 τῇ
1733 1731 1827 1786 θα-

243 1796 428 1872 λάσσῃ
466 1802 724 1878 τίθεταιὴ
751 1809 873 1880 χεὶρ
900 1811 993 1864 τοῦ
1025 1813 1283 1883 Χριστοῦ,
1330 1818 1386 1870 ἐν
1424 1796 1621 1884 δὲ’τοῖς
1659 1796 1825 1876 ποτα-
1856 1807 1900 1866 Β

242 1896 377 1963 μοῖς
415 1897 448 1966 ὴ
494 1894 645 1962 δεξιὰ
686 1900 869 1954 αὑτοῦ.
907 1902 1075 1974 Πλὴν,
1113 1904 1209 1959 ἐὰν
1240 1906 1460 1982 θελήσῃ,
1508 1912 1541 1981 ἠ
1581 1910 1823 1967 θάλασσα

237 1982 458 2051 γίνεται
488 1989 747 2060 ποταμόςο
779 1993 874 2045 καὶ
895 1993 1052 2048 πάλιν
1082 1997 1110 2048 6
1143 2000 1403 2069 ποταμὸς,
1428 2001 1522 2054 ἐὰν
1549 2003 1622 2073 μὴ
1654 2008 1823 2078 τηρή-

235 2091 313 2146 σῃ
346 2077 439 2130 τὸν
459 2079 523 2132 ἐκ
540 2079 641 2151 τῆς
676 2081 879 2148 κοιλίας
900 2085 1063 2140 αὐτοῦ
1086 2088 1276 2159 ῥέοντα
1307 2092 1545 2163 ποταμὸν
1572 2093 1665 2147 τοῦ
1685 2096 1819 2160 ζῶν-

232 2182 334 2231 τος
373 2166 583 2235 ὕδατος,
605 2171 814 2238 γίνεται
847 2174 1112 2233 Θάλασσα.

309 2259 429 2313 Καὶ
456 2261 566 2316 τὸν
593 2266 809 2333 θρόνον
844 2269 1029 2325 αὑτοῦ
1065 2272 1145 2337 ὡς
1176 2273 1284 2339 τὰς
1314 2275 1535 2344 ἡμέρας
1576 2278 1681 2333 τοῦ
1721 2283 1819 2335 οὐ·

224 2352 456 2418 ρανοῦ,
481 2371 536 2408 κ.
568 2373 620 2412 τ.
650 2359 697 2411 ὲ.
727 2359 896 2416 Ὅταν
944 2361 1165 2435 γένηται
1202 2365 1263 2417 τὸ
1300 2366 1512 2438 Θέλημα
1552 2369 1646 2423 τοῦ
1680 2370 1815 2425 Θεοῦ

230 2443 316 2507 ὡς
347 2445 406 2497 ὲν
432 2442 644 2521 οὐρανῷ
667 2451 760 2505 καὶ¹
778 2454 869 2505 ἐπὶ
900 2452 999 2524 τῆς
1032 2455 1156 2525 γῆς,
1184 2457 1304 2510 τότε
1339 2458 1431 2512 καὶ
1452 2462 1480 2513 6
1513 2460 1698 2533 θρόνος
1719 2465 1812 2518 τοῦ

229 2535 478 2607 Χριστοῦ
508 2538 658 2594 ἔσται
688 2540 762 2606 ὡς
786 2544 840 2596 αἱ
866 2545 1067 2616 ἡμέραι
1094 2546 1188 2599 τοῦ
1208 2547 1458 2619 οὐρανοῦ.

307 2628 420 2683 Καὶ
455 2630 556 2698 τὰς
589 2632 841 2699 ἐντολάς
872 2653 991 2704 μου
1026 2636 1113 2706 μὴ
1138 2640 1474 2707 φυλάξωσι,
1500 2661 1553 2698 κ.
1578 2663 1627 2698 τ.
1660 2653 1710 2705 ὲ.
1755 2646 1812 2701 Ὀ

232 2717 318 2789 μὴ
350 2718 639 2787 φυλάσσων
676 2721 778 2786 τὰς
823 2713 1060 2791 ἐντολὰς
1084 2728 1178 2782 τοῦ
1228 2728 1364 2784 Θεοῦ
1415 2734 1671 2788 ἐκπίπτει
1716 2736 1809 2791 τοῦ

227 2801 375 2860 εἶναι
405 2806 590 2879 θρόνος
624 2809 780 2865 Θεοῦ·
824 2833 842 2865 ι
891 2815 986 2878 Εἰς
1016 2816 1122 2888 γὰρ
1145 2821 1467 2893 κακότεχνον
1506 2824 1682 2896 ψυχὴν
1710 2829 1810 2882 οὐκ

227 2896 600 2953 εἰσελεύσεται
620 2900 797 2969 σοφία,
815 2904 936 2958 οὐδὲ
966 2910 1278 2980 κατοικήσει
1308 2914 1365 2966 ἐν
1396 2912 1608 2985 σώματι
1635 2934 1807 2972 κατα-

226 2990 382 3061 χρέῳ
414 2993 706 3064 ἁμαρτίας.
742 3016 760 3047 ι

317 3078 744 3154 Ἐπισκέψομαι
779 3087 850 3141 ἐν
885 3089 1083 3157 ῥάϐδῳ
1123 3093 1231 3161 τὰς
1280 3097 1532 3166 ἀνομίας
1573 3102 1803 3169 αὐτῶν,
1832 3149 1877 3208 c

317 3187 344 3208 e-
388 3172 410 3208 ιι
467 3190 485 3208 ι
532 3176 754 3208 σιηυυλη.
784 3180 967 3208 2.....-3
1005 3183 1208 3208 πλη--
1259 3188 1467 3208 ωυρμ-
1505 3205 1513 3208 .
1784 3199 1807 3208 ..

226 3185 286 3222 κ.
312 3187 363 3224 τ.
386 3172 432 3224 ἐ.
466 3190 485 3225 ι
532 3177 627 3229 Ὃν
647 3176 754 3247 γὰρ
782 3180 971 3254 ἀγαπᾷ
1003 3183 1230 3255 Κύριος,
1254 3188 1516 3244 παιδεύει⁸
1549 3199 1807 3264 μαστιγοῖ

220 3259 285 3313 δὲ
320 3263 494 3318 πάντα
516 3268 628 3322 υἱὸν
657 3269 715 3323 ὃν
739 3273 1122 3344 παραδέχεται.
1159 3297 1178 3329 ι

305 3356 416 3409 Τὸν
455 3360 669 3427 θρόνον
706 3365 893 3419 αὑτοῦ
939 3369 1027 3433 εἰς
1075 3367 1190 3437 τὴν
1235 3368 1351 3440 γῆν
1414 3375 1800 3446 κατέῤῥαξας,

218 3461 280 3498 κ.
309 3463 361 3500 τ.
389 3448 437 3501 ὲ.
460 3451 553 3515 Εἰς
580 3453 682 3525 γῆν
709 3456 802 3510 ἀπ’
822 3457 1049 3527 οὐρανοῦ
1086 3464 1490 3533 καταράσσεται
1521 3468 1648 3532 νοῦς
1682 3470 1801 3525 ἀντὶ
1901 3471 1918 3528 i

217 3537 546 3611 ἐπουρανίου
577 3546 756 3614 χοῖκὸς
791 3549 1050 3617 γεγονώς.

309 3634 703 3705 Ἐσμίκρυνας
756 3639 864 3706 τὰς
906 3642 1132 3712 ἡμέρας
1175 3644 1282 3700 τοῦ
1322 3650 1545 3717 χρόνου
1587 3654 1794 3723 αὐτοῦ,

216 3743 273 3780 κ.
301 3744 352 3780 τ.
385 3729 432 3781 ὲ.
478 3730 571 3782 Ἐκ
601 3730 701 3801 τῆς
723 3733 1158 3806 ὲγκαταλείψεως
1194 3740 1470 3810 μειοῦνται
1508 3748 1564 3799 αί
1603 3749 1795 3818 ἀρεταὶ

216 3819 316 3874 καὶ
340 3821 397 3874 αἱ
425 3819 655 3889 γνώσεις
689 3824 863 3895 ήμῶνο
900 3828 1062 3882 αὑταὶ
1084 3831 1190 3903 γάρ
1216 3831 1354 3886 εἰσιν
1375 3835 1433 3888 ai
1462 3837 1669 3909 ἡμέραι
1694 3841 1796 3907 τῆς

214 3911 435 3982 φύσεως
470 3914 573 3986 τῆς
605 3914 845 3989 λογικῆς.
1308 3998 1311 4001 _

294 4006 389 4072 Τίς
411 4006 585 4061 ἐστιν
613 4008 921 4078 ἅνθρωπος
945 4012 1012 4079 ὃς
1037 4012 1291 4084 ζήσεται,
1323 4020 1423 4074 καὶ
1443 4024 1554 4077 οὐκ
1584 4023 1795 4093 ὄψεται

212 4094 493 4163 θάνατον,
526 4100 779 4167 ῥύσεται
826 4102 941 4172 τὴν
988 4107 1200 4177 ψυχὴν
1246 4113 1431 4167 αὑτοῦ
1477 4115 1546 4168 ἐκ
1591 4118 1792 4186 χειρὸς

210 4184 399 4253 ᾅδου;
430 4206 483 4242 κ.
516 4208 566 4244 τ.
606 4194 653 4246 ἐ.
697 4193 760 4247 Ἦ
783 4194 1010 4268 αὔξησις
1032 4201 1129 4271 τῆς
1154 4202 1351 4275 ἀρετῆς
1393 4207 1489 4260 καὶ
1521 4184 1623 4279 τῆς

211 4293 353 4342 σεως
386 4280 449 4333 ἐκ
480 4281 579 4351 τῆς
612 4284 751 4338 κατὰ
788 4288 984 4359 μικρὸν
1022 4292 1302 4361 μειώσεως
1336 4297 1524 4353 πασῶν
1556 4298 1664 4354 τῶν
1692 4320 1791 4356 κα-

209 4368 347 4424 κιῶν
391 4372 483 4425 καὶ
524 4373 623 4444 τῆς
677 4378 902 4445 ἀγνοίας
947 4382 1346 4453 ὲπισυμϐαίνει.
1398 4390 1580 4445 Κακία
1607 4393 1665 4447 δὲ
1694 4394 1789 4447 καὶ

1948 560 2207 617 nostrum,
2233 565 2344 611 etc.
2374 556 2556 616 Cornu
2588 561 2695 618 hoc
2735 562 2854 621 loco
2880 577 3113 624 mentem
3145 585 3321 629 vocat.
3353 576 3516 631 Exul-

1949 650 2027 697 tat
2053 655 2233 700 autem
2266 660 2498 706 mentem
2528 654 2768 724 cognitio
2788 655 2882 713 Dei

2018 731 2177 788 Vens.
2205 735 2296 791 20.
2326 736 2469 795 Tunc
2501 740 2708 798 locutus
2734 761 2789 801 es
2810 745 2865 801 in
2885 750 3080 805 visione
3102 753 3233 821 filiis
3259 755 3387 826 tuis,
3402 769 3511 814 etc.

1944 824 2097 883 Tunc
2120 829 2331 885 locutus
2352 847 2411 887 es
2436 848 2532 903 per
2558 846 2776 894 sanctos
2804 843 3115 912 prophetas.

2014 1011 2177 1071 Vens.
2238 1016 2326 1072 21.
2370 1017 2497 1074 Oleo
2519 1035 2699 1078 sancto
2719 1043 2830 1081 meo
2859 1032 2987 1085 ιιηωὶ
3011 1050 3151 1100 eum,
3179 1046 3290 1092 etc.
3318 1037 3506 1095 Oleum

1939 1114 2187 1160 sanctum
2214 1109 2498 1185 scientiam
2529 1113 2621 1167 Dei
2667 1117 2959 1189 significat,
2993 1125 3163 1195 magis
3201 1141 3330 1184 vero
3376 1132 3507 1188 sub-
3581 1123 3584 1126 ’

1937 1195 2244 1251 stantialem
2266 1199 2548 1256 scientiam
2586 1204 2808 1262 indicat.

2011 1283 2167 1342 Vens.
2194 1288 2286 1346 23.
2336 1289 2492 1346 Nihil
2531 1296 2768 1364 proﬁciet
2814 1300 3061 1359 inimicus
3083 1307 3141 1360 in
3175 1326 3257 1374 eo,
3283 1321 3390 1368 etc.
3418 1314 3497 1381 Si,

1934 1386 2058 1429 cum
2102 1390 2413 1446 peccamus,
2451 1396 2740 1451 prosumus
2788 1389 3043 1462 inimicis,
3094 1396 3343 1458 Christus
3369 1419 3501 1462 vero

1933 1477 2041 1519 non
2073 1468 2341 1538 peccavit,
2387 1487 2494 1529 non
2547 1489 2678 1548 ergo
2706 1478 2943 1537 inimicis
2974 1485 3087 1540 suis
3117 1490 3319 1557 profuit
3344 1492 3501 1554 Chri-

1931 1565 2068 1611 stus.

2001 1648 2165 1708 Vens.
2195 1652 2286 1709 26.
2320 1652 2389 1708 Et
2437 1674 2628 1725 ponam
2671 1662 2726 1716 in
2767 1668 2904 1720 mari
2944 1686 3155 1726 manum
3187 1676 3336 1744 ejus,
3363 1687 3412 1732 et
3439 1678 3497 1734 in

1926 1743 2234 1812 ﬂuminibus
2284 1747 2550 1804 dexteram
2572 1753 2686 1820 ejus
2708 1795 2724 1821 ,
2757 1766 2862 1811 etc.
2888 1758 2944 1813 In
2980 1764 3114 1817 mari
3146 1743 3361 1833 quidem
3392 1785 3493 1839 po-

1928 1834 2077 1888 nitur
2117 1850 2311 1894 manus
2363 1839 2587 1908 Christi,
2631 1847 2684 1900 in
2738 1847 3049 1910 ﬂuminibus
3088 1870 3218 1914 vero
3271 1834 3491 1918 dextera

1924 1922 2057 1991 ejus.
2107 1927 2219 1983 [tuo
2244 1968 2259 1994 ,
2289 1930 2333 1984 si
2385 1933 2634 2002 voluerit,
2667 1953 2817 1997 mare
2868 1940 2929 1996 ﬁt
2954 1940 3176 2011 ﬂumen,
3203 1959 3258 2005 et
3302 1967 3494 2010 rursus

1906 2002 2142 2080 ﬂumen,
2173 2017 2218 2072 si
2253 2016 2508 2077 ﬂuentem
2540 2026 2607 2081 de
2638 2041 2826 2087 ventre
2850 2031 2967 2102 ejus
2991 2033 3212 2093 ﬂuvium
3236 2055 3388 2112 aquae
3417 2047 3495 2100 vi-

1921 2111 1992 2160 ta
2020 2121 2125 2162 non
2151 2114 2468 2179 servaverit,
2499 2116 2556 2169 αι
2589 2134 2755 2175 mare.

1989 2277 2153 2336 Vitis.
2187 2283 2275 2337 50.
2308 2284 2377 2339 Et
2423 2290 2670 2346 thronum
2711 2296 2824 2364 ejus
2872 2302 3005 2354 sicut
3048 2304 3160 2357 dies
3209 2309 3343 2376 mli,
3377 2323 3483 2368 etc.

1916 2369 2049 2425 Cum
2085 2373 2227 2430 facta
2273 2376 2438 2434 fuerit
2471 2382 2719 2441 voluntas
2751 2388 2839 2444 Dei
2874 2390 3012 2446 sicut
3055 2395 3107 2449 in
3139 2399 3278 2455 coelo
3322 2369 3378 2459 et
3432 2406 3483 2460 in

1918 2467 2096 2531 terra,
2147 2472 2275 2523 tunc
2328 2469 2492 2526 etiam
2533 2474 2759 2532 thronus
2798 2477 3001 2538 Christi
3037 2488 3143 2543 erit
3186 2491 3328 2547 sicut
3366 2494 3484 2552 dies

1915 2553 2059 2609 cceli.

1984 2641 2150 2701 Vnus.
2187 2647 2278 2707 32.
2311 2649 2380 2703 Et
2407 2656 2663 2711 mandata
2697 2676 2810 2716 mea
2840 2681 2942 2721 ιιωι
2976 2673 3342 2743 custodierint,
3371 2689 3479 2736 etc.

1911 2734 2013 2802 Qui
2039 2756 2142 2796 non
2177 2751 2411 2801 custodit
2445 2752 2695 2809 mandata
2732 2758 2847 2825 Dei,
2875 2763 3075 2821 desinit
3107 2783 3229 2826 esse
3255 2772 3483 2832 thronus

1912 2828 2053 2886 Dei:
2088 2849 2213 2888 nam
2265 2854 2284 2887 ι
2334 2838 2385 2892 in
2439 2841 2755 2901 malevolam
2810 2852 3049 2909 animam
3091 2873 3196 2913 non
3235 2862 3480 2920 iutrorbit

1909 2920 2200 2988 sapientia,
2237 2940 2412 2997 neque
2446 2931 2715 2991 habitabit
2744 2939 2796 2994 in
2849 2956 3078 3012 corpore
3110 2950 3327 3010 subdito
3349 2969 3479 3025 pec-

1907 3010 2044 3066 catis
2070 3010 2133 3067 ⁸³.
2176 3033 2197 3066 ι

1984 3101 2144 3159 Vens.
2164 3105 2249 3163 55,
2294 3108 2530 3169 Visilabo
2561 3116 2617 3170 in
2641 3120 2785 3190 virga
2810 3123 3112 3195 iniquitates
3135 3117 3338 3205 eorum,
3364 3146 3471 3194 etc.

1916 3213 1936 3247 ι
1985 3195 2154 3265 Quem
2187 3204 2333 3259 enim
2380 3209 2553 3280 diligit
2602 3212 2901 3285 Dominus,
2932 3227 3202 3297 corripit;
3244 3195 3475 3304 ﬂageliat

1905 3299 2085 3345 autem
2112 3308 2327 3350 omnem
2355 3298 2523 3356 illium
2552 3319 2712 3373 quem
2741 3314 3009 3382 recipit“.
3052 3338 3071 3371 ι

1976 3379 2139 3439 Vens.
2172 3386 2263 3442 45.
2293 3386 2476 3445 Sedem
2504 3395 2619 3465 ejus
2643 3399 2698 3453 in
2734 3379 2931 3459 terrum
2957 3409 3215 3469 callisisli.
3260 3416 3301 3472 E
3332 3421 3472 3476 cmlo
3502 3446 3505 3449 λ

1970 3651 2132 3714 V333.
2167 3659 2258 3715 46.
2301 3662 2586 3724 Minorasti
2633 3673 2744 3725 dies
2788 3681 3036 3747 temporis
3069 3685 3205 3754 ejus,
3250 3698 3357 3747 etc.
3388 3694 3469 3749 Ex

1897 3741 2244 3805 derelictioue
2280 3754 2598 3813 minuuntur
2626 3764 2857 3820 virtutes
2906 3778 2955 3823 et
2996 3741 3329 3840 cognitiones
3371 3799 3468 3837 nuo

1897 3848 2058 3904 stne;
2101 3842 2230 3912 ipsa:
2255 3849 2399 3902 enim
2431 3861 2557 3906 sunt
2599 3854 2719 3910 dies
2755 3872 2958 3918 natum
3001 3868 3357 3931 rationabilis.

1965 4016 2128 4090 776
2157 4018 2312 4079 Vens.
2338 4025 2426 4081 49.
2463 4026 2594 4092 Quis
2609 4041 2685 4085 est
2716 4034 2869 4087 homo
2897 4037 2987 4105 qui
3010 4037 3156 4106 viret,
3187 4053 3356 4099 etnon
3384 4047 3463 4101 vi-

1890 4103 2027 4161 debit
2052 4121 2291 4178 mortem,
2317 4127 2461 4170 eruet
2487 4122 2720 4177 animum
2758 4140 2907 4178 suam
2943 4130 3007 4182 de
3051 4146 3209 4185 manu
3245 4136 3407 4205 inferi
3437 4139 3466 4194 1'

1889 4210 1996 4254 etc.
2029 4199 2258 4259 Virtutis
2304 4216 2360 4261 et
2414 4210 2658 4268 scientiae
2710 4215 3109 4277 incrementum
3159 4228 3357 4284 accidit
3392 4248 3459 4286 ex

1889 4293 2144 4348 vitiorum
2199 4305 2255 4352 et
2312 4300 2629 4370 ignorantia
2686 4308 3084 4369 imminutione.
3146 4316 3344 4373 Malitia
3404 4334 3462 4378 et

1889 4382 2213 4453 ignorantia,
2254 4392 2448 4448 aniuue
2492 4396 2828 4457 rationabilis
2866 4420 3056 4473 mors;
3101 4411 3209 4466 vita
3252 4423 3455 4483 autem,

208 4458 452 4527 ἀγνωσία
474 4464 703 4531 Θάνατος
734 4469 916 4543 ψυχῆς
952 4473 1200 4548 λογικῆςο
1239 4478 1352 4551 ζωὴ
1382 4481 1440 4534 δὲ
1486 4484 1654 4558 ἀρετὴ
1695 4489 1788 4542 καὶ

1935 4481 2063 4535 irtus
2083 4493 2138 4537 et
2168 4486 2419 4546 scientia.

207 4569 430 4622 γνωσις.

284 4643 365 4703 Οὗ
401 4650 679 4720 ὑπέσχον
711 4654 782 4709 ἐν
815 4655 896 4723 τῷ
925 4660 1131 4729 κόλπῳ
1164 4682 1283 4732 μου
1308 4665 1555 4720 πολλῶν
1573 4668 1781 4735 ἐθνῶν,

204 4752 261 4792 κ.
297 4755 346 4792 τ.
373 4740 421 4794 ἑ.
461 4743 674 4800 Κόλπον
701 4746 796 4800 νῦν
831 4749 927 4821 τὴν
956 4750 1133 4824 ψυχὴν
1189 4755 1468 4826 ὀνομάζει,
1495 4757 1584 4812 διά
1606 4776 1664 4812 τε
1691 4762 1784 4815 καὶ

203 4831 302 4902 τὴν
331 4832 530 4900 γνῶσιν
554 4835 654 4909 τὴν
686 4838 778 4892 τοῦ
807 4840 942 4894 Θεοῦ
985 4844 1166 4912 ἁγαθὰ
1192 4847 1571 4918 ὀνομάζεσθαι·
1603 4851 1783 4919 ἀγαθὰ

202 4922 259 4975 δὲ
307 4924 376 4978 τὰ
432 4928 492 4979 ἐν
551 4929 772 4995 κόλποις
838 4932 1047 5005 πέφυκε
1114 4936 1424 5003 βάλλεσθαι.
1467 4960 1487 4993 ι
1534 4943 1782 4997 Πιστεύω

202 5015 333 5089 γὰρ,
370 5021 524 5091 φησὶ,
557 5022 650 5076 τοῦ
695 5024 823 5079 ἰδεῖν
859 5026 931 5080 τὰ
976 5027 1158 5097 ἀγαθὰ
1193 5032 1402 5103 Κυρίου
1439 5034 1499 5087 ὲν
1542 5037 1612 5105 γῇ
1645 5034 1779 5100 ζών-

199 5125 327 5164 των.
366 5130 385 5164 ι

275 5205 345 5260 Τὸ
385 5205 778 5280 ἀντάλλαγμα
824 5211 931 5267 τοῦ
961 5216 1241 5294 Χριστοῦ,
1290 5236 1342 5273 κ.
1379 5236 1431 5272 τ.
1473 5220 1520 5273 ὲ.
1555 5219 1707 5290 Τάχα
1749 5220 1779 5273 6

196 5295 477 5370 Κυριακὸς
507 5300 814 5374 ἄνθρωπος.

760 5491 1057 5547 ΨΛΛΜυΣ
1088 5495 1214 5550 ΠΘ¹.

272 5575 350 5629 Τὰ
383 5575 832 5652 ἐξουδενώματα
862 5585 1062 5642 αὐτῶν
1098 5589 1202 5659 ἔτη
1243 5588 1503 5658 ἔσονται,
1546 5611 1597 5649 κ.
1630 5610 1683 5647 τ.
1716 5594 1766 5652 ἑ.

207 5664 774 5747 Ἐξουδενωθήσεταιὴ
807 5677 920 5749 ζωὴ
951 5679 1152 5734 αὐτῶν.

1964 4656 2119 4715 Vens.
2151 4661 2241 4716 51.
2273 4664 2426 4730 Quod
2472 4673 2710 4728 continui
2750 4676 2806 4730 in
2840 4679 2962 4732 sinu
3008 4699 3122 4737 meo
3166 4686 3458 4745 multarum

1884 4751 2135 4818 gentium,
2169 4765 2273 4810 etc.
2312 4755 2499 4813 Sinum
2547 4761 2648 4819 hoc
2682 4766 2800 4821 loco
2849 4771 3082 4827 animum
3121 4789 3298 4844 vocat,
3327 4783 3457 4848 quia

1885 4841 2049 4895 etiam
2075 4844 2337 4900 honorum
2373 4852 2589 4908 nomine
2611 4859 2849 4927 cognitio
2879 4859 2971 4917 Dei
3001 4868 3318 4934 appellatur.
3349 4872 3456 4929 Bo—

1885 4945 1952 4983 na
1974 4942 2151 4988 autem
2173 4936 2223 4989 in
2246 4938 2424 4992 sinum
2459 4942 2646 5012 projici
2670 4947 2869 5005 solent.
2894 4970 2912 5003 ι
2933 4952 3107 5011 Credo
3128 4977 3145 5009 ›
3174 4959 3340 5025 enim,
3368 4967 3455 5017 in-

1878 5025 2073 5092 quit",
2096 5047 2113 5079 ι
2150 5028 2290 5085 bona
2320 5031 2530 5090 Domini
2569 5037 2754 5095 videre
2805 5043 2858 5097 in
2898 5055 3040 5100 terra
3073 5049 3388 5111 viventium.
3428 5074 3451 5110 ι

1958 5219 2112 5274 Vens.
2146 5222 2235 5281 52.
2267 5224 2742 5289 Commutattonem
2783 5235 2984 5294 Christi
3016 5243 3118 5307 tui,
3145 5255 3253 5302 etc.
3288 5245 3453 5308 Fons

1878 5310 2192 5371 Dominicus
2220 5318 2384 5374 homo
2412 5332 2515 5377 est.

2331 5507 2650 5568 PSALMUS
2709 5513 2992 5575 LXXXIX.

1945 5598 2110 5653 Vens.
2153 5599 2207 5656 5.
2252 5600 2386 5667 ρυτυ
2427 5620 2523 5671 pro
2574 5606 2738 5663 nihilo
2789 5611 3047 5669 habentur
3087 5632 3270 5679 eorum
3318 5625 3447 5685 anui

1869 5702 2044 5755 erunt,
2078 5701 2183 5747 etc.
2213 5695 2293 5751 Ad
2322 5697 2549 5756 nihilum
2576 5702 2847 5773 redigetur
2878 5709 2987 5765 vita
3009 5725 3218 5772 eurum.

269 5760 314 5792 "
338 5762 465 5830 Sap.
500 5780 539 5833 ι,
563 5765 617 5822 4.
693 5768 740 5799 ⁶⁴
769 5768 927 5826 Prov.
960 5787 1042 5840 ιιι,
1086 5774 1188 5843 12;
1221 5774 1388 5833 Hebr.
1421 5792 1522 5847 xu,
1553 5777 1606 5835 6.
1684 5780 1729 5813 “
1762 5780 1810 5836 Ρι

1935 5799 2078 5846 xxvi,
2115 5786 2196 5841 l5.
