3928 6158
520 276 665 330 lSSl
1899 275 1990 332 EX
2029 276 2071 335 0

2208 277 2330 334 ENE
3406 272 3409 281 ’
3565 283 3651 339 1552
3752 190 3759 339 ἵ

594 396 757 452 Vens.
789 394 842 450 9.
873 394 1013 448 Anni
1049 393 1213 449 nostri
1257 393 1388 448 sicut
1431 411 1629 449 aranea
1664 396 2079 461 meditabantur,
2108 404 2145 462 Α

2108 404 2163 463 Α
2262 398 2340 452 Τὰ
2367 397 2473 466 ἐτη
2507 396 2677 468 ἡμῶν
2694 396 2832 452 ὡσεὶ
2874 397 3111 468 ἀράχνῃ
3151 397 3453 467 ἐμελέτων.
3487 415 3529 453 κ.
3561 415 3594 451 1.
3621 402 3648 454 ὲ.

522 496 631 543 etc.
662 507 679 539 ι
722 485 919 541 Umbra
957 504 976 539 ι
1005 484 1358 555 enim,inquit
1389 484 1488 541 Job
1521 486 1589 552 “,
1619 504 1637 537 ι
1662 486 1875 541 estvita
1900 497 2073 541 nostra

2195 509 2215 541 ι
2246 489 2381 543 Σκιὰ
2412 489 2522 561 γὰρ
2547 489 2755 561 ήμῶν,»
2776 491 2936 562 φησὶν
2964 488 3107 555 Ἰὼϐ,
3134 507 3154 541 ι
3182 488 3328 542 ἐστὶν
3350 489 3377 541 6
3397 487 3492 558 βίος
3514 490 3580 543 ἐπὶ
3593 491 3652 561 τῆς

521 594 684 649 nuper
715 590 938 633 terram.
978 596 997 629 ι

817 592 938 633 'am.
978 596 997 629 ι
2187 582 2308 649 γῆς.
2350 601 2368 634 ι

597 600 684 649 per
715 600 938 633 terram.
978 600 997 629 ι

597 668 761 725 Vens.
793 669 879 724 10.
911 667 980 721 Et
1032 668 1255 738 amplius
1304 686 1483 723 eorum
1521 670 1672 724 labor
1694 681 1742 725 et
1781 670 1956 738 dolor,
1979 680 2084 727 etc.

2295 621 2308 635 ο
2350 601 2369 634 ι

2187 600 2367 732 γηῗξαὶ
2394 677 2460 731 τὸ
2496 678 2706 733 πλεῖον
2732 676 2929 732 αὐτῶν
2956 679 3150 743 κόπος
3180 677 3284 730 καὶ
3308 676 3494 742 πόνος,
3517 692 3558 730 κ.
3577 677 3651 729 1L

525 762 778 832 Majorem
812 776 1073 816 annorum
1103 762 1191 832 qui
1224 762 1600 831 praeterierunt
1620 773 1822 832 partem
1857 765 1908 819 in
1940 764 2076 821 labo-

2187 770 2262 825 Τὸ
2298 771 2480 824 πλεῖον
2505 771 2613 825 τῶν
2641 771 3013 843 παρελθόντων
3042 769 3186 824 ἐτῶν
3220 772 3280 821 ὲν
3316 769 3485 832 κόποις
3515 769 3581 821 καὶ
3602 770 3654 820 :6-

524 852 673 908 ribus
702 868 764 907 ac
794 852 1065 908 doloribus
1099 852 1465 924 transigimus.

1042 868 1065 908 s
1099 852 1465 924 transigimus.
2186 876 2298 923 νοις
2315 859 2593 931 γινόμεθα.

594 945 758 1001 Vens.
799 943 885 997 ‘12.
916 943 1197 998 Dexteram
1229 955 1371 998 tuam
1395 946 1470 998 sic
1490 955 1664 999 notam
1700 946 1805 1015 fac,
1831 959 1937 1002 etc.
1971 946 2085 1002 Non

2264 949 2383 1017 Τὴν
2421 948 2645 1013 δεξιάν
2665 964 2779 1003 σου
2813 949 3002 1014 οὕτως
3034 946 3338 1018 γνώρισόν
3373 965 3481 1016 μοι,
3509 964 3550 999 κ.
3571 963 3605 999 τ.
3629 947 3656 999 l.

525 1040 698 1108 poenis
730 1035 1162 1107 inﬂigendis,sed
1189 1037 1524 1108 benignitate
1573 1047 1697 1093 nota
1747 1039 1838 1094 liat
1864 1041 2076 1099 dextera

2186 1042 2279 1113 Μὴ
2312 1042 2405 1095 ἐπὶ
2434 1042 2671 1105 κολάσει,
2705 1041 2818 1095 ἀλλ’
2850 1042 2943 1095 ἐπὶ
2981 1040 3366 1113 φιλανθρωπίᾳ
3399 1036 3659 1110 γνωρισέισξεσ

526 1140 637 1186 tua.

2190 1150 2285 1185 σου
2316 1134 2349 1204 ἡ
2370 1133 2537 1199 δεξιά.

595 1223 761 1279 Vens.
789 1221 875 1275 17.
891 1218 959 1274 Et
988 1222 1089 1276 erit
1112 1220 1356 1291 splendor
1383 1221 1595 1275 Domini
1624 1221 1720 1276 Dei
1744 1225 1911 1278 nostri
1935 1241 2090 1292 super

2257 1226 2374 1278 Kal
2404 1225 2573 1279 ἔσται
2604 1227 2644 1294 ’ἡ
2674 1225 3015 1295 λαμπρότης
3042 1224 3272 1293 Κυρίου
3296 1222 3396 1277 τοῦ
3421 1221 3541 1277 Θεοῦ
3560 1219 3662 1290 ἡμῶν

524 1334 642 1383 nos,
667 1327 775 1373 etc.
811 1316 1078 1386 Splendor
1119 1325 1202 1370 est
1231 1317 1455 1370 scientia
1487 1315 1579 1370 Dei
1613 1333 1629 1369 :
1680 1332 1802 1369 nam
1841 1318 1932 1387 qui
1973 1317 2075 1386 ejus

2186 1316 2278 1385 ἐφ’
2308 1314 2485 1384 ἡμᾶς,
2520 1335 2573 1370 κ.
2612 1334 2663 1370 1.
2712 1318 2759 1370 ὲ.
2803 1316 3142 1387 Λαμπρότης
3194 1315 3312 1368 ἐστὶ
3349 1314 3523 1382 γνῶσις
3558 1312 3659 1365 Θεοῦ·

524 1409 820 1480 participes
851 1417 1001 1475 sunt,
1033 1416 1296 1462 vocantur
1330 1407 1668 1477 splendores.
1706 1424 1726 1457 ι
1757 1406 1812 1461 in
1838 1408 2075 1476 splendo-

2188 1411 2421 1481 καὶγὰρ
2456 1413 2505 1463 οἱ
2549 1410 2864 1483 μετέχοντες
2898 1410 3069 1480 αὐτῆς
3115 1408 3403 1463 καλοῦνται
3433 1406 3665 1476 λαμπρότη-

525 1503 694 1563 ribus,
725 1500 901 1569 inquit
925 1498 1014 1564 σθ’,
1041 1507 1349 1553 sanctorum
1377 1511 1444 1551 ex
1465 1510 1639 1555 utmro
1656 1507 1782 1552 ante
1804 1497 2076 1554 luciferum

2220 1515 2306 1562 eg'
2353 1518 2370 1550 ι
2418 1500 2504 1552 Ἐν
2550 1501 2668 1565 ταῖς
2712 1500 3079 1571 λαμπρότησι,
3122 1499 3279 1569 φησὶ,
3323 1497 3423 1550 τῶν
3470 1496 3599 1562 ἁγίων
3628 1499 3667 1548 ἐι

524 1593 684 1695 genui
719 1601 800 1695 te;
834 1611 852 1644 ι
1630 1680 1663 1695 μ
1702 1681 1713 1691 .
1950 1679 1987 1695 Α
2188 1588 2424 1695 γαστρὸς
2588 1590 2863 1691 ἑωσφόρον
2893 1590 3278 1695 ἐγέννησασε.
3305 1607 3323 1639 ι
3498 1679 3541 1695 Μ
3767 1608 3769 1695 4

593 1685 724 1739 ΙΒιι).
753 1682 823 1736 Et
852 1699 982 1753 opus
1010 1697 1264 1737 manuum
1288 1691 1585 1735 nostrarum
1608 1680 1911 1752 dirige,elc.
1946 1679 2087 1750 Ope-
2124 1750 2144 1753 _

2124 1750 2153 1753 _
2256 1680 2370 1734 Kal
2411 1681 2475 1734 τὸ
2516 1681 2690 1751 ἔργον
2728 1681 2846 1735 τῶν
2882 1681 3100 1751 χειρῶν
3150 1680 3324 1750 ἡμῶν
3357 1679 3664 1739 eratcum,

524 1792 584 1832 ra
613 1791 863 1830 manuum
912 1774 1055 1830 actio
1081 1782 1166 1828 est
1200 1788 1319 1842 quae
1348 1774 1494 1827 circa
1530 1788 1618 1828 res
1644 1772 1882 1843 singulas
1912 1785 2075 1826 versa

2123 1750 2247 1825 Βκ.
2297 1788 2352 1825 1.
2395 1774 2440 1827 ὲ.
2482 1750 2656 1844 Ἔργα
2713 1773 2810 1844 μὲν
2863 1750 3063 1844 χειρῶν
3113 1774 3266 1825 ἐστιν
3307 1772 3339 1841 ἡ
3388 1767 3492 1821 καθ’
3533 1767 3668 1819 ἔκαπτε

526 1878 612 1925 tur
638 1885 655 1937 ;
688 1882 821 1938 opus
854 1880 982 1921 vero
1016 1879 1272 1919 manuum
1308 1877 1372 1919 ea
1401 1870 1486 1918 est
1508 1864 1744 1933 cognitio
1775 1877 1893 1933 quae
1916 1876 1984 1917 ex
2015 1862 2077 1918 ei:

2193 1866 2407 1937 πρᾶξις
2443 1864 2603 1938 ἔργον
2624 1866 2681 1919 δὲ
2712 1864 2907 1937 χειρῶν
2921 1868 2963 1935 σὴ
2985 1858 3050 1918 ὲκ
3073 1863 3282 1917 τούτων
3302 1857 3671 1929 ὲπισυμϐαἱνονσσ

522 1959 737 2014 accidit.
786 1987 797 1996 -

2189 1957 2407 2024 γνῶσις.

1074 2133 1393 2192 PSALMUS
1421 2134 1534 2191 XC.

2769 2140 3069 2196 ΨΑΑΜΟΣ
3115 2143 3191 2206 ιιι.

598 2234 755 2290 Vens.
790 2231 848 2287 ι.
868 2230 1013 2285 Inter
1044 2230 1295 2299 scapulas
1321 2245 1446 2283 suas
1488 2228 1813 2284 obumbrabit
1836 2231 1950 2294 tibi,
1975 2240 2084 2287 etc.

2274 2236 2371 2290 Ἐν
2400 2234 2522 2300 τοῖς
2567 2231 2960 2303 μεταφρένοις
3002 2230 3192 2285 αὐτοῦ
3242 2226 3548 2283 ἐπισκιάσει
3583 2237 3670 2285 σοι,

524 2327 770 2398 Scapulae
800 2323 1102 2397 symbolum
1132 2331 1257 2378 sunt
1289 2322 1490 2377 cordis.

2191 2346 2247 2382 κ.
2271 2345 2322 2381 τ.
2348 2329 2396 2382 ὲ.
2423 2327 2496 2380 Τὸ
2526 2326 2858 2397 μετάφρενον
2888 2323 3163 2395 σύμϐολόν
3194 2325 3308 2375 ἐστι
3333 2320 3542 2391 καρδίας.

594 2419 756 2479 Vsus.
783 2416 836 2472 5.
862 2414 1023 2471 Scuto
1056 2414 1398 2469 circumdabit
1429 2422 1494 2467 te.
1510 2413 1698 2468 veritas
1728 2414 1861 2485 ejus,
1898 2431 1999 2470 non
2022 2418 2090 2470 ti-

2266 2420 2463 2488 Ὅπλῳ
2484 2415 2782 2471 κυκλώσει
2813 2430 2887 2470 σε
2931 2417 2971 2483 ἡ
3011 2413 3268 2481 ἀλήθεια
3300 2410 3487 2473 αὐτοῦ,
3516 2410 3572 2461 οὐ
3604 2421 3671 2473 5:0-

522 2512 682 2566 mebis
707 2529 739 2565 a
767 2511 953 2563 timore
975 2516 1249 2570 nocturno,
1270 2515 1376 2563 etc.
1401 2507 1623 2562 Scutum
1655 2507 1855 2562 Christi
1910 2508 2073 2563 scien-

2195 2509 2428 2578 ϐηθήσῃ
2472 2507 2592 2563 ἀπὸ
2641 2509 2825 2578 φόϐου
2866 2504 3248 2575 νυκτερινοῦ,
3287 2521 3341 2557 κ.
3383 2520 3431 2555 τ.
3462 2502 3503 2553 ὲ.
3537 2497 3670 2551 Ὅπλον

510 2607 596 2659 -tia
634 2619 796 2668 vera,
824 2611 879 2658 et
926 2601 1018 2671 qui
1053 2600 1122 2654 ab
1161 2598 1252 2653 illa
1297 2598 1667 2655 circumdatur
1710 2615 1815 2655 non
1867 2613 2061 2669 expave

2195 2601 2427 2673 Χριστοῦ
2450 2599 2651 2669 γνῶσις
2673 2600 2896 2671 ἀληθὴς,
2918 2601 3013 2653 καὶ
3035 2599 3066 2650 6
3087 2597 3444 2667 κυκλούμενος
3467 2594 3539 2647 ὑπ’
3556 2590 3667 2658 σῆς

615 2703 656 2751 ι.

2194 2694 2255 2747 οὐ
2290 2694 2665 2751 πτοηοήσεται.

522 2703 656 2755 seet.

592 2787 757 2842 Vens.
801 2784 856 2839 6.
888 2784 931 2836 Α
984 2782 1177 2853 sagitta
1202 2779 1407 2835 volante
1452 2779 1508 2833 in
1552 2779 1657 2845 die,
1683 2787 1789 2834 etc.
1818 2778 2073 2849 Impuratr

2194 2695 2255 2747 οὐ
2290 2695 2666 2766 πτοηοήσεται.

2276 2782 2409 2868 una
2478 2783 2706 2850 βέλους
2770 2781 3102 2851 πετομένου
3174 2778 3423 2851 ἡμέρας,
3482 2793 3527 2829 κ.
3562 2789 3598 2825 τ.
3634 2770 3664 2824 ιι

526 2880 758 2950 aliquam
796 2876 1049 2929 virtutem
1092 2874 1194 2928 hoc
1225 2872 1342 2928 loco
1371 2872 1626 2942 sagittam
1668 2869 1983 2924 nominavit.

1968 2906 1983 2921 ο
2207 2874 2537 2946 ’Δκάθαρτόν
2565 2891 2686 2929 τινα
2715 2873 2940 2944 δύναμιν
2967 2873 3065 2927 νῦν
3094 2872 3250 2943 βέλος
3274 2871 3518 2941 ὠνόμασε.

592 2972 724 3027 leto.
760 2970 837 3023 Ab
871 2971 1086 3023 incursu
1113 2976 1161 3021 et
1190 2968 1449 3022 da'monio
1493 2966 1803 3028 meridiano,
1834 2972 1939 3019 etc.
1971 2963 2091 3017 Dte-
2121 2994 2143 3053 (

2121 2994 2163 3053 C
2277 2965 2409 3019 Ἀπὸ
2453 2964 2885 3043 συμπτώματος
2935 2967 3033 3018 καὶ
3088 2964 3396 3033 δαιμονίου
3430 2958 3662 3053 μεοημιξρι·

525 3079 739 3119 inonem
797 3061 1153 3117 meridianum
1212 3060 1399 3114 dicunt
1447 3072 1570 3114 esse
1611 3057 1904 3111 daemonem
1946 3054 2076 3109 desi-

2125 3041 2163 3053 ν
2193 3057 2303 3112 νοῦ
2332 3097 2347 3121 ,
2378 3074 2431 3111 κ.
2463 3076 2512 3111 τ.
2546 3060 2593 3111 ὲ.
2626 3058 2729 3111 Τὸν
2761 3041 3133 3129 μεσημϐρινὸν
3160 3054 3386 3126 δαίμονά
3412 3067 3547 3111 φασιν
3578 3041 3666 3098 εἶναι

526 3155 647 3209 dite.

2192 3151 2283 3207 τὸν
2314 3151 2412 3222 τῆς
2441 3151 2684 3222 ἀκηδίας.

598 3245 758 3299 Vens.
793 3242 881 3298 10.
924 3241 994 3297 Et
1024 3240 1288 3311 ﬂagellum
1329 3256 1432 3294 non
1462 3240 1896 3311 appropinquabit
1921 3251 2125 3295 taoer-.

2120 3282 2125 3287 -
2263 3250 2370 3304 Kal
2401 3247 2624 3318 μάστιξ
2673 3248 2783 3301 οὐκ
2838 3245 3027 3317 emt
3078 3245 3161 3311 τῷ
3217 3241 3532 3312 σκηνώματί
3570 3252 3664 3292 σοιν.

525 3336 712 3391 nocqu
749 3343 858 3399 tuo,
896 3344 1002 3388 etc.
1040 3333 1098 3386 Si
1141 3333 1263 3401 quis
1316 3331 1545 3386 voluerit
1575 3332 1627 3385 in
1669 3330 1937 3402 ﬂagellum
1982 3346 2076 3386 non

2190 3359 2246 3397 κ.
2279 3358 2329 3395 1.
2361 3341 2406 3393 ὲ.
2438 3341 2499 3393 El
2534 3337 2767 3410 βούλοιτό
2805 3354 2888 3401 τις
2922 3337 2998 3409 μὴ
3030 3339 3349 3409 περιπεσεῖν
3387 3334 3587 3404 μάστιγι,
3610 3341 3666 3393 γε·

525 3429 783 3491 incidere,
808 3428 901 3480 liat
926 3426 1117 3481 domus
1149 3423 1265 3479 Dei.

1170 3424 1265 3479 )ei.
2192 3434 2364 3487 νέσθω
2393 3431 2538 3495 οἶκος
2569 3429 2721 3483 Θεοῦ.

594 3518 755 3591 777
793 3517 958 3573 Vens.
994 3514 1082 3569 11.
1110 3513 1177 3568 Ut
1208 3513 1505 3569 custodiant
1538 3523 1586 3566 te
1630 3511 1686 3565 in
1718 3513 1954 3566 omnibus
2000 3514 2094 3568 uiis

2271 3524 2380 3577 Τοῦ
2406 3520 2762 3591 διαφυλάξαι
2790 3532 2863 3573 σε
2888 3518 2958 3572 ἐν
2989 3517 3220 3583 πάσαις
3254 3516 3378 3582 ταῖς
3414 3510 3549 3575 ὁδοῖς
3575 3521 3663 3565 cm

525 3613 649 3676 tuis,
705 3620 809 3665 etc.
865 3609 966 3677 Qui
1000 3608 1053 3663 in
1098 3606 1243 3662 nulla
1281 3621 1341 3661 re
1388 3604 1650 3669 olfendit,
1681 3605 1988 3660 cuStoditur
2038 3607 2076 3661 ir

2197 3635 2251 3673 κ.
2280 3635 2330 3671 τ.
2363 3619 2409 3672 ὲ.
2463 3618 2523 3670 '0
2551 3618 2608 3669 ὲν
2642 3614 2826 3686 μηδενὶ
2874 3613 3108 3678 πταίων,
3148 3606 3305 3676 οὗτος
3339 3607 3665 3678 διαφυλάσσετω

525 3709 774 3762 omnibus
802 3705 903 3759 viis
928 3704 1060 3760 suis.

2197 3712 2255 3762 ὲν
2294 3710 2495 3771 πάσαις
2525 3709 2642 3771 ταῖς
2674 3706 2812 3768 ὁδοῖς
2838 3702 3024 3758 αὐτοῦ.

595 3798 879 3854 Vens.12.
918 3797 1002 3852 Ne
1035 3795 1171 3866 forte
1217 3793 1453 3864 offendas
1505 3792 1573 3847 ad
1632 3790 1856 3861 lapiaem
1916 3806 2095 3859 peaem

2270 3797 2512 3865 Μήποτε
2546 3796 2901 3865 προσκόψῃς
2926 3792 3079 3861 πρὸς
3103 3794 3277 3848 λίθον
3302 3790 3403 3844 τὸν
3424 3786 3553 3841 πόδα
3569 3796 3662 3844 σοιν,

527 3900 693 3956 tuum,
724 3894 835 3944 etc.‘
857 3888 958 3943 Pes
986 3887 1221 3941 animam
1249 3882 1557 3957 signiﬁcat,
1585 3884 1719 3955 lapis
1758 3895 2057 3955 peccatum.

2198 3907 2251 3943 κ.
2283 3907 2333 3942 τ.
2368 3891 2413 3943 ἐ.
2461 3890 2517 3943 '0
2548 3887 2679 3951 ποῦς
2704 3886 2800 3957 μὲν
2835 3886 2936 3958 τὴν
2959 3884 3141 3956 ψυχὴν
3168 3883 3427 3956 σημαίνει,
3455 3882 3481 3933 6
3502 3877 3547 3930 δὲ
3569 3873 3665 3933 λίθω

2194 3979 2289 4049 τὴν
2310 3979 2596 4050 ἁμαρτίαν.

597 4064 743 4121 Vens
763 4062 850 4118 l6.
873 4062 943 4117 Et
972 4066 1244 4119 ostendam
1267 4065 1350 4118 illi
1379 4064 1613 4119 salutare
1634 4079 1826 4129 meum,
1853 4072 1959 4118 etc.
1991 4061 2088 4118 Sa-

2264 4071 2372 4124 Kal
2412 4069 2585 4134 δείξω
2626 4066 2783 4132 αὐτῷ
2816 4066 2882 4119 τὸ
2910 4065 3213 4135 σωτήριόν
3236 4081 3370 4135 μου,
3392 4081 3440 4117 κ.
3465 4077 3506 4112 τ.
3529 4057 3565 4108 ὲ.
3590 4052 3666 4104 2w-

527 4155 702 4211 lutare
733 4154 828 4209 Dei
862 4155 1111 4211 Christus
1136 4165 1241 4212 est.

2193 4161 2378 4231 τήριον
2400 4160 2492 4214 τοῦ
2525 4158 2655 4213 Θεοῦ
2679 4159 2822 4210 ἐστιν
2847 4158 2876 4209 ὁ
2898 4156 3158 4226 Χριστός.

1069 4338 1390 4396 PSALuus
1416 4341 1550 4396 xei.
2121 4354 2172 4412 ι)
2739 4343 3035 4396 “mox
3076 4342 3195 4410 ιιΑς

600 4433 761 4489 Vens.
789 4432 844 4487 4.
870 4430 937 4485 In
964 4431 1287 4485 decacltordo
1334 4432 1581 4497 psalterio
1625 4450 1744 4487 cum
1792 4436 1995 4489 cantico
2040 4437 2095 4489 in

2280 4437 2372 4487 Ἐν
2400 4433 2734 4503 δεκαχόρδῳ
2762 4434 3077 4501 ψαλτηρίῳ
3094 4434 3221 4505 μετ’
3251 4431 3393 4501 ᾠδῆς
3418 4431 3479 4484 ἐν
3497 4420 3660 4490 κιθάρας

525 4528 750 4586 cithara.
772 4535 879 4580 etc.
898 4522 1220 4578 Psalterium
1250 4531 1332 4577 est
1358 4537 1510 4578 mens
1529 4539 1660 4594 pura
1688 4540 1849 4595 quam
1880 4527 2076 4595 spirita.

2198 4546 2250 4581 κ.
2285 4544 2330 4579 τ.
2368 4528 2414 4579 ὲ.
2445 4524 2747 4597 Ψαλτήριόν
2778 4526 2890 4577 ἐστι
2926 4525 3053 4590 νοῦς
3087 4525 3322 4597 καθαρὸς
3357 4523 3449 4577 ὑπὸ
3484 4526 3660 4583 πνευμα-

528 4619 594 4673 lis
626 4618 850 4673 scientia
884 4624 1098 4681 movet;
1142 4616 1352 4669 cithara
1379 4628 1556 4672 autem
1583 4625 1665 4673 est
1694 4618 1872 4675 anima
1896 4621 2079 4674 actrix.

2193 4621 2348 4691 τικῆς
2402 4617 2710 4688 κινούμενος
2753 4615 3027 4686 γνώσεως·
3090 4617 3286 4690 κιθάρα
3337 4615 3389 4669 δέ
3432 4615 3526 4665 ἐστι
3562 4601 3660 4675 ψυχὴ

526 4725 686 4780 quam
722 4719 939 4764 movent
981 4708 1231 4761 mandata
1275 4706 1499 4762 Christi.

2196 4708 2471 4783 πρακτικὴ
2524 4707 2629 4761 ὑπὸ
2680 4706 2785 4759 τῶν
2839 4707 3071 4762 ὲντο)ὦν
3129 4708 3224 4762 τοῦ
3273 4702 3487 4780 Χριστοῦ
3538 4709 3662 4751 κιναν

2246 4802 2358 4855 ἐντι.

594 4880 760 4934 Vens.
805 4880 859 4933 7.
905 4877 995 4930 Vir
1040 4880 1288 4945 insipiens
1329 4895 1431 4934 non
1478 4892 1769 4950 cognoscet,
1815 4891 1919 4937 etc.
1954 4882 2094 4937 lusi-

2246 4817 2270 4855 ε
2347 4842 2358 4853 .

2202 4820 2241 4869 μ
2274 4817 2444 4961 multo
2489 4890 2688 4961 ἄφρων
2721 4892 2791 4944 οὐ
2847 4889 3161 4960 γνώσεται,
3196 4908 3249 4943 κ.
3290 4906 3338 4941 1.
3379 4886 3422 4939 ἑ.
3468 4882 3658 4949 Ἐιγονος

522 4975 739 5043 pientiae
768 4972 994 5035 malitia,
1029 4972 1247 5025 malitiae
1285 4982 1463 5026 autem
1495 4975 1795 5042 ignorantia
1836 4975 1943 5029 lilia
1983 4985 2073 5030 est.

1772 4992 1795 5027 a
1836 4975 1943 5029 lilia
1983 4985 2089 5030 est.
2195 4982 2498 5055 ἀφροσύνης
2529 4980 2712 5043 κακία,
2751 4979 2947 5043 κακίας
2977 4979 3040 5032 δὲ
3071 4977 3323 5049 ἀγνωσία.

600 5067 762 5122 Vens.
791 5065 874 5119 10.
916 5066 1175 5131 Quoniam
1201 5082 1314 5120 ecce
1346 5068 1545 5120 inimici
1581 5067 1659 5120 tui
1690 5066 1952 5134 peribunt,
1981 5078 2085 5127 etc.

2244 5042 2383 5124 ":Ott
2419 5042 2543 5123 ἰδοὺ
2580 5071 2633 5121 ol
2674 5067 2869 5136 ἐχθροί
2911 5082 3033 5122 σου
3065 5042 3429 5127 ἀέεολοῦνται,
3469 5072 3514 5109 κο
3556 5065 3594 5102 τ·
3623 5042 3656 5097 δε

525 5161 750 5216 Pericns
790 5159 1039 5213 inimicus
1079 5156 1137 5212 lit
1181 5158 1409 5222 anticus,
1442 5174 1563 5213 nam
1596 5158 1933 5215 inimicitiam
1972 5160 2076 5230 ejus

2204 5162 2421 5235 Ἐχθρὸς
2443 5160 2802 5231 ἀπολλύμενος
2826 5157 3038 5228 γίνεται
3071 5159 3240 5229 φίλος·
3272 5155 3362 5226 τὴν
3391 5151 3485 5221 γὰρ
3513 5140 3654 5213 ἔχθραν

523 5253 794 5306 destruxit
827 5254 983 5307 Deus.

2191 5254 2355 5309 αὑτοῦ
2386 5254 2640 5323 ἠφάνισεν
2662 5254 2690 5305 6
2713 5251 2861 5314 Θεός.

601 5344 763 5397 Vens.
796 5345 880 5399 Η.
920 5343 986 5396 Et
1008 5352 1242 5397 senectus
1289 5356 1405 5394 mea
1431 5341 1484 5393 in
1518 5340 1881 5395 misericordia
1922 5342 2094 5409 uberi,

2261 5345 2368 5400 Kal
2391 5344 2455 5398 τὸ
2473 5342 2657 5414 γῆράς
2672 5361 2787 5413 μου
2823 5343 2893 5395 ὲν
2909 5343 3094 5407 ἐλαίῳ
3122 5342 3295 5404 πίονι,
3316 5354 3364 5391 κ.
3393 5352 3437 5386 1.
3463 5332 3500 5383 ὲ.
3524 5325 3651 5392 Γῆρας

527 5444 633 5489 etc.
656 5433 914 5489 Senectus
930 5434 1059 5503 justi
1084 5434 1304 5489 scicntia
1334 5448 1480 5500 vera,
1499 5441 1553 5485 et
1571 5432 1827 5503 juventus
1844 5433 1963 5503 ejus
1982 5443 2078 5488 sta-

2193 5437 2396 5491 δικαίου
2440 5413 2634 5505 γνῶσις
2680 5434 2900 5507 ἀληθής·
2948 5435 3043 5489 καὶ
3095 5436 3274 5503 νεότης
3298 5425 3443 5482 αὐτοῦ
3476 5413 3648 5475 ἀπάθεια

534 5535 617 5580 tus
640 5526 831 5579 mentis
857 5537 941 5581 est
965 5541 1155 5582 carens
1175 5527 1319 5581 omni
1351 5524 1636 5581 alfectuum
1664 5526 2089 5597 perturbatione.
2193 5528 2391 5599 ψυχῆς.

598 5689 645 5722 ⁸⁸
674 5684 794 5743 Job.
820 5704 934 5752 VIII,
963 5689 1017 5746 9.
1091 5692 1156 5723 ⁸⁸⁸
1176 5690 1314 5747 Psal.
1342 5705 1450 5759 cxx,
1483 5692 1537 5749 '5.
