3928 6158
223 257 363 314 I557

1209 250 1517 310 SELECTA
1551 250 1618 307 IN
1655 247 1990 307 PSALMOS.
2030 280 2099 291 —
2135 247 2331 305 PSAL.
2364 244 2449 303 CI.

3321 240 3343 293 I
3356 240 3458 294 558

219 378 422 443 (rarior
462 375 682 440 αὐτοῦ,
729 392 785 430 κ.
819 392 871 431 τ.
902 375 948 428 ὲ.
1004 393 1024 426 ι
1050 374 1369 446 Δικαιοσύνη
1412 373 1520 443 γὰρ
1554 369 1691 425 Θεοῢ
1731 371 1782 424 ὲν

1920 384 2039 420 uam
2065 407 2080 433 ,
2120 376 2227 421 etc.
2262 366 2394 420 Nam
2446 381 2466 417 ι
2493 361 2707 435 justitia
2746 360 2840 416 Dei
2894 360 2946 413 in
2986 372 3051 414 eo
3090 354 3360 411 revelatur
3389 370 3455 411 cx

217 467 371 537 αὐτῷ
403 466 843 521 ἀποκαλύπτεται
871 469 935 521 ὲκ
966 468 1202 531 πίστεως
1234 470 1312 532 είς
1335 467 1537 521 πίστιν.
1576 482 1595 516 ι

293 560 551 629 Ποταμοὶ
568 559 935 628 κροτήσουσι
951 561 1097 628 χειρὶ
1117 557 1216 612 ἐπὶ
1241 559 1305 612 τὸ
1331 557 1495 621 αὐτὸ,
1514 575 1569 612 κ.
1591 557 1704 610 τνὲ.
1723 556 1787 609 Ei

217 650 289 705 τὰ
306 651 617 723 χαρίσματα
631 651 725 705 τοῦ
742 650 879 704 Πνεύ
887 668 1051 719 ματος
1072 651 1165 704 τοῦ
1183 651 1336 719 ἁγίου
1358 649 1589 720 ποταμοὶ
1606 649 1788 717 λέγον-

216 759 311 795 ται
333 741 472 795 κατὰ
498 742 579 795 τό·
618 762 637 793 ι
663 742 905 813 Ποταμοὶ
926 744 989 796 ἐκ
1015 742 1115 813 τῆς
1140 742 1346 805 κοιλίας
1378 739 1540 795 αὐτοῦ
1563 740 1787 813 ῥεύσου-

221 848 307 884 σιν
340 830 529 895 ὓδατος
550 830 768 895 ζῶντος,
798 851 817 883 ι
841 830 1022 894 καλῶς
1048 832 1098 885 οἱ
1120 829 1430 903 μεθέξοντες
1461 829 1661 884 τούτων
1680 828 1787 885 τῶν

1894 459 1998 514 ﬁde
2026 461 2077 513 in
2107 459 2264 513 ﬁdem
2289 459 2357 509 ⁷³.
2392 476 2411 510 ι

1964 550 2127 606 Vens.
2156 550 2210 605 8.
2240 549 2496 604 Flumina
2522 547 2770 617 plaudent
2800 560 2959 598 manu
2981 544 3037 596 in
3065 540 3315 610 idipsum,
3344 549 3449 612 etc.

1894 647 1950 702 Si
1991 646 2223 714 Spiritus
2255 645 2428 700 sancti
2471 644 2615 699 dona
2653 641 2874 695 Ilumina
2903 639 3175 704 dicuntur,
3196 637 3351 707 juxta
3393 636 3456 688 il-

1894 736 2014 791 lud:
2047 754 2068 788 ι
2097 734 2343 790 Flumina
2371 734 2437 789 de
2466 740 2654 786 ventre
2672 729 2787 799 ejus
2812 728 2977 782 ﬂuent
2998 742 3151 795 aquae
3178 726 3312 780 viva:
3331 724 3402 788 ",
3426 742 3448 778 ι

1893 827 2117 897 pulchre
2165 827 2256 897 qui
2305 827 2500 881 horum
2531 822 2811 878 ﬂuminum
2864 820 3159 890 participes
3196 824 3366 884 sunt,
3398 825 3456 872 et

219 922 481 993 ποταμῶν
508 922 600 977 καὶ
622 923 776 977 adeo).
804 922 1035 993 ποταμοὶ
1066 921 1329 990 λέγονται.
1364 921 1701 993 Σημειωτέον
1732 920 1782 973 δὲ

1920 924 1993 995 psi
2026 922 2245 977 ﬂumina
2275 921 2552 976 dicuntur.
2592 917 2722 972 Illud
2753 928 2968 985 quoque
3012 912 3407 968 observandum
3431 948 3451 976 ,

219 1015 317 1067 καὶ
348 1014 411 1068 τὸ
440 1032 459 1066 ι
494 1015 588 1067 ἐπὶ
617 1015 678 1068 τὸ
714 1014 843 1068 αὐτὸ
884 1033 904 1067 ι
937 1010 1075 1068 εἶναι
1104 1013 1228 1078 τοὺς
1268 1013 1559 1084 ποταμοὺς,
1605 1014 1690 1066 ἵνα
1734 1012 1787 1066 τὸ

216 1106 352 1160 αὐτὸ
396 1107 594 1176 λέγωσι
626 1106 843 1172 πάντες,
885 1107 978 1161 καὶ
1016 1106 1091 1179 μὴ
1130 1104 1165 1180 ᾖ
1195 1108 1252 1160 ὲν
1279 1106 1463 1169 αὐτοῖς
1490 1106 1785 1176 σχίσματα.

807 1289 1092 1343 ΨΑΛΜΟΣ
1124 1289 1246 1356 ur.

294 1377 379 1432 Σὺ
405 1378 735 1449 ἡτοίμασας
775 1381 1134 1448 εὐθύτητας,
1167 1398 1223 1434 κ.
1271 1398 1323 1435 τ.
1372 1383 1419 1437 ἑ.
1477 1380 1788 1453 Εὐθύτητας

217 1468 342 1541 ﬁco:
374 1469 497 1532 τοὺς
525 1467 726 1532 εὐθεῖς,
754 1469 870 1539 ἦτοι
905 1469 1007 1534 τὰς
1039 1471 1257 1541 ἀρετάς.

291 1561 400 1614 Καὶ
415 1560 804 1629 προσκυνεῖτε
822 1560 903 1628 τῷ
918 1561 1223 1627 ὑποποδίῳ
1236 1563 1355 1618 τῶν
1363 1564 1564 1621 ποδῶν
1576 1567 1782 1631 αὐτοῦ,

217 1670 347 1708 κ.τ.
373 1653 420 1706 ὲ.
467 1651 538 1705 Τὸ
570 1651 858 1706 ὑποπόδιον
897 1653 1006 1707 τῶν
1053 1653 1229 1708 ποδῶν
1268 1650 1418 1710 εῒπόν
1460 1674 1604 1721 τινες
1646 1653 1784 1712 εἶναι

215 1746 318 1818 τὴν
360 1746 540 1817 σάρκα
580 1744 680 1816 τὴν
726 1745 821 1799 τοῦ
856 1744 1129 1817 Χριστοῦ,
1174 1748 1294 1816 ἥτις
1320 1747 1409 1802 διὰ
1437 1748 1527 1802 τὸν
1556 1750 1786 1821 Χριστόν

214 1837 335 1889 ἐστι
366 1839 710 1909 προσκυνητή
734 1853 750 1868 °
781 1839 811 1891 ὁ
841 1838 898 1890 δὲ
931 1839 1162 1909 Χριστὸς
1192 1842 1562 1913 προσκυνητὸς
1588 1842 1674 1897 διὰ
1696 1845 1785 1897 τὸν

216 1932 280 1984 ὲν
312 1930 460 2001 αὐτῷ
490 1931 662 2000 Λόγον
681 1931 836 1985 Θεοῦ.

290 2020 401 2074 Καὶ
428 2021 710 2091 Σαμουὴλ
744 2023 952 2091 ἐντοῖς
978 2024 1472 2094 ἐπικαλουμένοις
1500 2025 1568 2079 τὸ
1600 2026 1784 2096 ὄνομα

214 2110 402 2166 αὐτοῦ
425 2151 439 2177 ,
470 2130 524 2168 κ.
563 2131 611 2166 τ.
640 2115 692 2167 ἑ.
735 2106 904 2179 Οὗτος
936 2116 1270 2171 ἐπικαλεῖται
1303 2118 1402 2187 τὴν
1443 2117 1786 2190 δικαιοσύνην

211 2202 244 2255 ὁ
271 2201 694 2275 δικαιοπραγῶν,
726 2207 819 2260 καὶ
840 2207 937 2277 τὴν
970 2207 1225 2280 ἀλήθειαν
1271 2211 1299 2262 ὁ
1333 2208 1406 2281 μὴ
1438 2208 1783 2281 ψευδόμενος,

217 2292 311 2345 καὶ
337 2294 435 2365 τὴν
462 2295 680 2368 ἀγάπην
705 2299 733 2351 ὁ
763 2296 836 2368 μὴ
873 2298 1067 2369 μισῶν.

300 2385 394 2437 Ἐν
420 2386 625 2453 στύλῳ
653 2386 915 2456 νεφέλης
954 2385 1157 2442 ἐλάλει
1193 2386 1341 2455 πρὸς
1364 2387 1606 2453 αὐτοὺς,
1647 2405 1701 2441 κ.
1729 2405 1779 2440 τ.

213 2479 263 2534 ι.
301 2478 359 2534 Ὀ
388 2477 575 2543 στῦλος
610 2479 704 2533 καὶ
739 2480 772 2550 ἡ
802 2477 997 2548 νεφέλη
1042 2478 1257 2546 λογικαὶ
1297 2478 1485 2546 φύσεις
1526 2477 1665 2543 εἰσὶ,
1716 2476 1783 2529 δι’

207 2564 289 2624 ὧν
330 2570 508 2625 ὲλάλει
540 2571 676 2641 πρὸς
702 2570 830 2634 τοὺς
862 2569 1048 2639 ἁγίους
1075 2572 1104 2622 ὁ
1122 2569 1345 2640 Κύριος.

294 2659 541 2728 Ὑψοῦτε
575 2660 794 2727 Κύριον
825 2658 934 2713 τὸν
983 2659 1131 2714 Θεὸν
1163 2659 1348 2728 ἡμῶν,
1383 2677 1436 2714 κ.
1470 2677 1521 2726 τ.
1560 2660 1607 2715 ὲ.
1647 2656 1783 2711 Ὑπὸ

214 2753 458 2827 καθαροῦ
492 2753 583 2807 νοῦ
615 2754 856 2823 πέφυκεν
887 2752 1150 2823 ὑψοῦσθαι
1177 2753 1325 2817 Θεός.

775 2964 1067 3017 “mox
1101 2963 1216 3030 ηθι.

288 3052 602 3109 Είσέλθετε
630 3057 717 3121 είς
740 3055 847 3122 τὰς
886 3056 1086 3121 πύλας
1115 3055 1332 3120 αὐτοῦ,
1361 3074 1413 3110 κ.
1452 3073 1503 3109 τ.
1532 3056 1578 3110 ὲ.
1606 3056 1779 3109 Πύλαι

212 3144 429 3214 σοφίας,
457 3144 645 3216 ἀρεταί
670 3162 684 3176 ·
717 3144 805 3198 διὰ
832 3144 941 3217 γὰρ
971 3144 1149 3199 αὐτῶν
1178 3145 1532 3217 εἰσερχόμεθα
1567 3147 1645 3210 εἰς
1685 3144 1781 3217 τὴν

215 3235 492 3308 βασιλείαν
514 3237 622 3292 τῶν
648 3237 909 3311 οὐρανῶν.

801 3405 1093 3459 ΨΑΛΜΟΣ
1133 3403 1209 3459 P'.

292 3496 510 3550 Ἕλεον
534 3494 632 3550 καί
663 3495 867 3565 κρίσιν
901 3495 1125 3565 ᾄσομαι
1150 3511 1282 3562 σοι,
1314 3497 1525 3564 Κύριε,
1576 3514 1629 3550 κ.
1662 3515 1711 3550 τ.
1739 3497 1786 3552 ὲ.

212 3586 322 3645 Τὸν
358 3589 488 3661 περὶ
520 3589 783 3660 Προνοίας
808 3589 904 3643 καὶ⁹
932 3589 1164 3660 κρίσεως
1192 3585 1321 3662 ᾆσαι
1368 3590 1510 3643 θέλει
1543 3590 1720 3660 λόγον.

290 3771 400 3826 Τὸν
427 3771 885 3828 καταλαλοῦντα
924 3769 1113 3841 λάθρα
1144 3771 1250 3826 τοῦ
1279 3773 1548 3841 πλησίον
1572 3775 1779 3840 αὐτοῦ,

213 3864 429 3917 τοῦτον
465 3863 802 3929 ἐξεδίωκον,
831 3882 886 3919 κ.
911 3882 961 3918 τ.
998 3865 1045 3919 ὲ.
1064 3865 1427 3938 Χρήσιμοντὺ
1457 3868 1619 3939 ῥητὸν
1646 3868 1781 3940 πρὸς

213 3954 340 4017 τοὺς
366 3953 822 4019 καταλαλοῢντας.

285 4046 691 4114 Πορευόμενος
723 4044 793 4097 ἐν
819 4041 937 4109 6δῷ
981 4041 1217 4114 ἀμώμῳ,
1267 4040 1446 4111 οὗτός
1475 4063 1577 4115 μοι
1629 4046 1783 4101 ἐλει-

217 4135 468 4206 τούργει,
508 4153 562 4191 κ.
593 4153 644 4191 τ.
671 4137 721 4190 ὲ.
752 4135 1032 4208 Χρηστέον
1057 4136 1117 4191 τὸ
1144 4137 1304 4209 ῥητὸν
1329 4138 1463 4209 πρὸς
1478 4138 1606 4201 τοὺς
1639 4140 1785 4209 ἱερα-

217 4228 399 4289 τικοὺς
420 4226 693 4298 ὐπηρετου
701 4227 893 4297 μένους
914 4226 1018 4281 ὑπὸ
1043 4226 1241 4281 δούλων
1262 4228 1662 4300 πονηροτάτων.

1898 1034 1917 1067 ι
1948 1015 2001 1071 in
2026 1015 2256 1085 idipsum
2289 1032 2308 1067 ι
2342 1027 2462 1069 esse
2486 1010 2728 1077 ﬂumina,
2773 1019 2833 1063 ut
2862 1008 3002 1064 idem
3033 1006 3214 1061 dicant
3239 1018 3450 1072 omnes,

1892 1118 1948 1166 et
1977 1123 2083 1165 non
2112 1108 2220 1164 sint
2254 1107 2309 1162 in
2338 1103 2418 1163 eis
2446 1103 2762 1161 schismata.

2276 1285 2439 1357 τεο
2476 1280 2792 1338 PSALMUS
2821 1277 3046 1336 xcvm.

1962 1382 2127 1437 Vens.
2166 1379 2220 1435 4.
2254 1378 2332 1434 Τιι
2378 1379 2576 1447 parasti
2601 1377 2910 1431 directiones
2936 1415 2952 1442 ,
2993 1382 3099 1430 etc.
3127 1372 3450 1444 Equitates,

1816 1511 1860 1566 Β
1892 1474 1976 1530 vel
2008 1481 2209 1535 rectos,
2238 1469 2322 1524 vel
2351 1470 2600 1525 virtutes.

1957 1564 2123 1620 Vens.
2171 1562 2222 1616 5.
2260 1560 2329 1614 Et
2358 1560 2575 1615 adorata
2605 1560 2893 1614 scabellum
2929 1560 3118 1627 pedum
3148 1558 3259 1628 ejus
3282 1599 3297 1624 ,
3344 1567 3449 1616 etc.

1888 1655 2191 1715 Scabellnm
2242 1653 2439 1723 pedum
2487 1651 2706 1722 quidam
2761 1650 3016 1705 dixerunt
3059 1664 3183 1706 esse
3230 1664 3450 1705 carnem

1884 1746 2108 1812 Christi,
2138 1758 2257 1814 quae
2288 1750 2509 1813 propter
2541 1740 2816 1798 Christum
2847 1749 2930 1795 est
2957 1741 3249 1796 adoranda.
3286 1740 3450 1796 Chri-

1886 1847 2001 1894 stus
2024 1846 2202 1893 autem
2228 1844 2313 1891 est
2335 1833 2643 1890 adorandus
2669 1843 2890 1903 propter
2919 1832 3160 1888 Verbum
3182 1832 3276 1887 Dei
3305 1834 3451 1903 quod

1885 1931 1939 1986 in
1974 1932 2089 2000 ipso
2124 1939 2226 1986 est.

1956 2020 2120 2077 Vsus.
2159 2021 2213 2078 6.
2242 2019 2313 2076 Et
2342 2019 2560 2078 Samuel
2592 2022 2730 2075 inter
2757 2036 2845 2075 eos
2873 2022 2965 2092 qui
2996 2020 3240 2077 invocant
3268 2035 3455 2075 nomen

1885 2113 2018 2183 ejus,
2045 2123 2148 2169 etc.
2181 2113 2281 2181 Qui
2309 2114 2453 2183 juste
2484 2114 2614 2185 agit,
2642 2113 2952 2184 justitiam;
2983 2115 3073 2183 qui
3109 2129 3214 2170 non
3248 2116 3447 2168 menti-

1887 2215 1996 2270 tur,
2025 2207 2305 2262 veritatem
2324 2223 2339 2274 ;
2361 2214 2416 2261 et
2433 2205 2526 2276 qui
2552 2220 2656 2261 non
2679 2206 2812 2271 odit,
2838 2206 3159 2262 charitatem
3208 2207 3447 2261 invocat.

1954 2389 2119 2443 Vens.
2144 2390 2197 2443 7.
2226 2389 2296 2444 In
2323 2388 2567 2445 columna
2595 2390 2751 2445 nubis
2777 2389 3087 2461 loquebatur
3108 2390 3178 2444 ad
3207 2407 3315 2451 eos,
3342 2398 3447 2446 etc.

1884 2479 2147 2536 Columna
2179 2490 2234 2536 et
2280 2482 2453 2537 nubes
2497 2493 2708 2536 natura)
2749 2491 2879 2536 sunt
2924 2483 3137 2536 ratione
3172 2481 3446 2552 praedita,

1885 2587 1980 2640 per
2005 2585 2140 2641 quas
2175 2572 2242 2628 ad
2276 2582 2494 2629 sanctos
2528 2573 2785 2629 Dominus
2822 2573 3166 2642 loquebatur.

1962 2661 2122 2718 Vens.
2163 2662 2216 2719 9.
2248 2662 2497 2720 Exaltate
2536 2666 2819 2720 Dominum
2850 2666 3018 2722 Deum
3051 2668 3308 2732 nostrum,
3342 2674 3446 2720 etc.

1885 2753 2023 2809 Pura
2065 2771 2219 2812 mens
2248 2757 2385 2813 solet
2420 2758 2661 2813 exaltare
2689 2759 2878 2814 Deum.

2415 2966 2737 3025 PSALMUS
2775 2967 2938 3024 XCIX

1963 3055 2123 3112 Vens.
2152 3058 2205 3112 4.
2234 3057 2456 3114 lntroite
2476 3070 2651 3130 portas
2671 3060 2805 3130 ejus,
2836 3072 2942 3115 etc.
2971 3058 3148 3115 Porta:
3171 3056 3451 3128 sapientia

1887 3155 2012 3201 sunt
2049 3148 2274 3226 virtutes
2297 3191 2313 3217 ,
2364 3166 2487 3205 nam
2519 3164 2615 3220 per
2644 3165 2736 3205 eas
2763 3149 3094 3220 ingredimur
3122 3149 3176 3202 in
3226 3162 3451 3219 regnum

1887 3238 2168 3294 caelorum.
3012 3244 3015 3249 ’

2428 3401 2768 3465 PSALMUS
2824 3402 2887 3459 C.

1968 3494 2126 3551 Vnus.
2155 3496 2207 3550 I.
2236 3495 2662 3550 Misericordiam
2700 3506 2747 3550 et
2772 3497 3037 3566 judicium
3063 3497 3284 3550 cantabo
3318 3496 3452 3562 tibi,

1887 3584 2143 3653 Domine,
2175 3595 2281 3643 etc.
2316 3586 2676 3644 Providentiae
2706 3598 2762 3642 et
2787 3588 2980 3658 judicii
3024 3589 3290 3642 rationem
3321 3602 3451 3643 can-

1889 3686 2005 3734 tare
2035 3679 2171 3735 vult.

1961 3773 2123 3829 Vens.
2164 3773 2218 3829 5.
2258 3773 2626 3828 Detrahentem
2663 3784 2862 3829 secreto
2893 3775 3131 3843 proximo
3164 3791 3281 3843 suo,
3315 3775 3452 3830 hunc

1886 3866 2244 3936 persequebar,
2271 3875 2375 3921 etc.
2396 3865 2539 3922 Utile
2566 3867 2667 3921 hoc
2691 3865 2859 3922 fuerit
2883 3875 3069 3922 contra
3093 3867 3450 3923 detractores.

1962 4038 2125 4101 Vsus.
2160 4044 2213 4100 6.
2244 4046 2536 4100 Ambutans
2568 4061 2625 4099 tn
2668 4060 2752 4097 vta
2796 4043 3170 4109 immaculata,
3203 4044 3288 4097 hic
3323 4043 3453 4098 mihi

1891 4136 2258 4201 ministrabat,
2298 4144 2405 4190 etc.
2456 4133 2553 4189 His
2585 4133 2766 4190 verbis
2800 4133 3056 4186 utendum
3108 4146 3233 4202 erga
3270 4145 3455 4186 sacer-

1890 4229 2047 4284 dotes
2078 4230 2276 4299 quibus
2325 4226 2637 4299 nequissimi
2663 4227 2808 4283 servi
2839 4225 3174 4280 ministrant.

292 4318 402 4375 Τοῦ
421 4292 845 4387 ἐξολοθρεῧσαι
871 4319 941 4373 ἐκ
988 4319 1237 4387 πόλεως,
1271 4338 1326 4374 κ.
1451 4322 1498 4376 ὲ.
1530 4320 1645 4375 Νῦν
1687 4322 1782 4375 πό-

1964 4292 2125 4377 Vens.
2154 4321 2207 4376 8.
2245 4319 2311 4375 Ut
2336 4292 2685 4392 dis-perderent
2722 4320 2788 4374 de
2810 4320 3040 4384 civitate,
3064 4326 3171 4373 etc.
3194 4315 3307 4371 Hoc
3330 4315 3448 4371 loco

216 4411 299 4466 λιν
326 4412 531 4483 Κυρίου
574 4411 722 4481 λέγει
775 4412 874 4484 τὴν
913 4410 1109 4467 ἑαυτοῦ
1159 4411 1357 4485 ψυχὴν,
1392 4415 1449 4467 ὲν
1578 4414 1785 4480 πάντας

217 4504 503 4560 ἀπέκτεινε
525 4503 817 4575 λογισμοὺς
845 4504 1214 4577 παρανόμους.

779 4695 1073 4749 ΨΔΛΜΟΣ
1107 4697 1230 4750 PA'.

296 4787 685 4857 Ἠπούπνησα
710 4787 807 4842 καὶ
828 4788 1122 4858 ἐγενόμην
1148 4789 1229 4855 ὠς
1255 4792 1575 4858 στρουθίον
1598 4793 1783 4863 μονά-

217 4880 316 4941 ζον
343 4879 445 4934 ἐπὶ
471 4879 712 4950 δώματι,
742 4897 797 4934 κ.
825 4896 875 4933 τ.
910 4880 957 4933 ἑ.
995 4880 1161 4935 Οὐδὲν
1194 4879 1321 4934 άλλο
1347 4880 1437 4935 τὸν
1466 4881 1590 4937 νοῦν
1614 4884 1783 4949 οὕτως

217 4967 588 5042 ἀπεργάζεται
619 4970 819 5040 κοῦφον
842 4969 918 5034 ὡς
946 4969 1239 5040 ἀγρυπνία.

292 5060 421 5114 Ὅτι
451 5060 688 5116 σποδὸν
713 5060 867 5120 ὡσεί,
890 5059 1073 5128 ἄρτον
1096 5060 1321 5131 ἔφαγον
1345 5102 1360 5127 ,
1392 5065 1492 5117 καὶ
1516 5064 1582 5118 τὸ
1623 5067 1784 5136 πόμα

1890 4414 2162 4468 civitatem
2196 4412 2406 4469 Domini
2442 4422 2598 4468 vocat
2638 4412 2874 4467 animam
2908 4426 3099 4474 suam,
3130 4410 3184 4464 in
3219 4424 3325 4479 qua
3369 4408 3450 4462 in-

1891 4504 2199 4563 terﬁciebat
2224 4520 2414 4562 omnes
2447 4520 2728 4575 perversas
2760 4504 3135 4574 c0gitationes.

2450 4691 2769 4749 PSALMUS
2805 4690 2890 4747 Cl.

1962 4793 2128 4847 Vens.
2159 4790 2212 4846 8.
2251 4787 2478 4859 Vigilavi
2527 4795 2573 4841 et
2608 4786 2780 4856 factus
2808 4801 2921 4840 sum
2950 4787 3085 4839 sicut
3115 4802 3298 4855 passer
3320 4786 3453 4839 soli-

1891 4886 2062 4939 tarius
2088 4883 2142 4935 in
2173 4889 2325 4945 tecto,
2352 4890 2456 4933 etc.
2491 4876 2632 4931 Nihil
2658 4890 2812 4944 reque
2844 4883 3071 4928 mentem
3099 4874 3269 4928 levem
3294 4873 3458 4928 eﬂicit

1892 4992 1956 5031 ac
1988 4973 2333 5029 insomnium.

1960 5068 2124 5123 Vnus.
2162 5065 2249 5120 I0.
2285 5064 2425 5130 Quia
2456 5077 2680 5117 cinerem
2720 5071 2970 5131 tanquam
3003 5075 3188 5129 panem
3231 5058 3455 5111 mandu-

212 5170 329 5223 μου
371 5152 525 5222 μετὰ
560 5142 874 5223 κλαυθμοῦ
906 5152 1194 5221 ἐκίρνων,
1228 5169 1282 5205 κ.
1316 5169 1365 5204 τ.
1401 5153 1447 5208 ὲ.
1502 5154 1782 5226 Χρήσιμον

1922 5159 2074 5213 abam
2101 5197 2117 5224 ,
2161 5167 2208 5211 et
2238 5169 2419 5226 potum
2459 5170 2632 5208 meum
2666 5168 2783 5206 cum
2828 5153 2956 5221 fletu
2992 5152 3269 5204 miscebam
3297 5189 3312 5213 ,
3344 5158 3432 5201 etc

212 5245 275 5300 τὸ
300 5245 461 5318 ῥητὸν
488 5243 624 5317 πρὸς
649 5244 775 5309 τοὺς
797 5245 949 5318 παρὰ
970 5245 1061 5299 τὸν
1085 5244 1271 5316 καιρὸν
1297 5246 1392 5298 τοῦ
1414 5245 1576 5299 πότου
1605 5247 1782 5312 αὐλοῖς

1920 5248 2034 5305 Ιῑίιθ
2061 5250 2161 5303 hoc
2187 5247 2351 5303 fuerit
2377 5255 2566 5301 contra
2595 5259 2690 5300 eos
2721 5245 2813 5314 qui
2846 5253 3087 5313 tempore
3119 5240 3355 5296 convivii
3387 5240 3456 5294 ti-

218 5342 310 5394 καὶ
326 5340 495 5411 ᾠδαῖς
516 5340 903 5413 τερπομένους.

286 5433 457 5506 Κάγὼ
502 5434 646 5489 ὡσεὶ
693 5434 908 5504 χόρτος
939 5433 1277 5504 ἐξηράνθην
1298 5453 1311 5466 ·
1359 5437 1441 5492 σὺ
1469 5437 1556 5506 δὲ,
1587 5439 1782 5507 Κύριε,

212 5520 302 5585 εἰς
331 5519 440 5573 τὸν
464 5519 650 5575 αἰῶνα
692 5518 929 5590 μένεις,
985 5537 1036 5573 κ.
1070 5537 1121 5575 τ.
1162 5522 1206 5573 é.
1270 5521 1408 5591 Ἐγὼ
1466 5523 1563 5594 μὲν
1622 5523 1788 5595 πρόσ-

291 5677 335 5709 "
367 5678 529 5735 Rom.
557 5695 601 5749 ι,
635 5681 724 5736 I7.
799 5682 844 5715 ⁷³
863 5679 1025 5739 Joan.
1056 5696 1154 5751 vu,
1176 5681 1268 5738 58.

1892 5342 1996 5401 biis
2032 5350 2088 5395 et
2114 5339 2344 5395 canticis
2372 5338 2726 5393 delectantur.

1961 5433 2119 5504 781
2152 5430 2313 5487 Vens.
2344 5432 2431 5499 I2,
2466 5430 2551 5485 1'5.
2586 5429 2655 5483 Et
2683 5445 2778 5499 ego
2822 5428 2956 5481 sicut
2989 5425 3166 5493 fenum
3206 5422 3345 5477 arui.
3379 5421 3457 5475 Tu

1892 5533 2087 5594 autem,
2113 5524 2353 5593 Domine,
2374 5524 2434 5577 in
2460 5532 2713 5579 aeternum
2743 5534 3031 5585 permanet,
3061 5527 3166 5573 etc.
3205 5516 3313 5586 Ego
3339 5515 3458 5604 qui.-
