3928 6158
182 205 321 260 1361

1146 202 1457 259 SELECTA
1494 204 1560 260 IN
1599 195 1969 259 PSALMOS.‘
1997 233 2045 244 -
2080 200 2289 259 PSAL:
2318 195 2450 269 ,Clll.

3296 208 3437 265 i302

270 324 337 378 '0
361 321 545 377 ποιῶν
577 322 719 389 τοὺς
745 321 1040 393 ἀγγέλους
1073 325 1260 379 αὐτοῦ
1291 330 1597 395 πνεύματα
1619 369 1632 391 ,
1665 327 1746 378 ua;

1939 323 2098 380 Vens.
2135 327 2191 379 4.
2234 326 2338 391 Qui
2376 326 2505 379 facis
2535 324 2748 394 angelos
2775 335 2895 379 tuos
2933 325 3170 393 spiritus,
3203 336 3253 381 et
3285 330 3441 383 mini—

177 415 333 481 τοὺς
370 413 754 483 λειτουργοὺς
801 414 989 468 αὐτοῦ
1040 417 1230 484 πυρὸς
1261 418 1494 486 φλόγα,
1537 434 1591 470 κ.
1633 434 1684 471 τ.
1713 419 1758 471 ὲ.

178 502 277 572 Τῷ
324 503 423 573 μὲν
489 502 739 575 Ἀϐραάμ
783 504 833 557 οί
877 504 1099 573 ἄγγελοι
1133 506 1208 568 ὡς
1240 506 1525 577 πνεύματα
1563 507 1766 578 ἐφάνη-

178 609 287 649 σαν
306 633 323 657 ,
352 597 462 659 τοῖς
484 595 541 649 δὲ
569 594 890 666 Σοδομίταις
916 595 1105 666 ὥσπερ
1139 595 1250 667 πῦρ
1284 596 1503 666 φλέγον.

260 681 320 736 '0
342 684 629 753 θεμελιῶν
646 686 762 752 τὴν
780 684 896 755 γῆν
915 686 1013 738 ἐπὶ
1040 684 1155 753 τὴν
1169 686 1514 755 ἀσφάλειαν
1534 686 1725 754 αὐτῆς
1744 705 1757 718 ·

173 774 253 827 οὐ
277 773 629 841 κλιθήσεται
655 778 743 841 εις
769 775 876 828 τὸν
908 773 1093 828 αίῶνα
1124 775 1229 830 τοῦ
1257 775 1472 842 αἰῶνος
1490 816 1506 843 ,
1546 794 1601 830 κ.
1633 795 1683 830 τ.
1709 780 1758 832 ἐ.

184 863 250 920 Ὅ
285 865 389 937 μὲν
430 865 551 920 Ἰὼϐ
580 862 702 920 εἷπε
726 885 741 898 ο
776 887 793 919 ι
832 868 1130 940 Κρεμάσας
1173 868 1272 939 τὴν
1308 869 1413 939 γῆν
1461 871 1555 923 ἐπὶ
1599 872 1762 941 μηδε-

172 956 270 1021 νός
294 970 314 990 ·
353 977 372 1008 ι
418 959 447 1010 ὁ
502 958 559 1011 δὲ
587 958 782 1027 Δαυῒδ,
829 979 848 1011 ι
881 960 973 1014 ἐπὶ
1010 958 1107 1029 τὴν
1159 959 1459 1029 ἀσφάλειαν
1507 961 1697 1032 αὐτῆς.
1735 981 1753 1012 ι

185 1046 478 1121 Ἑκάτεροι
508 1049 565 1103 δὲ
596 1051 873 1123 ἀναιροῦσι
897 1052 958 1105 τὸ
984 1050 1123 1107 εἶναι
1152 1052 1316 1123 σῶμά
1359 1070 1410 1106 τι
1450 1054 1632 1125 ἕτερον
1663 1054 1759 1124 βα-

177 1140 386 1205 στάζον
431 1143 601 1216 αὐτὴν
648 1145 938 1198 ὑποκάτωο
980 1146 1015 1216 η
1050 1144 1158 1217 γὰρ
1179 1144 1446 1213 ἀσφάλεια
1483 1146 1584 1198 οὐκ
1614 1145 1759 1199 ἔστιν

175 1233 343 1286 οὐσία
370 1274 385 1299 ,
420 1234 556 1289 ἀλλὰ
605 1236 767 1307 τέχνη
811 1235 944 1289 Θεοῦ
966 1277 980 1301 ,
1014 1237 1267 1306 ἀκίνητον
1314 1236 1409 1309 τὴν
1452 1238 1555 1308 γῆν
1588 1240 1648 1291 ὲν
1690 1240 1756 1309 τῇ

176 1326 394 1399 σφαίρᾳ
420 1327 874 1396 διαφυλάττουσα.
1050 1340 1055 1345 “

253 1418 566 1485 Ἀϐυσσος
622 1420 703 1485 ὡς
751 1418 984 1489 ἱμάτιον
1027 1417 1095 1472 τὸ
1138 1420 1517 1486 περιϐόλαιον
1548 1419 1755 1483 αὑτοῦ,

171 1526 231 1562 κ.
257 1528 311 1564 τ.
338 1512 385 1565 ἑ.
412 1511 487 1565 Τὸ
522 1510 903 1582 ἀκατάληπτον
944 1511 1045 1582 τῆς
1088 1509 1344 1579 γνώσεως
1380 1509 1474 1563 τοῦ
1507 1509 1641 1564 Θεοῦ
1671 1509 1757 1563 διά

169 1590 281 1671 τῆς
312 1601 550 1656 άόύσσου
584 1604 900 1674 παρίστησι.

1863 426 2002 469 stros
2036 428 2153 469 tuos
2188 418 2359 485 ignem
2409 425 2680 481 urentem,
2728 425 2835 469 etc.
2878 414 3188 469 Abrahamo
3215 420 3434 487 quidem

1860 504 2036 575 angeli
2085 505 2229 559 sicut
2260 505 2485 573 Spiritus
2529 514 2936 575 apparuerunt;
2981 504 3273 563 Sotlumitis
3307 524 3436 563 vero

1860 596 2002 650 sicut
2032 596 2170 665 ignis
2194 597 2416 650 ardens.

1932 686 2097 741 Vens.
2134 687 2191 740 5.
2235 686 2338 752 Qui
2386 687 2629 757 fundasti
2673 697 2868 743 terram
2909 704 3067 758 super
3094 689 3435 746 stabiiitamss

1860 795 2012 832 suam
2038 795 2055 832 :
2084 795 2187 832 non
2216 779 2563 832 iuclinalntur
2594 780 2651 833 in
2685 779 2937 834 saeculum
2967 782 3166 843 sinuati,
3194 792 3302 836 etc.
3332 781 3435 837 Job

1860 870 2079 937 quidem
2117 870 2313 923 dixit"
2352 885 2366 922 :
2406 886 2423 919 ι
2457 868 2560 935 Qui
2608 870 2867 938 appendit
2916 882 3117 925 terram
3158 888 3320 941 super
3345 872 3431 927 ni-

1861 960 2029 1013 hilum
2056 975 2071 1024 ;
2098 978 2118 1013 ›
2153 960 2322 1014 David
2355 970 2559 1028 autem,
2594 979 2612 1011 ι
2638 977 2803 1031 super
2832 961 3179 1018 stabilitatem
3205 979 3378 1018 suam.
3405 982 3425 1017 s

1864 1048 2106 1117 Uterque
2137 1060 2318 1104 autem
2365 1060 2527 1120 negat
2555 1066 2681 1105 esse
2707 1066 2903 1120 corpus
2932 1051 3076 1105 aliud
3115 1054 3255 1121 quod
3286 1054 3430 1107 illuni

1859 1139 2001 1196 infra
2034 1141 2320 1195 sustineat.
2362 1141 2645 1196 Stabilitas
2674 1142 2821 1196 enim
2860 1157 2965 1195 non
2997 1154 3077 1196 est
3107 1145 3427 1208 substantia,

1856 1233 1950 1287 sed
1985 1247 2076 1287 ars
2108 1231 2228 1298 Dei,
2254 1248 2376 1303 qua:
2401 1233 2731 1289 immobilem
2756 1241 2953 1287 terram
2982 1235 3033 1288 in
3065 1235 3271 1305 sphaera
3301 1251 3432 1291 cou-

1857 1337 2057 1382 servat.

1934 1417 2105 1474 Vens.
2143 1419 2195 1473 6.
2230 1419 2462 1489 Abyssus
2491 1422 2626 1474 sicut
2655 1423 3014 1477 vestimentum
3041 1434 3261 1475 amictus
3288 1424 3427 1491 ejus,

1855 1522 1964 1567 etc.
2011 1511 2614 1579 lncomprehensibilem
2663 1514 2948 1569 scientiam
2981 1514 3073 1569 Dei
3117 1517 3430 1587 perabys-

1856 1622 1976 1661 sum
2004 1606 2227 1659 indicat.

260 1694 721 1750 Ἀναόαίνουσιν
748 1694 855 1763 ὄρη
885 1694 982 1747 καί
1012 1693 1438 1747 καταϐαίνουσι
1464 1691 1641 1745 πεδία
1670 1693 1746 1759 είς

1931 1696 2092 1751 Vens.
2135 1697 2190 1751 8.
2233 1698 2529 1751 Asceudunt
2566 1705 2765 1751 montes
2802 1705 2852 1751 et
2888 1696 3208 1750 descendunt
3257 1694 3426 1762 campi

170 1788 287 1838 τὸν
318 1788 504 1843 τόπον
523 1787 595 1840 ὃν
609 1787 1007 1856 ἐθεμελίωσας
1025 1784 1227 1851 αὐτοῖς
1243 1825 1273 1849 ,,
1290 1802 1343 1837 κ.
1368 1802 1418 1837 τ.
1443 1785 1489 1837 ὲ.
1516 1783 1752 1853 Δογικάς

166 1897 331 1943 τινας
368 1879 455 1933 διὰ
481 1879 588 1934 τῶν
611 1879 783 1948 λόγων
806 1881 1008 1932 τούτων
1033 1877 1329 1931 αἰνίττεται
1359 1876 1569 1945 φύσεις.

248 1974 458 2041 Ὅριον
486 1974 626 2029 ἔθου
661 1974 692 2027 δ
718 1975 790 2027 οὺ
815 1972 1286 2042 παρελεύσονται
1306 2012 1321 2036 ,
1355 1988 1411 2024 κ.
1450 1989 1499 2024 τ.
1536 1973 1583 2025 ὲ.
1617 1972 1751 2043 Περὶ

165 2065 283 2120 τῶν
312 2065 681 2138 καταχθονίων
706 2066 974 2137 δαιμόνων
996 2064 1171 2119 ταῦτα
1198 2062 1451 2133 λέγεσθαί
1474 2080 1625 2132 φασι.

240 2248 502 2308 Ποτίζων
531 2249 636 2317 ὄρη
688 2250 757 2303 ἐκ
784 2248 900 2303 τῶν
942 2248 1227 2318 ὑπερῴων
1269 2248 1459 2303 αὐτοῦ
1482 2289 1496 2312 ,
1527 2265 1580 2301 κ.
1613 2265 1662 2301 τ.
1695 2250 1742 2303 ἑ.

178 2337 441 2412 Ὕπερῷα
473 2338 607 2391 Θεοῦ
630 2338 818 2408 φύσεις
844 2338 1082 2411 καθαραὶ
1110 2339 1421 2404 ποτίζουσαι
1455 2340 1579 2393 τοὺς
1604 2337 1747 2411 ὑψη-

165 2431 295 2484 λοτέ
302 2448 431 2502 ρους
457 2434 522 2501 τῇ
553 2431 769 2504 καρδίᾳ.

243 2524 731 2593 Χορτασθήσεται
778 2522 851 2577 τὰ
893 2522 1051 2589 ξύλα
1097 2523 1205 2578 τοῦ
1247 2522 1490 2589 πεδίου,
1524 2539 1580 2576 κ.
1608 2539 1660 2576 τ.
1696 2535 1744 2576 ε.

177 2617 240 2671 Ὀ
272 2617 332 2671 δὲ
381 2616 628 2688 Ἐϐραῖος
665 2617 759 2670 καὶ
798 2619 846 2670 οἱ
886 2616 1063 2675 λοιτωὶ
1112 2636 1130 2667 ι
1159 2615 1253 2669 τοῦ
1285 2615 1489 2687 Κυρίου
1519 2634 1538 2666 ι
1575 2614 1747 2667 τεθεί-

168 2726 353 2764 κασιν.
391 2708 683 2773 Διεξελοὼν
722 2708 791 2763 τά
840 2708 1129 2779 κάρπιμα,
1178 2705 1491 2775 ἀναγκαίως
1539 2721 1746 2776 μνημο-

167 2801 319 2856 νεύει
346 2801 439 2856 καὶ
468 2800 574 2855 τῶν
602 2802 866 2872 ἀκάρπων
888 2840 903 2866 ,
938 2801 1013 2865 ὡς
1053 2801 1346 2867 ἀναγκαῖον
1388 2802 1501 2863 τοῖς
1532 2797 1744 2869 ἀνθρώ-

166 2906 298 2956 ποις
345 2894 437 2947 καὶ
476 2891 617 2946 αὐτὰ
655 2892 1001 2963 παρεχόντων
1049 2891 1257 2962 χρείαν.
1301 2888 1401 2943 Διὰ
1449 2888 1607 2942 τοῦτο
1651 2890 1745 2945 καὶ

171 3004 192 3035 ι
222 2986 429 3057 Κυρίου
468 3005 486 3037 ι
515 2985 653 3038 αὐτὰ
679 2984 1117 3056 προσηγόρευσεν
1136 3024 1152 3050 ,
1185 2983 1261 3047 ὡς
1285 2984 1529 3052 αὐτοφυᾶ
1560 2984 1656 3037 καὶ
1680 2983 1742 3037 οὐ

1858 1790 1914 1846 in
1945 1790 2118 1844 locum
2145 1806 2297 1860 quem
2342 1789 2581 1859 fundasti
2618 1791 2713 1850 eis.
2745 1800 2853 1846 etc.
2903 1788 3138 1844 Naturas
3165 1790 3426 1859 quasdam

1859 1889 2068 1937 ratione
2098 1882 2349 1950 praeditas
2381 1881 2465 1937 bis
2499 1881 2683 1937 verbis
2711 1881 2939 1936 indicat.

1927 1972 2093 2027 Vens.
2122 1971 2177 2026 9.
2215 1970 2514 2026 Terminum
2558 1971 2780 2042 posuisti
2813 1988 2964 2042 quem
3014 1987 3119 2026 non
3162 1982 3426 2041 transgre-

1855 2063 2068 2118 dieutur
2096 2103 2112 2131 ,
2151 2074 2258 2119 etc.
2282 2062 2409 2119 llaec
2461 2063 2613 2117 aiunt
2646 2064 2715 2117 de
2737 2061 3105 2118 subterraneis
3144 2061 3425 2117 daemoniis

1855 2156 1982 2212 dici.

1933 2246 2094 2305 Vens.
2120 2247 2208 2305 15.
2240 2246 2437 2316 Riguus
2462 2256 2662 2300 montes
2684 2246 2749 2300 de
2775 2246 3131 2315 superioribus
3154 2245 3284 2312 suis,
3314 2254 3421 2300 etc.

1858 2339 2151 2408 Superiora
2186 2338 2281 2394 Dei
2311 2347 2441 2394 sunt
2475 2346 2679 2393 natura:
2710 2352 2858 2407 pune
2905 2338 3145 2407 rigantes
3175 2337 3421 2392 excelsos

1852 2432 2035 2487 corde.

1928 2523 2091 2579 Vens.
2129 2524 2217 2579 i6.
2270 2521 2673 2579 Saturabuutur
2707 2522 2863 2593 'ligna
2899 2522 3110 2591 campi,
3154 2531 3261 2576 etc.
3316 2520 3421 2577 He-

1852 2616 2034 2671 braeus
2065 2624 2244 2671 textus
2266 2654 2282 2680 ,
2316 2625 2371 2669 et
2401 2614 2593 2683 reliqui
2624 2653 2641 2679 ,
2691 2632 2710 2666 ι
2742 2613 2955 2668 Domini
2983 2651 2999 2676 ,
3040 2631 3060 2665 ι
3101 2624 3417 2681 posuerunt.

1850 2708 2146 2777 Postquam
2177 2707 2455 2764 recensuit
2492 2706 2794 2772 fructifera,
2822 2707 3128 2761 necessario
3154 2717 3420 2762 memorat

1851 2804 2015 2856 etiam
2048 2799 2408 2865 infructuosa,
2438 2800 2635 2869 quippe
2681 2815 2801 2868 quae
2849 2800 3211 2854 necessarium
3244 2800 3418 2854 humi-

1852 2892 2011 2945 nibus
2037 2902 2092 2945 et
2118 2891 2232 2960 ipsa
2267 2890 2540 2961 prmbeunt
2570 2905 2747 2944 usum.
2802 2887 3093 2957 Propterea
3125 2898 3180 2942 ct
3214 2907 3234 2941 ι
3270 2888 3416 2960 ligna

1850 2981 2063 3037 Domini
2089 3001 2109 3034 ι
2142 2984 2252 3051 ipsa
2285 2982 2595 3051 appellavit,
2624 2981 2823 3050 quippe
2842 2994 2962 3049 qua:
2990 2991 3182 3048 sponte
3205 2991 3417 3037 natura:

164 3077 511 3148 χειρόκμητα
538 3119 553 3143 ,
585 3076 721 3130 ἀλλὰ
759 3074 837 3147 τῷ
884 3076 1013 3146 θείῳ
1044 3075 1186 3146 λόγῳ
1226 3075 1602 3146 βλαστήσαντα
1621 3092 1635 3106 ·
1664 3076 1745 3130 διὸ

1872 3076 2192 3140 »ιονεηίοιιι,
2217 3090 2316 3128 nec
2340 3089 2501 3128 manu
2527 3073 2899 3135 elaborentur,
2931 3072 3024 3125 sed
3043 3071 3231 3125 divino
3250 3073 3416 3127 verbo

164 3169 263 3220 καὶ
313 3168 626 3239 ἐπήγαγεν
674 3189 692 3219 ι
724 3169 789 3221 At
837 3167 1018 3239 κέδροι
1064 3168 1160 3221 τοῦ
1208 3168 1440 3222 Λιϐάνου
1491 3169 1558 3233 ἃς
1606 3169 1742 3239 ἐφύ-

161 3274 390 3323 τευσας.
426 3278 446 3311 ι

243 3351 358 3406 Τοῦ
395 3353 602 3407 αὐτοῦ.
641 3338 850 3425 Ὥσπερ
887 3352 1003 3406 ἐστι
1037 3369 1161 3407 τινα
1188 3351 1318 3417 ξύλα
1349 3352 1443 3406 τοῦ
1486 3351 1744 3424 παραδεί-

164 3463 264 3499 σου
288 3487 303 3512 ,
332 3445 475 3499 οὕτω
502 3446 595 3499 καλ⁵
623 3443 755 3510 ξύλα
779 3443 979 3499 πεδίου.

235 3538 428 3607 Πέτρα
464 3536 775 3608 καταφυγὴ
808 3536 933 3602 τοῖς
972 3536 1443 3605 χοιρογρυλλίοις
1466 3574 1481 3599 ,
1513 3552 1569 3587 κ.
1601 3551 1654 3587 τ.
1689 3535 1737 3587 ὲ.

173 3632 234 3685 Ὁ
272 3630 681 3703 χοιρογρυλλίου
716 3628 856 3700 ἔχων
895 3627 1230 3682 κατάστασιν
1261 3624 1624 3697 προσφυγέτω
1671 3625 1737 3694 τῇ

1856 3168 2185 3236 germinent.
2218 3166 2577 3232 Quamobrem
2607 3165 2773 3220 etiam
2802 3164 3043 3219 addidit:
3082 3180 3103 3216 ι
3130 3165 3294 3219 Cedri
3319 3163 3416 3220 Li-

1842 3258 1972 3313 bani
2003 3273 2138 3327 quas
2171 3258 2441 3328 plantasti.
2474 3276 2494 3311 ι

1915 3349 2187 3419 Ejusdem.
2220 3348 2683 3416 Quemadmodum
2710 3348 2956 3417 quaedam
2997 3349 3140 3421 ligna
3165 3359 3295 3404 sunt
3321 3362 3413 3420 pa-

1842 3441 2029 3505 radisi,
2058 3441 2138 3494 sic
2168 3441 2333 3493 etiam
2370 3451 2497 3494 sunt
2523 3439 2663 3508 ligna
2698 3440 2894 3508 campi.

1912 3532 2074 3586 Vens.
2099 3532 2186 3587 18.
2218 3530 2382 3585 Petra
2414 3531 2674 3600 refugium
2707 3530 3010 3594 herinaciis,
3042 3541 3148 3584 etc.
3184 3532 3284 3596 Qui
3316 3530 3411 3584 be—

1841 3623 2035 3679 rinacii
2073 3624 2237 3678 habet
2267 3623 2525 3686 indolem,
2559 3622 2837 3693 confugiat
2875 3625 2942 3675 ad
2976 3623 3275 3690 spiritalem
3309 3636 3400 3691 pe-

161 3726 507 3795 πνευματικῇ
532 3723 709 3795 πέτρᾳ
733 3724 799 3793 τῇ
822 3718 1189 3791 άκολουθούσῃ
1218 3720 1276 3773 ὲν
1306 3720 1371 3789 τῇ
1405 3719 1616 3788 ἐρήμῳ,
1646 3715 1741 3768 καὶ

1872 3730 1979 3768 ram
2017 3723 2441 3783 consequentem
2475 3715 2528 3767 iu
2559 3714 2774 3768 deserto
2805 3724 2859 3767 et
2910 3714 3172 3783 rigantem
3216 3712 3404 3769 Israel.

160 3814 457 3886 ποτιζούσῃ
486 3815 577 3867 τὸν
619 3811 854 3884 Ἰσραήλ.

245 3908 301 3958 '0
330 3906 501 3974 ἣλιος
518 3906 671 3975 ἔγνω
698 3903 813 3971 τὴν
830 3902 1010 3956 δύσιν
1025 3899 1232 3965 αὑτοῦ,
1263 3916 1318 3953 κ.
1348 3915 1400 3952 τ.
1424 3899 1467 3950 ὲ.
1513 3897 1571 3950 '0
1590 3896 1739 3966 ἥλιος

161 4000 265 4070 τῆς
288 3998 630 4070 δικαιοσύνης
665 3997 806 4064 ἔγνω
836 3994 932 4049 νῦν
963 3996 1089 4059 τοὺς
1111 3996 1170 4048 ὲν
1199 3989 1281 4056 οἷς
1310 3991 1398 4045 ἔδυ
1430 3989 1582 4044 ποτέ.

283 4090 613 4144 Ἀνέτειλεν
640 4093 672 4143 ό
703 4089 876 4157 ἥλιος
924 4087 1024 4141 καί
1055 4084 1488 4154 συνήχθησαν,
1523 4099 1574 4136 κ.
1602 4099 1654 4135 τ.
1686 4083 1735 4135 ὲ.

1912 3895 2077 3950 Vens.
2120 3894 2206 3951 I9.
2256 3894 2349 3949 Sol
2398 3896 2636 3964 cognouit
2675 3911 2916 3950 occasum
2956 3913 3133 3960 suum,
3178 3907 3285 3951 etc.
3317 3896 3412 3952 Sol

1832 3988 2061 4062 iustitiae
2091 3990 2239 4042 novit
2262 4002 2405 4041 nunc
2440 4002 2535 4043 eos
2561 3988 2614 4041 in
2647 3988 2844 4057 quibus
2871 3987 3160 4056 aliquando
3189 3990 3410 4045 occidit.

1911 4083 2073 4137 Vnus.
2103 4081 2194 4136 22.
2226 4081 2385 4135 Ortus
2418 4090 2495 4133 est
2529 4081 2632 4146 sol,
2673 4088 2723 4134 et
2753 4081 3055 4149 congregati
3101 4092 3245 4146 sunt,
3297 4090 3403 4138 etc.

174 4183 265 4236 Ἐν
296 4177 375 4246 οἷς
416 4181 697 4235 ἀνατέλλει
722 4183 751 4233 ὁ
776 4180 926 4251 ἥλιος
966 4179 1068 4249 τῆς
1112 4176 1456 4246 δικαιοσύνης
1475 4215 1491 4240 ,
1523 4176 1581 4228 ὲν
1622 4172 1738 4228 τού-

1872 4191 1893 4228 n
1936 4175 2136 4243 quibus
2173 4173 2336 4244 783
2382 4172 2627 4228 exoritur
2678 4171 2756 4226 sol
2793 4172 3020 4241 justitiae
3047 4212 3063 4239 ,
3121 4172 3189 4229 iis
3238 4173 3403 4228 etiam

158 4292 275 4338 τοις
307 4276 398 4330 καὶ
418 4276 474 4326 ai
501 4273 689 4327 κακίαι
716 4272 855 4326 κατὰ
881 4272 1108 4342 δύναμιν
1139 4270 1491 4339 ὑπάρχουσιν.

1838 4265 2054 4320 malitiae
2085 4266 2380 4319 secundum
2418 4263 2665 4319 virtutem
2700 4264 2907 4318 insunt.

254 4366 662 4431 Ἐξελεύσεται
704 4365 1009 4433 ἄνθρωπος
1048 4362 1147 4415 ἐπὶ
1184 4362 1248 4415 τὸ
1296 4362 1472 4430 ἔργον
1524 4358 1731 4422 αὐτοῦ,

1906 4353 2070 4408 Vens.
2102 4354 2195 4408 25.
2227 4352 2404 4406 Exibit
2430 4351 2581 4406 homo
2619 4352 2688 4404 ad
2717 4368 2844 4419 Opus
2878 4368 3052 4416 suum,
3086 4362 3134 4405 et
3173 4352 3243 4404 ad
3281 4368 3407 4420 ope-

158 4461 263 4518 καί
307 4461 406 4514 ἐπὶ
445 4459 560 4526 τὴν
587 4459 873 4528 ἐργασίαν
900 4456 1085 4510 αὺτοῦ
1122 4454 1232 4520 ἓως
1268 4454 1547 4521 ἑσπέρας,
1581 4468 1636 4505 κ.
1683 4469 1734 4505 τ.

158 4555 208 4607 ὲ.
250 4553 449 4624 Ἔργον
476 4548 571 4603 νῦν
600 4548 743 4616 λέγει
770 4547 939 4617 αὐτὴν
970 4546 1067 4617 τὴν
1103 4544 1232 4615 ὓλην
1260 4544 1387 4615 περὶ
1414 4543 1480 4614 ἢν
1510 4545 1544 4614 ἡ
1573 4543 1738 4614 ἐργα-

159 4644 282 4697 σία·
321 4640 583 4714 ἐργασίαν
621 4639 678 4692 δὲ
720 4638 889 4710 αὐτὴν
934 4637 1032 4712 τὴν
1081 4637 1277 4708 τέχνην
1324 4635 1421 4707 τὴν
1465 4636 1592 4707 περὶ
1640 4633 1738 4705 τὴν

159 4736 296 4807 ὓλην
325 4733 637 4804 γινομένην.

248 4826 409 4881 Ἐκεῖ
453 4823 671 4892 ἑρπετὰ
715 4817 804 4878 ὧν
845 4823 957 4876 οὐκ
1007 4821 1178 4875 ἐστιν
1220 4819 1483 4888 ἀριθμὸς,
1522 4836 1576 4872 κ.
1607 4834 1659 4870 τ.
1690 4818 1738 4870 ὲ.

158 4919 283 4972 Τῶν
320 4915 565 4988 ἑρπετῶν
602 4913 903 4987 ἀνθρώπων
943 4913 1031 4967 διά
1069 4912 1167 4984 τὴν
1210 4911 1407 4965 κακίαν
1452 4911 1552 4964 οὐκ
1596 4909 1743 4963 ἔστιν

157 5009 418 5083 ἀριθμόςο
453 5028 473 5061 ι
513 5010 570 5062 Ὁ
603 5008 711 5080 γὰρ
757 5006 1025 5079 ἀριθμῶν,
1072 5006 1243 5077 φησὶ,
1288 5003 1466 5076 πλήθη
1504 5004 1739 5075 ἄστρων,

156 5105 253 5157 καὶ
282 5104 451 5157 πᾶσιν
476 5103 659 5165 αὐτοῖς
690 5100 932 5170 ὀνόματα
960 5097 1162 5151 καλῶν.
1211 5114 1231 5149 ι

240 5191 603 5258 Ἀντανελεῖς
628 5190 694 5245 τὸ
720 5190 954 5259 πνεῦμα
984 5186 1200 5254 αὐτῶν,
1228 5187 1324 5241 καί
1357 5187 1733 5255 ἐπιλείψουσι,

156 5286 257 5340 καὶ
283 5287 369 5351 είς
399 5283 506 5339 τὸν
542 5280 696 5353 χοῦν
719 5281 919 5335 αὐτῶν
947 5279 1402 5348 ἐπιστρέφουσι,
1435 5295 1489 5330 κ.
1520 5294 1569 5331 τ.
1599 5279 1645 5329 ὲ.
1674 5277 1736 5329 Oi

160 5378 514 5440 ἐκπίπτοντες
564 5374 658 5428 τοῦ
716 5373 866 5445 παρὰ
909 5373 1005 5425 τοῦ
1063 5371 1199 5425 Θεοῦ
1253 5370 1495 5433 δοθέντος
1555 5369 1735 5432 αὐτοῖς

161 5468 462 5540 πνεύματος
491 5468 730 5537 γίνονται
763 5466 954 5538 χοϊκοί.

260 5611 274 5643 Ι

228 5663 271 5692 ⁷⁷
304 5659 405 5717 Job
436 5677 580 5724 xxvi,
618 5660 671 5716 7.
749 5660 793 5691 ⁷⁸
823 5657 963 5714 Psal.
998 5673 1177 5721 ωινι,
1216 5656 1259 5710 i.

1846 4447 2102 4500 rationem
2129 4460 2279 4499 suam
2306 4459 2469 4512 usque
2496 4447 2568 4496 ad
2596 4458 2882 4511 vesperum,
2916 4453 3023 4497 etc.
3073 4443 3219 4511 Opus
3263 4457 3408 4499 nunc

1847 4537 2129 4593 materiam
2159 4537 2300 4590 circa
2337 4551 2498 4605 quam
2525 4535 2766 4605 operatio
2801 4543 3079 4600 versatur;
3132 4535 3406 4603 operatio-

1847 4644 1969 4684 nem
1998 4636 2179 4682 aulem
2205 4638 2359 4681 vocat
2387 4635 2556 4681 artem
2587 4640 2709 4696 qua:
2736 4626 3019 4701 materiam
3069 4625 3402 4697 aggreditur.

1914 4810 2079 4867 Vens.
2118 4811 2211 4869 25.
2235 4809 2355 4864 Illic
2387 4812 2596 4879 reptiiia
2619 4827 2841 4880 quorum
2874 4826 2980 4864 non
3008 4818 3085 4864 est
3131 4825 3401 4876 numerus,

1844 4914 1952 4961 etc.
1987 4904 2305 4973 Repentium
2332 4904 2609 4957 hominum
2640 4910 2858 4973 propter
2898 4901 3159 4956 malitiam
3186 4916 3291 4955 non
3321 4911 3406 4955 est

1848 5015 2126 5055 numerus.
2156 5018 2176 5051 ι
2210 5000 2312 5067 Qui
2352 5010 2601 5055 numerat
2640 5000 2804 5065 enim,
2835 4998 3013 5068 inquit
3052 4996 3114 5060 ⁷⁸.
3164 4997 3403 5051 multitu~

1839 5094 1995 5149 dines
2022 5093 2323 5157 stellarum,
2349 5105 2404 5147 et
2433 5092 2682 5147 omnibus
2712 5091 2793 5145 eis
2816 5090 3033 5144 nomina
3059 5097 3234 5143 vocat.
3274 5105 3293 5138 ι

1911 5185 2073 5240 Vsus.
2101 5186 2192 5241 29.
2218 5185 2441 5255 Auferes
2462 5185 2710 5251 spiritum
2754 5183 2989 5245 illorum,
3038 5188 3088 5234 et
3134 5179 3400 5247 deﬁcient.

1840 5289 1887 5332 et
1919 5278 1974 5332 in
1998 5278 2262 5347 pulverem
2293 5293 2448 5333 suum
2477 5286 2818 5339 revertentur,
2869 5282 2977 5329 etc.
3021 5271 3124 5338 Qui
3155 5272 3337 5325 datum
3369 5282 3400 5326 ἢ

1846 5373 1954 5425 Deo
1986 5370 2118 5440 ipsis
2144 5370 2395 5439 spiritum
2416 5368 2689 5434 amittunt,
2723 5366 2858 5420 ﬁunt
2884 5359 3106 5419 terreni.
