3928 6158
163 205 193 258 1
208 203 320 261 565

1166 204 1476 264 SELECTA
1517 207 1583 264 IN
1619 207 1966 267 PSALMOS.’
1993 239 2067 254 —
2100 210 2293 267 PSAL.
2332 211 2469 269 CVI.

3282 220 3418 277 1506

158 322 334 376 τοῦτο
374 321 534 387 σώζει
582 323 729 395 ἡμᾶς
769 342 798 379 ο
846 325 1066 399 Κυριυς,
1116 330 1201 382 ἵνα
1238 330 1437 399 γνῶσιν
1486 334 1616 405 ἡμῖν
1652 334 1732 406 τῆς

1863 349 1950 389 nos
1979 334 2236 392 Dominus
2287 345 2345 391 ut
2398 334 2755 408 cognitionem
2808 338 2964 396 nobis
3006 342 3257 411 potentiae
3301 357 3416 398 suae

158 411 490 479 δυναστείας
513 417 683 469 αὑτοῦ
708 418 1022 489 χαρίσηται.

244 503 349 573 Εἷς
364 508 434 572 ἐξ
465 508 663 562 αὐτῶν
692 512 804 579 οὐχ
834 512 1186 581 ὑπελείφθη,
1218 531 1355 568 κ..τ.
1391 516 1437 568 ἐ.
1470 515 1752 588 Μακάριος

159 589 349 663 οὗτος,
376 593 421 667 ᾧ
448 600 634 671 μηδεὶς
659 600 769 656 τῶν
803 603 1013 673 ἐχθρῶν
1042 604 1407 662 ὑπολείπεται.

253 693 372 745 Οὐκ
412 692 740 762 ὑπέμειναν
770 693 884 761 τὴν
904 695 1147 765 ,ϐουλὴν
1178 698 1384 765 αὐτοῦ,
1415 699 1510 752 καὶ
1541 699 1751 754 ἐπεθύ-

154 799 377 854 μησαν
399 784 722 853 ἐπιθυμίαν
747 787 817 839 ἐν
843 785 917 854 τῇ
942 789 1158 857 ἐρήμῳ,
1203 808 1258 843 κ.
1302 808 1355 846 τ.
1395 792 1443 844 ἐ.
1480 792 1594 846 Οὐκ
1629 792 1751 846 ἀνέ-

158 889 365 944 μειναν
394 876 493 946 τὴν
513 877 672 948 χάριν
700 877 885 941 αὑτοῦ,
918 879 1032 933 ἀλλ’
1069 880 1390 935 ἐπελάθοντο
1430 882 1538 939 τῶν
1571 882 1749 957 ἔργων

156 964 340 1019 αὑτοῦ
379 967 472 1021 καὶ
500 968 849 1039 ἐπεθύμησαν
874 970 1172 1041 ἐπιθυμίαν
1199 975 1395 1045 κακήν.

244 1059 355 1114 Καὶ
389 1060 735 1128 ἠλλάξαντο
766 1063 883 1131 τὴν
907 1064 1095 1129 δόξαν
1120 1065 1318 1120 αὐτῶν
1343 1066 1414 1120 ἐν
1436 1067 1747 1137 ὁμοιώματι

152 1164 408 1220 μοσχου
450 1152 757 1219 ἐσθίοντος
785 1154 1018 1223 χόρτον,
1061 1174 1115 1210 κ.
1156 1171 1207 1210 τ.
1245 1158 1291 1210 ἐ.
1329 1160 1394 1211 Ol
1438 1157 1748 1223 δοξάζοντες

159 1243 380 1314 κτίσμα
405 1244 555 1316 παρὰ
584 1244 674 1299 τὸν
702 1248 983 1310 κτίσαντα,
1013 1241 1157 1303 οῦτοι
1188 1249 1508 1305 ἀλλάσσουσι
1536 1251 1631 1321 τὴν
1663 1251 1748 1305 δό-

162 1331 272 1399 ξαν
291 1335 487 1389 αὐτῶν.
511 1355 529 1387 ι
562 1338 671 1390 Καὶ
696 1337 949 1408 ἤλλαξαν,
977 1341 1140 1411 φησὶν
1163 1342 1191 1393 ὁ
1224 1340 1452 1404 Παῦλος,
1470 1343 1568 1412 τὴν
1591 1342 1746 1406 δόξαν

158 1425 267 1478 τοῦ
292 1427 568 1500 ἀφθάρτου
597 1430 732 1484 Θεοῦ
760 1433 817 1483 ἐν
850 1432 1151 1503 ὁμοιώματι
1175 1432 1413 1503 φθαρτοῦ
1437 1433 1743 1506 ἀνθρώπου,

159 1519 269 1573 καὶ
301 1520 582 1586 πετεινῶν,
614 1524 707 1576 καὶ
734 1524 1095 1589 τετοαπόδων,
1128 1525 1222 1579 καὶ
1253 1526 1516 1597 ἑρπετῶν.
1554 1546 1573 1577 ι

1854 428 2132 495 largiatur.

1923 521 2087 576 Vens.
2114 523 2200 575 Η.
2228 519 2375 575 Unus
2402 537 2466 576 ex
2489 522 2564 576 eis
2591 538 2693 575 non
2746 523 3018 590 remansit,
3053 533 3162 579 etc.
3220 522 3417 581 Beatus

1850 611 1940 667 ille
1960 612 2046 667 cui
2076 614 2254 667 nullus
2289 613 2630 669 inimicorum
2674 614 2954 668 remansit.

1922 702 2086 761 Vsus.
2119 705 2300 768 15,”.
2334 703 2456 759 Non
2485 707 2843 760 sustinuerunt
2882 704 3158 759 consilium
3194 704 3329 775 ejus,
3362 714 3414 760 et

1849 795 2220 864 concupierunt
2262 797 2730 862 concupiscentiam
2770 796 2826 849 in
2879 796 3104 859 deserto,
3153 806 3259 849 etc.
3296 795 3411 850 Non

1848 894 2304 953 exspectaverunt
2335 895 2566 951 gratiam
2598 884 2736 953 ejus,
2789 884 2882 939 sed
2931 884 3086 941 obliti
3118 895 3243 940 sunt
3287 900 3413 955 ope-

1845 988 1965 1027 rum
1997 974 2135 1044 ejus,
2164 985 2216 1031 et
2242 975 2634 1040 concupierunt
2656 977 3154 1046 concupiscentiam
3193 977 3408 1033 malam.

1916 1063 2077 1119 Vens.
2109 1064 2203 1119 20.
2232 1063 2298 1118 Et
2336 1074 2669 1119 mutaverunt
2698 1065 2921 1135 gloriam
2948 1083 3099 1121 suam
3132 1069 3185 1120 in
3215 1067 3404 1121 simili-

1845 1156 2077 1208 tudinem
2100 1156 2252 1210 vituli
2293 1159 2606 1211 comedentis
2664 1158 2863 1225 fenum,
2900 1168 3007 1213 etc.
3056 1158 3156 1223 Otti
3207 1159 3412 1228 gloriﬁ-

1846 1257 1971 1301 caut
1997 1256 2305 1302 creaturam
2334 1257 2529 1317 praeter
2577 1249 2913 1314 Creatorem,
2974 1250 3028 1304 hi
3064 1260 3411 1304 mutaverunt

1847 1339 2071 1410 gloriam
2107 1355 2281 1394 suam.
2322 1359 2341 1392 t
2374 1340 2439 1394 Et
2487 1348 2854 1407 mutaverunt,
2904 1341 3079 1411 inquit
3121 1342 3318 1397 Paulus
3339 1342 3407 1408 ”,

1845 1431 2069 1500 gloriam
2104 1430 2529 1499 incorruptibilis
2558 1431 2649 1485 Dei
2691 1432 2744 1485 in
2772 1432 3177 1487 similitudinem
3221 1448 3411 1487 corru-

1843 1519 2044 1588 ptibilis
2069 1519 2326 1586 hominis,
2370 1529 2429 1576 et
2460 1521 2761 1586 volucrum,
2795 1531 2846 1576 et
2899 1522 3327 1591 quadrupedum,
3354 1530 3411 1577 et

1843 1611 2198 1680 serpentium.
2238 1630 2257 1664 ι

240 1700 350 1754 Kal
390 1697 519 1755 εἷπε
555 1703 662 1757 τοῦ
697 1704 1119 1773 ἐξολοθρεῦσαι
1149 1707 1389 1773 αὐτοὺς,
1424 1725 1478 1761 κ.
1512 1726 1563 1762 τ.
1594 1710 1641 1763 ὲ.
1677 1709 1732 1763 Ἦ

1920 1701 2079 1757 Vens.
2101 1703 2193 1757 25.
2223 1702 2293 1757 Et
2318 1704 2450 1758 dixit
2482 1713 2539 1757 ut
2568 1705 2891 1772 disperderet
2917 1721 3023 1772 eos,
3057 1715 3163 1761 etc.
3219 1705 3409 1761 Perdi-

159 1791 536 1867 ἐξολόθρευσις
565 1793 659 1848 νῦν
687 1795 785 1867 τὴν
820 1796 1104 1868 μετάθεσιν
1125 1798 1224 1869 τὴν
1250 1801 1314 1853 ἐκ
1345 1799 1440 1852 τοῦ
1472 1799 1588 1871 βίου
1618 1800 1743 1855 τού-

158 1897 262 1933 του
297 1883 569 1952 σημαίνει.

240 1975 311 2028 El
338 1974 425 2043 μὴ
464 1975 724 2045 Μωῡσῆς
770 1980 803 2031 ό
849 1978 1130 2046 ἐκλεκτὸς
1160 1981 1343 2034 αὑτοῦ
1387 1982 1534 2051 ἕστη
1562 1983 1631 2036 ἐν
1666 1981 1741 2053 τῇ

158 2068 412 2134 θραύσει
445 2069 698 2123 ἐνώπιον
733 2072 939 2135 αὐτοῦ,
968 2072 1074 2126 τοῦ
1106 2074 1481 2142 ἀποστρέψαι
1506 2075 1612 2129 τὸν
1641 2079 1741 2130 0v-

148 2158 283 2227 μὸν
312 2160 517 2224 αὑτοῦ,
548 2160 654 2214 τοῦ
669 2161 754 2231 μὴ
776 2162 1202 2230 ἐξολοθρεῦσαι
1231 2164 1474 2229 αὐτοὺς,
1521 2182 1573 2217 κ.
1603 2183 1655 2218 τ.
1689 2168 1736 2220 ἐ.

155 2251 527 2321 Σημειωτέον,
556 2252 637 2306 ὅτι
672 2253 764 2305 καὶ
790 2248 869 2318 εἷς
893 2253 1064 2323 ἅγιος,
1086 2254 1160 2318 ὡς
1185 2258 1212 2308 ὁ
1234 2256 1491 2326 Μωῦσῆς,
1519 2255 1738 2320 δυνατός

156 2344 311 2397 ἐστιν
337 2346 672 2418 ἀποστρέψαι
723 2346 889 2417 ὀργὴν
939 2347 1241 2419 φερομένην
1289 2348 1375 2400 ἐπ’
1416 2348 1565 2412 ἔθνος
1598 2348 1735 2404 ὅλον.

237 2435 341 2487 Καὶ
387 2434 803 2498 ἐξουδένωσαν
832 2435 951 2505 γῆν
991 2438 1379 2506 ἐπιθυμητὴν,
1408 2457 1460 2492 κ.
1506 2457 1555 2495 τ.
1589 2441 1634 2494 ἐ.
1675 2442 1739 2494 Ἡ

155 2524 233 2596 γῆ
261 2525 566 2598 ἐπιθυμητὴ
594 2528 626 2598 ἠ
661 2527 905 2597 βασιλεία
939 2528 1053 2582 ἐστὶ
1079 2528 1187 2583 τῶν
1216 2530 1478 2603 οὐρανῶν.

234 2712 343 2764 Kal
371 2710 553 2781 ἐπῆρε
575 2714 688 2782 τὴν
715 2715 883 2783 χεῖρα
908 2716 1095 2770 αὐτοῦ
1120 2716 1212 2770 ἐπ’
1243 2718 1484 2785 αὐτοὺς,
1509 2735 1563 2771 κ.
1598 2735 1649 2771 τ.
1686 2719 1732 2772 ἐ.

154 2802 335 2873 Χεῖρα
364 2803 510 2872 λέγει
540 2804 638 2868 τὰς
669 2807 994 2871 κολαστικὰς
1020 2809 1182 2862 αὐτοῦ
1213 2811 1488 2882 δυνάμεις.

229 2895 341 2950 Kal
378 2895 785 2964 ἐτελέσθησαν
816 2899 895 2965 τῷ
933 2902 1296 2971 Βεελφενὼρ,
1332 2921 1386 2957 κ.
1419 2921 1469 2957 τ.
1499 2906 1545 2957 ἐ.
1579 2904 1735 2958 Βεελ-

155 2985 349 3058 ωεγὼρ
378 2987 591 3042 εἴδωλον
623 2988 713 3042 τοῦ
747 2989 855 3061 Βὴλ
882 2992 939 3044 ὲν
970 2991 1047 3063 τῷ
1083 2991 1229 3065 τόπῳ
1258 2994 1349 3047 τοῦ
1381 2995 1589 3065 Φεγὼρ.

229 3079 341 3131 Kal
386 3078 610 3148 ἔφαγον
662 3082 877 3148 θυσίας
914 3082 1161 3152 νεκρῶν,
1216 3103 1268 3139 κ.
1312 3104 1361 3139 τ.
1410 3088 1454 3141 ἐ.
1500 3088 1728 3153 Τελετὰς

153 3168 364 3237 ἤγαγον
410 3168 488 3238 τῷ
533 3168 870 3243 Βεελφεγὼρ,
927 3174 1253 3244 μνησθέντες
1288 3176 1345 3229 ἐν
1380 3179 1492 3240 τοῖς
1525 3194 1731 3250 μυστη-

156 3256 296 3327 ρίοις
326 3256 488 3311 αὐτοῦ

226 3347 336 3401 Kal
371 3348 519 3417 ἔστη
547 3350 770 3419 Φινεὲς,
800 3352 897 3405 καὶ
940 3353 1285 3419 ἐξιλάσατο,
1316 3372 1370 3409 κ.
1402 3372 1453 3409 τ.
1482 3356 1529 3408 ἐ.
1565 3359 1727 3409 Ἀνω-

148 3440 300 3511 τέρω
343 3440 440 3511 μὲν
463 3441 629 3512 λέγει,
678 3445 758 3497 ὅτι
819 3445 949 3516 ἔστη
998 3448 1236 3516 Μωῡσῆς
1280 3448 1375 3502 καὶ
1423 3447 1726 3523 ἀπέστρεψε

148 3530 250 3603 τὴν
280 3531 524 3603 θραῦσιν,
556 3533 669 3587 ἀλλ’
703 3534 972 3589 ἐκόπασεν
1007 3539 1040 3608 ὴ
1069 3537 1313 3610 θραῦσις.

222 3710 332 3765 Καὶ
358 3710 652 3779 ἐμίγνησαν
678 3710 748 3764 ἐν
787 3710 909 3776 τοῖς
947 3712 1169 3775 ἔθνεσι,
1204 3730 1256 3765 κ.
1296 3730 1346 3766 τ.
1377 3714 1425 3766 ὲ.
1456 3713 1724 3783 Μίγνυταί

143 3820 234 3868 τις
252 3807 370 3867 τοῖς
401 3803 576 3857 ἔθνεσι
602 3803 867 3857 δουλεύων
898 3804 1173 3873 γλυπτοῖς.

219 3898 328 3951 Kal
365 3898 743 3967 ἐπόρνευσαν
769 3898 838 3950 ἐν
865 3898 990 3963 τοῖς
1013 3898 1480 3967 ἐπιτηδεύμασιν
1506 3899 1720 3965 αὐτῶν,

147 4006 205 4043 κ.
231 4006 283 4042 τ.
318 3990 366 4042 ὲ.
404 3989 659 4061 Πορνεύει
706 3988 851 4059 ψυχὴ
901 3989 1189 4060 σπέρματα
1236 3987 1586 4059 λαμϐάνουσα
1626 3991 1724 4061 τῆς

145 4079 531 4149 ἀντικειμένης
558 4079 856 4151 δυνάμεως,
886 4081 980 4133 καὶ
1010 4079 1267 4133 τίκτουσα
1293 4078 1457 4132 τέκνα
1490 4080 1719 4152 πονηρά.

215 4169 323 4222 Kal
363 4168 727 4233 ἐϐδελύξατο
765 4169 879 4237 τὴν
910 4169 1312 4238 κληρονομίαν
1339 4168 1545 4237 αὐτοῦ,
1580 4187 1635 4223 κ.
1667 4187 1718 4223 τ.

149 4259 195 4313 ἑ.
231 4275 249 4309 ι
285 4257 632 4329 Κληρονομία
662 4257 866 4329 Κυρίου
899 4257 1068 4328 ψυχαὶ
1093 4257 1326 4326 λογικαί.
1362 4277 1381 4309 ι

1843 1792 1917 1847 tio
1948 1793 2052 1848 hoc
2082 1792 2201 1850 loco
2231 1795 2518 1850 transitum
2547 1808 2611 1849 es
2638 1795 2741 1850 hac
2766 1797 2876 1851 vita
2908 1796 3195 1866 signiﬁcat.

1908 1972 2041 2029 lem.
2076 1973 2136 2030 Si
2171 1993 2275 2031 non
2307 1977 2516 2047 Moyses
2539 1977 2733 2033 electus
2754 1979 2867 2048 ejus
2918 1981 3144 2034 stetisset
3189 1981 3244 2032 in
3282 1994 3407 2033 con-

1840 2066 2098 2135 [ractione
2123 2071 2176 2121 in
2210 2079 2484 2138 conspectu
2535 2072 2647 2141 ejus
2689 2081 2743 2124 ut
2798 2081 3044 2126 averteret
3078 2072 3213 2124 iram
3254 2087 3404 2125 suam

1841 2176 1905 2212 ne
1950 2161 2265 2228 disperderet
2319 2177 2431 2227 eos,
2467 2171 2573 2217 etc.
2643 2161 3051 2219 Observandum
3098 2173 3181 2218 est
3237 2164 3402 2218 etiam

1840 2266 2004 2304 unum
2030 2261 2296 2317 sanctum,
2323 2253 2498 2321 qualis
2526 2264 2643 2308 erat
2687 2253 2917 2325 Moyses,
2954 2270 3112 2323 posse
3154 2265 3405 2311 avertere

1842 2344 1976 2396 iram
2009 2343 2061 2397 in
2089 2353 2303 2414 gentem
2335 2344 2639 2400 universam
2669 2338 2981 2400 excitatam.

1907 2432 2068 2488 νεεδ.
2091 2435 2180 2489 24.
2218 2434 2285 2489 Et
2324 2452 2419 2504 pro
2448 2436 2610 2489 nihilo
2644 2437 2938 2491 habuerunt
2975 2446 3168 2492 terram
3199 2438 3404 2493 deside-

1838 2524 2075 2590 rabilem,
2109 2538 2214 2581 etc.
2244 2525 2414 2581 Terra
2443 2526 2820 2584 desiderabilis
2852 2538 2938 2583 est
2985 2544 3207 2598 regnum
3234 2527 3404 2585 cmlo—

1839 2630 1977 2669 rum.

1905 2706 2071 2764 Vsus.
2099 2709 2188 2764 26.
2225 2708 2289 2762 Et
2311 2709 2522 2764 elevavit
2553 2727 2765 2766 manum
2791 2727 2938 2766 suam
2962 2729 3116 2781 super
3137 2728 3245 2777 eos,
3288 2719 3396 2769 etc.

1837 2798 2051 2853 Manum
2085 2798 2215 2854 dicit
2238 2800 2469 2856 virtutes
2492 2801 2606 2871 ejus
2631 2816 2751 2870 qua:
2775 2815 2960 2869 ptenas
2986 2800 3255 2871 inﬂigunt.

1906 2892 2068 2948 Vsus.
2096 2892 2184 2947 28.
2217 2892 2281 2945 Et
2312 2894 2510 2946 initiati
2539 2903 2658 2948 sunt
2693 2893 3031 2963 Beelphegor,
3076 2904 3186 2950 etc.
3241 2893 3399 2950 Beel-

1758 3017 1800 3076 α
1833 2983 2040 3076 phegor
2067 2983 2414 3076 simulacrum
2439 2995 2522 3040 est
2553 2984 2663 3038 Beli
2694 2985 2745 3038 in
2769 2984 2886 3040 loco
2922 2984 3150 3055 Pbegor.

1901 3074 2031 3130 IBID.
2085 3073 2154 3128 Et
2199 3078 2531 3131 comederunt
2580 3078 2846 3146 sacriﬁcia
2892 3088 3243 3141 mortuorum,
3286 3086 3398 3133 etc.

1831 3166 1993 3237 785
2025 3166 2224 3222 Initiati
2258 3176 2385 3221 sunt
2442 3166 2790 3239 Beelpbegor,
2845 3167 2997 3236 cujus
3035 3168 3398 3224 meminerunt

1830 3255 1883 3310 in
1916 3256 2210 3327 mysteriis.

1903 3345 2063 3401 Vens.
2087 3345 2176 3404 50.
2206 3345 2273 3399 Et
2302 3347 2442 3401 stetit
2473 3345 2721 3412 Phineas,
2748 3356 2794 3399 et
2840 3346 3088 3415 placavit,
3120 3354 3226 3400 etc.
3286 3346 3394 3401 Su-

1826 3452 1922 3506 pra
1949 3437 2165 3505 quidem
2202 3436 2336 3491 dicit
2367 3438 2585 3492 stetisse
2627 3436 2843 3508 Muyseu
2869 3445 2925 3491 et
2956 3437 3223 3492 avertisse
3255 3437 3391 3493 iram

1827 3527 1942 3596 eius
1985 3542 2002 3582 :
2038 3528 2127 3583 hic
2159 3536 2341 3583 autem
2376 3529 2591 3583 stetisse
2618 3527 2882 3593 Phineen,
2912 3539 2967 3583 et
2990 3542 3097 3583 non
3130 3530 3393 3589 avertisse

1824 3620 2245 3689 quassationem,
2280 3622 2372 3675 sed
2400 3633 2649 3675 cessasse
2672 3620 3098 3688 quassationem.

1897 3711 2059 3767 Vnus.
2114 3711 2202 3767 55.
2250 3712 2317 3765 Et
2359 3711 2616 3767 commisti
2655 3721 2775 3765 sunt
2826 3712 2962 3764 inter
3010 3721 3222 3780 gentes,
3278 3720 3387 3770 etc.

1824 3803 2084 3860 Gentibus
2106 3803 2489 3859 commiscetur
2533 3803 2622 3872 qui
2654 3802 2823 3857 servit
2855 3802 3213 3872 sculptilibus.

1898 3895 2057 3949 Vens.
2105 3894 2195 3949 '59.
2243 3893 2313 3947 Et
2360 3894 2612 3963 fornicati
2661 3903 2783 3948 sunt
2839 3895 2892 3948 in
2938 3893 3389 3949 adinventionibus

1822 3985 1952 4052 suis,
1980 3994 2083 4040 etc.
2109 3986 2433 4041 Fornicatur
2482 3986 2661 4040 anima
2709 4001 2832 4040 cum
2878 3985 3204 4041 adversariae
3235 3984 3393 4056 p'ote-

1822 4078 1979 4133 statis
2004 4079 2210 4131 semina
2238 4077 2485 4147 suscipit,
2507 4087 2562 4132 et
2593 4077 2763 4132 malos
2785 4079 2927 4147 parit
2958 4078 3116 4132 ﬁlios.

1890 4167 2054 4222 Vens.
2086 4169 2174 4223 40.
2213 4168 2277 4223 Et
2310 4169 2641 4224 abominatus
2688 4180 2764 4224 est
2816 4169 3178 4225 hareditatem
3207 4186 3385 4237 suam,

1820 4267 1927 4314 etc.
1953 4259 2252 4315 llasreditas
2300 4259 2510 4314 Domini
2536 4269 2662 4315 sunt
2691 4261 2884 4315 anima:
2933 4261 3305 4317 rationabiles.

213 4349 323 4404 Kal
356 4349 715 4416 ἐκυρίευσαν
740 4346 936 4403 αὐτῶν
965 4352 1017 4403 οἱ
1043 4350 1366 4418 μισοῦντες
1398 4350 1636 4416 αὐτοὺς,
1662 4367 1716 4404 κ.

1893 4352 2055 4408 Vens.
2076 4353 2165 4408 41.
2192 4352 2259 4407 Et
2281 4351 2537 4405 dominati
2564 4362 2687 4407 sunt
2708 4369 2887 4407 eorum
2919 4353 3010 4422 qui
3031 4354 3251 4407 oderunt
3275 4369 3384 4417 eos,

142 4457 194 4494 τ.
224 4440 272 4494 ἑ.
308 4438 566 4510 Δαίμονές
593 4440 729 4494 εἰσιν
756 4441 804 4493 οἱ
835 4438 1115 4511 μισοῦντες
1146 4443 1292 4513 ἡμᾶς
1324 4444 1417 4496 καὶ
1449 4442 1719 4508 θλίϐοντες

142 4531 241 4595 τὰς
267 4529 444 4601 ψυχὰς
468 4527 643 4600 ἡμῶν.

210 4623 320 4676 Kal
371 4621 593 4677 ἔδωκεν
643 4621 863 4688 αὐτοὺς
915 4623 1005 4689 εἱς
1061 4623 1392 4692 οὶκτιρμοὺς
1441 4623 1719 4677 ἐναντίον

142 4713 383 4767 πάντων
424 4713 1185 4783 τῶν-αἰχμαλωτευσάντων
1213 4714 1448 4779 αὐτοὺς,
1478 4733 1533 4768 κ.
1572 4731 1624 4767 τ.
1663 4716 1711 4768 ἐ.

155 4804 430 4859 Ἐντεῦθεν
465 4805 826 4877 μανθάνομεν,
862 4809 942 4861 ὅτι
988 4807 1083 4860 καὶ
1123 4806 1218 4861 τοῦ
1267 4803 1530 4860 ἐλεεῖσθαι
1569 4807 1716 4878 ἡμᾶς

137 4898 170 4952 ὁ
198 4896 402 4969 Κύριος
429 4894 612 4962 ἀξίους
640 4900 803 4952 ποιεῖ.

695 5105 987 5159 unum:
1017 5107 1155 5173 Pq'.

213 5200 332 5252 Ὅτι
357 5197 649 5265 ἐχόρτασε
679 5194 893 5265 ψυχὴν
913 5193 1118 5263 κενὴν,
1148 5211 1203 5248 κ.
1237 5210 1289 5248 τ.
1319 5195 1365 5246 ἐ.
1392 5194 1553 5266 Ψυχὴ
1586 5192 1716 5266 κενή

136 5294 255 5347 ἐστι
284 5290 318 5361 ἠ
342 5288 555 5360 ἀρετῶν
587 5287 683 5341 καὶ
714 5285 968 5357 γνώσεως
993 5286 1351 5359 ἐστερημένη.

205 5382 310 5437 Kal
334 5380 627 5451 ἐξήγαγεν
651 5379 872 5446 αὐτοὺς
900 5380 967 5433 ἐκ
999 5380 1258 5445 σκότους
1288 5379 1384 5434 καὶ
1406 5377 1586 5446 σκιᾶς
1613 5383 1714 5435 θα-

1819 4454 1925 4499 etc.
1981 4445 2264 4501 Daemones
2293 4445 2535 4515 suntqui
2587 4446 2818 4500 oderunt
2868 4460 2971 4500 nos
3016 4453 3072 4500 et
3126 4445 3384 4500 tribulant

1820 4536 2029 4590 animas
2059 4545 2294 4591 nostras.

1891 4625 2054 4683 Vens.
2101 4627 2194 4683 46.
2225 4627 2296 4681 Ει
2343 4627 2485 4682 dedit
2523 4643 2610 4682 eos
2638 4628 2696 4682 in
2734 4628 3126 4683 misericordias
3179 4630 3234 4681 in
3260 4644 3369 4681 con-

1819 4729 1997 4786 spectu
2026 4719 2254 4773 omnium
2284 4719 2373 4789 qui
2395 4727 2638 4788 ceperant
2666 4735 2773 4783 eos,
2803 4729 2908 4774 etc.
2945 4719 3080 4774 Hinc
3124 4719 3385 4775 discimus

1820 4826 1919 4866 nos
1955 4810 2121 4867 etiam
2155 4810 2528 4866 misericordia
2554 4811 2742 4881 dignos
2771 4826 2800 4865 a
2835 4810 2946 4867 Deo
2970 4811 3107 4867 edici

2348 5106 2671 5164 PSALMUS
2708 5108 2839 5165 CVI.
2952 5110 2963 5123 '

1881 5196 2046 5254 Vens.
2077 5198 2129 5254 9.
2166 5198 2306 5265 Quia
2334 5201 2545 5255 satiavit
2571 5201 2810 5256 animam
2838 5203 3068 5267 inanem,
3102 5212 3212 5258 etc.
3255 5202 3375 5256 lna-

1809 5289 1893 5343 nis
1916 5298 2000 5344 est
2030 5292 2209 5344 anima
2243 5305 2362 5360 quae
2386 5291 2679 5348 virtutibus
2701 5301 2754 5347 et
2785 5293 3013 5348 scientia
3040 5294 3245 5363 privata
3265 5300 3370 5348 est.

1881 5382 2042 5438 Vens.
2078 5384 2165 5438 14.
2189 5383 2257 5439 Ει
2284 5385 2464 5440 eduxit
2494 5401 2583 5440 eos
2617 5386 2681 5439 de
2708 5385 2929 5439 tenebris
2954 5395 3000 5439 et
3027 5385 3209 5439 umbra
3230 5401 3372 5440 mor-

138 5473 339 5544 νὰτου,
370 5491 426 5529 κ.
462 5491 515 5528 τ.
560 5474 606 5528 ἐ.
651 5472 803 5529 Καθὸ
849 5472 965 5543 φῶς
1010 5474 1154 5529 ἐστιν
1185 5473 1215 5526 ὁ
1252 5472 1476 5545 Κύριος,
1527 5472 1709 5543 ἐξάγει

1863 5492 1895 5541 ι,
1921 5483 2028 5533 etc.
2084 5474 2364 5544 Quatenus
2388 5477 2482 5533 lux
2526 5484 2610 5533 est
2655 5476 2937 5544 Dominus,
2970 5476 3152 5533 educit
3181 5491 3279 5534 nos
3303 5477 3369 5534 de

207 5634 252 5668 "
281 5635 432 5695 Rom.
460 5652 498 5697 ι.
524 5635 616 5694 25.
