3928 6158
11 266 221 329 ιεεδςι
1111 270 1422 327 SELECTA
1454 270 1522 326 IN
1555 269 1684 327 psa

1800 268 1894 329 DS.
1931 302 2003 314 —
2037 271 2235 328 PSAL.
2270 271 2409 329 CXI.
3225 273 3363 327 1570

12 373 91 443 2%.,
135 392 466 467 Χρηστέον
496 393 575 466 τῷ
606 394 755 468 ρητῷ
782 394 918 468 πρὸς
942 393 1066 459 τοὺς
1097 394 1565 466 καταφρονοῦντας
1596 395 1687 466 τῆς

1800 404 1904 451 etc.
1936 394 2049 450 Hoc
2083 396 2202 451 loco
2233 397 2489 451 utendum
2520 394 2781 450 adversus
2807 409 2903 450 eos
2947 394 3038 465 qni
3084 394 3354 452 abstinen-

12 477 30 511 ἶ
44 492 166 552 "rx
181 487 459 557 ρατείας.

1800 488 1932 542 tiam
1961 498 2336 542 contemnunt.

27 574 67 657 ‘f'
132 577 629 645 Καταράσονται
651 577 841 642 αὐτοὶ,
864 577 961 631 καὶ
988 578 1069 631 σὺ
1092 576 1464 648 εὐλογήσεις,
1487 595 1541 631 κ.
1564 596 1614 631 τ.
1639 578 1687 631 ὲ.

1868 578 2033 635 Vens.
2064 581 2155 635 28.
2182 578 2494 634 Maledicent
2517 579 2615 644 illi,
2638 589 2685 633 et
2708 588 2762 634 tu
2787 582 3074 645 benedices,
3096 590 3204 634 etc.
3221 578 3358 638 Huic

12 666 53 711 Γθέ
66 667 300 723 Ϋοῦτον
332 670 550 740 εὐλογεῖ
578 669 803 747 Κύριος,
834 671 895 725 ὃν
923 672 1285 743 ἀντικείμενοι
1323 670 1686 743 καταρῶνται.

1800 672 2071 727 benedicit
2110 671 2375 727 Dominus
2423 672 2510 727 cui
2537 672 2831 726 adversarii
2866 672 3212 727 maledicunt.

12 860 20 909 ζ
42 894 47 903 .
677 855 975 909 ΨΑΛΜΟΣ
1005 856 1126 910 ΡΘ.

2330 853 2650 910 PSALMUS
2687 852 2821 910 CIX.

11 956 73 1015 ῥεῖ
134 943 342 998 Μετὰ
373 942 488 999 σοῦ
519 947 558 1015 ἠ
590 944 744 1015 ἀρχὴ
777 946 848 999 ἐν
883 946 1071 1015 ἡμέρᾳ
1100 946 1208 1016 τῆς
1238 947 1541 1018 δυνάμεώς
1570 967 1687 1007 σου

1866 950 2032 1005 Vens.
2060 947 2115 1003 3.
2150 944 2339 1000 Tecum
2379 945 2693 1015 principium
2716 946 2770 998 in
2806 945 2889 1000 die
2930 946 3140 1001 virtutis
3165 955 3271 1001 tute
3302 947 3359 1002 in

11 1031 138 1105 έίῖἓν
176 1032 339 1099 ταῖς
373 1034 749 1103 λαμπρότησι
779 1035 898 1088 τῶν
930 1037 1132 1107 ἁγίων,
1168 1055 1221 1091 κ.
1258 1056 1308 1091 τ.
1356 1040 1403 1091 ὲ.
1440 1040 1503 1092 Εί
1541 1040 1685 1113 ἀρχὴ

1800 1041 2157 1110 splendoribus
2207 1047 2528 1101 sanctorum,
2586 1047 2693 1092 etc.
2745 1035 2801 1091 Si
2862 1038 3183 1107 principium
3236 1038 3403 1094 Filii'

11 1120 176 1200 heroi}
222 1123 377 1177 Υἱοῦ
402 1127 430 1177 ὁ
459 1125 665 1197 Πατὴρ,
695 1129 727 1197 ἡ
753 1127 808 1180 δὲ
831 1127 979 1199 ἀρχὴ
1018 1122 1086 1199 ἦν
1117 1129 1255 1199 μετὰ
1289 1128 1385 1182 τοῦ
1426 1131 1683 1201 Χριστοῦ,

1800 1132 1954 1186 Pater
1976 1141 2077 1193 est,
2109 1128 2431 1199 principium
2464 1137 2643 1181 autem
2670 1137 2789 1182 erat
2816 1143 2937 1182 cum
2966 1130 3207 1193 Christo,
3241 1136 3357 1196 put-

22 1216 282 1288 Ξκαλῶς
327 1217 473 1289 λέγει
502 1221 560 1273 ὲν
591 1223 702 1284 τοῖς
734 1222 1086 1291 Εὑαγγελίοις
1115 1222 1203 1276 τό’
1242 1244 1260 1274 ι
1291 1224 1403 1277 Οὐκ
1441 1226 1555 1295 εἰμὶ
1588 1225 1686 1295 μό-

1800 1224 1921 1277 chre
1954 1222 2085 1276 dicit
2116 1222 2169 1275 in
2201 1220 2507 1290 Evangeliis
2528 1218 2612 1272 ”:
2646 1238 2664 1271 ι
2701 1217 2814 1272 Non
2845 1236 2963 1273 sum
2998 1220 3161 1290 787
3187 1220 3353 1283 solns,

69 1325 195 1373 θος,
255 1311 383 1364 ἀλλ’
424 1309 533 1380 ἐγὼ
565 1311 661 1366 καὶ
687 1312 716 1363 ὁ
742 1313 961 1383 πέμψας
1010 1331 1078 1384 με
1134 1314 1341 1385 Πατήρ.
1376 1333 1396 1366 ι
1446 1314 1686 1386 Ἡμέραν

1800 1315 1881 1367 sed
1912 1329 2011 1383 ego
2035 1324 2088 1366 et
2111 1315 2199 1382 qui
2229 1314 2375 1367 misit
2404 1328 2487 1366 me
2526 1313 2703 1368 Pater.
2743 1332 2763 1364 ο
2796 1312 2944 1365 Diem
2974 1323 3151 1367 autem
3183 1312 3355 1367 virtu-

11 1400 132 1469 ἲ;,.5ὲ;
195 1400 500 1473 δυνάμεως
542 1398 662 1456 εἷπε
706 1404 804 1476 τὴν
848 1404 1058 1476 ἡμέραν
1098 1404 1191 1458 τοῦ
1241 1404 1492 1476 σταυροῦ,
1523 1404 1555 1476 ἢ
1588 1406 1687 1477 τῆς

1800 1406 1858 1460 tis
1885 1404 2020 1459 dixit
2044 1404 2187 1459 diem
2214 1407 2414 1472 crucis,
2442 1406 2525 1459 vel
2561 1404 2974 1460 lncarnationis.

12 1531 25 1564 ί
42 1492 433 1569 ζενανθρωπή
444 1513 600 1559 σεως.

169 1586 288 1641 Ἐκ
346 1589 603 1658 γαστρὸς
660 1587 773 1657 πρὸ
821 1589 1163 1658 Ἑωσφόρου
1222 1585 1522 1659 ἐγέννησα
1582 1601 1676 1647 σε.

1850 1579 2018 1638 Vens.
2059 1582 2115 1636 5.
2164 1581 2247 1636 Ea:
2283 1591 2432 1636 utero
2463 1594 2587 1636 ante
2614 1581 2918 1652 Luciferum
2960 1583 3115 1652 genui
3145 1591 3215 1647 te,
3246 1591 3353 1638 etc.

11 1692 136 1758 ἷξὴκ.
176 1695 237 1730 τ.
281 1680 334 1732 ἑ.
380 1680 523 1734 Ἀντὶ
553 1679 668 1744 τοῦ,
692 1679 806 1753 Πρὸ
838 1679 1018 1751 πάσης
1050 1679 1270 1749 λογικῆς
1301 1677 1512 1747 φύσεως
1532 1676 1683 1744 ἐγέν-

1800 1675 1867 1731 Ac
1913 1677 1958 1730 si
2016 1677 2164 1731 dicat
2205 1694 2218 1729 :
2265 1673 2400 1728 Ante
2433 1690 2647 1729 omnem
2686 1675 3061 1730 rationabilem
3102 1684 3354 1729 naturam

12 1767 241 1847 {runca
270 1784 357 1821 σε.
387 1769 459 1821 Τὸ
490 1768 596 1841 γὰρ
640 1769 933 1841 βαθύτερον
962 1767 1417 1841 περιεργάζεσθαι
1464 1767 1562 1837 τὴν
1594 1765 1685 1835 γέ-

1800 1766 1946 1833 genui
1996 1776 2067 1821 te.
2112 1765 2288 1822 Altius
2338 1767 2746 1836 generationem
2794 1765 2997 1821 Christi
3027 1775 3080 1820 et
3119 1763 3355 1821 Luciferi

12 1844 246 1931 νεσιν
273 1860 374 1913 τοῦ
404 1862 638 1927 Χριστοῦ
672 1864 766 1917 καὶ
787 1862 881 1916 τοῦ
915 1862 1240 1935 Ἑωσφόρου,
1276 1861 1337 1914 οὐ
1362 1859 1460 1929 τῆς
1486 1860 1683 1929 ἡμετε-

1800 1857 2045 1921 scrutari,
2074 1872 2235 1926 supra
2280 1857 2429 1911 vires
2465 1865 2678 1910 nostras
2725 1863 2827 1911 est.
2883 1853 3081 1909 Multus
3110 1855 3252 1909 enim
3290 1867 3356 1907 ea

77 1970 196 2024 ρας
226 1953 356 2006 ἐστὶ
383 1955 681 2026 δυνάμεως.
711 1953 884 2018 Πολὺς
911 1954 1018 2027 γάρ
1058 1956 1087 2007 ὁ
1119 1934 1246 2015 περὶ
1290 1949 1479 2005 τούτου
1522 1948 1678 2011 λόνος

1800 1949 1853 2003 ie
1887 1964 1945 2004 re
1969 1964 2146 2003 sermo
2177 1958 2261 2003 est
2286 1958 2340 2001 et
2367 1947 2728 2019 contemplatu
2759 1946 3011 2002 ditlicilis.

76 2044 186 2097 καὶ
219 2044 626 2119 δυσθεώρητος.

12 2128 59 2139 Ἠ
159 2137 385 2205 Κρινεῖ
445 2138 516 2192 ἐν
556 2138 681 2205 τοῖς
732 2139 953 2203 ἔθνεσι,
1011 2136 1318 2207 πληρώσει
1372 2134 1671 2203 πτώματα,

1855 2131 2020 2185 Vnus.
2049 2129 2102 2185 6.
2130 2128 2404 2185 Judicabit
2430 2130 2485 2184 in
2514 2129 2812 2183 nationibus
2838 2168 2853 2192 ,
2880 2128 3115 2198 implebit
3144 2130 3351 2197 ruinas,

82 2243 144 2279 κ.
210 2244 272 2281 τ.
323 2229 370 2281 ἑ.
420 2227 624 2299 Πληροῖ
665 2226 933 2299 πτώματα
975 2227 1070 2280 τοῦ
1114 2223 1346 2280 παλαιοῦ
1396 2221 1685 2295 ἀνθρώπου

1800 2228 1892 2278 ate.
1924 2222 2111 2290 Implet
2140 2222 2324 2275 ruinas
2350 2222 2552 2275 veteris
2584 2220 2823 2275 hominis
2861 2221 2954 2289 qui
2986 2223 3356 2291 corrumpitur

11 2320 35 2372 il
81 2316 194 2372 τοῦ
229 2317 594 2392 φθειρομένου
619 2316 757 2374 κατὰ
781 2319 880 2384 τὰς
906 2316 1198 2391 ἐπιθυμίας
1214 2318 1314 2389 τῆς
1339 2315 1576 2386 ἀπάτης.

1800 2314 2085 2369 secundum
2112 2313 2312 2369 erroris
2335 2311 2623 2366 desideria.

675 2501 970 2556 ΨΔΛΜΟΣ
1020 2501 1125 2554 Pl'.

2332 2482 2457 2540 PSA
2466 2483 2655 2540 LMIIS
2695 2483 2809 2540 CX.

12 2628 23 2658 μ
52 2624 53 2627 ‘
186 2614 296 2667 Ἐν
333 2612 538 2682 ,βουλῇ
576 2612 797 2669 εὐθέων
839 2611 938 2666 καὶ
977 2606 1302 2680 συναγωγῇ
1338 2606 1572 2678 μεγάλα
1614 2605 1687 2659 τὰ

1855 2601 2020 2658 Vens.
2048 2600 2100 2668 1,
2139 2598 2196 2653 2.
2234 2598 2300 2652 In
2331 2597 2551 2653 consilio
2572 2598 2845 2668 justorum
2875 2610 2923 2654 et
2956 2602 3355 2672 congregatione

20 2700 53 2749 si
92 2705 258 2781 ἔργα
289 2707 530 2774 Κυρίου,
590 2723 645 2759 κ.
700 2722 753 2760 τ.
803 2705 852 2758 ἑ.
899 2703 1125 2771 Μεγάλα
1169 2701 1240 2755 τὰ
1291 2701 1431 2771 ἔργα
1478 2699 1684 2771 Κυρίου

1800 2709 1977 2764 magna
2006 2708 2162 2758 opera
2191 2689 2429 2755 Domini,
2491 2701 2597 2748 etc.
2645 2689 2833 2762 Magna
2869 2691 3004 2747 dixit
3049 2707 3211 2761 opera
3245 2693 3352 2747 Du—

12 2810 53 2841 ῖτι
92 2795 195 2849 διὰ
229 2794 334 2866 τὴν
357 2793 726 2865 ἀποκειμένην
747 2795 804 2847 ὲν
836 2792 1021 2856 αὐτοῖς
1054 2790 1246 2859 σοφίαν
1275 2789 1549 2859 ὠνόμασε.

1800 2785 1916 2838 mini
1948 2794 2167 2853 propter
2196 2782 2530 2837 reconditam
2557 2783 2609 2835 in
2638 2783 2744 2837 illis
2773 2783 3117 2852 sapientiam.

20 2887 45 2939 ξ’
181 2885 428 2954 Τροφὴν
455 2885 639 2939 ἔδωκε
656 2885 781 2951 τοῖς
810 2882 1200 2954 φοϐουμένοις
1243 2880 1450 2945 αὐτὸν,
1479 2899 1533 2933 κ.
1556 2896 1605 2932 τ.
1635 2878 1682 2932 ἑ.

1865 2875 2027 2928 Vens.
2070 2874 2125 2929 5.
2176 2873 2361 2927 Ezram
2407 2875 2549 2927 dedit
2601 2876 2905 2928 timentibus
2949 2891 3026 2940 se,
3066 2885 3172 2930 etc.
3218 2875 3353 2931 Esca

12 2989 51 3052 ξς·
111 2980 183 3031 Ἦ
218 2977 396 3049 τροφὴ
432 2977 538 3031 τῶν
562 2975 907 3047 φοϐουμένων
928 2974 1019 3027 τὸν
1047 2973 1249 3042 Κύριον
1281 2975 1315 3043 ἡ
1363 2971 1528 3040 σοφία
1562 2969 1680 3023 ἐστὶ

1800 2966 2087 3020 timentium
2116 2964 2406 3018 Dominum
2443 2965 2705 3035 sapientia
2737 2975 2820 3020 est
2859 2965 2952 3020 Dei
2989 2984 3004 3021 :
3036 2983 3160 3021 nam
3193 2985 3213 3019 ι
3246 2968 3351 3023 ini-

11 3094 43 3130 ::
101 3070 206 3123 τοῦ
233 3069 401 3122 Θεοῦο
440 3087 458 3121 ι
501 3068 668 3139 Ἀρχὴ
693 3066 802 3139 γάρ
834 3066 1025 3135 σοφίας
1050 3064 1211 3135 φόϐος
1239 3063 1466 3135 Κυρίου.
1498 3082 1518 3114 ι

1800 3060 1917 3112 .ium
1941 3058 2218 3125 sapientiae
2247 3056 2408 3110 timor
2438 3056 2646 3111 Domini
2696 3056 2765 3110 ⁸⁸.
2803 3075 2823 3109 ι

192 3159 399 3229 Ἰσχὺν
435 3158 623 3229 ἔργων
654 3156 838 3212 αὑτοῦ
870 3155 1184 3226 ἀνήγγειλε
1210 3153 1291 3220 τῷ
1320 3152 1447 3219 λαῷ
1476 3149 1686 3217 αὐτοῦ,

1854 3151 2020 3206 Vens.
2081 3150 2135 3204 6.
2197 3149 2455 3202 Virtutem
2495 3166 2710 3218 operum
2759 3166 2975 3203 suorum
3020 3151 3351 3206 annuntiueit

102 3267 165 3304 κ.
198 3266 256 3302 τ.
289 3250 336 3302 ὲ.
373 3248 482 3318 Τὴν
527 3248 759 3318 θεωρίαν
807 3246 916 3302 τῶν
969 3245 1272 3316 γεγονότων
1321 3246 1472 3315 ίσχὺν
1509 3244 1687 3315 ἔργων

1800 3243 1973 3306 iopqu
2010 3257 2126 3306 suo,
2169 3249 2276 3295 etc.
2323 3241 2522 3295 Eorum
2573 3257 2694 3309 qua:
2731 3243 3077 3311 contigerunt
3109 3251 3355 3295 eontem-

103 3337 282 3394 αὐτοῦ
309 3338 559 3410 ὀνομάζει
582 3355 597 3370 °
646 3339 799 3409 ἰσχὺς
825 3338 883 3391 δὲ
912 3336 1126 3408 εἴρηται
1158 3338 1192 3407 ἡ
1234 3335 1454 3405 γνῶσις,
1492 3334 1582 3389 διὰ
1625 3333 1687 3389 τὸ

1800 3331 2074 3387 nationem
2135 3333 2388 3388 virtutem
2441 3348 2665 3401 operum
2731 3333 2849 3402 ejus
2921 3343 3098 3387 vocat.
3156 3329 3346 3387 Virtus

11 3500 17 3506 η
107 3433 276 3505 ἰσχὺν
302 3432 567 3486 ἐντιθέναι
599 3432 665 3501 τῇ
695 3429 854 3501 φύσει
883 3431 951 3500 τῇ
980 3430 1191 3500 λογικῇ.

1800 3436 1960 3479 intem
1994 3423 2137 3480 dicta
2189 3433 2273 3479 est
2322 3424 2574 3489 scientia,
2626 3423 2751 3493 quia
2796 3423 3105 3479 rationabili
3138 3434 3350 3479 natura:

12 3515 41 3550 εν
1782 3518 2033 3572 virtutem
2062 3518 2272 3573 inserit.

1857 3608 2020 3664 Vens.
2051 3611 2103 3664 7.
2151 3608 2324 3680 Opera
2355 3625 2608 3664 manuum
2633 3611 2746 3679 ejus
2777 3609 2968 3664 veritas
2994 3618 3041 3663 et
3058 3609 3353 3678 judicium,

1781 3712 1894 3756 etc.
1928 3700 2142 3756 Veritas
2181 3702 2236 3756 in
2271 3702 2440 3758 rectis
2470 3702 2743 3768 decretis,
2770 3702 3033 3772 judicium
3072 3701 3124 3754 in
3159 3702 3349 3769 agendi

1782 3792 1995 3845 ratione
2035 3791 2387 3861 conspicitur.
2427 3809 2448 3843 ι
2475 3790 2676 3846 Fidelia
2708 3792 2891 3845 omnia
2926 3791 3179 3845 mandata
3209 3790 3349 3858 ejus,

1780 3883 2097 3937 continuata
2131 3885 2182 3937 in
2217 3883 2472 3939 saeculum
2503 3883 2705 3938 saeculi.
2736 3903 2755 3935 ι
2794 3882 2998 3938 Fidelia
3026 3883 3167 3937 dixit
3199 3901 3351 3936 man-

188 3612 383 3681 Ἔργα
408 3608 621 3679 χειρῶν
631 3608 816 3664 αὐτοῦ
840 3608 1091 3675 ἀλήθεια
1119 3608 1219 3662 καὶ
1242 3607 1460 3676 κρίσις,
1487 3623 1542 3660 κ.
1566 3624 1615 3660 τ.
1635 3608 1682 3660 ὲ.

12 3701 34 3735 ελ
117 3702 188 3756 Ἦ
216 3703 316 3775 μὲν
344 3702 570 3774 ἀλήθεια
597 3703 653 3755 ἐν
675 3705 784 3766 τοῖς
816 3701 995 3772 ὀρθοῖς
1031 3700 1263 3771 δόγμασι
1308 3698 1608 3771 θεωρεῖταιν
1649 3700 1684 3771 ἡ

12 3792 31 3826 ⁵⁵
106 3793 168 3846 δὲ
215 3794 396 3863 κρίσις
422 3795 478 3847 ὲν
514 3795 581 3864 τῇ
615 3794 909 3864 πρακτικῇ.
949 3809 967 3842 ι
1004 3790 1199 3844 Πισταὶ
1239 3791 1408 3849 πᾶσαι
1441 3790 1497 3842 αἱ
1530 3790 1682 3843 ἐντο-

12 3890 25 3919 ε
112 3885 206 3937 λαὶ
241 3883 424 3949 αὑτοῦ,
450 3883 835 3955 ὲστηριγμέναι
858 3885 939 3947 είς
970 3881 1061 3935 τὸν
1092 3868 1263 3935 αἰῶνα
1291 3880 1386 3935 τοῦ
1420 3880 1633 3946 αἰῶνος.
1659 3899 1679 3933 ι

14 3978 28 4013 ί
113 3981 322 4044 Πιστὰς
351 3970 588 4043 εἶπετάς
617 3976 854 4042 ἐντολὰς,
879 3976 1000 4030 ἀντὶ
1029 3974 1123 4028 τοῦ
1155 3974 1390 4037 πίστεως
1425 3972 1580 4039 ἀξίας
1601 3989 1616 4002 ·
1656 3970 1686 4025 ὃ

1800 3971 1905 4024 lata
1938 3969 2075 4039 ejus,
2123 3988 2185 4028 ac
2232 3973 2276 4027 si
2322 3974 2551 4028 dixisset
2603 3971 2706 4026 ﬁde
2754 3972 2938 4042 digna.
2996 3970 3152 4038 Quod
3203 3973 3349 4027 enim

12 4072 27 4103 ⁵
116 4075 231 4145 γὰρ
259 4071 661 4142 ὑπισχνοῦνται,
690 4069 847 4123 τοῦτο
874 4068 971 4123 καὶ
994 4066 1237 4121 ποιοῦσιν
1257 4083 1271 4097 ο
1301 4064 1684 4137 ὑπισχνοῦνται

1800 4062 2120 4124 tollicentur,
2171 4066 2273 4119 hoc
2311 4074 2366 4120 et
2413 4072 2700 4133 praestant.
2759 4064 3121 4120 Rationabilis
3169 4076 3349 4120 autem

114 4167 176 4220 δὲ
208 4165 472 4237 κάθαρσιν
491 4163 669 4235 ψυχῆς
689 4162 911 4231 λογικῆς
937 4163 1048 4225 τοῖς
1074 4157 1310 4230 γνησίως
1330 4158 1684 4229 φυλάττουσιν

1800 4158 1979 4211 mima:
2022 4158 2314 4228 puritatem
2364 4158 2686 4227 poiliceutur
2733 4159 2800 4214 iis
2842 4158 2934 4229 qui
2989 4158 3202 4215 sincere
3258 4159 3348 4214 illa

12 4284 15 4291 -
119 4259 308 4322 αὑτάς.

1800 4259 2021 4315 terxant.

656 4430 948 4486 ΨΑΛΜΟΣ
991 4431 1141 4484 ΡΙΑ’.

2313 4431 2638 4491 PSALMUS
2691 4434 2823 4490 CXI.

203 4547 302 4601 Ἐν
340 4542 467 4608 ταῖς
532 4538 804 4606 ἐντολαῖς
863 4537 1055 4593 αὐτοῦ
1114 4537 1359 4605 θελήσει
1408 4537 1643 4608 σφόδρα
1660 4577 1677 4603 ,

1854 4550 2022 4606 Vens.
2065 4552 2118 4606 1.
2179 4545 2248 4606 ιη
2279 4551 2546 4605 mandatis
2592 4567 2706 4619 ejus
2748 4551 2880 4606 volet
2904 4551 3082 4617 nimis,
3135 4564 3244 4607 etc.
3290 4552 3347 4608 in
3384 4612 3388 4617 _

13 4626 19 4635 ’
118 4658 175 4697 κ.
208 4656 259 4693 τ.
283 4639 329 4692 ὲ.
370 4630 538 4699 Οὗτος
566 4634 709 4688 θέλει
751 4635 808 4687 ὲν
840 4635 958 4696 ταῖς
990 4631 1230 4696 ἐντολαῖς
1278 4630 1447 4686 αὐτοῦ
1475 4631 1680 4704 σφόδρα

1800 4644 2052 4699 nandatis
2079 4642 2198 4712 ejus
2222 4643 2334 4698 vult
2359 4644 2520 4700 nimis
2558 4644 2606 4699 is
2635 4643 2726 4714 qui
2766 4659 2830 4699 ea
2882 4659 3005 4700 eum
3051 4646 3196 4701 omni
3227 4645 3353 4701 dili-

12 4722 17 4735 ’
119 4734 149 4787 ὁ
182 4731 314 4795 μετὰ
341 4731 521 4799 πάσης
552 4726 838 4799 ἀκριϐείας
864 4725 1150 4796 φυλάσσων
1173 4724 1363 4788 αὐτάς.

1800 4735 1963 4800 gentia
1991 4734 2250 4790 custodit.

12 4810 16 4843 ³
191 4822 342 4887 Δόξα
371 4820 471 4875 καὶ
503 4817 766 4884 πλοῦτος
812 4817 881 4870 ἐν
928 4814 1009 4882 τῷ
1051 4815 1195 4883 οἴκῳ
1235 4816 1442 4879 αὐτοῦ,
1468 4832 1523 4869 κ.
1548 4832 1600 4869 τ.
1629 4816 1677 4870 ὲ.

1858 4827 2020 4883 Vsus.
2056 4824 2111 4880 '5.
2148 4822 2331 4880 Gloria
2370 4838 2419 4880 et
2445 4826 2648 4881 divitiw
2686 4825 2742 4878 in
2769 4830 2923 4880 domo
2943 4826 3083 4896 ejus,
3105 4836 3215 4882 etc.
3242 4826 3350 4883 Sa-

29 4929 52 4947 ‘
133 4915 197 4967 Ἦ
231 4913 386 4982 σοφία
410 4911 505 4964 τοῦ
537 4908 693 4974 Θεοῦ,
722 4907 857 4962 καθὸ
890 4908 989 4979 μὲν
1012 4906 1270 4968 ἀφθονίαν
1290 4907 1518 4979 παρέχει
1550 4906 1683 4961 θεω-

1800 4919 1988 4988 ρὶθιιιίε
2030 4918 2146 4983 Dei,
2178 4926 2448 4988 quatenus
2491 4915 2878 4972 abundantiam
2932 4920 3349 4989 contemplatio-

12 4998 13 5001 “
124 5005 396 5078 ρημάτων,
433 5002 657 5064 πλοῦτος
691 4997 955 5061 καλεῖται,
1002 4996 1138 5051 καθὸ
1171 4995 1228 5049 δὲ
1276 4996 1684 5068 παρασκευάζει

120 5098 241 5161 τοὺς
271 5091 586 5165 ἀνθρώπους
613 5089 853 5156 δοξάζειν
869 5088 961 5142 τὸν
989 5086 1326 5158 κεκτημένον
1351 5088 1539 5158 αὐτὴν,
1564 5087 1683 5140 ὀνο-

128 5187 350 5259 μάζεται
377 5183 524 5249 δόξα.

202 5275 605 5344 Ἐξανέτεαῑεν
662 5272 734 5327 ἐν
779 5273 982 5327 σκότει
1051 5268 1179 5339 φῶς
1238 5266 1362 5333 τοῖς
1416 5265 1679 5331 εὐθέσιν,

126 5389 177 5426 κ.
210 5389 259 5426 τ.
296 5370 341 5423 ι.
389 5369 447 5421 Ὀ
486 5365 676 5437 Σωτὴρ
713 5367 771 5418 ὲν
800 5366 913 5427 τοῖς
957 5360 1307 5431 Εὐαγγελίοις
1364 5360 1496 5430 φησὶ
1544 5357 1679 5429 πρὸς

128 5462 240 5523 τοὺς
279 5457 549 5529 μαθητάςο
586 5474 606 5506 ι
644 5455 709 5507 Ὃ
751 5453 1020 5523 ἠκούσατε
1050 5452 1109 5504 ὲν
1138 5453 1203 5522 τῇ
1240 5449 1449 5511 σκοτία,
1496 5450 1676 5501 εἴπετε

132 5553 184 5606 ἐν
210 5551 280 5622 τῷ
307 5549 464 5620 φωτί.
505 5568 524 5600 ι

197 5693 235 5725 ⁸³
261 5701 411 5747 Juan.
447 5706 553 5756 xvi,
583 5691 670 5746 52.
748 5690 796 5722 ⁸⁸
825 5688 964 5745 Psal.
999 5702 1086 5756 ex,
1118 5688 1199 5743 i0.
1277 5686 1321 5719 ⁸⁸
1355 5685 1541 5740 Matth.
1574 5699 1628 5751 κ,
1658 5683 1723 5737 27

1783 5028 1914 5067 num
1979 5012 2205 5080 praebet,
2252 5020 2480 5067 vocatur
2542 5012 2782 5077 divitiae;
2836 5022 3104 5082 quatenus
3163 5021 3348 5069 autem

1784 5105 2035 5159 homines
2063 5114 2333 5176 praeparat
2365 5105 2433 5159 ad
2473 5103 2887 5173 gloriﬁcandum
2932 5119 3055 5159 eum
3104 5104 3197 5173 qui
3226 5120 3347 5158 eam

1784 5207 2063 5251 assecutus
2085 5205 2186 5260 est,
2220 5196 2519 5265 appellatur
2543 5196 2720 5266 gloria

1856 5288 2012 5345 Vens.
2044 5290 2102 5345 4.
2156 5289 2418 5345 Exortum
2466 5301 2539 5344 est
2583 5291 2638 5343 in
2693 5290 2919 5343 tenebris
2945 5289 3118 5342 lumen
3169 5288 3348 5352 rectis,

1782 5391 1888 5437 etc.
1928 5383 2179 5436 Salvator
2209 5382 2262 5436 in
2296 5382 2602 5452 Evangeliis
2629 5381 2707 5435 ait
2736 5380 3016 5448 discipulis
3041 5380 3121 5434 “:
3146 5398 3165 5431 ι
3191 5377 3348 5449 Qucd

1783 5471 2008 5528 audistis
2030 5471 2084 5526 in
2120 5472 2379 5535 tenebris,
2410 5470 2574 5527 dicite
2605 5472 2657 5525 in
2692 5470 2915 5524 lumine.
2947 5488 2967 5522 ι
