3928 6158
16 298 19 329 r
55 215 254 272 1573
1097 220 1408 278 SELECTA
1446 222 1511 279 IN
1551 221 1689 283 PSA]

1805 223 1889 281 )S.
1925 255 1994 268 -
2032 228 2227 285 PSAL.
2267 229 2450 286 CXIV.
3251 238 3387 297 1574

16 394 19 403 ,
49 350 172 406 μῳ
221 338 498 410 στρέψας
520 337 618 410 τὴν
652 336 858 409 πέτραν
881 337 1102 394 ὲπότισε
1133 339 1226 394 τὸν
1274 341 1488 414 Ἰσραήλ
1508 359 1521 372 ·
1553 341 1630 405 ὡς
1653 341 1689 395 δέ

1817 346 1947 400 tavit
1973 344 2228 403 lsraelem
2252 365 2267 413 ;
2295 349 2592 405 secundum
2617 358 2798 407 autem
2822 351 3119 422 spiritalem
3144 368 3386 422 sensum,

16 427 241 497 ,πρὸς
310 429 385 482 τὸ
431 429 648 501 πνεῦμα
700 431 790 484 ἀεὶ
847 432 1069 503 στρέφει
1134 433 1233 505 τὴν
1290 434 1494 506 πέτραν
1518 473 1533 498 ,
1592 433 1689 504 ἥτις

1815 452 2029 508 semper
2058 442 2327 496 convertit
2354 451 2582 512 petram,
2610 442 3001 515 quaeCltristus
3023 455 3126 513 est,
3151 456 3207 502 et
3234 462 3386 517 potat

16 518 257 593 ⁵ἐστὶν
301 522 342 574 ὁ
402 521 658 593 Χριστὸς,
708 525 803 578 καὶ
839 522 1048 588 ποτίζει
1082 525 1175 579 τὸν
1207 525 1573 597 πνευματικὸν
1619 526 1689 578 Ἰσ

1811 529 2111 599 apiritalem
2148 530 2329 589 Israel.

16 678 18 683 λ
58 610 271 681 ραήλο

136 701 514 773 Εὐλότησε
546 703 690 771 τοὺς
719 703 1129 774 φοϐουμένους
1152 706 1260 760 τὸν
1299 707 1538 774 Κύριον,
1570 705 1710 772 τοὺς

52 795 384 863 μικροὺς
400 796 552 867 μετὰ
576 797 696 852 τῶν
716 799 1016 869 μεγάλων,
1051 817 1106 853 κ.
1140 817 1191 853 τ.
1227 801 1274 852 ἐ.
1306 799 1418 869 Οὐχ
1448 801 1497 852 oi
1538 799 1709 869 μεγά-

16 868 27 889 ’
58 883 165 939 λοι
238 890 407 959 μετὰ
450 890 560 944 τῶν
592 891 802 964 μικρῶν
847 892 1215 962 εὐλογοῦνται,
1252 890 1367 945 ἀλλ’
1388 868 1467 944 Ποὶ
1522 868 1710 961 μικροὶ

26 992 27 995 ‘
68 979 251 1049 μετὰ
288 982 412 1037 τῶν
435 983 707 1056 μεγάλων,
738 986 826 1040 ἴνα
851 986 946 1040 καὶ
977 986 1131 1040 αὐτοὶ
1152 984 1417 1054 γένωνται
1461 982 1704 1055 μεγάλοι.

16 1056 31 1087 ³
64 1071 160 1125 Τὸ
186 1072 264 1126 δὲ
289 1076 498 1147 μικρὸν
526 1074 760 1131 ἐνταῦθα
785 1077 961 1131 καὶτὸ
991 1077 1136 1148 μέγα
1159 1078 1259 1131 οὐκ
1281 1076 1375 1129 ἐπὶ
1406 1074 1499 1129 τοῦ
1526 1076 1703 1142 ἐκτὸς,

16 1154 31 1185 ⁵
67 1164 213 1219 ἀλλ’
253 1167 370 1220 ἐπὶ
398 1168 492 1222 τοῦ
514 1168 665 1234 ἐντὸς
697 1170 934 1242 νοητέον.

1809 1175 1948 1228 intra
1975 1183 2079 1239 est,
2104 1175 2528 1246 intelligendum.

164 1262 325 1329 Οὐχ
356 1264 411 1315 οἱ
435 1261 634 1331 νεκροὶ
664 1261 981 1316 αίνέσουσί
999 1276 1093 1328 σε,
1110 1263 1305 1331 Κύριε,
1321 1263 1466 1317 οὐδὲ
1484 1264 1689 1333 πάντες

1877 1267 2042 1323 Vens.
2075 1269 2166 1334 17,
2197 1269 2280 1324 18.
2314 1268 2439 1323 Non
2466 1276 2662 1327 mortui
2691 1276 2982 1333 laudabunt
3022 1289 3091 1348 te,
3135 1281 3382 1351 Domine,

71 1351 141 1401 οὶ
174 1352 677 1419 καταϐαίνοντες
697 1355 784 1420 είς
812 1353 980 1421 ᾅδου.
1028 1354 1179 1409 Ἀλλ’
1217 1354 1389 1424 ἡμεῖς
1410 1358 1462 1409 οἱ
1492 1354 1689 1424 ζῶντες

1806 1376 1966 1428 neque
1992 1375 2172 1415 omnes
2210 1362 2298 1430 qui
2340 1364 2661 1420 descendunt
2706 1369 2763 1422 in
2793 1369 3084 1438 infernum.
3133 1372 3236 1428 Sed
3284 1391 3381 1428 nos

22 1454 29 1462 ο
71 1441 548 1513 εὐλογήσομεν
584 1444 690 1498 τὸν
736 1445 956 1514 Κύριον
980 1445 1099 1500 ἀπὸ
1146 1445 1254 1500 τοῦ
1299 1445 1418 1501 νῦν
1442 1448 1543 1501 καὶ
1592 1447 1689 1514 ἕως

1805 1450 1895 1518 qui
1920 1450 2159 1513 vivimus,
2196 1453 2556 1508 benediremus
2605 1456 2890 1513 Dominum
2914 1476 2978 1514 ea:
2999 1461 3095 1515 hoc
3142 1480 3280 1517 nunc
3328 1475 3382 1519 et

21 1602 25 1606 ἢ
72 1530 211 1584 τοῦ
246 1532 498 1601 αἰῶνος,
534 1553 586 1589 κ.
617 1552 666 1589 τ.
696 1537 740 1589 ὲ.
790 1537 865 1591 Οὐ
906 1537 1125 1593 δύναται
1148 1538 1343 1610 νεκρὸς
1365 1538 1575 1593 αἰνέσαι
1604 1540 1689 1610 rip

1805 1557 1967 1607 usque
1998 1542 2053 1594 in
2081 1542 2355 1606 swculum,
2384 1555 2490 1599 etc.
2527 1544 2643 1602 Non
2677 1559 2855 1617 potest
2883 1562 3130 1625 mortuus
3155 1553 3378 1610 laudare

76 1621 261 1695 ζωὴν
298 1625 405 1698 τὴν
431 1628 709 1693 εἰποῦσαν,
749 1647 768 1680 ι
809 1630 949 1699 Ἐγώ
971 1633 1086 1702 εἰμι
1111 1634 1145 1703 ἡ
1186 1631 1321 1705 ζωή.
1365 1653 1384 1684 ›
1416 1652 1527 1683 -ι
1566 1632 1689 1686 Οὐδὲ

1805 1632 1967 1686 vitam
2020 1646 2141 1701 qua:
2191 1632 2325 1685 dixit
2353 1633 2399 1665 9°
2431 1650 2446 1687 :
2482 1653 2500 1684 Ι
2528 1634 2640 1705 Ego
2684 1652 2802 1692 sum
2875 1620 3005 1696 vita.
3038 1658 3172 1694 ›-‹
3194 1640 3381 1710 Neque

18 1698 35 1745 ί
76 1715 352 1784 πάντες,
388 1738 406 1772 ι
455 1720 554 1774 οὐκ
598 1715 772 1788 εἶπεν,
808 1742 826 1775 ι
865 1698 913 1776 oi
959 1698 1314 1789 καταϐάντες,
1368 1745 1387 1777 ι
1420 1726 1534 1780 ἀλλ’
1583 1745 1603 1779 ι
1647 1728 1689 1780 oi

1805 1735 2012 1787 omnes,
2036 1698 2065 1773 -ι
2092 1734 2197 1775 non
2227 1721 2385 1790 dixit,
2420 1740 2439 1774 ι
2471 1724 2562 1793 qui
2595 1724 3019 1793 descenderunt,
3045 1748 3066 1782 ι
3103 1730 3220 1795 sed,
3256 1698 3376 1803 «qui

15 1807 35 1841 ³
66 1821 554 1887 καταϐαίνοντες.
594 1842 612 1873 ι
651 1850 720 1863 -ο
762 1839 781 1872 ι
814 1820 954 1873 Ἀλλ’
1001 1822 1159 1893 ἡμεῖς
1206 1822 1256 1874 οἱ
1300 1818 1500 1885 ζῶντες
1514 1858 1529 1883 ν
1569 1837 1586 1869 ³
1620 1817 1689 1883 ὡς

1805 1817 2160 1872 descendunt.
2201 1837 2218 1869 ι
2251 1849 2322 1857 —
2357 1838 2375 1868 ι
2416 1817 2521 1873 Sed
2567 1835 2668 1874 nos
2698 1819 2790 1889 qui
2836 1819 3088 1889 vivimus,
3127 1842 3147 1876 ι
3182 1840 3378 1894 quem-

68 1915 186 1966 καὶ
229 1913 477 1978 Παῦλος·
516 1931 535 1965 ι
576 1913 815 1967 Ἔπειτα
843 1914 1002 1984 ἡμεῖς
1042 1913 1091 1966 οἱ
1123 1911 1342 1977 ζῶντες,
1376 1910 1425 1964 οἱ
1454 1909 1689 1981 περιλει-

1805 1910 2090 1966 admodum
2111 1911 2273 1965 etiam
2299 1910 2497 1966 Paulus
2522 1911 2596 1966 ait
2611 1912 2676 1965 ":
2709 1930 2727 1963 ι
2747 1910 2853 1968 Sed
2881 1929 2983 1970 nos
3005 1916 3098 1987 qui
3122 1918 3375 1987 vivimus,

73 2006 365 2076 πῦμενοι.
405 2024 423 2056 ι

1805 2003 1894 2073 qui
1925 2002 2124 2058 residui
2152 2017 2360 2057 sumus.
2397 2020 2414 2052 ι

1880 717 2045 773 Vens.
2090 718 2179 773 15.
2232 717 2505 775 Benedixit
2545 721 2611 776 iis
2662 725 2755 793 qui
2816 726 3001 781 timent
3064 724 3384 797 Dominum,

1807 808 2016 876 pusillis
2075 825 2194 863 cum
2250 810 2562 880 majoribus,
2619 824 2729 869 etc.
2792 816 2910 871 Non
2971 817 3207 887 majores
3260 835 3382 873 cum

1807 899 2017 969 pusillis
2072 900 2491 969 benedicuntur,
2535 907 2631 960 sed
2677 907 2856 976 pusilli
2903 924 3024 963 cum
3061 909 3383 978 majoribus,

1808 1001 1867 1047 ut
1903 1000 1958 1048 et
1989 993 2089 1061 ipsi
2120 993 2255 1048 ﬁant
2300 993 2552 1065 majores.
2592 997 2854 1054 Pusillum
2905 1009 3086 1057 autem
3124 1002 3227 1057 hoc
3262 1003 3385 1058 loro

1805 1091 1860 1138 et
1890 1099 2139 1153 maguum
2178 1099 2282 1138 non
2315 1085 2382 1140 de
2413 1100 2479 1140 eo
2513 1090 2654 1158 quod
2700 1099 2876 1158 extra,
2918 1092 3014 1148 sed
3047 1094 3114 1149 de
3143 1109 3209 1150 eo
3239 1098 3381 1165 quod

684 2186 976 2241 ΨΑΛΜΟΣ
1013 2189 1154 2244 PIA'.

2332 2185 2649 2245 PSALMUS
2705 2191 2887 2247 CXIV.

28 2354 31 2377 ζ
182 2287 320 2342 Ὅτι
347 2290 550 2346 ἔκλινε
572 2293 638 2347 τὸ
664 2291 774 2361 οὖς
792 2297 979 2352 αὑτοῦ
1004 2298 1154 2367 ἐμοὶ,
1181 2299 1282 2353 καὶ
1316 2299 1387 2354 ἐν
1405 2301 1535 2368 ταῖς
1563 2302 1689 2372 ἠμέ-

1877 2300 2041 2357 Vens.
2070 2303 2124 2356 2.
2154 2304 2293 2367 Quia
2329 2302 2596 2363 inclinavit
2629 2320 2808 2358 aurem
2837 2322 2986 2360 suam
3032 2311 3182 2377 mihi,
3224 2323 3273 2365 et
3326 2312 3382 2367 in

16 2372 31 2401 ⁷
89 2395 251 2447 ραις
274 2399 402 2450 μου
433 2383 878 2457 ἐπικαλέσομαι,
897 2407 951 2443 κ.
985 2407 1035 2443 τ.
1063 2393 1109 2444 ἐ.
1152 2392 1305 2445 Ἐπεὶ
1332 2393 1406 2464 μὴ
1427 2392 1689 2463 δυνάμεθα

1807 2395 1990 2448 diebus
2031 2395 2159 2447 meis
2196 2394 2473 2458 invocabo,
2511 2403 2617 2447 etc.
2674 2393 3120 2466 Quandoquidem
3164 2413 3382 2458 orantes

16 2466 31 2495 λν
100 2470 355 2535 ἑαυτοὺς
375 2474 635 2529 ἐκτείνειν
668 2478 804 2551 πρὸς
827 2479 958 2533 Θεὸν
993 2481 1294 2552 εὐχόμενοι,
1329 2483 1491 2548 αὐτὸς
1521 2485 1582 2537 τὸ
1603 2480 1689 2551 οὖς

1809 2486 2031 2541 minime
2068 2486 2309 2542 valemus
2338 2487 2697 2555 nosmetipsos
2749 2489 2816 2542 ad
2865 2489 3031 2543 Deum
3064 2495 3377 2563 extendere,

16 2557 26 2588 ί
102 2558 291 2613 αὐτοῦ
328 2562 499 2617 κλίνει
528 2566 663 2637 πρὸς
688 2568 834 2638 ἡμᾶς
863 2570 956 2623 καὶ
977 2569 1185 2640 ἐγγίζει
1217 2574 1369 2644 ἡμῖν.

1805 2578 2032 2647 ipsemet
2056 2592 2238 2633 aurem
2266 2595 2419 2634 suam
2442 2582 2507 2635 ad
2535 2594 2633 2635 nos
2660 2578 2884 2635 inclinat
2906 2582 3167 2653 nobisque
3185 2585 3382 2655 appro-

1843 2671 2052 2727 innuat.

188 2743 315 2798 Τοῦ
346 2747 553 2802 αὑτοῦ.
599 2748 658 2802 '0
682 2749 774 2804 τὸν
809 2750 958 2823 ἥλιον
994 2752 1095 2824 τῆς
1122 2755 1464 2829 δικαιοσύνης
1503 2761 1689 2815 ἐπικα-

1844 2686 1893 2722 ιη
1939 2685 2052 2727 llal.

1805 2685 1837 2740 Ρ
1874 2685 2151 2832 Ejusdem.
2184 2763 2286 2831 Qui
2333 2762 2500 2819 solem
2548 2762 2772 2834 iustitiae
2819 2763 3058 2834 invocat,
3098 2765 3154 2821 in
3188 2765 3378 2823 diebus

16 2832 33 2863 ε
104 2835 391 2907 λούμενος
425 2841 483 2892 ἐν
522 2842 643 2905 ταῖς
680 2842 913 2915 ἡμέραις
941 2844 1128 2900 τούτου
1161 2847 1256 2901 τοῦ
1297 2848 1445 2921 ήλίου
1495 2851 1689 2922 διάγων

1805 2854 1961 2924 hujus
1995 2854 2126 2911 solis
2160 2870 2327 2925 agens
2356 2856 2594 2911 invocet.

18 2929 35 2958 ῖ
110 2926 517 2983 ἱπικαλείσθω.

186 3019 532 3089 Περιέσχον
548 3039 625 3091 με
652 3022 857 3093 ὠδῖνες
878 3027 1155 3093 θανάτου,
1188 3049 1241 3085 κ.
1268 3051 1318 3087 τ.
1342 3034 1390 3090 ὲ.
1424 3036 1481 3089 '0
1511 3038 1568 3090 ὲν
1601 3037 1698 3108 βα-

16 3120 27 3149 'I
111 3108 254 3180 ρυτέ
264 3127 377 3180 ροις
397 3111 683 3184 γενόμενος
704 3123 1043 3190 πειρασμοῖς,
1068 3123 1161 3175 καὶ
1185 3122 1415 3193 βάσανον
1436 3128 1493 3180 ἐν
1513 3129 1696 3194 αὐτοῖς

17 3208 27 3239 ί
72 3232 77 3235 ‹
107 3199 305 3264 διδοὺς
332 3203 432 3273 τῆς
464 3206 831 3278 προαιρέσεως
866 3209 1079 3277 ἑαυτοῦ,
1113 3213 1203 3277 ιὼς
1246 3216 1339 3270 καὶ
1385 3220 1442 3271 ὲν
1468 3219 1695 3292 κινδύνῳ

15 3302 27 3335 :
109 3289 212 3343 τοῦ
247 3290 535 3365 νικηθῆναι
567 3295 838 3364 γενέσθαι,
868 3299 1003 3354 ἀλλὰ
1039 3301 1112 3373 μὴ
1148 3305 1410 3377 νικηθεὶς,
1451 3308 1595 3379 λέγοι
1627 3289 1695 3366 ἂν

108 3382 214 3474 τδο
256 3401 277 3435 ι
313 3384 611 3474 ΫΠεριέσχον
659 3405 725 3458 με
771 3389 956 3455 ὠδῖνες
993 3392 1245 3460 θανάτου,
1295 3397 1526 3454 κίνδυνοι
1567 3402 1692 3474 ᾅδου

18 3486 30 3519 λ’
112 3470 359 3543 εὖροσάν
411 3492 497 3545 με.
538 3495 557 3527 ι
590 3477 663 3530 Οὐ
696 3479 889 3533 ταυτὸν
932 3481 988 3534 δέ
1029 3484 1144 3538 ἐστι
1181 3485 1262 3551 τὸ,
1294 3506 1313 3539 ι
1351 3488 1516 3560 ’ᾼδης
1567 3470 1692 3565 εὗρέ

16 3582 25 3611 :
116 3581 212 3635 με,
255 3584 274 3615 ι
309 3564 439 3636 τῷ,ι
472 3568 723 3623 Κίνδυνοι
754 3569 880 3642 ᾅδου
913 3572 1142 3646 εὓροσάν
1173 3595 1259 3648 με.
1294 3599 1316 3632 ι
1355 3580 1411 3634 Ὀ
1436 3581 1567 3655 ᾅδης
1592 3564 1692 3656 μὲν

114 3654 231 3727 γὰρ
265 3656 508 3727 εὑρίσκει
545 3657 753 3724 τοῦτον,
779 3656 839 3715 οὗ
866 3665 1248 3735 κατισχύουσιν
1278 3670 1335 3723 αἱ
1379 3654 1543 3727 πύλαι
1589 3654 1690 3729 αύ-

114 3746 253 3800 τοῦ·
288 3749 521 3803 κίνδυνοι
564 3751 620 3805 δὲ
658 3751 785 3823 ᾅδου
816 3754 975 3825 μόνον
1015 3758 1329 3830 εὑρίσκουσι
1374 3764 1463 3819 τὸν
1504 3766 1591 3822 διὰ
1630 3769 1692 3822 τὸ

16 3858 27 3893 ι’
123 3838 355 3909 μέγεθος
400 3840 506 3895 τῶν
541 3846 862 3917 πειρασμῶν
896 3848 1312 3908 κινδυνεύσαντα
1352 3855 1451 3926 μὲν
1480 3874 1691 3931 κρατη-

119 3927 285 3999 θῆναι
320 3931 424 3984 ύπὸ
445 3932 552 3986 τῶν
580 3933 670 3987 τοῦ
696 3934 822 4006 ᾅδου
862 3937 1066 4005 πυλῶν,
1095 3939 1157 3993 οὐ
1204 3942 1304 4013 μὲν
1342 3943 1437 3998 καὶ
1487 3927 1691 4019 κρατη-

122 4018 287 4073 θέντα
317 4021 407 4073 ὑπ’
436 4022 632 4077 αὐτῶν.

1875 3034 2040 3090 Vens.
2072 3037 2125 3091 5.
2159 3034 2633 3091 Circumdederunt
2664 3052 2744 3091 me
2768 3037 2978 3094 dolores
3016 3040 3221 3106 mortis,
3262 3051 3371 3097 etc.

1797 3124 1898 3190 Qui
1932 3125 1984 3177 iu
2024 3125 2281 3195 gravibus
2318 3125 2706 3182 teutationibus
2753 3137 3034 3195 versatus,
3086 3129 3140 3182 iu
3177 3131 3371 3187 iisdem

1797 3216 1963 3270 animi
2015 3215 2097 3270 sui
2158 3218 2586 3287 experimentum
2635 3218 2803 3283 dedit,
2859 3229 3118 3288 tanquam
3177 3223 3266 3291 qui
3320 3226 3373 3279 iu

1797 3307 2041 3377 periculo
2072 3306 2239 3368 fuerit.
2272 3322 2340 3363 ne
2377 3309 2709 3374 vinceretur,
2738 3310 2961 3365 minime
2990 3319 3168 3366 tamen
3199 3314 3375 3370 victus

1794 3398 1890 3461 sit,
1924 3399 1968 3452 is
1997 3398 2180 3453 dicere
2224 3400 2397 3469 possit
2429 3417 2444 3453 :
2478 3417 2497 3450 ι
2525 3398 3014 3456 Circutudederunt
3044 3417 3131 3458 me
3161 3403 3376 3462 dolores

1795 3491 2007 3555 mortis,
2047 3489 2282 3558 pericula
2314 3490 2515 3545 inferni
2567 3491 2892 3546 invenerunt
2920 3508 3025 3547 me.
3055 3511 3075 3545 ι
3105 3492 3373 3551 Caeterum

1796 3580 2211 3649 haudquaquam
2245 3582 2384 3635 idem
2415 3591 2519 3646 est,
2552 3598 2573 3632 ι
2599 3581 2841 3637 iufernus
2864 3583 3073 3637 invenit
3106 3601 3212 3649 me,
3244 3605 3263 3637 ο
3307 3604 3373 3641 ac

1795 3670 1942 3734 illud,
2018 3670 2302 3726 «Pericula
2365 3671 2562 3726 inferni
2624 3673 2944 3728 invenerunt
3002 3690 3155 3729 me.»
3202 3677 3370 3731 'Nam

1794 3760 2042 3817 infernus
2072 3762 2284 3817 invenit
2315 3762 2460 3816 illum
2485 3774 2674 3818 contra
2720 3780 2880 3834 quem
2915 3766 3211 3833 praevalent
3247 3786 3372 3838 por-

1795 3862 1859 3907 tzu
1914 3853 2053 3921 ejus,
2110 3853 2347 3924 pericula
2406 3870 2537 3908 vero
2597 3855 2794 3910 inferni
2853 3856 3025 3911 solum
3089 3862 3371 3928 reperiunt

1790 3943 1940 3998 illum
1984 3944 2073 4013 qui
2105 3946 2175 4000 ob
2221 3944 2644 4014 magnitudinem
2679 3951 3036 4002 tentationum
3064 3951 3366 4020 periculum

1790 4036 2007 4104 quidem
2035 4036 2218 4102 subiit,
2252 4051 2321 4091 ne
2346 4038 2516 4106 portis
2535 4037 2729 4094 inferni
2752 4038 3122 4110 subigeretur,
3146 4045 3368 4102 minime

1754 4164 1755 4167 η
1791 4133 1972 4179 tamen
2007 4125 2074 4177 ab
2115 4124 2179 4178 iis
2206 4126 2464 4180 subactus
2494 4134 2600 4180 est.

197 4203 417 4271 Θλίψιν
443 4205 538 4258 καὶ
571 4205 796 4275 ὀδύνην
823 4202 1022 4277 εὖρον,
1056 4227 1111 4264 κ.
1138 4226 1192 4265 τ.
1221 4211 1268 4266 ὲ.
1296 4211 1527 4285 Εὖρημά
1547 4217 1689 4269 ἐστιν

1865 4214 1999 4269 luto.
2038 4215 2453 4270 Tribulationem
2478 4227 2524 4270 et
2552 4218 2784 4272 dolorem
2810 4219 3005 4289 inueni,
3042 4229 3150 4276 etc.
3182 4220 3369 4276 lnvcu-

124 4296 159 4366 ἡ
192 4293 370 4364 θλίψις
391 4295 469 4366 τῷ
501 4298 819 4368 ὑπομένοντι
874 4303 1063 4374 αὐτὴν,
1116 4303 1211 4358 καὶ
1252 4307 1587 4378 καυχωμένῳ
1630 4311 1687 4362 ὲν

124 4388 246 4448 ταῖς
291 4385 521 4456 θλίψεσι,
557 4389 650 4442 καὶ
687 4389 920 4444 ὁδεύοντι
963 4394 1062 4465 τὴν
1110 4394 1429 4464 ἀπάγουσαν
1472 4400 1551 4462 εἰς
1589 4398 1687 4471 τὴν

124 4476 289 4547 ζωὴν,
315 4473 479 4533 οὖσαν
513 4480 700 4551 στενὴν
727 4483 820 4535 καὶ
843 4481 1207 4557 τεθλιμμένην
1235 4486 1368 4540 ὁδόν.
1404 4488 1558 4541 Οὕτω
1591 4509 1689 4544 κα-

16 4596 19 4603 ·
123 4568 213 4622 λδν
237 4568 300 4640 δὴ
325 4569 542 4641 εὕρημα
570 4571 662 4625 καὶ
683 4571 862 4644 ὀδύνη,
897 4575 985 4627 ὅτε
1013 4575 1079 4629 δι’
1111 4576 1329 4648 ἀγάπην
1376 4595 1459 4641 τις
1500 4579 1689 4634 ὀδυνᾶ-

126 4678 215 4714 ται
250 4659 322 4724 ὡς
356 4663 384 4713 ὁ
416 4661 583 4715 εἰπὼν
618 4660 828 4727 Παῦλος
852 4682 865 4695 ·
894 4684 913 4716 ι
964 4665 1120 4738 Λύπη
1167 4667 1257 4738 μοί
1305 4670 1421 4720 ἐστι
1451 4670 1685 4739 μεγάλη,

129 4754 221 4807 καὶ
270 4752 590 4826 ἀδιάληπτος
644 4755 805 4828 ὀδύνη
848 4759 913 4829 τῇ
968 4760 1159 4831 καρδίᾳ
1226 4778 1347 4833 μου,
1408 4780 1428 4814 ι
1485 4764 1685 4817 καὶτὰ

130 4845 274 4916 ἑξῆς.

198 4937 305 4992 Καὶ
347 4937 412 4990 τὸ
454 4937 642 5008 ὄνομα
673 4940 898 5008 Κυρίου
934 4941 1412 5016 ἐπεκαλεσάμην,
1458 4968 1511 5004 κ.
1547 4968 1597 5004 τ.
1636 4952 1683 5005 ὲ.

135 5050 154 5083 ι
192 5030 301 5093 Πᾶς
324 5028 451 5102 γὰρ,
474 5030 659 5101 φησὶν,
693 5031 754 5094 ὃς
791 5030 857 5085 ἂν
891 5032 1274 5105 ἐπικαλέσηται
1301 5037 1362 5090 τὸ
1379 5038 1547 5111 ὄνομα
1577 5042 1690 5094 Κυ-

132 5123 239 5196 ρίου
269 5122 587 5193 σωθήσεται.
616 5142 635 5176 ι
670 5125 969 5196 Τοιγαροῦν
995 5127 1023 5179 ὁ
1048 5125 1294 5198 ἐλεήμων
1325 5131 1687 5187 ὲπικαλείσθω

130 5219 215 5272 τὸν
244 5218 527 5290 ἐλεήμονα,
558 5219 653 5273 καὶ
676 5219 775 5292 τὴν
814 5219 1159 5292 δικαιοσύνην
1199 5223 1227 5276 ὁ
1258 5222 1484 5290 δίκαιος.
1537 5225 1684 5298 Ἠχὼ

130 5310 229 5383 γὰρ
252 5310 436 5384 ὥσπερ
455 5312 594 5383 τιςή
627 5311 686 5365 ὲν
713 5312 843 5382 ἡμῖν
868 5311 1202 5386 δικαιοσύνη,
1226 5314 1325 5385 τῆς
1358 5315 1581 5389 πρώτης
1605 5317 1684 5372 δι-

133 5402 406 5474 καιοσύνης
432 5403 576 5456 κατὰ
598 5402 894 5457 ἀνάκλασιν
926 5406 1056 5476 ἡμῖν
1082 5405 1484 5477 ἐπισυμϐαίνει.

206 5492 499 5565 Ἐλεήμων
548 5498 582 5550 ό
618 5497 832 5567 Κύριος
861 5496 960 5551 καὶ
1007 5496 1255 5565 δίκαιος,
1311 5499 1409 5554 καὶ
1459 5503 1492 5554 ό
1537 5500 1679 5568 Θεὸς

1792 4314 1901 4359 tum
1932 4306 2199 4374 quoddam
2246 4318 2327 4361 est
2379 4307 2650 4362 tribulatio
2692 4308 2740 4362 ei
2786 4310 2877 4378 qui
2912 4309 3148 4365 sustinet
3196 4310 3363 4376 illam,

1791 4406 1847 4452 et
1879 4399 1929 4451 in
1964 4398 2403 4453 tribulationibus
2442 4399 2726 4469 gloriatur,
2756 4410 2919 4472 atque
2944 4403 3186 4458 ambulat
3215 4405 3357 4459 viam

1791 4505 1913 4557 quae
1937 4491 2085 4544 ducit
2112 4491 2177 4545 ad
2209 4491 2397 4557 vitam,
2427 4507 2545 4562 qua!
2575 4503 2658 4547 est
2682 4494 2769 4548 via
2800 4505 2948 4550 arcta
2981 4506 3037 4551 et
3069 4496 3381 4575 laboriosan

1792 4582 1870 4635 Ita
1916 4596 2130 4652 quoque
2173 4582 2489 4650 praeclarum
2544 4599 2676 4640 sane
2740 4586 3018 4641 inventum
3069 4597 3151 4644 est
3185 4588 3359 4655 dolor,

1791 4672 2006 4741 quando
2039 4672 2161 4741 quis
2192 4686 2259 4726 ex
2289 4673 2575 4731 dilectione
2604 4675 2767 4747 79o
2788 4677 2954 4743 dolet,
2992 4679 3134 4734 sicut
3162 4678 3364 4737 Paulus

1795 4771 1982 4825 dicens
2016 4770 2062 4803 ”
2095 4786 2110 4823 :
2144 4789 2164 4822 ι
2197 4771 2440 4828 Tristitia
2475 4775 2603 4830 mihi
2637 4791 2829 4847 magna
2849 4784 2956 4843 est,
2990 4785 3045 4833 et
3069 4779 3364 4836 continuus

1794 4860 1949 4917 dolor
1975 4864 2121 4917 cordi
2152 4880 2289 4930 meo,
2323 4883 2342 4916 ›
2377 4876 2483 4921 etc.
2914 4884 2915 4887 ‘

1864 4953 2028 5010 Vsus.
2061 4954 2115 5011 4.
2156 4953 2222 5009 Et
2261 4974 2444 5011 nomen
2472 4957 2684 5012 Domini
2715 4959 2964 5022 invocavi,
2996 4969 3103 5017 etc.
3136 4960 3360 5020 (Omnis

1792 5046 1958 5114 enim,
1982 5047 2158 5119 inquit
2190 5049 2255 5115 ”,
2285 5051 2373 5119 qui
2402 5050 2738 5106 invocaverit
2766 5068 2957 5108 nomen
2995 5054 3208 5109 Domini
3251 5055 3361 5109 sal-

1792 5151 1891 5193 vus
1920 5138 2045 5194 erit.
2084 5157 2104 5192 ι
2159 5138 2469 5197 Misericors
2496 5142 2661 5213 igitur
2704 5144 3147 5210 misericordem,
3176 5153 3230 5200 et
3265 5145 3358 5222 ju-

1791 5228 1994 5285 stitiam
2032 5229 2245 5287 invocet
2265 5231 2466 5302 justus.
2492 5232 2624 5288 Nam
2650 5233 2884 5304 justitia,
2923 5235 3111 5306 prima:
3132 5235 3360 5305 justitia

1789 5319 1954 5375 veluti
2007 5322 2145 5379 echo
2196 5327 2464 5395 quaedam,
2502 5325 2654 5383 nobis
2722 5342 2822 5396 per
2888 5328 3355 5396 repercussioucm

1787 5413 2018 5469 advenit.

1856 5504 2020 5561 Vsus.
2070 5506 2123 5561 ὅ.
2172 5507 2472 5566 Misericors
2519 5510 2770 5567 Dominus
2814 5518 2863 5567 et
2902 5511 3104 5581 iustus,
3134 5523 3178 5565 et
3216 5511 3355 5568 Deus

196 5657 236 5690 '°
259 5658 405 5715 Joan.
432 5675 548 5727 XIV,
577 5660 630 5715 6.
706 5663 748 5696 ⁹¹
789 5662 806 5717 Ι
840 5663 1028 5721 Thess.
1064 5680 1140 5733 tv,
1174 5664 1257 5720 M.
1333 5665 1378 5699 "
1407 5664 1564 5728 Rom.
1591 5679 1665 5732 ιιι,

1825 5666 1871 5699 ⁸³
1894 5667 2027 5726 ibid.
2057 5683 2110 5736 π,
2146 5669 2237 5724 15.
