3928 6158
556 211 687 269 i571
1963 213 2056 270 EX
2089 213 2391 273 ORIGENE
3680 227 3803 284 1572

619 335 784 391 Vens.
826 334 881 388 5.
919 334 1164 402 Dtsponet
1203 348 1469 388 sermones
1497 349 1621 389 suos
1659 351 1714 388 ιη
1751 334 1980 406 μιάὶσὶο,
2013 344 2121 392 etc.
2154 348 2170 401 Α

2300 340 2696 411 Οὶκονομήσει
2748 340 2891 409 τοὺς
2943 345 3169 415 λόγους
3221 346 3413 402 αὐτοῦ
3476 348 3554 401 ἐν
3592 350 3802 417 κρίσει,

544 429 639 486 His
671 430 928 485 utendum
961 432 1143 485 verbis
1172 439 1358 486 contra
1386 443 1480 484 eos
1507 429 1599 499 qui
1633 429 2031 484 inconsiderate
2064 444 2094 482 e

2252 450 2280 486 ι.
2308 451 2359 486 τ.
2389 434 2436 485 ἐ.
2473 434 2752 505 Χρηπέον
2775 435 2852 506 τῷ
2886 436 3036 508 ῥητῷ
3060 437 3199 509 πρὸς
3230 441 3359 505 τοὺς
3383 441 3803 513 ἀπερισκέπτως

540 530 748 576 temere
782 522 977 576 divinae
1016 522 1311 591 Scriptura:
1358 521 1621 591 mysteria
1675 520 1959 589 proferunt
1990 542 2002 576 :
2036 532 2090 574 et

2256 524 2552 596 κφέροντας
2571 525 2639 578 τὰ
2654 525 2774 579 θεῖα
2807 530 3083 600 μυστήρια
3120 530 3221 600 τῆς
3246 531 3400 596 Θείας
3430 534 3689 605 Γραφῆς,
3724 537 3807 589 καὶ

537 614 682 667 enim
712 611 909 669 Paulus
938 615 1014 668 ait
1041 613 1089 646 '°
1128 632 1142 668 :
1178 613 1301 668 «Sic
1335 628 1436 668 nos
1466 614 1736 668 existimet
1774 614 2088 683 788hom:

2256 616 2547 688 διακρίτως
2569 635 2583 647 ³
2616 619 2711 672 καὶ
2736 620 2844 691 γὰρ
2874 622 2903 673 ὁ
2930 621 3141 685 Παῦλός
3164 639 3328 695 φησιν
3345 641 3360 654 ο
3399 644 3419 677 ‹
3448 625 3648 690 Οὕτως
3671 629 3807 698 ἡμᾶς

539 715 597 758 ut
625 706 902 762 ministros
931 707 1138 763 Christi
1181 715 1238 761 et
1277 705 1683 777 dispensatores
1732 705 2090 776 mysteriorum

2255 707 2516 777 ογιζέσθω
2540 709 2827 779 ἄνθρωπος
2848 711 2925 775 ὡς
2950 712 3229 784 ὑπηρέτας
3259 716 3509 786 Χριστοῦ
3540 719 3641 771 καὶ
3668 722 3806 774 οἰκο-

538 797 655 852 Dei.
694 815 715 850 ι
2218 803 2417 873 νόμους
2449 804 2558 856 τῶν
2593 806 2908 876 μυστηρίων
2941 806 3098 861 Θεοῦ.
3135 828 3155 860 ι

609 890 775 947 Vnus.
820 892 875 946 7.
917 892 995 946 Ab
1020 893 1290 948 auditione
1315 891 1458 946 mala
1484 908 1586 946 non
1611 892 1832 957 timebit,
1867 901 1972 946 etc.
2006 892 2115 945 Au-

2300 893 2433 948 Ἀπό
2458 894 2647 963 ἀκοῆς
2679 896 2946 964 πονηρᾶς
2976 901 3048 952 οὐ
3085 900 3526 968 φοϐηθήσεται,
3574 921 3633 957 κ.
3667 921 3721 959 τ.
3756 905 3802 961 ἑ.

537 983 766 1047 ditione,
804 984 856 1037 id
890 994 974 1040 est
1007 985 1649 1057 fama,quemadmodum
1675 983 1841 1038 etiam
1871 983 1923 1036 in
1944 981 2088 1036 Evan

2250 984 2416 1056 Ακοῆς
2462 987 2581 1040 ἀντὶ
2626 987 2744 1051 τοῦ,
2781 990 2988 1060 φήμης,
3020 990 3096 1054 ὠς
3128 992 3221 1045 καὶ
3264 993 3438 1065 ἐν,τῷ

536 1074 679 1144 gelio
708 1074 969 1141 scriptum
1005 1084 1092 1130 est
1132 1076 1176 1107 ⁸⁷
1213 1092 1227 1129 :
1264 1094 1282 1128 ι
1312 1074 1457 1130 Exiit
1503 1072 1708 1129 auditio
1751 1070 1867 1138 ejus
1905 1071 1958 1124 in
1991 1069 2087 1124 uni

2247 1076 2555 1149 ἐγραπταιο
2598 1098 2616 1129 ι
2654 1075 2904 1148 Ἐξῆλθεν
2950 1081 2983 1150 ή
3018 1081 3154 1153 ἀκοὴ
3183 1082 3349 1137 αὑτοῦ
3398 1086 3486 1148 εἰς
3540 1087 3673 1156 ὅλην

534 1181 749 1221 versam
802 1165 1037 1237 Syriam.
1068 1187 1085 1220 ι
1134 1168 1202 1223 Et
1259 1182 1451 1225 rursus
1480 1167 1573 1222 3‘:
1622 1183 1640 1216 ι
1671 1163 1923 1218 Audituri
1979 1162 2081 1217 esti

2242 1168 2441 1240 ιυρίαψ
2482 1188 2500 1219 ι
2558 1170 2653 1222 καὶ
2686 1170 2879 1224 πάλιν·
2914 1190 2933 1222 ‹
2972 1171 3208 1227 Μέλλετε
3248 1176 3479 1230 ἀκούειν
3531 1178 3793 1250 πολέμους

536 1260 722 1329 praelia
749 1269 805 1314 et
845 1261 1153 1316 auditiones
1188 1261 1519 1332 praeliorum.
1545 1277 1566 1312 ι

1303 1261 1519 1317 liorum.
1545 1277 1566 1312 ι
2209 1259 2304 1312 καὶ
2329 1259 2497 1324 ἀκοὰς
2522 1260 2788 1330 πολέμων.
2836 1280 2854 1312 ι

604 1351 768 1406 Vens.
812 1353 865 1406 9.
904 1351 1078 1406 Cornu
1119 1353 1234 1421 ejus
1287 1352 1603 1407 exaltabitur
1645 1349 1702 1403 in
1750 1347 1956 1418 gloria,
1997 1353 2106 1400 etc.

2286 1353 2352 1405 Τὸ
2392 1352 2567 1418 κέρας
2607 1351 2794 1407 αὐτοῦ
2836 1354 3213 1422 ὑψωθήσεται
3252 1357 3324 1410 ἐν
3350 1357 3539 1428 δόξῃ,
3578 1378 3635 1414 κ.
3673 1379 3723 1416 τ.
3748 1364 3792 1422 ἐ.

532 1441 678 1498 Nihil
709 1459 864 1512 aeque
904 1445 1162 1500 formidat
1192 1445 1426 1500 Satanas
1452 1459 1516 1499 ac
1533 1438 1765 1497 mentem
1789 1440 1842 1493 in
1874 1439 2083 1495 scienti:

2243 1440 2373 1493 ιύδὲν
2408 1440 2551 1494 οὕτω
2591 1442 2836 1510 φοϐεῖται
2870 1446 2898 1496 ὁ
2924 1445 3182 1508 Σατανᾶς,
3235 1446 3313 1509 ὡς
3344 1447 3476 1500 νοῦν
3515 1449 3794 1518 mtuam

531 1534 630 1589 Dei
662 1535 983 1591 exaltatam.

2206 1534 2265 1585 ἐν
2301 1531 2499 1601 γνώσει
2532 1534 2687 1587 Θεοῦ.

603 1629 770 1685 Vens.
810 1630 900 1683 10.
945 1629 1275 1683 Desiderium
1317 1628 1611 1698 peccatoris
1652 1624 1864 1697 peribit,
1900 1633 2004 1679 etc.
2046 1621 2101 1677 Si
2139 1687 2154 1709 I

2292 1625 2609 1693 Ἐπιθυμία
2647 1624 3002 1694 ἁμηρτωλοῦ
3042 1627 3373 1693 ἀπολεῖται,
3412 1650 3469 1685 κ.
3502 1651 3559 1686 τ.
3594 1635 3644 1688 ἐ.
3676 1636 3786 1709 Eii]

532 1720 856 1776 desiderium
915 1721 1224 1793 peccatoris
1274 1721 1497 1791 peribit,
1561 1717 1866 1789 peccatoris
1920 1724 2081 1769 auten

2240 1714 2470 1785 πιθυμία
2491 1686 2816 1786 ἆμαρτίυλοῦ
2843 1717 3195 1791 ἀπολεῖται,ή
3223 1721 3279 1774 δὲ
3308 1686 3657 1795 ἁμαρτωλοῦ

530 1813 856 1869 desiderium
885 1824 969 1870 est
1006 1813 1209 1869 malitia
1236 1854 1251 1879 ,
1285 1814 1469 1868 utioue
1510 1820 1857 1880 peccatorum
1891 1806 2081 1864 maliti:

2239 1806 2374 1875 υμία
2403 1806 2520 1859 ἐστὶ
2551 1807 2787 1878 κακία,ή
2819 1809 2987 1862 κακία
3017 1810 3123 1881 ἄρα
3150 1812 3439 1868 ἀπολεῖται
3472 1817 3591 1870 τῶν
3618 1820 3790 1894 ἁμαρ-

529 1905 747 1972 peribit.

2202 1897 2406 1953 τωλῶν.

1058 2084 1376 2140 PSALMUS
1436 2084 1591 2141 CXII.

2764 2080 3054 2134 ΨΑΛΜΟΣ
3091 2083 3234 2136 ΡΙΒ¹.

597 2181 762 2238 Vnus.
796 2181 850 2235 5.
883 2182 925 2234 Α
957 2179 1083 2235 solis
1112 2189 1229 2232 ortu
1269 2195 1429 2250 usque
1456 2182 1524 2232 ad
1552 2193 1794 2231 occasum
1825 2176 2096 2231 lauaabiie

2282 2171 2415 2226 Ἀπὸ
2465 2169 2777 2226 ἀνατολῶν
2822 2173 3001 2241 ἡλίου
3028 2174 3202 2243 μέχρι
3252 2174 3519 2246 δυσμῶν
3558 2183 3790 2236 αὶνετέν

525 2290 711 2329 nomen
740 2274 946 2327 Domini
970 2313 986 2339 ,
1012 2284 1116 2327 etc.
1148 2271 1312 2327 Ortus
1338 2279 1463 2327 sunt
1494 2278 1702 2323 natura:
1735 2268 2076 2323 intellectua-

2235 2263 2261 2317 ὸ
2287 2263 2472 2331 ὄνομα
2493 2262 2733 2331 Κυρίου,
2763 2280 2816 2336 κ.
2844 2279 2896 2317 τ.
2928 2265 2973 2316 ἐ.
3014 2264 3295 2320 Ἀνατολαὶ
3329 2270 3434 2338 μέν
3458 2273 3575 2324 εἰσι
3606 2274 3786 2340 φύσεις

522 2366 604 2421 les
633 2366 686 2418 in
721 2365 916 2435 quibus
959 2364 1040 2419 sol
1080 2363 1310 2431 iustitia:
1352 2365 1561 2429 oritur;
1610 2361 1868 2416 occidens
1904 2371 2073 2414 autem

2237 2356 2253 2408 ἱ
2285 2356 2489 2426 νοεραὶ,
2517 2356 2574 2407 ἐν
2605 2350 2693 2419 αἷς
2716 2358 2743 2409 ὁ
2768 2356 2866 2426 τῆς
2893 2356 3239 2431 δικαιοσύνης
3267 2360 3425 2431 ἥλιος
3465 2365 3785 2420 ἀνατέλλει·

521 2469 652 2514 sunt
678 2459 840 2512 etiam
883 2457 1156 2510 hominum
1193 2456 1409 2519 animae,
1461 2454 1516 2507 in
1548 2453 1747 2523 quibus
1799 2451 2072 2520 aliquandt

2230 2449 2395 2518 υσμαὶ
2430 2447 2485 2499 δὲ
2538 2448 2593 2500 αἱ
2627 2448 2733 2500 τῶν
2758 2447 3058 2516 ἀνθρώπων
3088 2450 3277 2521 ψυχαὶ,
3312 2453 3371 2506 ἐν
3397 2449 3491 2518 αἷς
3516 2457 3612 2509 ἔδυ

519 2548 718 2603 occidit
745 2546 1001 2615 spiritalis
1027 2554 1083 2600 et
1107 2544 1345 2600 caelestis
1371 2545 1472 2600 sol.

2197 2538 2226 2590 ὀ
2250 2538 2614 2607 πνευματικὸς
2646 2538 2740 2591 καὶ
2766 2539 3084 2611 ἐπουράνιος
3120 2541 3289 2610 ἥλιος.

592 2640 755 2695 νεεδ.
787 2639 842 2705 5,
895 2638 948 2694 6.
982 2638 1087 2704 Qui
1109 2640 1163 2692 in
1184 2638 1304 2693 altis
1326 2636 1526 2691 habitat
1556 2644 1603 2689 et
1628 2632 1851 2688 humilia
1884 2631 2089 2700 respicit

2279 2627 2332 2679 '0
2357 2628 2427 2681 ἐν
2450 2627 2710 2695 ὑψηλοῖς
2735 2628 3026 2682 κατοικῶν
3041 2630 3138 2683 καὶ
3167 2634 3239 2684 τὰ
3268 2636 3531 2690 ταπεινὰ
3553 2639 3780 2707 ἐφορῶν

519 2734 574 2787 in
596 2734 721 2788 mlo
751 2742 799 2787 et
833 2734 889 2787 in
939 2743 1101 2798 terra,
1157 2740 1264 2785 etc.
1321 2728 1542 2784 Habitat
1595 2726 1734 2780 Deus
1794 2724 1848 2777 in
1885 2721 2070 2778 sancti:

2229 2734 2265 2768 ν
2289 2713 2369 2780 τῷ
2403 2714 2635 2782 οἰιρανῷ
2666 2716 2762 2769 καὶ
2790 2716 2860 2769 ἐν
2890 2716 2964 2785 τῇ
2995 2715 3094 2786 γῇ,
3122 2736 3173 2771 κ.
3216 2738 3266 2773 τ.
3301 2722 3347 2774 ἑ.
3399 2725 3566 2776 Uine?
3613 2726 3712 2795 μὲν
3755 2730 3778 2780 ὁ

519 2825 877 2895 potestatibus
906 2842 919 2878 :
946 2822 1190 2893 providet
1223 2832 1400 2874 autem
1431 2817 1722 2874 humilibus
1756 2814 2062 2869 hominibus

2227 2808 2329 2871 Dab;
2358 2808 2415 2860 ἐν
2440 2809 2558 2869 ταῖς
2589 2807 2772 2875 ἁγίαις
2802 2807 3093 2878 δυνάμεσι·
3124 2816 3439 2881 προνοεῖται
3467 2814 3529 2866 δὲ
3555 2816 3668 2867 τῶν
3689 2836 3778 2869 τα-

518 2926 575 2971 ut
602 2918 691 2971 ﬁat
715 2917 956 2972 voluntas
999 2914 1115 2983 ejus
1140 2915 1285 2969 sicut
1320 2915 1371 2966 in
1410 2912 1549 2968 caelo
1579 2911 1711 2964 etin
1743 2918 1907 2963 terra.

2224 2899 2397 2954 πεινῶν
2430 2900 2751 2973 ἀνθρώπων.
2786 2902 2871 2955 ἵνα
2898 2903 3120 2975 γένηται
3149 2905 3212 2958 τὸ
3246 2904 3468 2979 θέλημα
3499 2909 3672 2962 αὐτοῦ
3707 2912 3775 2975 (1.;

2195 2993 2254 3047 ἐν
2280 2993 2494 3064 οὐρανῷ
2521 2994 2613 3047 καὶ
2641 2994 2733 3046 ἐπὶ
2763 2988 2862 3065 τῆς
2882 2996 3007 3065 γῆς.

587 3097 747 3152 Vens.
775 3098 830 3155 7.
873 3096 1148 3152 Suscitans
1175 3096 1239 3149 de
1268 3105 1408 3148 terra
1440 3094 1665 3161 inopem,
1695 3099 1742 3143 et
1774 3088 1836 3141 de
1863 3096 2087 3141 stercore

2274 3085 2328 3138 Ὁ
2377 3086 2616 3154 ἐγείρων
2641 3087 2757 3139 ἀπὸ
2788 3086 2898 3156 γῆς
2928 3088 3186 3156 πτωχὸν,
3228 3090 3330 3143 καὶ
3362 3094 3490 3146 ἀπὸ
3527 3098 3772 3164 accipiar;

513 3190 716 3260 erigens
747 3204 1051 3257 pauperem,
1081 3197 1186 3242 etc.
1239 3186 1489 3240 Animam
1526 3183 1744 3253 quidem
1797 3196 1826 3235 a
1877 3179 2064 3234 maliti:

2218 3175 2447 3244 ἱνυψῶν
2493 3175 2743 3244 πένητα,
2782 3194 2835 3230 κ.
2889 3194 2939 3229 τ.
2976 3179 3022 3229 ὲ.
3058 3178 3248 3249 Ψυχὴν
3281 3181 3384 3250 μὲν
3426 3184 3641 3257 ἐγείρει
3673 3188 3769 3239 ἀπὸ

514 3282 581 3334 ad
612 3281 863 3333 virtutem
895 3280 1120 3333 suscitat
1152 3278 1315 3342 Deus,
1350 3284 1587 3331 mentem
1636 3287 1764 3328 vero
1819 3272 1886 3327 ab
1936 3272 2060 3337 igno

2216 3268 2389 3332 εακίας
2420 3267 2506 3319 ἐπ’
2537 3267 2734 3338 ἀρετὴν
2765 3269 2794 3319 ὁ
2817 3267 2966 3331 Θεὸς,
2992 3270 3115 3323 νοῦν
3147 3270 3202 3324 δὲ
3236 3273 3347 3325 ἀπὸ
3374 3274 3664 3343 ἀγνωσίας
3695 3282 3767 3341 εἰς

515 3371 690 3426 rantia
722 3370 788 3424 ad
822 3369 1108 3425 scientiam
1138 3376 1420 3436 provocat.

1254 3376 1420 3422 vocat.
2189 3361 2391 3430 γνῶσιν
2419 3360 2805 3432 προτρέπεται.

582 3462 745 3518 Vtilis.
770 3466 825 3517 9.
858 3461 962 3526 Qui
990 3461 1228 3514 habitare
1258 3458 1387 3528 facit
1414 3457 1643 3512 sterilem
1673 3457 1728 3510 in
1764 3455 1941 3521 domo,
1978 3470 2089 3506 ma-

2271 3450 2323 3504 Ὀ
2352 3449 2691 3510 κατοικίζων
2733 3451 2980 3520 στειζραν
3003 3452 3071 3504 ἐν
3094 3452 3255 3518 οἴκῳ,
3282 3457 3523 3524 μητέρα
3554 3459 3654 3513 ἐπὶ
3685 3462 3765 3514 τὲε

511 3564 644 3610 trem
673 3557 737 3609 de
770 3554 899 3623 ﬁliis
940 3554 1225 3617 (celantem,
1254 3563 1358 3607 etc.
1385 3570 1403 3602 ι
1428 3551 1657 3615 Laetare,
1710 3548 1931 3614 sterilis,
1966 3562 2062 3616 qua

2211 3560 2350 3608 ινοις
2368 3540 2858 3611 εὐφραινομένην,
2887 3559 2922 3595 κ
2973 3560 3025 3596 τ.
3056 3544 3102 3595 ὲ.
3129 3563 3146 3594 ‹
3174 3545 3561 3616 Εὐφράνθητι,
3588 3552 3762 3621 στείρα

510 3664 616 3703 non
650 3648 816 3718 paris,
861 3661 1048 3717 rumpe
1077 3657 1131 3701 et
1160 3646 1354 3710 clama,
1378 3659 1497 3713 qua:
1538 3657 1641 3696 non
1670 3638 1925 3710 parturis,
1955 3638 2061 3706 qui:

2210 3634 2308 3704 ιοὺ
2342 3633 2618 3696 τίκτουσα,
2678 3631 2835 3704 ῥῆξον
2872 3633 2965 3685 καὶ
2999 3632 3210 3703 βόησον,
3258 3637 3293 3705 ἡ
3337 3636 3442 3690 οὐκ
3482 3639 3761 3703 ὠδίνουσα,

510 3739 662 3792 multi
714 3738 808 3792 ﬁlii
858 3738 1088 3793 desertae
1139 3737 1311 3807 magis
1359 3749 1520 3805 quam
1573 3733 1690 3802 ejus
1741 3744 1860 3801 quae
1919 3729 2056 3782 habe

2209 3729 2268 3779 ἑτι
2295 3724 2465 3779 πολλὰ
2486 3725 2731 3778 τὰτέκνα
2761 3725 2862 3795 τῆς
2888 3726 3094 3796 ἐρήμου
3123 3726 3323 3796 μᾶλλον
3351 3728 3384 3799 ἦ
3416 3730 3517 3801 τῆς
3539 3731 3760 3802 ἐχούσης

508 3830 683 3885 virum
716 3831 782 3883 ⁸³.
815 3847 835 3882 ι
891 3830 961 3884 Ει
1008 3829 1212 3885 sterilis
1253 3813 1477 3897 quidem
1523 3826 1806 3881 deserente
1855 3821 1966 3876 Deo
2020 3818 2052 3872 ﬁ

2207 3818 2276 3872 τὸν
2303 3817 2492 3889 ἄνδρα.
2537 3836 2556 3869 ι
2589 3818 2698 3871 Καὶ
2735 3819 2925 3891 στείρα
2976 3819 3074 3889 μὲν
3120 3819 3590 3888 ἐγκαταλιπόντος
3630 3824 3758 3878 Θεοῦ

507 3922 713 3989 anima,
740 3931 914 3977 mater
940 3936 1072 3977 vero
1099 3923 1436 3991 inoperante.

2187 3911 2394 3980 γίνεται
2425 3909 2592 3980 ψυχὴ,
2625 3911 2805 3981 μήτηρ
2834 3909 2892 3962 δὲ
2923 3909 3292 3981 ἐνεργοῦντος.

1022 4090 1345 4146 PSALMUS
1397 4087 1586 4146 CXIII.

2733 4086 3025 4140 ΨΑΛΜΟΣ
3060 4085 3201 4140 P1P.

575 4184 743 4240 Vitas.
780 4184 836 4247 1,
870 4180 925 4236 2.
982 4180 1050 4236 In
1097 4184 1237 4236 exitu
1263 4182 1435 4236 Israel
1482 4183 1544 4234 de
1589 4179 1844 4251 Afgypto,
1890 4174 2126 4233 domus!

2264 4180 2357 4231 Ἐν
2377 4166 2566 4242 ἐξόδῳ
2615 4177 2853 4247 Ἰσραὴλ
2893 4177 2963 4242 ἐξ
2983 4180 3307 4248 Αἰγύπτου,
3343 4179 3524 4237 οἴκου
3568 4184 3757 4239 Ἰακὼϐ

504 4277 671 4331 Jacob
707 4277 770 4329 de
797 4275 989 4346 populo
1031 4276 1277 4339 barbaro,
1312 4276 1458 4343 [acta
1493 4283 1571 4327 est
1609 4273 1801 4327 Judwa
1831 4271 2055 4340 sanctiﬁ-

2202 4274 2247 4324 ἑκ
2298 4270 2451 4324 λαοῦ
2493 4267 2820 4337 βαρϐάρου,
2867 4268 3117 4338 ἐγενήθη
3178 4271 3434 4326 Ἰουδαία
3498 4275 3753 4346 ἁγίας-μα

504 4371 642 4424 catio
677 4369 814 4438 ejus,
846 4376 955 4422 etc.
980 4366 1038 4421 Si
1071 4365 1429 4421 sanctiﬁcatio
1476 4365 1568 4419 Dei
1609 4363 1795 4418 ludzea
1826 4373 1931 4428 est,
1980 4362 2055 4417 ,Ιιιι

2200 4359 2386 4425 ιύτοῦ,
2449 4377 2505 4413 κ.
2545 4378 2595 4413 τ.
2658 4361 2702 4414 ἐ.
2766 4361 2830 4412 Εἰ
2860 4360 3101 4431 ἁγίασμα
3123 4360 3216 4414 τοῦ
3245 4362 3383 4416 Θεοῦ
3438 4367 3475 4435 ἡ
3533 4368 3751 4422 Ἰουδαία

505 4457 618 4511 daea
675 4470 807 4510 vero
864 4456 1252 4524 interpretatur
1285 4454 1559 4524 conﬁtens,
1604 4455 1781 4509 omnis
1811 4451 2056 4509 conﬁteu:

2193 4454 2342 4519 ἐστὶν,
2374 4454 2408 4523 ἡ
2433 4453 2489 4505 δὲ
2528 4453 2757 4506 Ἰουδαία
2790 4452 3335 4523 ἐξομολογούμενος
3364 4458 3744 4528 ἑρμηνεύεται.

505 4549 683 4602 anima
707 4548 1067 4602 sanctiﬁcatio
1091 4546 1184 4600 Dei
1218 4557 1324 4600 est.

2177 4544 2327 4597 πᾶσα
2360 4542 2824 4615 ἐξομολογουμένη
2856 4543 3002 4615 ψυχὴ
3023 4545 3270 4616 ἁγίασμσ.
3288 4548 3387 4601 τοῦ
3419 4549 3561 4604 Θεοῦ
3585 4554 3711 4607 ἐστι.

576 4641 735 4695 Vrsas.
774 4641 829 4695 4.
858 4639 1066 4694 Montes
1096 4639 1488 4693 exsultaverunt
1516 4649 1575 4693 ut
1606 4640 1819 4704 arietes,
1844 4655 1891 4692 et
1917 4647 2073 4691 coties

2253 4636 2330 4690 Τὰ
2361 4636 2467 4705 ὅρη
2498 4637 2869 4704 ἐσκίρτησαν
2902 4639 3045 4691 ὡσεὶ
3074 4639 3247 4706 κριοὶ,
3291 4642 3395 4695 καὶ
3433 4647 3495 4697 οἱ
3540 4645 3742 4708 ,ϐουνοί

501 4732 638 4785 sicut
667 4733 788 4802 agni
818 4733 1023 4795 ovium,
1057 4740 1163 4785 etc.
1197 4730 1408 4784 Montes
1445 4741 1498 4784 et
1539 4731 1706 4785 colles
1749 4739 1875 4784 sunt
1914 4730 2052 4799 spirit

2188 4728 2255 4794 bc
2286 4728 2466 4796 ἀρνία
2502 4727 2828 4796 προϐάτων,
2858 4747 2912 4783 κ.
2938 4747 2988 4783 τ.
3026 4732 3073 4784 ἐ.
3105 4730 3185 4784 Τὰ
3216 4732 3317 4803 ὅρη
3363 4737 3463 4788 καὶ
3496 4739 3548 4790 οἱ
3582 4738 3739 4808 βουνοὶ

504 4823 639 4877 tales
667 4832 872 4877 natura:
896 4838 1014 4892 qua:
1043 4824 1107 4877 de
1132 4824 1308 4876 salute
1339 4820 1509 4877 lsracl
1539 4822 1813 4876 lmtantur.
1842 4821 1898 4875 Si
1929 4822 2055 4875 enin

2183 4818 2358 4890 νοεραὶ
2412 4816 2599 4886 φύσεις
2641 4818 2747 4871 εἰσὶ
2795 4818 3081 4889 χαίρουσαι
3103 4820 3194 4872 ἐπὶ
3243 4824 3311 4893 τῇ
3363 4828 3613 4897 σωτηρία
3660 4826 3734 4879 τοῦ

500 4916 593 4984 qui
622 4914 675 4968 in
709 4916 866 4970 caelis
908 4924 1035 4969 sunt
1085 4916 1318 4985 gaudent
1354 4930 1518 4983 super
1553 4929 1658 4967 uno
1688 4913 1853 4984 789
1901 4914 2051 4983 pretii

2188 4906 2424 4978 Ἰσραήλ.
2444 4906 2507 4960 Εἰ
2530 4906 2638 4979 γὰρ
2666 4907 2946 4979 χαίρουσιν
2976 4909 3025 4960 οἱ
3054 4910 3111 4962 ἐν
3132 4912 3241 4974 τοῖς
3270 4912 3527 4984 οὐρανοῖς
3558 4917 3647 4968 ἐπὶ
3670 4916 3735 4969 ἑνὶ

500 5011 724 5067 tentiam
777 5023 994 5080 agente,
1046 5022 1249 5080 quanto
1299 5011 1470 5079 magis
1515 5024 1680 5078 Super
1718 5020 1797 5063 tot
1841 5009 2051 5063 mil'ibn:

2181 5001 2539 5071 μετανοοῦντι,
2571 5000 2721 5071 πόσῳ
2766 5000 2965 5070 μᾶλλον
2998 5001 3093 5055 ἐπὶ
3136 5003 3434 5068 τοσαύταις
3499 5010 3732 5080 μυριάσιν

501 5101 778 5157 hominum
813 5101 906 5171 qui
940 5116 971 5155 a
998 5101 1130 5155 vitio
1158 5101 1223 5152 ad
1257 5102 1536 5162 virtutem,
1567 5108 1622 5151 et
1656 5099 1724 5152 ab
1766 5098 2052 5167 ignoranti:

2182 5090 2480 5156 βδευούσαις
2501 5091 2609 5146 ἀπὸ
2631 5093 2827 5157 κακίας
2842 5093 2978 5165 πρὸς
2994 5093 3213 5165 ἀρετὴν,
3235 5097 3331 5149 καὶ
3354 5098 3467 5151 ἀπὸ
3481 5100 3733 5169 armata;

502 5194 567 5248 ad
596 5192 880 5247 scientiam
909 5192 1001 5248 Dei
1036 5191 1397 5263 gradiuntur!

1129 5193 1361 5246 dium";-
1383 5191 1397 5245 !
2174 5186 2265 5239 ἐπὶ
2287 5185 2486 5255 γνῶσιν
2508 5184 2642 5238 Θεοῦ
2669 5188 2680 5240 !

570 5280 738 5338 νεεδ.
765 5282 820 5338 8.
853 5283 957 5350 Qui
990 5285 1235 5338 convertit
1268 5291 1470 5353 petram
1498 5283 1550 5337 in
1573 5295 1760 5351 stagna
1791 5298 2066 5352 aquarum,

2249 5277 2357 5331 Τοῦ
2390 5277 2764 5347 στρέψαντος
2797 5277 2912 5346 τὴν
2941 5280 3165 5347 πέτραν
3214 5282 3304 5346 εἰς
3342 5282 3569 5350 λίμνας
3612 5278 3733 5336 ὑδά-

498 5381 548 5426 et
577 5391 751 5444 rupem
772 5377 831 5429 vin
861 5375 1029 5446 fontes
1061 5392 1342 5446 aquarum,
1372 5384 1481 5431 etc.
1508 5376 1778 5441 Quantum
1805 5374 1869 5427 ad
1904 5373 2049 5427 ltisto

2178 5386 2308 5435 των,
2366 5370 2464 5424 καὶ
2520 5370 2634 5438 τὴν
2688 5371 3022 5442 ἀπρότομον
3078 5374 3165 5437 εὶς
3236 5374 3440 5442 πηγὰς
3496 5374 3729 5438 ὑδάτων,

500 5463 634 5518 riam
669 5467 920 5534 pertinet,
949 5467 1116 5524 semel
1133 5468 1196 5523 .in
1232 5468 1448 5523 deserto
1475 5481 1738 5522 conversa
1783 5474 1934 5536 petra
1969 5481 2051 5535 po-

2177 5480 2226 5516 κ.
2265 5481 2316 5516 τ.
2352 5464 2399 5516 ἐ.
2439 5463 2523 5526 Ὡς
2567 5462 2664 5534 μὲν
2694 5462 2827 5534 πρὸς
2855 5463 2953 5534 τὴν
2985 5463 3225 5535 ἱστορίαν
3254 5464 3408 5529 ἅπαξ
3440 5466 3498 5520 ὲν
3524 5470 3591 5539 τῇ
3620 5466 3728 5538 ἐρή-

566 5651 613 5683 ⁸⁰
641 5652 659 5707 Ι
687 5653 811 5711 Cor.
840 5670 913 5722 tv,
939 5657 988 5712 l.
1064 5659 1109 5692 ⁸⁷
1135 5659 1326 5716 Matth.
1360 5676 1433 5729 tv,
1464 5660 1558 5719 2i.
1630 5661 1679 5694 ⁸⁸
1706 5661 1835 5719 ibid.
1866 5674 2012 5727 sxw,
2049 5659 2102 5715 6.

1064 5659 1109 5692 ⁸⁷
1135 5659 1326 5716 Matth.
1360 5676 1433 5729 tv,
1464 5660 1558 5719 24.
1630 5661 1679 5694 ⁸⁸
1706 5661 1835 5719 ibid.
1866 5674 2012 5727 sxw,
2049 5659 2102 5715 6.
2178 5660 2223 5694 ”
2250 5657 2367 5715 Gal.
2396 5675 2469 5728 tv,
2495 5660 2579 5717 27.
