3928 6158
134 244 306 301 1575

1135 244 1446 301 ΞΕιΕΟΤΔ
1485 244 1549 300 ΙΝ
1588 241 1926 303 ΡεΑυιοε.
1962 274 2032 287 --
2070 245 2265 303 PSAL.
2303 246 2488 303 CXIV.

3289 248 3426 308 ιετι

130 379 236 435 μῳ
277 367 538 438 στρέψας
561 364 658 437 τὴν
692 363 897 436 πέτραν
920 362 1140 419 ὲπότισε
1172 362 1264 417 τὸν
1312 362 1528 436 Ἰσραήλ
1547 380 1560 393 ο
1592 362 1669 425 ὡς
1693 362 1750 415 δὲ

1865 364 1986 419 Lavit
2011 362 2266 420 lsraelem
2290 382 2305 429 ;
2333 364 2630 421 secundum
2656 372 2837 421 autem
2861 364 3159 436 spiritalem
3183 381 3425 432 sensmn,

129 456 294 526 πρὸς
354 458 428 511 τὸ
474 457 689 528 πνεῦμα
740 457 831 510 ἀεὶ
887 457 1108 528 στρέφει
1173 457 1273 528 τὴν
1328 458 1573 527 πέτραν,
1631 455 1750 525 ἥτις

1865 472 2068 527 semper
2096 458 2365 513 convertit
2393 466 2621 528 petram,
2649 473 2771 529 qua:
2785 456 3041 515 Christus
3062 466 3166 525 est,
3190 468 3247 514 et
3274 472 3426 528 potat

128 547 308 601 ἐστὶν
348 550 384 603 ὁ
445 548 699 621 Χριστὸς,
749 551 844 604 καὶ
880 547 1089 613 ποτίζει
1122 548 1215 603 τὸν
1247 546 1614 620 πνευματικὸν
1659 547 1754 599 Ἰσ-

131 639 322 710 pani-

202 730 557 802 Εὐλότησε
589 731 733 799 τοὺς
762 729 1170 801 φοϐουμένους
1194 730 1301 784 τὸν
1341 729 1579 796 Κύριον,
1611 726 1752 793 τοὺς

124 824 429 893 μικροὺς
444 824 595 896 μετὰ
620 825 740 879 τῶν
759 825 1058 896 μεγάλων,
1093 842 1147 879 κ.
1182 842 1232 877 τ.
1269 825 1315 877 ὲ.
1348 822 1459 892 Οὐχ
1491 823 1539 875 οἱ
1581 820 1750 891 μεγά-

1852 548 2150 619 ερίι·ἰιειΙοιιι
2186 547 2369 606 Israel.

1921 736 2085 791 Vens.
2130 735 2219 790 l5.
2272 734 2546 791 Benedixit
2586 737 2654 791 iis
2704 740 2796 809 qui
2858 740 3042 794 timent
3105 736 3426 808 Dominum,

1849 826 2057 895 pusillis
2116 843 2234 880 cum
2290 827 2604 896 majoribus,
2661 839 2771 884 etc.
2834 830 2952 885 Non
3013 829 3249 899 majores
3302 846 3424 884 cum

129 913 225 969 λοι
291 919 451 988 μετὰ
494 918 604 973 τῶν
636 918 846 992 μικρῶν
890 918 1258 987 εὐλογοῦνται,
1294 914 1409 969 ἀλλ’
1459 914 1509 966 οἱ
1564 912 1750 984 μικροὶ

1865 918 2059 987 ausillis
2114 918 2534 985 benedicuntur,
2577 922 2674 976 sed
2720 921 2900 991 pusilli
2946 937 3067 977 cum
3103 921 3426 990 majoribus,

136 1009 301 1080 μετὰ
335 1012 456 1066 τῶν
480 1011 751 1084 μεγάλων,
782 1012 871 1066 ἴνα
894 1013 990 1066 καὶ
1020 1011 1175 1066 αὐτοὶ
1195 1009 1460 1079 γένωνται
1504 1004 1747 1077 μεγάλοι.

131 1101 219 1155 Τὸ
243 1102 314 1155 δὲ
337 1104 542 1176 μικρὸν
571 1101 804 1158 ἐνταῦθα
829 1103 1005 1157 καὶτὸ
1035 1102 1180 1174 μέγα
1203 1103 1303 1155 οὐκ
1325 1099 1419 1153 ἐπὶ
1450 1097 1542 1153 τοῦ
1570 1098 1747 1163 ἐκτὸς,

132 1193 267 1248 ἀλλ’
302 1196 415 1249 ἐπὶ
443 1195 537 1250 τοῦ
559 1196 710 1260 ὲντὸς
742 1195 979 1268 νοητέον.

221 1291 369 1358 Οὐχ
401 1292 455 1343 οἱ
480 1289 679 1358 νεκροὶ
709 1286 1026 1341 αἰνέσουσί
1044 1301 1139 1352 σε,
1155 1287 1350 1356 Κύριε,
1366 1286 1511 1341 οὐδὲ
1528 1287 1749 1355 πάντες

134 1380 198 1430 ol
230 1380 722 1445 καταϐαίνοντες
742 1381 830 1446 εις
857 1379 1025 1447 ᾅδου.
1073 1379 1225 1434 Ἀλλ’
1263 1377 1435 1448 ἡμεῖς
1455 1381 1508 1431 οἱ
1537 1376 1749 1445 ζῶντες

134 1471 594 1540 εὐλογήσομεν
630 1470 736 1524 τὸν
782 1472 1003 1539 Κύριον
1025 1470 1146 1525 ἀπὸ
1194 1469 1301 1525 τοῦ
1345 1469 1464 1525 νῦν
1489 1470 1587 1523 καὶ
1638 1468 1749 1535 ἕως

135 1559 264 1612 τοῦ
297 1560 544 1628 αἰῶνος,
579 1580 632 1616 κ.
662 1579 712 1615 τ.
742 1563 787 1615 ὲ.
837 1563 911 1616 Οὐ
952 1563 1172 1617 δύναται
1194 1561 1389 1633 νεκρὸς
1411 1560 1621 1616 αἰνέσαι
1650 1561 1749 1631 τὴν

138 1650 309 1724 ζωὴν
344 1654 450 1726 τὴν
475 1655 755 1720 εἰποῦσαν,
795 1673 814 1706 ι
855 1655 995 1725 Ἐγώ
1018 1658 1133 1727 εἰμι
1158 1658 1192 1727 η
1234 1655 1368 1727 ζωή.
1412 1675 1431 1707 ι
1464 1673 1573 1705 -ι
1614 1653 1747 1707 Οὐδὲ

138 1744 397 1811 πάντες,
433 1766 452 1799 ι
501 1747 600 1801 οὐκ
644 1742 819 1814 εἶπεν,
854 1768 873 1800 ι
912 1750 960 1802 oi
1005 1748 1362 1812 καταϐάντες,
1415 1766 1433 1799 ι
1467 1747 1581 1802 ἀλλ’
1631 1765 1650 1799 ι
1694 1748 1769 1823 οἱ,

130 1849 600 1913 καταϐαίνοντες.
641 1868 659 1900 ι
698 1875 767 1890 -α
809 1865 828 1897 ι
861 1846 1002 1899 Ἀλλ’
1048 1847 1208 1917 ἡμεῖς
1253 1846 1303 1897 οἱ
1349 1841 1577 1907 ζῶντες,
1616 1858 1635 1891 ι
1668 1838 1744 1903 ὡς

131 1944 240 1996 καὶ
280 1941 525 2005 Παῦλος·
564 1958 582 1992 ι
624 1939 862 1994 Ἔπειτα
891 1939 1049 2009 ἡμεῖς
1090 1937 1140 1990 οἱ
1171 1935 1390 2001 ζῶντες,
1424 1932 1474 1986 oi.
1502 1929 1743 2003 περιλει-

135 2035 214 2089 πῦ
220 2051 414 2106 μενοι.
454 2053 472 2084 ι

733 2211 1026 2266 ΨᾹΛΜΟΣ
1062 2214 1204 2268 ΡΙΔ¹.

236 2317 367 2371 Ὅτι
396 2318 601 2373 ἔκλινε
624 2320 689 2374 τὸ
715 2317 825 2387 οὖς
843 2322 1030 2377 αὑτοῦ
1056 2321 1205 2391 ἐμοὶ,
1233 2322 1332 2376 καὶ
1367 2322 1438 2376 ἐν
1456 2322 1586 2389 ταῖς
1614 2324 1755 2393 ἡμέ-

1770 2151 1840 2165 --

1850 1020 1910 1066 ut
1945 1019 2000 1067 et
2031 1011 2132 1080 ipsi
2163 1011 2298 1065 ﬁant
2342 1010 2595 1082 majores.
2635 1012 2898 1067 Pusillum
2948 1022 3129 1070 autem
3167 1014 3270 1069 hoc
3305 1014 3429 1069 loco

1848 1111 1904 1157 et
1933 1117 2183 1171 magnum
2221 1116 2325 1156 non
2358 1102 2426 1156 de
2456 1117 2523 1157 eo
2557 1105 2698 1174 quod
2744 1114 2920 1171 extra,
2961 1105 3058 1160 sed
3091 1107 3158 1161 de
3187 1121 3253 1163 eo
3283 1108 3425 1176 quod

1852 1194 1992 1248 intra
2019 1201 2123 1258 est,
2148 1192 2573 1263 intelligendum.

1921 1286 2087 1342 Vens.
2119 1287 2211 1352 l7,
2242 1286 2324 1342 18.
2359 1284 2484 1340 Νοη
2511 1291 2707 1342 mortui
2736 1290 3027 1347 laudabunt
3068 1302 3136 1360 te,
3181 1293 3427 1362 Domine,

1850 1395 2011 1448 neque
2037 1394 2217 1433 omnes
2255 1380 2343 1447 qui
2386 1380 2707 1435 descendunt
2751 1383 2809 1436 in
2839 1383 3130 1452 infernum.
3178 1384 3281 1440 Sed
3330 1402 3427 1439 nos

1848 1470 1940 1539 qui
1964 1469 2205 1532 vivimus,
2241 1470 2601 1523 benedicentur
2651 1470 2937 1526 Dominum
2960 1489 3025 1527 ea:
3046 1474 3142 1527 hac
3189 1491 3326 1529 nunc
3374 1485 3427 1529 et

1804 1596 1807 1605 ι
1849 1577 2013 1627 usque
2044 1562 2099 1614 in
2127 1560 2401 1623 arculum,
2430 1571 2536 1615 etc.
2573 1560 2690 1616 Non
2724 1573 2902 1631 potest
2930 1575 3176 1639 mortuus
3201 1565 3424 1620 laudare

1848 1652 2013 1705 vitam
2066 1665 2188 1720 qua:
2238 1650 2371 1703 dixit
2399 1649 2445 1681 ’°
2478 1666 2492 1703 :
2528 1668 2547 1700 ι
2574 1649 2688 1719 Ego
2731 1666 2850 1706 sum
2924 1654 3053 1708 vita.
3086 1670 3219 1705 ›-‹
3241 1651 3428 1721 Neque

1849 1754 2059 1805 omnes,
2092 1755 2113 1791 ι
2139 1752 2244 1792 non
2274 1739 2431 1806 dixit,
2466 1756 2485 1789 ι
2517 1739 2610 1809 qui
2642 1739 3066 1805 descenderunt,
3094 1760 3113 1794 ι
3151 1741 3267 1806 sed,
3304 1746 3424 1813 «qui

1850 1836 2208 1892 descendunt.
2249 1854 2266 1885 ι
2298 1865 2370 1874 —
2404 1854 2422 1886 ι
2463 1834 2569 1889 Sed
2615 1850 2716 1888 nos
2747 1833 2839 1904 qui
2885 1833 3136 1900 vivimus,
3175 1855 3195 1888 ι
3230 1850 3426 1905 quem-

1848 1929 2139 1984 admodum
2160 1928 2321 1981 etiam
2348 1926 2545 1982 Paulus
2570 1927 2644 1981 ait
2658 1927 2726 1979 ⁹¹;
2758 1945 2776 1977 ι
2796 1924 2903 1981 Sed
2931 1941 3032 1982 nos
3054 1928 3148 1999 qui
3170 1928 3423 1997 vivimus,

1850 2022 1941 2093 qui
1974 2020 2173 2076 residui
2201 2034 2409 2074 sumus.
2445 2037 2464 2069 ›

2383 2202 2698 2260 PSALMUS
2755 2204 2937 2261 CXIV.

1927 2320 2092 2375 Vnus.
2120 2321 2175 2375 2.
2205 2321 2344 2384 Quia
2380 2318 2646 2379 inclinavit
2679 2335 2860 2372 aurem
2888 2336 3037 2374 suam
3083 2323 3233 2389 mihi,
3276 2334 3325 2377 et
3377 2324 3433 2377 in

148 2424 301 2477 ραις
323 2427 454 2478 μου
484 2411 929 2482 ἐπικαλέσομαι,
948 2432 1003 2468 κ.
1036 2432 1086 2467 τ.
1114 2417 1161 2469 ὲ.
1203 2416 1356 2468 Ἐπεὶ
1383 2416 1457 2486 μὴ
1479 2415 1750 2485 δυνάμεθα

1865 2415 2042 2468 diebus
2082 2413 2211 2465 meis
2249 2412 2524 2473 invocabo,
2561 2418 2669 2462 etc.
2724 2408 3172 2479 Quandoquidem
3216 2424 3435 2468 orantes

158 2499 407 2563 ἑαυτοὺς
428 2501 688 2556 ἐκτείνειν
721 2504 856 2576 πρὸς
879 2504 1010 2559 Θεὸν
1044 2506 1347 2576 εὐχόμενοι,
1380 2506 1543 2570 αὐτὸς
1573 2506 1634 2559 τὸ
1655 2502 1749 2571 οὖς

160 2587 339 2642 αὐτοῦ
375 2590 552 2644 κλίνει
581 2593 715 2664 πρὸς
741 2594 886 2664 ἡμᾶς
915 2594 1009 2648 καὶ
1029 2594 1238 2664 ἐγγίζει
1270 2597 1422 2667 ἡμῖν.

242 2772 361 2828 Τοῦ
397 2775 606 2829 αὑτοῦ.
652 2775 712 2829 '0
735 2776 827 2830 τὸν
863 2776 1012 2848 ἥλιον
1048 2777 1149 2849 τῆς
1176 2779 1518 2853 δικαιοσύνης
1557 2783 1752 2837 ἐπικα-

1860 2506 2083 2561 minimc
2120 2505 2362 2560 valemus
2390 2502 2749 2570 nosmetipsos
2801 2502 2868 2556 ad
2917 2501 3083 2556 Deum
3116 2507 3429 2573 extendere,

1856 2598 2085 2667 ipsemet
2109 2612 2291 2651 aurem
2319 2613 2471 2651 suam
2493 2598 2559 2651 ad
2586 2609 2685 2650 nos
2712 2592 2937 2649 inclinat
2959 2595 3220 2665 nobisque
3237 2597 3435 2666 appro-

1854 2691 2106 2760 pinqual.

1928 2781 2204 2852 Ejusdem.
2238 2780 2340 2848 Qui
2385 2778 2553 2835 solem
2601 2778 2826 2849 iustitia:
2872 2778 3112 2847 invocat,
3153 2777 3208 2833 in
3242 2777 3433 2833 diebus

162 2864 444 2938 λούμενος
478 2870 536 2921 ὲν
576 2870 696 2933 ταῖς
734 2868 966 2941 ἡμέραις
994 2870 1183 2925 τούτου
1216 2871 1311 2926 τοῦ
1352 2872 1500 2944 ἡλίου
1549 2873 1750 2944 διάγων

1865 2874 2015 2945 hujus
2050 2872 2180 2929 solis
2215 2887 2381 2943 agens
2409 2873 2648 2927 invocet.

168 2956 411 3011 ὶπικαλε
422 2957 570 3013 ίσθω.

240 3049 586 3119 Περιέσχω
602 3068 679 3120 με
706 3050 912 3120 ὠδῖνες
933 3053 1211 3119 θανάτου,
1244 3073 1297 3110 κ.
1324 3075 1374 3111 τ.
1398 3058 1446 3114 ἑ.
1479 3058 1537 3112 Ὀ
1566 3060 1623 3112 ὲν
1656 3059 1753 3130 βα-

171 3141 432 3212 ρυτέροις
452 3141 738 3213 γενόμενος
759 3149 1100 3218 πειρασμοῖς,
1124 3149 1217 3201 καὶ
1241 3148 1472 3219 βάσανον
1492 3151 1550 3203 ἐν
1570 3152 1752 3216 αὐτοῖς

132 3262 139 3267 -
167 3230 357 3296 διδοὺς
386 3234 486 3304 τῆς
519 3235 887 3307 προαιρέσεως
922 3238 1136 3303 ἑαυτοῦ,
1184 3239 1259 3303 ὡς
1302 3240 1397 3294 καὶ
1442 3243 1499 3295 ἐν
1525 3242 1752 3314 κινδύνῳ

169 3322 267 3375 τοῦ
301 3321 591 3395 νικηθῆναι
623 3324 894 3393 γενέσθαι,
925 3326 1059 3382 ἀλλὰ
1096 3327 1169 3400 μὴ
1205 3329 1467 3402 νικηθεὶς,
1509 3331 1652 3402 λέγοι
1684 3334 1751 3388 ἂν

169 3413 270 3466 τό’
311 3433 331 3467 ι
374 3416 668 3488 Περιέσχον
716 3434 782 3487 με
828 3418 1013 3482 ὠδῖνες
1050 3419 1303 3485 θανάτου,
1353 3422 1585 3477 κίνδυνοι
1625 3424 1750 3497 ᾅδου

171 3502 417 3575 εῦροσάν
468 3522 555 3576 με.
596 3525 615 3557 ι
648 3506 721 3559 Οὐ
754 3507 946 3561 ταυτὸν
990 3508 1047 3562 δέ
1088 3511 1202 3564 ἐστι
1239 3510 1321 3577 τὸ,
1353 3531 1372 3564 ι
1410 3513 1575 3584 ’ᾍδης
1626 3510 1750 3587 εὗρέ

176 3613 271 3666 με,
313 3616 333 3647 ι
366 3596 497 3667 τῷ,‹
532 3597 781 3651 Κίνδυνοι
814 3598 939 3670 ᾂδου
972 3600 1201 3673 εῦροσάν
1232 3621 1319 3674 με.
1354 3624 1375 3656 ι
1414 3605 1471 3658 '0
1496 3604 1626 3678 ᾅδης
1652 3609 1752 3678 μὲν

173 3686 289 3759 γὰρ
324 3686 568 3758 εὑρίσκει
605 3687 813 3753 τοῦτον,
839 3684 899 3743 οὗ
926 3692 1309 3762 κατισχύουσιν
1339 3695 1395 3748 αί
1439 3695 1604 3751 πύλαι
1649 3700 1750 3751 αὐ-

174 3778 313 3832 τοῦ’
348 3779 581 3833 κίνδυνοι
624 3780 680 3834 δὲ
718 3780 845 3852 ᾅδου
876 3781 1035 3853 μόνον
1076 3785 1389 3857 εὑρίσκουσι
1434 3789 1523 3843 τὸν
1564 3789 1651 3844 διὰ
1690 3790 1752 3844 τὸ

182 3870 416 3940 μέγεθος
461 3870 567 3924 τῶν
602 3874 924 3945 πειρασμῶν
957 3875 1374 3934 κινδυνεύσαντα
1414 3880 1512 3951 μὲν
1540 3897 1751 3953 κρατη-

178 3958 345 4030 θῆναι
381 3960 485 4014 ὑπὸ
507 3961 614 4015 τῶν
641 3962 733 4016 τοῦ
757 3962 883 4035 ᾅδου
924 3964 1128 4032 πυλῶν,
1158 3965 1219 4019 οὐ
1266 3967 1366 4039 μὲν
1404 3967 1499 4021 καὶ
1548 3986 1752 4041 κρατη-

179 4049 346 4105 θέντα
378 4052 468 4105 ὑπ’
498 4051 694 4106 αὐτῶν.

1930 3054 2095 3110 Vens.
2127 3055 2181 3109 5.
2214 3052 2688 3108 Circumdederunt
2719 3068 2799 3107 me
2823 3052 3033 3107 dolores
3072 3052 3276 3118 mortis,
3318 3062 3427 3108 etc.

1852 3144 1953 3211 Qui
1987 3145 2040 3196 in
2079 3143 2337 3213 gravibus
2373 3141 2762 3196 tentationibus
2809 3150 3090 3208 versatus,
3142 3141 3196 3195 in
3232 3143 3427 3198 iisdem

1853 3236 2019 3291 animi
2071 3234 2153 3289 sui
2213 3235 2642 3304 experimentum
2691 3234 2859 3298 dedit,
2915 3244 3175 3302 tanquam
3233 3235 3323 3303 qui
3376 3237 3429 3289 iu

1853 3326 2096 3398 periculo
2128 3325 2297 3386 fuerit
2329 3340 2397 3381 ne
2434 3326 2766 3390 vinceretur,
2794 3325 3018 3379 minime
3046 3333 3225 3379 tamen
3255 3326 3432 3381 victus

1851 3419 1946 3483 sit,
1981 3419 2024 3472 is
2054 3418 2237 3472 dicere
2282 3418 2455 3488 possit
2486 3434 2501 3471 :
2536 3434 2554 3467 ι
2583 3414 3071 3471 Circumdederuut
3101 3431 3188 3472 me
3218 3416 3433 3473 dolores

1853 3510 2065 3575 mortis,
2104 3508 2340 3578 pericula
2372 3507 2573 3563 inferni
2626 3507 2950 3561 invenerunt
2978 3523 3083 3562 me.
3114 3525 3133 3559 ι
3163 3506 3431 3563 Caeterum

1855 3601 2269 3669 haudquaquam
2303 3601 2442 3654 idem
2474 3608 2577 3664 est,
2610 3614 2631 3649 ι
2657 3597 2900 3652 infernus
2922 3598 3132 3652 invenit
3164 3614 3270 3662 me,
3303 3617 3322 3650 ι
3366 3615 3431 3653 ac

1855 3691 2001 3754 illud,
2077 3690 2361 3745 «Pericula
2423 3688 2621 3743 inferni
2682 3689 3004 3743 invenerunt
3062 3704 3214 3743 me.»
3260 3689 3430 3743 -Nam

1854 3780 2102 3838 infernus
2131 3781 2344 3836 invenit
2374 3780 2520 3834 illum
2545 3791 2734 3835 contra
2780 3795 2940 3849 quem
2976 3779 3271 3848 praevalent
3307 3798 3431 3850 por-

1856 3883 1919 3928 tat
1974 3872 2113 3940 ejus,
2171 3871 2407 3942 pericula
2466 3887 2598 3925 vero
2657 3871 2855 3925 inferni
2914 3871 3086 3925 solum
3149 3874 3431 3941 reperiunt

1851 3963 2001 4018 illum
2044 3963 2134 4032 qui
2166 3964 2235 4017 ob
2281 3962 2706 4032 magnitudinem
2741 3965 3097 4016 tentationum
3125 3964 3427 4033 periculum

1851 4055 2068 4124 quidem
2097 4055 2280 4120 subiit,
2315 4069 2381 4108 ne
2407 4055 2578 4124 portis
2597 4052 2792 4109 inferni
2815 4053 3183 4125 subigeretur,
3207 4057 3429 4113 minime

1853 4154 2034 4199 tamen
2069 4144 2137 4197 ab
2177 4144 2241 4197 iis
2267 4144 2527 4197 subactus
2556 4151 2663 4197 est.

255 4234 478 4302 Θλίψιν
505 4234 600 4288 καὶ
633 4234 859 4303 ὀδύνην
886 4230 1084 4304 εὗρον,
1120 4253 1174 4289 κ.
1201 4251 1255 4289 τ.
1284 4236 1331 4290 ἑ.
1358 4234 1590 4307 Εῦρημά
1609 4239 1750 4290 ἐστιν

1928 4234 2062 4289 lato.
2100 4234 2515 4289 Tribulationem
2540 4244 2587 4288 et
2615 4234 2849 4289 dolorem
2873 4233 3068 4302 inveni,
3105 4242 3214 4288 etc.
3245 4231 3432 4287 Inven-

181 4328 217 4398 ἡ
251 4325 433 4395 θλίψις
453 4324 531 4396 τῷ
563 4327 883 4398 ὑπομένοντι
936 4329 1126 4400 αὐτὴν,
1179 4328 1274 4382 καὶ
1316 4329 1650 4399 καυχωμένῳ
1693 4331 1750 4383 ὲν

180 4420 308 4480 ταῖς
354 4416 584 4487 ολίψεσι,
619 4419 713 4471 καὶ
750 4417 983 4472 ὁδεύοντι
1026 4419 1126 4490 τὴν
1174 4418 1492 4487 ἀπάγουσαν
1536 4422 1613 4484 εἰς
1653 4420 1750 4493 τὴν

181 4507 352 4579 ζωὴν,
379 4504 541 4563 οὖσαν
576 4509 764 4580 στενὴν
791 4510 883 4563 καὶ
907 4508 1271 4582 τεθλιμμένην
1299 4509 1432 4564 ὁδόν.
1468 4510 1623 4564 Οὕτω
1655 4530 1753 4566 κα-

180 4599 274 4654 λὸν
298 4600 363 4671 δὴ
390 4600 606 4671 εὕρημα
634 4601 727 4654 καὶ
746 4600 926 4672 ὀδύνη,
960 4601 1049 4654 ὅτε
1077 4600 1144 4655 δι’
1175 4600 1394 4672 ἀγάπην
1441 4617 1524 4664 τις
1565 4602 1754 4656 ὀδυνᾶ-

182 4708 276 4746 ται
312 4690 387 4755 ὡς
420 4693 449 4745 ὁ
481 4691 648 4744 είπὼν
683 4689 892 4755 Παῦλος
916 4709 929 4722 ⁸
959 4711 977 4743 ι
1028 4691 1185 4763 Λύπη
1233 4691 1322 4763 μοί
1371 4694 1487 4745 ἐστι
1517 4692 1750 4763 μεγάλη,

183 4784 281 4838 καὶ
331 4783 655 4856 ἁδιάληπτος
709 4784 870 4857 ὀδύνη
914 4787 978 4857 τῇ
1032 4785 1225 4857 καρδίᾳ
1291 4802 1413 4858 μου,
1474 4804 1494 4837 ι
1550 4786 1645 4839 καὶ
1685 4786 1751 4839 τὰ

185 4876 337 4947 ἑξῆς-

257 4968 371 5022 Καὶ
413 4967 479 5021 τὸ
522 4966 709 5038 ὄνομα
741 4969 963 5036 Κυρίου
1000 4969 1479 5041 ὲπεκαὶεσάμην,
1525 4992 1579 5028 κ.
1614 4992 1665 5027 τ.
1704 4975 1751 5028 ὲ.

192 5080 212 5114 ι
251 5061 367 5124 Πᾶς
391 5058 519 5132 γὰρ,
541 5060 726 5131 φησὶν,
761 5059 820 5123 δς
858 5059 923 5113 ἂν
956 5059 1341 5131 ἐπικαλέσηται
1369 5062 1429 5115 τὸ
1446 5062 1615 5134 ὄνομα
1645 5064 1757 5116 Κυ-

188 5154 303 5226 ρίου
335 5152 655 5224 σωθήσεται.
684 5172 704 5206 ι
737 5152 1035 5224 Τοιγαροῦν
1062 5154 1090 5206 ὀ
1115 5152 1362 5224 ἐλεήμων
1394 5156 1755 5210 ὲπικαλείσθω

186 5249 277 5303 τὸν
309 5249 596 5321 ἐλεήμονα,
626 5249 721 5303 καὶ
744 5248 843 5322 τὴν
881 5246 1227 5318 δικαιοσύνην
1268 5249 1296 5301 ὁ
1326 5248 1552 5314 δίκαιος.
1606 5247 1753 5320 Ἠχὼ

187 5340 293 5414 γὰρ
318 5340 506 5414 ὥσπερ
525 5358 610 5405 τις
629 5342 663 5412 ή
696 5341 755 5394 ὲν
782 5341 911 5411 ἡμῖν
936 5339 1271 5413 δικαιοσύνη,
1296 5340 1394 5410 τῆς
1427 5339 1650 5412 πρώτης
1674 5340 1753 5394 δι-

189 5432 476 5505 καιοσύνης
503 5433 646 5487 κατὰ
667 5431 963 5486 ἀνάκλασιν
996 5433 1126 5502 ἡμῖν
1152 5430 1553 5502 ἐπισυμδαίνει.

268 5524 570 5596 Ἐλεήμων
619 5528 652 5579 ό
688 5526 902 5594 Κύριος
931 5523 1030 5579 καὶ
1077 5523 1325 5590 δίκαιος,
1381 5523 1479 5578 καὶ
1530 5526 1563 5579 d
1608 5523 1749 5590 Θεὸς

1855 4335 1964 4380 tum
1995 4326 2263 4395 quoddam
2309 4337 2391 4380 est
2441 4325 2714 4380 tribulatio
2755 4324 2804 4378 ei
2849 4324 2940 4393 qui
2976 4322 3212 4378 sustinet
3260 4322 3426 4386 illam,

1855 4428 1910 4473 et
1941 4420 1993 4472 in
2027 4418 2467 4473 tribulationibus
2507 4417 2791 4487 gloriatur,
2820 4425 2983 4486 atque
3008 4416 3251 4470 ambulat
3280 4415 3421 4470 viam

1855 4526 1977 4578 quae
2001 4511 2149 4565 ducit
2176 4510 2242 4564 ad
2274 4510 2462 4575 vitam,
2491 4525 2608 4580 qua:
2639 4520 2723 4563 est
2746 4510 2833 4563 via
2864 4519 3013 4564 arcta
3046 4519 3101 4563 et
3134 4508 3446 4585 laboriosa.“

1856 4603 1935 4656 Ita
1980 4616 2196 4672 quoque
2238 4601 2555 4670 praeclarum
2609 4615 2741 4655 sane
2805 4601 3083 4654 inventum
3134 4609 3217 4655 est
3251 4600 3426 4665 dolor,

1856 4692 2071 4762 quando
2105 4692 2226 4761 quis
2257 4705 2324 4745 ex
2355 4691 2641 4746 dilectione
2669 4689 2832 4761 79o
2853 4690 3019 4755 dolet,
3058 4691 3201 4746 sicut
3228 4690 3431 4747 Paulus

1861 4792 2048 4846 dicens
2082 4791 2127 4823 ⁹²
2161 4806 2175 4843 :
2210 4810 2229 4842 ι
2262 4789 2506 4844 Tristitia
2541 4790 2669 4845 mihi
2702 4804 2895 4862 magna
2915 4797 3022 4855 est,
3056 4798 3112 4845 et
3136 4790 3430 4846 continuus

1860 4882 2015 4939 dolor
2040 4884 2187 4937 cordi
2218 4899 2355 4949 meo,
2389 4901 2408 4934 ι
2443 4893 2549 4938 etc.

1931 4975 2096 5030 Vens.
2128 4975 2182 5030 4.
2223 4973 2289 5028 Et
2327 4992 2511 5029 nomen
2539 4973 2751 5029 Domini
2781 4974 3031 5037 invocavi,
3063 4980 3171 5029 etc.
3204 4972 3429 5031 «Omnis

1860 5067 2026 5134 enim,
2050 5067 2225 5138 inquit
2257 5068 2323 5133 ",
2353 5069 2440 5137 qui
2469 5067 2805 5122 invocaverit
2833 5082 3025 5122 nomen
3062 5066 3277 5121 Domini
3320 5066 3431 5121 sal-

1861 5173 1959 5213 vus
1987 5157 2114 5213 erit.
2152 5176 2172 5211 ι
2226 5157 2537 5215 Misericors
2565 5159 2729 5230 igitur
2773 5159 3216 5223 misericordem,
3246 5166 3300 5213 et
3335 5158 3427 5235 ju-

1859 5249 2063 5305 stitiam
2101 5249 2535 5320 invocetjustus.
2561 5249 2693 5304 Nam
2719 5248 2953 5320 iustitia,
2993 5248 3431 5320 primmjustitiae

1857 5340 2025 5396 veluti
2077 5342 2213 5399 echo
2265 5345 2534 5413 quaedam,
2571 5341 2724 5399 nobis
2792 5358 2890 5412 per
2958 5340 3426 5410 repercussioncm

1857 5434 2088 5490 advenit.

1927 5524 2090 5581 Vens.
2140 5525 2193 5580 5.
2242 5525 2543 5584 Misericors
2590 5526 2841 5583 Dominus
2884 5533 2933 5581 et
2973 5525 3176 5594 iustus,
3206 5536 3251 5580 et
3289 5524 3427 5581 Deus

257 5688 300 5721 ⁹⁰
326 5688 478 5745 Joan.
505 5704 620 5757 xlv,
648 5689 701 5744 6.
777 5691 819 5723 ⁰¹
860 5689 877 5744 l
910 5690 1101 5746 Thess.
1137 5705 1212 5758 tv,
1244 5690 1330 5745 l4.
1405 5689 1451 5722 ”
1480 5687 1636 5750 Rom.
1663 5702 1737 5754 Ix,

1896 5687 1942 5720 ’³
1965 5687 2098 5745 ibid.
2128 5702 2182 5754 x,
2218 5687 2309 5743 l3.
