3928 6158
490 199 513 251 1
526 196 631 250 567

1895 193 1983 251 EX
2023 190 2324 249 ORIGENE

3530 176 3652 233 15ίῶ

491 313 762 378 tenebris;
794 323 1058 382 quatenus
1078 314 1213 377 vita,
1242 314 1308 367 de
1352 324 1562 376 morte;
1612 323 1668 368 et
1700 329 1890 369 rursus
1919 331 2050 384 qua-

2155 331 2183 384 η
2194 314 2300 383 μᾶς
2332 314 2396 364 ὲκ
2429 308 2522 363 τοῦ
2553 308 2800 382 σκότους,
2826 306 2957 362 καθὸ
2986 306 3043 360 δὲ
3073 303 3202 377 ζωὴ,
3236 307 3298 359 ὲκ
3322 303 3554 359 θανάτου⁸
3586 295 3658 346 καὶ

489 413 649 460 tenus
674 415 865 474 potens
890 415 995 468 est,
1030 405 1241 458 vincula
1270 406 1581 471 disrumpit.

562 496 722 551 Vens.
770 498 856 551 i8.
915 496 1132 550 Omnem
1175 515 1352 551 escam
1415 499 1717 552 abominata
1754 508 1828 553 est
1875 499 2053 551 anima

485 605 685 648 eorum.
749 598 856 646 etc.
906 588 1368 656 Quemadmodum
1419 591 1545 660 agri
1601 607 1815 644 omnem
1872 607 2051 645 escam

488 682 895 748 abominantur,
937 683 1019 739 sic
1063 683 1323 738 immundi
1367 697 1580 739 onmem
1608 687 1890 740 scientiam
1927 684 2053 754 reji-

484 775 659 826 ciunt.

560 868 724 923 Vens.
754 866 844 923 2|.
881 866 995 936 Ipsi
1022 869 1258 921 viderunt
1287 884 1445 933 apera
1478 868 1689 921 Domini
1712 878 1759 922 et
1787 866 2051 921 mirabilia

484 956 600 1024 ejus
631 958 684 1009 in
719 958 1003 1025 profundo,
1056 968 1166 1012 etc.
1212 957 1531 1026 Quicunque
1563 957 1615 1011 in
1651 958 1846 1012 nmltas
1878 966 1933 1010 et
1963 971 2053 1009 va-

487 1046 619 1111 rias,
653 1062 770 1114 quae
801 1062 866 1101 ex
914 1047 1061 1102 curis
1115 1056 1172 1102 et
1212 1048 1444 1117 negotiis
1507 1047 1735 1100 diversis
1780 1046 2050 1108 oriuntur,

484 1139 865 1206 occupationes
892 1153 989 1206 per
1023 1138 1240 1191 virtutis
1266 1139 1639 1205 operationem
1680 1137 1945 1205 incidunt,
1997 1138 2051 1191 hi

484 1227 670 1281 vident
727 1245 889 1296 opera
940 1229 1169 1295 Domini,
1225 1230 1277 1283 id
1321 1239 1405 1284 est
1433 1229 1675 1284 rationes
1701 1244 1888 1284 eorum
1925 1245 2045 1299 quae

484 1313 629 1372 facta
659 1328 785 1372 sunt
821 1330 874 1375 et
901 1336 1086 1375 eorum
1117 1335 1237 1388 qua:
1261 1321 1416 1373 liunt.

559 1408 722 1464 Vens.
749 1411 837 1465 27.
868 1411 935 1464 Et
961 1415 1129 1465 omnis
1173 1413 1434 1481 sapientia
1464 1427 1646 1465 eorum
1673 1410 1922 1464 devorata
1951 1420 2048 1477 est,

483 1511 590 1557 etc.
626 1502 951 1570 Sapientiam
981 1505 1071 1560 Dei
1102 1506 1329 1560 devorat
1355 1505 1559 1559 malitia
1612 1504 1827 1574 Iustitia
1867 1514 2048 1558 autem

486 1594 694 1649 Domini
727 1597 987 1666 disperdit
1027 1599 1309 1656 malitiam.

2155 406 2316 460 πάλιν
2342 406 2417 467 ὡς
2445 403 2667 465 δυνατὸς
2687 402 3005 472 διαρῥήσσει
3032 399 3275 468 δεσμούς.

2222 496 2352 551 Πᾶν
2373 492 2585 563 βρῶμα
2612 491 2973 557 ἑϐδελύξατο
3006 493 3044 559 ἠ
3072 489 3237 561 ψυχὴ
3263 489 3459 553 αὐτῶν,
3483 507 3531 544 κ.
3559 507 3599 543 τ.
3618 490 3654 542 ἑ.

2157 585 2365 657 Ὥσπερ
2395 586 2444 638 οί
2476 583 2755 647 νοσοῦντες
2798 584 2905 636 πᾶν
2957 581 3146 653 βρῶμα
3179 580 3551 651 βδελύσσονται,
3584 580 3655 634 οὗ·

2153 693 2259 741 τως
2287 679 2336 730 οί
2366 675 2666 747 ἀκάθαρτοι
2699 675 2879 728 πᾶσαν
2903 672 3105 741 γνῶσιν
3129 670 3470 725 ἀπωθοῦνται.

2221 875 2399 930 Αὐτοὶ
2429 874 2591 928 εἶδον
2621 874 2693 928 τὰ
2728 874 2871 945 ἔργα
2904 876 3125 944 Κυρίου
3171 875 3267 928 καί
3303 875 3372 929 τὰ
3413 874 3661 944 θαυμάσια

2151 963 2337 1018 αὑτοῦ
2362 964 2433 1017 ἐν
2452 963 2532 1029 τῷ
2555 963 2745 1030 βυθῷ,
2769 983 2825 1019 κ.
2847 983 2898 1019 τ.
2930 968 2977 1019 ὲ.
2994 965 3145 1019 Ὅσοι
3170 968 3542 1037 περισπασμοῖς
3560 965 3662 1019 πολ-

2151 1054 2262 1119 λοῖς
2287 1056 2381 1109 καὶ
2408 1056 2669 1120 ποικίλοις
2689 1056 2777 1112 διὰ
2806 1059 2906 1130 τὴν
2930 1058 3029 1129 τῆς
3058 1057 3255 1130 ἀρετῆς
3283 1058 3518 1129 ἐργασίαν
3538 1075 3663 1129 περι-

2152 1145 2458 1211 πίπτουσιν,
2507 1141 2652 1200 οῧτοι
2706 1147 2873 1218 ὁρῶσι
2913 1148 2981 1202 τά
3027 1148 3162 1220 ἔργα
3212 1147 3428 1218 Κυρίου,
3462 1145 3662 1200 τουτέστι

2150 1236 2275 1298 τοὺς
2302 1235 2492 1306 λόγους
2517 1236 2626 1291 τῶν
2656 1237 2958 1306 γεγονότων
2991 1238 3085 1292 καὶ
3108 1236 3415 1308 γινομένων.

2219 1412 2328 1467 Kal
2361 1410 2528 1467 πᾶσα
2569 1414 2608 1481 ἠ
2640 1413 2826 1482 σοφία
2873 1412 3070 1467 αὐτῶν
3115 1414 3422 1481 κατεπόθη,
3466 1430 3516 1467 κ.
3548 1430 3593 1466 τ.
3628 1415 3666 1469 ὲ.

2149 1503 2347 1572 Σοφίαν
2372 1503 2507 1558 Θεοῦ
2542 1504 2826 1558 καταπίνει
2858 1504 3025 1559 κακία
3043 1521 3057 1535 '
3091 1504 3396 1577 δικαιοσύνη
3420 1504 3473 1558 δὲ
3501 1507 3668 1576 Κυρίου

2148 1594 2451 1668 διαφθείρει
2485 1598 2702 1651 κακίαν.

556 1683 717 1739 Vens.
752 1686 839 1742 29.
867 1685 934 1739 Et
964 1689 1220 1743 siluerunt
1245 1692 1438 1758 ﬂuctus
1467 1690 1603 1760 ejus,
1625 1701 1731 1748 etc.
1762 1691 2044 1745 Fluctuum

2194 1688 2327 1744 ,Καί
2374 1688 2624 1759 ἐσίγησε
2665 1690 2739 1746 τὰ
2780 1691 3009 1761 κύματα
3049 1690 3258 1760 αὐτῆς,
3299 1709 3353 1745 κ.
3389 1708 3437 1744 τ.
3468 1692 3510 1744 ὲ.
3538 1692 3671 1764 Σιγὴν

484 1776 754 1832 silentium
783 1782 1180 1848 corruptionem
1213 1783 1424 1837 vocavit
1456 1785 1834 1837 tentationnm.

556 1867 718 1924 Vens.
764 1869 851 1923 40.
901 1870 972 1923 Et
1022 1889 1202 1926 errare
1232 1872 1355 1942 fecit
1384 1891 1470 1928 eos
1497 1876 1550 1927 in
1591 1874 1758 1936 invio,
1781 1884 1827 1927 et
1861 1890 1965 1926 non
1992 1873 2047 1926 in

483 1959 586 2024 sia,
615 1971 720 2014 ctc.
748 1961 1014 2031 Dercliqui
1025 1974 1041 2015 ι
1063 1978 1160 2017 eos
1180 1976 1444 2031 errantes,
1483 1974 1538 2019 et
1564 1980 1670 2020 non
1693 1964 1932 2034 suscepit
1952 1977 2049 2018 eos

483 2063 702 2121 propter
722 2069 909 2109 eorum
937 2054 1223 2112 malitiam.

918 2285 1082 2357 733
1114 2283 1433 2343 pSALuus
1469 2287 1625 2344 cvu.

557 2372 718 2426 Vens.
747 2372 805 2426 2.
859 2372 1119 2429 Paratum
1148 2393 1238 2430 cor
1286 2394 1476 2438 meum,
1517 2387 1621 2433 etc.
1682 2378 1784 2445 Qui
1825 2376 2048 2435 affectus

484 2464 754 2533 deposuit,
791 2466 882 2520 hic
912 2482 1005 2520 cor
1028 2469 1240 2535 paravit
1269 2469 1399 2522 Deo.

498 2554 503 2557 ’
558 2558 720 2613 Vens.
775 2561 861 2614 10.
917 2559 1073 2614 Moab
1110 2562 1244 2616 lebes
1301 2562 1409 2630 spei
1436 2579 1584 2630 meae,
1630 2572 1736 2618 etc.
1769 2561 1941 2617 Lrbes
1968 2574 2051 2618 est

354 2620 381 2709 ’,
484 2652 573 2717 qui
606 2652 795 2719 spiritu
850 2654 1019 2708 fervet
1068 2664 1120 2708 et
1152 2663 1332 2722 sperat
1378 2656 1431 2710 in
1467 2656 1736 2711 Domino:
1777 2671 1896 2710 anan
1926 2672 2050 2725 spes

484 2752 793 2809 operantem
826 2759 933 2797 non
957 2744 1260 2800 confundit.

559 2833 688 2889 IBID.
718 2833 784 2888 In
806 2834 1098 2890 Iduma'am
1122 2839 1399 2892 extendam
1423 2839 1830 2893 calceamentum
1857 2856 2045 2904 meum,

484 2920 592 2979 etc.
626 2925 1059 2983 Calceamentum
1091 2930 1289 2987 Christi
1338 2947 1467 2986 caro
1496 2942 1600 3000 est,
1638 2948 1743 3001 qua
1790 2947 1919 2988 usus
1947 2935 2051 2989 Do-

485 3016 664 3100 minus
699 3017 751 3072 in
785 3020 886 3074 hac
920 3020 1199 3077 hominum
1231 3022 1338 3076 vita
1360 3030 1715 3078 conversatus
1739 3032 1840 3078 est.

996 3334 1320 3393 PSALMUS
1357 3337 1534 3397 CVIII.

555 3429 721 3485 Vens.
750 3427 802 3483 6.
835 3425 906 3482 Et
937 3430 1176 3483 diabolus
1205 3441 1300 3483 stet
1324 3448 1355 3483 a
1385 3432 1586 3485 dextris
1616 3431 1752 3501 ejus,
1778 3440 1885 3487 etc.
1904 3432 2052 3500 Quo.

488 3536 609 3574 rum
659 3534 821 3589 opera
878 3523 1065 3575 dextra
1122 3520 1391 3575 exscindit
1439 3521 1708 3587 Satanas,
1775 3537 1963 3577 eorum
2020 3539 2051 3578 a

486 3612 694 3667 dextris
737 3620 863 3667 stat.
919 3612 975 3666 In
1035 3611 1300 3666 Zacharia
1350 3622 1527 3667 autem
1582 3615 1713 3669 dicit
1738 3615 1784 3647 ⁸¹
1842 3633 1858 3671 :
1914 3635 1934 3668 s
1987 3615 2053 3669 Et

485 3703 723 3759 ostendit
749 3704 877 3758 mihi
919 3704 1179 3759 Dominus
1217 3702 1398 3758 Jesum
1430 3706 1765 3761 sacerdotem
1796 3721 2049 3777 magnum

484 3807 720 3850 stantem
754 3813 936 3851 coram
967 3796 1157 3868 angelo
1182 3798 1417 3863 Domini,
1457 3808 1513 3852 et
1538 3799 1787 3854 diabolus
1812 3800 1993 3855 stabat
2019 3817 2048 3855 a

487 3890 694 3943 dextris
720 3890 856 3958 ejus,
889 3909 908 3942 ι
940 3904 1046 3945 non
1076 3891 1410 3958 simpliciter,
1460 3892 1554 3945 sed
1594 3910 1613 3943 r
1651 3901 1710 3947 ut
1735 3892 2053 3948 adversare-

487 3989 577 4034 tur
608 3983 679 4036 ei.
716 4000 736 4034 ι
768 3980 885 4037 Non
918 3985 1236 4039 adversatur
1263 3993 1442 4039 autem
1476 3982 1647 4039 Judze.

558 4161 722 4215 Vens.
748 4159 804 4215 9.
830 4158 879 4213 F
883 4161 991 4215 iant
1018 4161 1120 4228 ﬁlii
1159 4163 1271 4230 ejus
1304 4163 1529 4232 orphani
1571 4172 1620 4217 et
1651 4179 1787 4216 uxor
1828 4162 1943 4232 ejus
1974 4164 2055 4217 ui-

486 4253 613 4316 dua,
640 4262 747 4308 etc.
777 4252 889 4306 Non
917 4254 1047 4307 diris
1076 4254 1361 4323 devovere,
1391 4256 1487 4310 sed
1516 4256 1724 4323 precari
1754 4256 1884 4310 mihi
1913 4257 2055 4312 vide-

489 4343 800 4414 turjustus.
832 4361 853 4396 s
881 4343 1191 4400 Benedicite
1222 4348 1363 4401 enim
1412 4347 1663 4402 inimicos
1700 4359 1934 4412 vestros,
1971 4349 2052 4401 in-

487 4437 607 4503 quit
632 4438 919 4506 Apostolns
941 4438 1009 4503 3',
1045 4437 1349 4493 benedicite
1378 4450 1432 4492 et
1458 4440 1625 4494 nolite
1651 4440 1995 4495 maledicere.
2025 4460 2048 4495 ι

487 4525 649 4582 Orhze
673 4540 797 4583 sunt
823 4529 1177 4599 cogitationes
1209 4530 1361 4584 mala:
1398 4545 1517 4600 quae
1542 4540 1751 4601 patrem
1779 4545 1933 4585 suum
1959 4532 2051 4586 Sa-

490 4632 671 4676 tanam
706 4622 1005 4691 sepeliant;
1041 4623 1204 4677 vidua
1233 4633 1413 4677 autem
1440 4626 1641 4691 anima,
1697 4640 1818 4694 qua:
1843 4626 2049 4680 semina

2152 1780 2260 1834 τῶν
2288 1782 2546 1852 κυμάτων
2582 1782 2684 1854 τὴν
2727 1782 2929 1856 φθορὰν
2952 1784 3202 1855 ὠνόμασε
3232 1782 3336 1837 τῶν
3378 1784 3669 1855 πειρασμῶν.

2224 1872 2336 1925 Καὶ
2358 1872 2705 1941 ἐπλάνησεν
2725 1875 2945 1941 αὐτοὺς
2971 1875 3040 1929 ἐν
3069 1875 3283 1942 ἀϐάτῳ,
3314 1877 3403 1929 καί
3436 1879 3535 1945 οὐχ
3560 1876 3670 1942 ὀδῷ,

2153 1980 2209 2017 κ.
2238 1981 2290 2018 τ.
2321 1965 2369 2019 ὲ.
2408 1964 2792 2031 Ἐγκατέλιπεν
2835 1969 3031 2032 αὐτοὺς
3065 1968 3456 2038 πλανωμένους,
3482 1970 3564 2023 καὶ
3594 1971 3673 2022 οὐκ

2153 2055 2475 2111 ἀντελάϐετο
2503 2057 2681 2112 αὐτῶν
2708 2058 2796 2113 διά
2817 2058 2915 2130 τὴν
2939 2058 3139 2113 κακίαν
3162 2058 3354 2114 αὐτῶν.

2721 2285 3013 2340 ΨΑΔΜΟΣ
3043 2285 3166 2338 ΡΖ’.

2234 2379 2469 2452 Ἑτοίμη
2490 2379 2531 2448 ή
2551 2377 2761 2447 καρδία
2790 2394 2930 2447 μου,
2955 2395 3010 2430 κ.
3037 2395 3092 2430 τ.
3131 2379 3178 2431 ἑ.
3218 2377 3274 2430 Ὁ
3298 2375 3596 2447 ἀποθέμενος
3620 2373 3672 2425 τὰ

2153 2473 2321 2544 πάθη,
2353 2468 2508 2535 οὗτος
2532 2472 2792 2543 ἡτοίμασε
2823 2470 2920 2540 τὴν
2952 2469 3186 2541 καρδίαν
3216 2468 3292 2540 τῷ
3320 2467 3447 2540 Θεῷ.

2223 2563 2405 2617 Μωὰϐ
2430 2562 2613 2630 λέϐης
2645 2561 2754 2631 τῆς
2779 2561 3026 2627 ἐλπίδος
3063 2579 3208 2630 μου,
3260 2579 3311 2615 κ.
3354 2578 3402 2613 τ.
3440 2561 3482 2613 ὲ.
3528 2557 3673 2625 Λέὸης

2155 2654 2302 2707 ἐστὶν
2333 2657 2362 2707 ὁ
2390 2653 2466 2724 τῷ
2496 2652 2762 2723 πνεύματι
2795 2652 2951 2717 ζέων,
2982 2653 3079 2706 καὶ
3110 2652 3341 2715 ἐλπίζων
3362 2651 3447 2704 ἐπὶ
3484 2649 3561 2702 τὸν
3584 2647 3673 2700 Κύ-

2157 2760 2299 2815 ριον·
2329 2744 2449 2814 ἥτις
2481 2745 2634 2808 ἐλπὶς
2671 2745 2731 2797 οὐ
2762 2743 3112 2814 καταισχύνει
3144 2745 3234 2796 τὸν
3268 2741 3545 2806 ἐλπίζοντα.

2236 2835 2367 2890 Ἐπί
2397 2836 2510 2904 τὴν
2539 2836 2868 2905 Ἰδουμαίαν
2897 2836 3162 2891 ἐπιϐαλῶ
3203 2835 3269 2889 τὸ
3290 2833 3543 2904 ὺπόδημά
3557 2849 3673 2902 μου.

2157 2945 2212 2981 κ.
2259 2946 2310 2981 τ.
2352 2930 2399 2982 ὲ.
2438 2931 2501 2982 Ἡ
2550 2930 2692 3001 σάρξ
2743 2933 2860 2984 ἐστι
2893 2931 2954 2984 τὸ
2990 2931 3244 3002 ὑπόδημα
3281 2927 3370 2982 τοῦ
3406 2918 3674 2999 Χριστοῦ,ᾖ

2153 3021 2495 3091 χρησάμενος
2543 3024 2572 3075 ὁ
2616 3021 2818 3094 Κύριος
2856 3022 3172 3094 ἐπεδήμησε
3213 3021 3289 3092 τῷ
3336 3019 3428 3093 βίῳ
3462 3018 3555 3073 τῶν
3597 3019 3673 3071 ἀν-

2161 3109 2417 3184 θρώπων.

2713 3340 3010 3395 ΨΑΛΜΟΣ
3048 3342 3181 3396 PH’.

2225 3429 2336 3485 Καὶ
2362 3428 2637 3496 διάϐολος
2678 3430 2875 3496 στήτω
2917 3432 2985 3484 ἐκ
3027 3430 3243 3498 δεξιῶν
3268 3431 3463 3499 αὑτοῦ,
3491 3451 3538 3486 κ.
3568 3449 3611 3485 τ.
3637 3432 3674 3485 ἐ.

2157 3512 2256 3576 Ὧν
2289 3520 2541 3574 ἐκκόπτει
2571 3523 2599 3575 6
2629 3522 2869 3585 Σατανᾶς
2920 3521 2989 3575 τά
3027 3522 3170 3594 ἔργα
3212 3525 3279 3578 τά
3314 3523 3470 3588 δεξιὰ,
3508 3522 3676 3576 τούτων

2152 3607 2383 3681 ἔστηκεν
2416 3613 2480 3664 ὲκ
2513 3609 2721 3677 δεξιῶν.
2760 3613 2845 3665 Ἐν
2881 3612 2938 3665 δὲ
2978 3612 3053 3684 τῷ
3092 3615 3331 3686 Ζαχαρία
3366 3614 3512 3684 φησί·
3545 3633 3560 3663 ι
3588 3612 3673 3665 Καὶ

2158 3700 2322 3766 ἔδειξέ
2380 3718 2468 3772 μοι
2522 3701 2726 3774 Κύριος
2782 3703 2984 3774 Ἰησοῦν
3045 3705 3140 3758 τὸν
3205 3706 3349 3777 ίερέα
3394 3705 3476 3758 τὸν
3534 3704 3677 3773 μέγαν

2158 3791 2367 3845 ἑστῶτα
2394 3793 2501 3863 πρὸ
2531 3792 2822 3864 προσώπου
2846 3794 3073 3863 ἀγγέλου
3107 3797 3331 3869 Κυρίου,
3354 3798 3441 3850 καὶ
3475 3797 3499 3848 6
3530 3793 3680 3847 διάϐο-

2157 3882 2247 3946 λος
2274 3885 2512 3954 εἱστήκει
2540 3884 2605 3937 ὲκ
2628 3883 2815 3949 δεξιῶν
2847 3886 3010 3939 αὑτοῦ
3030 3904 3043 3917 ·
3083 3907 3104 3939 s
3138 3890 3235 3959 οὐχ
3274 3887 3447 3950 ἁπλῶς
3474 3885 3543 3949 δὲ,
3567 3882 3678 3938 ἀλλὰ

2163 3991 2184 4027 s
2245 3973 2323 4044 τῷ
2377 3976 2710 4031 ἀντικεῖσθαι
2765 3978 2937 4049 αὐτῷ·
2987 3998 3006 4032 ι
3045 3979 3149 4034 οὐκ
3198 3981 3479 4034 ἀντίκειται
3524 3977 3575 4031 δὲ
3617 3975 3681 4045 τῷ

2171 4065 2365 4138 Ἰούδᾳ.

2214 4160 2664 4230 ,Γενηθήτωσαν
2698 4162 2815 4217 vlo!
2846 4163 3032 4217 αὐτοῦ
3066 4165 3332 4234 ὀρφανοί,
3361 4162 3452 4217 καί
3486 4164 3521 4230 ἡ
3551 4158 3678 4232 γυνὴ

2157 4252 2342 4307 αὑτοῦ
2366 4252 2541 4324 χήρα,
2568 4272 2623 4308 κ.
2649 4272 2701 4309 τ.
2734 4255 2780 4308 ὲ.
2817 4256 2929 4310 Οὐκ
2960 4256 3265 4326 ἐπαρᾶσθαι
3295 4257 3323 4308 6
3350 4251 3680 4317 δίκαιος,ἀλλά

2157 4342 2549 4415 προσεύχεσθαι
2573 4363 2660 4416 μοι
2689 4345 2850 4399 δοκεῖ.
2878 4364 2895 4395 ι
2918 4346 3204 4414 Εὐλογεῖτε
3233 4346 3336 4418 γὰρ
3356 4345 3474 4407 τοὺς
3491 4342 3680 4413 ἐχθρθὺς

2157 4435 2329 4507 ὑμῶν,
2396 4435 2560 4507 φησὶν
2595 4440 2624 4492 6
2673 4436 2991 4502 Ἀπόστολος
3010 4477 3024 4500 ,
3071 4437 3337 4505 εὐλογεῖτε
3363 4437 3450 4489 καὶ
3476 4434 3541 4505 μὴ
3568 4448 3679 4484 κατ-

2156 4529 2376 4602 αρᾶσθε.
2416 4548 2435 4581 ι
2476 4530 2729 4600 ὐρφανοὶ
2761 4530 2939 4582 τοίνυν
2982 4529 3087 4582 εἰσὶ
3112 4529 3357 4600 λογισμοὶ
3388 4525 3588 4599 πονηροὶ
3608 4522 3679 4576 τὸν

2156 4620 2361 4673 ἑαυτῶν
2386 4619 2653 4690 θάψαντες
2679 4621 2889 4692 πατέρα
2912 4619 3004 4673 τὸν
3028 4622 3269 4675 Σατανᾶν
3286 4637 3300 4651 ’
3333 4622 3467 4691 χήρα
3488 4618 3537 4669 δὲ
3559 4612 3676 4682 ψυχὴ

491 4729 523 4769 n
554 4713 763 4768 diabolo
810 4731 915 4770 non
964 4716 1218 4784 suscepit.
1275 4714 1423 4770 Bene
1461 4727 1640 4772 autem
1663 4718 1832 4772 series
1865 4718 2047 4773 habet.

2155 4714 2188 4784 ὴ
2220 4713 2293 4784 μὴ
2332 4712 2663 4767 ἐπιλαϐοῦσα
2704 4713 2993 4784 σπέρματα
3039 4713 3191 4787 παρά
3226 4713 3319 4767 τοῦ
3358 4709 3597 4765 διαϐόλου.
3618 4699 3674 4757 Εὖ

490 4806 650 4862 Prius
675 4807 818 4859 etaim
876 4817 1093 4875 peccata
1124 4806 1264 4862 tollit
1317 4822 1438 4878 quae
1472 4823 1638 4877 opere
1668 4824 2051 4865 consumman-

493 4909 604 4965 tur,
634 4900 833 4955 deinde
862 4901 1077 4955 illorum
1110 4901 1281 4957 malas
1304 4903 1681 4971 cogitationes.

565 5076 727 5132 Vens.
759 5077 843 5132 19.
868 5075 995 5131 Fiat
1033 5077 1081 5130 ei
1108 5080 1243 5131 sicut
1276 5077 1633 5133 uestimentum
1672 5094 1775 5147 quo
1796 5077 2053 5145 operitur,

490 5180 541 5225 et
570 5175 703 5223 sicut
736 5187 869 5227 zona
899 5188 1005 5240 qua
1027 5185 1226 5240 semper
1242 5169 1608 5240 praecingitur,
1630 5179 1740 5224 etc.
1772 5168 1895 5224 Haec
1920 5186 2053 5226 zona

492 5270 765 5337 signiticet
791 5267 1250 5336 concupiscentia:
1282 5262 1712 5318 irrationabilem
1765 5263 2058 5317 inllamtuao

495 5367 715 5416 tionem.

568 5452 729 5508 Vens.
752 5452 843 5510 24.
875 5452 1058 5507 Genua
1100 5466 1214 5506 mea
1261 5449 1532 5517 infirmata
1576 5458 1699 5504 sunt
1746 5465 1777 5502 a
1802 5446 2011 5518 jejunio
2040 5488 2055 5514 ,

567 5622 607 5653 ⁸¹
665 5621 892 5676 Zachar.
920 5623 1077 5688 111,1.
1150 5619 1376 5677 “ltum.
1415 5618 1630 5686 £11,“.

2151 4804 2208 4858 δὲ
2229 4806 2322 4858 καὶ
2351 4807 2382 4876 ἡ
2412 4804 2563 4869 τάξις
2592 4805 2724 4876 ἔχει.
2757 4805 3027 4877 Πρότερον
3057 4806 3155 4876 μὲν
3187 4805 3295 4876 γὰρ
3325 4801 3574 4873 περιαιρεῑ
3596 4795 3674 4855 τὰς

2153 4900 2270 4951 κατ’
2316 4897 2597 4968 ἐνέργειαν
2643 4899 2935 4970 ἁμαρτίας,
2968 4898 3156 4953 ἔπειτα
3193 4897 3249 4950 δὲ
3297 4897 3389 4950 καὶ
3419 4894 3483 4948 τά
3510 4888 3675 4945 τούτων

2155 4987 2333 5057 φαῦλα
2374 4990 2641 5059 νοήματα.

2227 5082 2548 5151 Γενηθήτω
2597 5081 2758 5147 αὐτῷ
2799 5083 2881 5149 ὡς
2934 5082 3166 5152 ἱμάτιον
3211 5081 3243 5137 ὃ
3290 5076 3674 5148 περιϐάλλεται,

2157 5175 2256 5228 καί
2282 5174 2423 5227 ὡσεὶ
2455 5172 2602 5242 ζώνη
2636 5172 2718 5241 ἣν
2747 5173 2847 5229 διὰ
2881 5175 3104 5241 παντὸς
3130 5173 3543 5242 περιζάη-νυται,
3561 5182 3607 5218 κ.
3631 5178 3674 5213 τ.

2158 5268 2205 5320 ὲ.
2230 5265 2376 5339 Αὕτη
2410 5269 2444 5338 ἡ
2479 5264 2621 5339 ζώνη
2650 5266 2903 5339 σημαίνει
2929 5267 3027 5340 τὴν
3062 5266 3152 5322 τοῦ
3183 5258 3555 5337 ἐπιθυμητικοῦ
3575 5255 3678 5310 ἄλο-

2157 5376 2255 5428 γον
2286 5360 2551 5431 πύρωσιν.

2230 5451 2311 5506 Τὰ
2340 5451 2562 5521 γόνατά
2586 5470 2705 5523 μου
2735 5453 3081 5522 ἡσθένησαν
3105 5450 3225 5510 ἀπὸ
3251 5446 3534 5519 νηστείας,
3561 5456 3608 5495 κο
3630 5453 3676 5493 το

3834 64 3841 145 l

3824 172 3842 335 ἶ

3829 1520 3842 1562 ε
