3928 6158
107 242 277 300 (569
1141 243 1451 301 SELECTA
1483 244 1551 300 1N
1585 242 1923 305 PSALMOS.
1960 278 2032 289 —
2065 248 2263 304 PSAL.
2298 247 2437 304 CXI.
3254 249 3392 304 1570

97 365 156 421 ζ’..
197 367 497 440 Χρηπέον
527 366 605 439 τῷ
637 367 784 440 ρητῷ
813 367 948 440 πρὸς
971 367 1096 432 τοῦς
1126 369 1594 441 καταφρονοῦντας
1625 387 1648 422 τ

1832 380 1933 426 etc.
1964 369 2077 425 Hoc
2111 371 2230 426 loco
2260 372 2517 426 utendum
2548 370 2809 426 adversus
2835 385 2931 426 eos
2976 370 3067 440 qui
3113 369 3383 429 abstinen-

100 460 224 529 ὲγκ
238 460 490 532 ρατείας.

1829 463 1961 517 tiam
1990 472 2363 516 contemnunt.

191 549 660 617 Καταρὰσονται
681 550 871 614 αὐτοὶ,
893 551 992 605 καὶ
1018 551 1097 605 σὺ
1122 550 1494 622 εὐλογήσεις,
1515 570 1570 605 κ.
1592 570 1643 606 τ.
1668 552 1717 607 ὲ.

1896 554 2061 609 Vsus.
2092 556 2184 611 28.
2210 553 2522 609 Maledicent
2545 553 2644 620 it'li,
2666 564 2712 608 et
2736 563 2791 609 tu
2815 557 3102 621 benediees,
3124 566 3233 609 etc.
3250 555 3385 615 Huic

110 640 340 697 Τοῦτον
365 642 579 713 εῦλογεῖ
608 641 834 721 Κύριος,
865 644 925 698 ὃν
953 645 1314 717 ἀντικείμενοι
1353 644 1661 717 καταρῶντο

1688 663 1715 698 ι.
1826 647 2099 703 benedicit
2139 646 2403 701 Dominus
2451 647 2539 701 cui
2566 648 2859 701 adversarii
2893 647 3239 702 maledicunt.

708 828 1004 882 ΨΑΛΜΟΣ
1035 829 1154 883 ΡΘ.
1742 822 1747 827 ’

1742 822 1747 827 ’
2358 828 2677 885 PSALMUS
2715 828 2847 885 CIX.

194 916 373 971 Μετὰ
404 915 518 971 σοῦ
549 919 588 988 ἠ
619 917 775 988 ἀρχὴ
807 919 877 971 ὲν
913 920 1101 989 ἡμέρῃ
1130 920 1237 990 τῆς
1267 922 1569 994 δυνάμεώς
1599 942 1716 982 σου

1895 924 2061 980 Vsus.
2089 922 2144 978 5.
2177 918 2367 975 Tecum
2407 920 2721 990 principium
2744 921 2797 973 in
2833 921 2917 975 die
2958 921 3167 976 virtutis
3193 931 3299 977 tute
3330 922 3385 978 in

112 1005 196 1059 ἐν
230 1005 369 1072 ταῖς
403 1008 779 1076 λαμπρότησι
810 1008 928 1062 τῶν
960 1011 1162 1080 ἁγίων,
1197 1029 1251 1065 κ.
1287 1030 1337 1066 τ.
1385 1014 1431 1066 ὲ.
1468 1015 1531 1067 Ei
1570 1015 1663 1088 ἀρ)

1832 1016 2184 1085 tplendoribus
2234 1022 2556 1077 sanctorum,
2614 1023 2721 1067 etc.
2773 1010 2829 1066 Si
2890 1014 3211 1083 principium
3264 1014 3383 1070 Filii

119 1096 229 1149 τοῦ
270 1097 406 1150 Υἰοῦ
432 1099 459 1150 ὁ
489 1099 694 1171 Πατὴρ,
724 1102 756 1171 ή
782 1100 838 1153 δὲ
861 1100 1009 1172 ἀρχὴ
1047 1097 1114 1173 ἦν
1146 1103 1283 1173 μετά
1317 1103 1413 1157 τοῦ
1454 1105 1670 1176 Χριστοὶ

1833 1107 1983 1161 Pater
2005 1116 2105 1168 est,
2138 1104 2458 1175 principium
2492 1112 2671 1157 autem
2698 1111 2817 1157 erat
2843 1118 2965 1158 cum
2994 1104 3234 1169 Christo,
3269 1112 3384 1172 pul-

116 1190 319 1254 καλῶς
357 1190 501 1262 λέγει
531 1193 589 1246 ὲν
620 1196 731 1257 τοῖς
763 1194 1115 1264 Εὑαγγελίοις
1144 1196 1232 1250 τό’
1271 1217 1289 1249 ι
1320 1199 1431 1252 Οὐκ
1469 1200 1583 1270 είμὶ
1616 1217 1667 1270 μι

1828 1199 1950 1253 cbre
1983 1198 2114 1251 dicit
2144 1196 2198 1250 in
2229 1194 2534 1264 Evangeliis
2555 1193 2640 1247 "z
2673 1213 2691 1245 ι
2728 1193 2842 1247 Non
2873 1211 2990 1249 sum
3025 1196 3188 1266 787
3215 1196 3379 1259 solus,

117 1300 243 1348 νος,
295 1283 411 1337 ἀλλ’
452 1282 562 1352 ἐγὼ
594 1285 689 1339 καὶ
715 1285 744 1336 ὁ
770 1286 990 1356 πέμψας
1038 1304 1106 1358 με
1162 1288 1369 1359 Πατήρ.
1404 1307 1424 1340 ι
1474 1289 1668 1361 Ἡμέρα

1830 1291 1910 1343 sed
1940 1304 2039 1358 ego
2063 1299 2116 1341 et
2140 1289 2227 1357 qui
2257 1289 2403 1342 misit
2431 1303 2514 1341 nte
2554 1287 2730 1342 Pater.
2771 1307 2791 1340 ι
2825 1287 2972 1341 Diem
3002 1299 3178 1343 autem
3210 1289 3381 1343 virtu-

119 1374 187 1427 δὲ
242 1374 527 1446 δυνάμεως
570 1372 689 1429 εἷπε
735 1377 832 1448 τὴν
876 1377 1087 1449 ἡμέραν
1126 1378 1219 1432 τοῦ
1269 1379 1521 1450 σταυροῦ,
1550 1379 1582 1451 ἢ
1616 1381 1670 1444 τί

1449 1379 1521 1444 >ῦ,
1550 1379 1582 1451 ἢ
1616 1381 1715 1451 τῆς
1819 1381 1887 1435 tis
1913 1380 2049 1435 dixit
2072 1379 2214 1435 diem
2241 1381 2441 1448 crucis,
2470 1380 2552 1434 vel
2589 1379 3000 1435 lncarnationis.

120 1467 460 1541 ὲνανθρωπή
471 1486 627 1532 σεως.

218 1560 319 1614 Ἐκ
373 1562 630 1631 γαστρὸς
688 1561 800 1629 πρὸ
848 1562 1190 1632 Ἑωσφόρου
1249 1560 1550 1632 ἐγέννησά
1610 1575 1704 1621 σε,
1739 1552 1769 1613 θ

1878 1554 2045 1614 Vnus.
2087 1558 2142 1611 5.
2190 1556 2274 1611 Ea:
2310 1566 2459 1611 utero
2491 1569 2614 1612 ante
2641 1556 2945 1628 Luciferum
2987 1559 3142 1628 genui
3172 1567 3242 1624 te,
3273 1568 3379 1615 etc.

126 1666 189 1704 κ.
224 1669 276 1704 τ.
312 1653 361 1706 ὲ.
407 1652 551 1707 Ἀντὶ
580 1653 695 1717 τοῦ,
719 1652 833 1726 Πρὸ
865 1653 1046 1725 πάσης
1077 1653 1297 1723 λογικῆς
1328 1651 1540 1722 φύσεως
1560 1651 1677 1719 ὲγέν

1829 1651 1895 1706 Ac
1941 1653 1986 1707 si
2044 1652 2191 1707 dicat
2231 1670 2245 1705 :
2292 1649 2427 1703 Ante
2460 1666 2674 1705 onmem
2713 1651 3087 1706 rationabilem
3128 1660 3380 1705 naturam

128 1740 279 1809 νησά
304 1758 383 1794 σε.
414 1742 486 1794 Τὸ
517 1742 624 1814 γάρ
668 1742 959 1815 βαθύτερον
988 1741 1445 1815 περιεργάζεσθαι
1492 1742 1590 1812 τὴν
1622 1740 1679 1809 γέ

1829 1742 1974 1809 ζεηυί
2024 1752 2093 1797 te.
2139 1741 2315 1798 Altius
2366 1743 2773 1812 generationem
2821 1741 3023 1797 Christi
3054 1752 3107 1796 et
3146 1740 3380 1797 Luciferi

130 1849 283 1888 νεσιν
307 1832 401 1886 τοῦ
432 1836 665 1900 Χριστοῦ
700 1836 908 1890 καὶτοῦ
941 1836 1267 1910 Ἑωσφόρου,
1303 1836 1364 1889 οὐ
1390 1835 1487 1905 τῆς
1514 1835 1681 1905 ἡμετε

1830 1832 2072 1896 scrutari,
2100 1848 2262 1902 supra
2306 1833 2455 1886 vires
2492 1840 2705 1886 nostras
2751 1839 2853 1887 est.
2910 1829 3107 1885 Multus
3136 1831 3279 1885 enim
3316 1843 3381 1884 ea

133 1944 240 1998 ρας
267 1926 384 1980 ἐστὶ
410 1928 709 1999 δυνάμεως.
737 1927 912 1992 Πολὺς
938 1929 1045 2001 γὰρ
1085 1930 1114 1981 ό
1146 1928 1274 1989 περὶ
1317 1924 1506 1980 τούτου
1549 1924 1684 1977 λόνο‹

1485 1942 1506 1977 δ
1549 1924 1706 1987 λόνος
1811 1924 1880 1979 de
1915 1939 1972 1980 re
1996 1939 2172 1979 sermo
2203 1934 2288 1979 est
2312 1934 2367 1977 et
2394 1922 2754 1994 contemplatu
2785 1923 3036 1978 ditiicilis.

133 2018 232 2071 καὶ
261 2018 654 2092 δυσθεώρητος.

206 2111 412 2179 Κρινεῖ
472 2112 544 2165 ὲν
583 2111 708 2178 τοῖς
759 2112 981 2176 ἔθνεσι,
1039 2110 1345 2181 πληρώσει
1400 2109 1698 2179 πτώματα,

1882 2106 2048 2161 Vsus.
2075 2104 2129 2160 6.
2156 2104 2430 2160 Iudicabit
2455 2106 2512 2160 in
2540 2105 2838 2159 nationibus
2864 2144 2879 2169 ,
2906 2104 3141 2174 implebit
3170 2107 3376 2173 ruinas,

136 2216 193 2252 κ.
251 2217 306 2254 τ.
351 2202 397 2254 ἑ.
447 2201 651 2273 Πληροῖ
693 2199 961 2273 πτώματα
1003 2201 1098 2254 τοῦ
1142 2198 1373 2254 παλαιοῦ
1423 2197 1687 2270 ἀνθρώπω

1830 2205 1919 2253 tte.
1950 2197 2139 2266 Implet
2167 2198 2350 2251 ruinas
2376 2197 2578 2251 veteris
2611 2196 2848 2251 hominis
2886 2197 2979 2266 qui
3011 2199 3381 2268 corrumpitur

133 2290 236 2346 τοῦ
268 2291 622 2365 φθειρομένου
648 2290 786 2347 κατά
809 2292 908 2357 τάς
934 2290 1225 2364 ἐπιθυμίας
1241 2293 1341 2363 τῆς
1366 2291 1601 2361 ἀπάτης.

1097 2290 1225 2364 μίας
1241 2293 1341 2363 τῆς
1366 2291 1601 2361 ἀπάτης.
1815 2290 2112 2344 secundum
2137 2289 2338 2345 erroris
2361 2287 2647 2343 desideria.

702 2474 997 2529 ΨΑΛΜΟΣ
1048 2475 1151 2529 Pl'.
2358 2459 2482 2517 PSA
2493 2460 2680 2516 LMIJS
2720 2460 2834 2517 CX.

227 2588 325 2640 Ἐν
360 2586 567 2656 ,βουλῇ
603 2587 825 2643 water
865 2586 965 2641 καὶ
1004 2581 1328 2655 συναγωγῇ
1365 2582 1598 2653 μεγάλα
1640 2581 1713 2635 τὰ

1881 2577 2046 2633 Vsus.
2074 2576 2126 2643 1,
2166 2575 2221 2629 2.
2260 2574 2326 2629 In
2356 2574 2577 2629 consilio
2598 2575 2869 2644 justorum
2900 2586 2947 2631 et
2981 2580 3379 2649 congregatione

139 2679 289 2753 ἔργα
317 2681 557 2748 Κυρίου,
618 2698 672 2733 κ.
726 2697 780 2735 τ.
830 2680 878 2733 ἑ.
926 2678 1151 2747 Μεγάλα
1195 2676 1266 2730 τά
1318 2676 1457 2746 ἔργα
1505 2675 1690 2747 Κυρίοι

1825 2684 2003 2740 stagna
2032 2684 2189 2734 opera
2217 2665 2454 2731 Domini,
2517 2677 2623 2724 etc.
2671 2665 2858 2739 Magna
2894 2669 3029 2723 dixit
3074 2685 3235 2739 opera
3270 2671 3376 2725 Du-

139 2769 234 2823 διά
263 2768 362 2840 τὴν
384 2769 752 2840 ἀποκειμένην
773 2770 831 2822 ὲν
862 2769 1047 2831 αὐτοῖς
1080 2765 1273 2835 σοφίαν
1302 2765 1575 2834 ὠνόμασε.

1738 2786 1781 2845 c
1814 2761 1943 2815 mini
1974 2770 2193 2829 propter
2223 2759 2555 2813 reconditam
2583 2759 2635 2811 in
2663 2760 2768 2814 illis
2798 2760 3140 2829 sapientiam.

220 2859 455 2929 Τροφὴν
482 2860 665 2915 ἔδωκε
682 2860 807 2927 τοῖς
837 2857 1227 2929 φοϐουμένοις
1270 2856 1476 2921 αὐτὸν,
1506 2874 1559 2909 κ.
1582 2872 1631 2908 τ.
1661 2854 1709 2909 ἑ.

1892 2851 2052 2905 Vnus.
2097 2850 2150 2905 5.
2201 2849 2386 2903 Esram
2432 2851 2575 2903 dedit
2627 2852 2930 2904 timentibus
2974 2868 3052 2917 se,
3092 2864 3197 2907 etc.
3242 2852 3376 2909 Esca

156 2954 221 3005 'H
251 2952 423 3024 τροφὴ
458 2952 565 3006 τῶν
588 2951 933 3023 φοόουμένων
954 2950 1045 3003 τὸν
1074 2949 1276 3018 Κύριον
1307 2950 1340 3019 ἡ
1390 2947 1554 3016 σοφία
1589 2945 1706 2999 ἐστὶ

1824 2942 2112 2997 timentium
2142 2940 2431 2994 Dominum
2468 2942 2730 3011 sapientia
2762 2953 2845 2996 est
2884 2942 2977 2997 Dei
3015 2961 3029 2998 :
3061 2960 3185 2998 nam
3218 2962 3237 2997 ι
3271 2946 3375 3000 ini-

144 3044 239 3098 τοῦ
264 3044 427 3098 Θεοῦ·
465 3064 484 3096 ι
527 3044 694 3115 Ἀρχὴ
719 3043 828 3114 γάρ
860 3041 1051 3111 σοφίας
1076 3040 1236 3111 φόϐος
1265 3039 1491 3110 Κυρίου.
1525 3058 1543 3089 ι

1296 3039 1491 3110 ἱυρίου.
1525 3058 1543 3089 ι
1811 3035 1942 3088 tium
1966 3034 2243 3101 sapientia:
2272 3032 2433 3086 timor
2463 3032 2670 3087 Domini
2721 3032 2791 3086 “.
2828 3052 2847 3085 ι

228 3134 424 3205 Ἰσχὺν
461 3134 648 3204 ἔργων
679 3132 864 3187 αὐτοῦ
897 3132 1210 3202 ἀνήγγειλε
1236 3129 1317 3195 τῷ
1345 3129 1473 3195 λαῷ
1502 3125 1710 3193 αὑτοῦ,

1881 3127 2045 3182 Vsus.
2106 3126 2160 3179 6.
2223 3124 2480 3178 Virtutem
2520 3142 2734 3195 operum
2784 3142 3001 3180 suarum
3045 3128 3375 3183 annuntiuoit

146 3242 203 3279 κ.
232 3241 283 3278 τ.
315 3225 362 3278 ὲ.
399 3224 509 3294 Τὴν
553 3224 785 3294 θεωρίαν
834 3221 942 3277 τῶν
995 3221 1297 3291 γεγονότων
1347 3221 1498 3290 ἰσχὺν
1535 3219 1697 3290 ἔργωπ

1829 3219 1998 3281 populo
2035 3233 2151 3281 suo,
2194 3225 2302 3271 etc.
2348 3217 2547 3271 Eorum
2598 3232 2719 3285 quae
2756 3219 3103 3287 contigerunt
3134 3228 3380 3272 contem-

146 3314 310 3369 αὐτοῦ
335 3313 585 3385 ὀνομάζει
608 3330 623 3345 ·
673 3314 825 3385 ἰσχὺς
851 3313 909 3366 δὲ
938 3312 1152 3384 εἴρηται
1184 3313 1217 3383 ἠ
1259 3310 1480 3380 γνῶσις,
1517 3310 1608 3364 διὰ
1651 3309 1697 3364 τί

1821 3307 2099 3376 plationeut
2160 3310 2414 3364 virtutem
2467 3324 2691 3377 operum
2756 3309 2875 3379 ejus
2949 3319 3124 3363 vocat.
3183 3306 3372 3364 Virtus

150 3408 303 3480 ἰσχὺν
329 3407 593 3461 ἐντιθέναι
624 3407 692 3476 τῇ
721 3404 881 3476 φύσει
910 3406 977 3475 τῇ
1006 3406 1217 3475 λογικῇ.

1825 3412 1985 3455 intem
2019 3399 2163 3456 dicta
2215 3410 2299 3455 est
2348 3400 2600 3464 scientia,
2652 3399 2776 3469 quia
2821 3399 3131 3455 rationabili
3166 3411 3376 3455 natura:

1808 3495 2058 3548 virtutem
2088 3495 2299 3549 inserit.

223 3587 410 3656 Ἔργα
435 3583 842 3654 χειρῶναῠτοῦ
867 3583 1117 3651 ἀλήθεια
1145 3584 1244 3637 καὶ
1268 3582 1486 3652 κρίσις,
1513 3599 1568 3636 κ.
1592 3599 1640 3636 τ.
1661 3583 1708 3636 ἐ.

1881 3584 2045 3640 Vsus.
2077 3587 2129 3640 7.
2177 3585 2350 3656 Opera
2381 3601 2634 3640 manuum
2659 3588 2772 3655 ejus
2804 3587 2995 3640 veritas
3020 3594 3067 3639 et
3083 3585 3379 3655 judicium,

158 3677 223 3731 Ἦ
247 3678 343 3749 μὲν
370 3676 597 3748 ἀλήθεια
624 3677 681 3730 ὲν
702 3679 812 3740 τοῖς
843 3676 1021 3748 ὀρθοῖς
1057 3675 1289 3747 δόγμασι
1334 3674 1633 3747 θεωρεῖται,
1675 3676 1709 3747 ἡ

1823 3687 1919 3732 etc.
1953 3676 2168 3732 Veritas
2207 3678 2260 3732 in
2296 3679 2465 3733 rectis
2496 3678 2769 3745 decretis,
2797 3678 3058 3748 judicium
3098 3678 3150 3730 in
3184 3680 3374 3745 agendi

149 3767 205 3821 δὲ
246 3768 424 3838 κρίσις
449 3769 506 3821 ὲν
542 3770 608 3839 τῇ
643 3769 935 3839 πρακτικῇ.
975 3784 993 3818 ι
1030 3766 1225 3819 Πισταὶ
1265 3766 1435 3823 πᾶσαι
1467 3766 1523 3817 αἱ
1556 3766 1700 3818 ὲντοι

1822 3767 2020 3821 ratione
2060 3767 2412 3837 conspicitur.
2452 3784 2473 3819 ι
2500 3765 2702 3822 Fidelia
2733 3767 2916 3821 omnia
2950 3768 3205 3820 mandata
3234 3766 3373 3834 ejus.

152 3860 239 3912 λαὶ
270 3858 451 3924 αὑτοῦ,
477 3858 862 3930 ὲστηριγμέναι
885 3861 965 3922 εις
996 3857 1086 3911 τὸν
1118 3856 1289 3911 αἰῶνα
1317 3856 1412 3910 τοῦ
1446 3856 1659 3921 αἰῶνος.
1684 3874 1703 3908 ι

1825 3859 2122 3912 :ontirmata
2156 3861 2206 3913 in
2242 3859 2497 3915 saeculum
2528 3859 2730 3913 saeculi.
2761 3878 2780 3911 ι
2820 3858 3023 3914 Fidelia
3050 3860 3193 3914 dixit
3224 3877 3376 3913 man-

154 3957 348 4020 Πιστάς
378 3951 497 4009 εἷπε
519 3954 615 4018 τάς
644 3950 882 4016 ἐντολὰς,
907 3952 1026 4005 ἀντὶ
1055 3949 1149 4004 τοῦ
1180 3949 1416 4012 πίστεως
1451 3947 1605 4014 ἀξίας
1627 3964 1641 3977 ο
1681 3946 1705 4000 δ

1823 3947 1930 3999 lata
1962 3945 2099 4013 ejus,
2147 3963 2209 4003 ac
2256 3948 2300 4002 si
2347 3949 2576 4003 dixisset
2627 3947 2731 4002 [ide
2779 3947 2963 4017 digna.
3021 3947 3178 4014 Quod
3229 3949 3374 4003 enim

156 4050 259 4122 γὰρ
286 4046 687 4118 ὑπισχνοῦνται,
716 4043 874 4097 τοῦτο
902 4042 997 4097 καὶ
1022 4041 1262 4096 ποιοῦσιν
1282 4058 1297 4072 ο
1327 4039 1707 4111 ὑπισχνοῦνται

1822 4038 2144 4099 Jollicettlur.
2195 4041 2298 4094 hoc
2336 4049 2391 4095 et
2438 4048 2724 4109 praestant.
2783 4040 3146 4096 Rationabilis
3195 4053 3373 4096 autem

154 4143 209 4196 δὲ
239 4142 497 4214 κάθαρσιν
516 4138 694 4211 ψυχῆς
715 4136 939 4206 λογικῆς
965 4138 1075 4199 τοῖς
1100 4133 1335 4206 γνησίως
1355 4133 1705 4203 φυλάττουσιν

1822 4133 2003 4186 latinia:
2046 4132 2338 4203 puritatem
2388 4133 2712 4203 poilicentnr
2759 4135 2825 4190 iis
2867 4134 2960 4206 qui
3016 4135 3228 4191 sincere
3284 4135 3373 4191 illa

158 4235 332 4298 αὐτάς.

1809 4238 1866 4279 se
1873 4239 1999 4290 Γκῧυ]
2009 4234 2045 4281 Ι..

680 4406 973 4463 “mox
1018 4407 1167 4460 PlA'.
1737 4414 1783 4470 ι)

1737 4414 1783 4470 D
2338 4408 2664 4467 PSALMUS
2717 4410 2847 4467 CXI.

232 4522 327 4576 Ἐν
364 4518 491 4584 ταῖς
556 4515 829 4582 ἐντολαῖς
887 4512 1080 4569 αὐτοῦ
1140 4512 1383 4580 θελήσει
1433 4513 1668 4584 σφόδρα
1685 4553 1701 4580 ,

1878 4526 2047 4582 Vens.
2090 4528 2143 4582 1.
2203 4521 2273 4582 In
2304 4527 2572 4582 mandatis
2617 4544 2731 4596 ejus
2773 4528 2906 4583 uolet
2931 4528 3107 4593 nimis,
3161 4541 3270 4583 etc.
3316 4528 3374 4585 in
3410 4588 3413 4593 ,

155 4633 208 4673 κ.
238 4632 286 4669 τ.
309 4615 354 4668 ὲ.
394 4606 563 4675 Οὗτος
591 4610 733 4664 θέλει
775 4613 832 4663 ὲν
864 4611 983 4672 ταῖς
1015 4607 1256 4672 ἐντολαῖς
1304 4606 1472 4662 αὑτοῦ
1500 4607 1705 4680 σφόδρα

1827 4620 2077 4675 nandatis
2104 4618 2222 4689 ejus
2247 4620 2360 4674 vult
2384 4620 2546 4676 nimis
2582 4620 2632 4675 is
2660 4620 2752 4692 qui
2792 4636 2856 4676 ea
2908 4636 3031 4677 cum
3077 4622 3223 4677 omni
3253 4621 3378 4677 dili-

156 4709 184 4762 ὁ
213 4706 340 4770 μετά
367 4707 546 4776 πάσης
577 4702 862 4775 ἀκριϐείας
889 4701 1175 4772 φυλάσσων
1199 4699 1388 4763 αὐτάς.

723 4702 862 4766 Beia;
889 4701 1175 4772 φυλάσσων
1199 4699 1388 4763 αὐτάς-
1807 4712 1988 4780 αεηιίιι
2016 4710 2274 4766 custodit.

221 4798 367 4863 Δόξα
396 4797 494 4851 καὶ
528 4794 790 4860 πλοῦτος
835 4794 906 4846 ἐν
953 4790 1034 4858 τῷ
1076 4791 1220 4859 οτκῳ
1260 4791 1469 4855 αὐτοῦ,
1495 4808 1548 4845 κ.
1573 4807 1626 4845 τ.
1655 4793 1703 4846 ὲ.

1883 4803 2044 4860 Vsus.
2080 4802 2136 4857 5.
2172 4799 2357 4857 Gloria
2395 4815 2445 4856 et
2471 4802 2674 4857 divitia
2711 4802 2768 4855 in
2795 4808 2949 4857 domo
2969 4802 3108 4873 ejus,
3130 4813 3240 4858 etc.
3268 4803 3375 4859 Sa-

68 4906 90 4923 ε
168 4890 227 4944 Ἦ
258 4889 411 4958 σοφία
435 4888 530 4941 τοῦ
562 4884 717 4951 Θεοῦ,
746 4884 882 4939 καθὸ
916 4884 1014 4955 μὲν
1038 4882 1296 4944 ἀφθονίαν
1317 4882 1544 4955 παρέχει
1576 4883 1619 4937 θι

1822 4896 2014 4966 pientia
2054 4895 2171 4961 Dei,
2202 4903 2474 4965 quatenus
2517 4892 2904 4949 abundantiam
2958 4897 3373 4965 contemplatio-

160 4981 421 5054 ρημάτων,
457 4978 682 5040 πλοῦτος
716 4974 980 5038 καλεῖται,
1028 4973 1163 5027 καθὸ
1197 4972 1253 5026 δὲ
1302 4972 1711 5044 παρασκευάζει

1821 5005 1940 5043 num
2004 4989 2230 5058 praebet,
2277 4998 2506 5044 vocatur
2568 4989 2809 5053 divitiae;
2861 4999 3130 5059 quatenus
3189 4999 3372 5045 autem

155 5074 270 5136 τοὺς
298 5068 611 5141 ἀνθρώπους
638 5065 878 5132 δοξάζειν
893 5064 985 5119 τὸν
1014 5063 1352 5135 κεκτημένον
1376 5065 1566 5135 αὐτὴν,
1590 5063 1706 5117 ὀνο-

1821 5082 2060 5135 ltomines
2088 5091 2358 5153 praeparat
2390 5082 2459 5136 ad
2499 5080 2914 5150 gloriﬁcandum
2958 5096 3081 5136 eum
3130 5080 3222 5150 qui
3252 5096 3372 5135 eam

163 5163 376 5235 μάξεται
402 5159 548 5226 δόξα.
1570 5242 1575 5243 7

1570 5242 1575 5243 γ
1810 5183 2089 5228 assecutus
2110 5182 2211 5237 est,
2244 5172 2545 5242 appellatur
2568 5172 2745 5243 gloria

232 5253 630 5320 'EEarétealer
687 5249 759 5303 ἐν
804 5250 1008 5304 σκότει
1077 5244 1203 5315 φῶς
1262 5243 1387 5310 τοῖς
1442 5242 1705 5306 εὐθέσιν,

1882 5264 2039 5321 Vsus.
2070 5266 2127 5321 4.
2182 5265 2442 5321 Exortum
2491 5242 2663 5320 estin
2718 5266 2945 5319 tenebris
2971 5264 3144 5318 lumen
3195 5264 3373 5330 rectis,

158 5365 207 5403 κ.
240 5365 287 5401 τ.
322 5346 367 5398 ἑ.
416 5345 473 5397 Ὀ
512 5341 701 5413 Σωτὴρ
739 5343 796 5395 ὲν
826 5343 938 5404 τοῖς
983 5337 1332 5407 Εὑαγγελίοις
1389 5336 1522 5406 φησὶ
1569 5333 1705 5405 πρὸς

1823 5367 1914 5413 etc.
1955 5359 2205 5413 Salvator
2234 5359 2287 5412 in
2321 5359 2628 5428 Evangeliis
2655 5358 2732 5411 ait
2761 5356 3042 5425 discipulis
3067 5356 3147 5410 “z
3172 5375 3191 5408 ι
3217 5354 3374 5425 Qtttzd

159 5438 268 5499 τοὺς
306 5434 575 5505 μαθητάςο
612 5450 632 5483 ι
668 5431 735 5484 Ὃ
777 5429 1046 5499 ἠκούσατε
1076 5429 1135 5481 ἐν
1163 5429 1229 5498 τῇ
1266 5425 1475 5488 σκοτία,
1521 5425 1702 5478 εἵπετε

161 5531 213 5578 ὲν
238 5528 307 5578 τῶ
333 5525 489 5578 φωτί.
530 5544 550 5576 ι

1442 5442 1475 5488 ιν
1521 5425 1702 5478 εἶπετε
1810 5447 2035 5503 audistis
2057 5447 2111 5501 in
2147 5448 2403 5511 tenebris,
2434 5425 2600 5503 dicite
2631 5448 2683 5502 in
2718 5447 2941 5501 lumine.
2973 5464 2993 5499 ι

161 5543 213 5583 εν
238 5547 307 5598 τῳ
333 5543 489 5596 φωτι.
530 5544 550 5576 ι

225 5670 263 5701 ⁸³
289 5677 436 5724 tuan.
473 5682 579 5733 ενι,
609 5666 697 5721 32.
775 5665 823 5697 “
852 5663 992 5719 Psal.
1026 5678 1113 5731 cs,
1146 5664 1227 5718 l0.
1304 5661 1347 5694 ⁸⁸
1381 5660 1568 5716 Matth.
1601 5675 1654 5726 ς,
1684 5659 1751 5713 27
