3928 6158
602 193 733 251 i571
2009 198 2102 256 EX
2135 199 2437 259 ORIGENE
3642 226 3733 283 1572

665 317 831 372 Vsus.
872 315 926 371 5.
965 316 1210 385 Disponet
1249 332 1514 371 sermones
1543 333 1667 373 suos
1705 336 1759 373 in
1797 320 2026 390 Judicio,
2059 330 2167 377 etc.
2199 335 2216 387 Α

2199 330 2246 387 Α
2347 327 2741 398 Οἰκονομήσει
2794 329 2937 397 τοὺς
2989 334 3208 403 λόγους
3259 337 3436 394 αὐτοῦ
3488 342 3551 396 ἐν
3580 348 3733 413 κρίσει,

590 410 685 467 His
717 413 974 467 utendum
1007 414 1189 468 verbis
1219 423 1405 469 contra
1432 427 1526 468 eos
1554 413 1646 483 qui
1680 414 2078 469 inconsiderate
2110 430 2139 469 e

2269 436 2326 473 κ.
2353 437 2405 472 τ.
2435 420 2482 472 ὲ.
2517 421 2798 492 Χρηστέον
2821 423 2898 494 τῷ
2933 425 3080 496 ῥητῷ
3103 427 3239 498 πρὸς
3270 431 3389 495 τοὺς
3411 410 3734 506 ἁττερισέέπτωξ

586 511 794 558 temere
828 504 1023 559 divinae
1062 505 1358 575 Scriptura:
1404 505 1667 575 mysteria
1721 504 2005 573 proferunt
2036 528 2048 561 :
2080 517 2136 560 et

2265 511 2597 583 ἐκφέροντας
2616 512 2684 566 τὰ
2699 512 2819 567 θεῖα
2852 518 3125 588 μυστήρια
3162 520 3262 590 τῆς
3285 521 3426 588 θείας
3453 504 3650 598 Γραφῆς,
3675 535 3736 586 καὶ

583 595 728 648 enim
757 593 955 652 Paulus
983 597 1059 651 ait
1088 596 1135 629 '°
1173 615 1187 652 :
1224 597 1346 652 «Sic
1381 611 1482 653 nos
1511 598 1781 652 existimet
1819 598 2134 668 788honv

2264 602 2592 675 ἀδιακρίτως
2614 622 2628 634 ·
2660 606 2757 659 καὶ
2781 607 2889 678 γὰρ
2920 610 2949 661 ὁ
2976 609 3183 674 Παῦλός
3206 629 3392 684 φησιν·
3427 636 3444 667 t
3637 623 3737 693 ἡμᾶς

584 696 642 739 ut
671 688 947 745 ministros
977 689 1183 747 Christi
1226 698 1283 745 et
1322 689 1729 761 dispensatores
1777 691 2135 760 mysteriorun

2263 693 2560 763 λογιζέσθω
2585 696 2872 766 ἄνθρωπος
2894 699 2970 763 ὡς
2996 701 3273 774 ὑπηρέτας
3301 706 3519 777 Χριστοῦ
3541 713 3617 765 καὶ

584 778 701 834 Dei.
740 797 760 832 ι
2263 789 2462 859 νόμους
2494 790 2603 844 τῶν
2638 794 2953 864 μυστηρίων
2986 794 3140 851 Θεοῦ.
3178 818 3199 850 ι

655 873 820 929 Vnus.
865 875 919 928 7.
961 874 1040 929 Ab
1064 877 1335 933 auditione
1359 876 1503 930 mala
1528 893 1631 931 non
1655 878 1877 942 timebit,
1911 887 2017 932 etc.
2050 878 2160 931 Au-

2345 879 2478 934 Ἁπὸ
2502 881 2692 951 ἀκοῆς
2722 885 2991 953 πονηρᾶς
3020 889 3091 941 οὐ
3128 890 3532 958 φοϐηθήσεται,
3568 914 3612 949 κ.
3636 915 3675 952 τ.
3701 900 3735 954 ί.

582 965 811 1029 ditione,
849 966 901 1020 id
936 977 1019 1023 est
1051 968 1215 1035 fama,
1235 971 1693 1041 quemadmodum
1720 969 1885 1022 etiam
1914 968 1968 1021 in
1987 967 2133 1022 Evan

2271 971 2461 1043 Ἀκοῆς
2506 973 2626 1027 ἀντὶ
2671 974 2789 1040 τοῦ,
2825 979 3031 1048 φήμης,
3064 978 3139 1043 ὡς
3172 981 3268 1035 καὶ
3308 983 3364 1035 ἐν
3390 984 3463 1055 τῷ

581 1056 724 1126 gelio
753 1057 1014 1124 scriptum
1050 1068 1136 1113 est
1177 1060 1221 1090 ⁸⁷
1257 1076 1271 1113 :
1308 1078 1327 1111 ι
1356 1058 1501 1115 Exiit
1547 1058 1752 1113 auditio
1795 1055 1912 1124 ejus
1949 1057 2002 1109 in
2035 1055 2132 1110 uni

2256 1062 2600 1134 γέγραπταιο
2642 1085 2661 1116 ί
2699 1063 2948 1136 Ἐξῆλθεν
2994 1070 3027 1139 ἢ
3061 1070 3199 1142 ἀκοὴ
3230 1072 3388 1126 αὑτοῦ
3430 1077 3502 1139 εἷς
3544 1055 3641 1147 ml

579 1163 793 1203 versam
846 1147 1081 1220 Syriam.
1111 1170 1130 1203 ι
1179 1151 1246 1207 Et
1304 1166 1495 1208 rursus
1524 1152 1617 1207 ⁸⁸ι
1665 1168 1684 1201 t
1715 1148 1966 1204 Audituri
2023 1148 2130 1203 esti

2256 1154 2485 1226 Συρίαν·
2526 1175 2545 1207 ι
2603 1157 2697 1210 καὶ
2731 1158 2923 1212 πάλιν·
2958 1179 2976 1211 t
3015 1160 3254 1216 Μέλλετε
3294 1166 3497 1219 ἀκούειν

581 1241 766 1310 praelia
794 1251 849 1296 et
889 1244 1196 1299 auditiones
1232 1244 1563 1315 praeliorum.
1590 1262 1609 1295 ι

1347 1244 1563 1300 liorum.
1590 1262 1609 1295 ι
2253 1246 2348 1299 καὶ
2371 1245 2540 1311 ἀκοὰς
2565 1247 2832 1318 πολέμων.
2880 1269 2898 1301 ι

649 1332 812 1388 Vens.
856 1336 909 1388 9.
947 1334 1123 1390 Cornu
1163 1337 1277 1405 ejus
1330 1336 1647 1391 ercaltabitur
1689 1334 1746 1387 in
1794 1332 1999 1403 gloria,
2039 1340 2149 1387 etc.

2328 1339 2395 1392 Τὸ
2434 1340 2611 1406 κέρας
2651 1340 2838 1394 αὑτοῦ
2878 1342 3260 1410 ὑψωθήσεται
3299 1346 3366 1399 ἐν
3389 1347 3543 1417 δόξῃ,
3572 1367 3616 1404 κ.
3643 1370 3683 1406 τ.
3701 1353 3735 1412 ἑ.

575 1422 722 1480 Nihil
753 1441 908 1494 aeque
947 1427 1205 1483 formidat
1236 1428 1469 1483 Satanas
1495 1443 1557 1483 ac
1577 1424 1809 1482 mentem
1831 1425 1886 1479 in
1917 1424 2126 1481 scienti:

2252 1427 2417 1481 Οὐδὲν
2450 1428 2595 1482 οὕτω
2634 1430 2879 1498 φοϐεῖται
2912 1435 2941 1485 ὁ
2965 1433 3228 1498 Σατανᾶς,
3280 1435 3355 1499 ὡς
3385 1436 3494 1490 νοῦν
3525 1440 3737 1509 bdellium

575 1515 672 1570 Dei
706 1518 1026 1573 exaltatam.

2249 1521 2307 1573 ὲν
2343 1520 2542 1588 γνώσει
2576 1522 2729 1576 Θεοῦ.

647 1610 813 1666 Vens.
853 1612 943 1665 10.
987 1612 1317 1666 Desiderium
1360 1612 1653 1682 peccatoris
1696 1610 1907 1681 peribit,
1942 1619 2046 1665 etc.
2089 1607 2144 1663 Si
2182 1673 2198 1697 Ι

2182 1673 2221 1697 0
2335 1612 2651 1682 Ἐπιθυμία
2689 1613 3042 1683 ἀμαρτωλοῦ
3085 1617 3409 1683 ἀπολεῖται,
3442 1640 3490 1675 κ.
3514 1641 3556 1676 τ.
3585 1626 3623 1677 ἑ.
3647 1625 3731 1697 EH]

574 1702 899 1758 desiderium
959 1705 1267 1775 peccatoris
1316 1706 1540 1775 peribit,
1604 1702 1909 1773 peccatoris
1962 1710 2124 1755 auten

2185 1673 2221 1727 Β
2249 1700 2512 1772 ἐπιθυμία
2534 1673 2857 1774 αμαρτίυλοῦ
2884 1706 3243 1781 ἁπολεῖται,ή
3270 1712 3323 1763 δὲ

572 1794 898 1850 desiderium
927 1807 1011 1852 est
1048 1796 1252 1851 malitia
1279 1837 1293 1863 ,
1327 1798 1511 1852 utioue
1552 1804 1900 1865 peccatorum
1934 1792 2123 1849 maliti:

2248 1791 2416 1862 θυμία
2445 1793 2562 1846 ἐστὶ
2594 1795 2828 1866 κακία,ή
2861 1798 3028 1851 κακία
3058 1799 3169 1870 ἄρα
3197 1802 3464 1857 ἀπολεῖται
3491 1806 3581 1859 τῶν
3601 1809 3734 1880 ἀμαρ-

571 1886 789 1953 peribit.

2244 1884 2448 1939 τωλῶν.

1099 2068 1418 2124 PSALMUS
1477 2068 1633 2126 CXII.

2804 2068 3009 2121 ΨΑΛΜ
3014 2070 3097 2122 ΟΣ
3137 2071 3282 2124 PlB'.

637 2163 802 2220 Vnus.
838 2164 890 2218 3.
925 2164 965 2217 Α
997 2163 1124 2218 solis
1153 2172 1271 2216 ortu
1310 2179 1471 2234 usque
1497 2165 1565 2216 ad
1593 2178 1834 2216 occasum
1867 2161 2137 2216 lauoabile

2323 2157 2456 2213 Ἀπὸ
2507 2157 2817 2213 ἀνατολῶν
2862 2161 3042 2229 ἡλίου
3068 2162 3249 2232 μέχρι
3299 2163 3526 2234 δυσμῶν
3556 2169 3733 2222 alrerz‘r

566 2271 751 2310 nomen
780 2256 987 2309 Domini
1011 2296 1027 2322 ,
1053 2267 1158 2310 etc.
1189 2254 1353 2310 Ortus
1378 2264 1504 2310 sunt
1535 2263 1743 2308 natura:
1775 2253 2117 2309 intellectua-

2238 2249 2302 2303 τὸ
2328 2250 2513 2318 ὄνομα
2534 2250 2773 2318 Κυρίου,
2804 2268 2856 2321 κ..
2885 2267 2936 2304 τ.
2968 2253 3013 2305 έ.
3054 2252 3339 2309 Ἀνατολαὶ
3370 2259 3459 2326 μέν
3480 2261 3569 2311 εἰσι
3593 2260 3732 2326 φύσεις

563 2347 644 2402 les
674 2348 726 2401 in
762 2347 957 2417 quibus
1000 2347 1081 2402 sol
1120 2347 1351 2414 iustitiae
1394 2348 1602 2413 oritur;
1651 2346 1908 2401 occidens
1944 2356 2114 2399 autem

2238 2343 2294 2397 al
2326 2343 2529 2413 νοεραὶ,
2558 2343 2614 2395 ὲν
2645 2337 2734 2407 αἷς
2756 2346 2783 2397 ὁ
2809 2344 2906 2414 τῆς
2934 2345 3286 2420 δικαιοσύνης
3313 2349 3452 2420 ἥλιος
3485 2353 3730 2405 ἀνατέλλειο

562 2450 693 2495 sunt
718 2440 881 2494 etiam
923 2440 1197 2493 hominum
1233 2439 1449 2502 animae,
1502 2438 1557 2491 in
1588 2439 1787 2507 quibus
1839 2436 2113 2506 aliquandt

2237 2435 2436 2505 δυσμαὶ
2470 2434 2526 2486 δὲ
2578 2436 2633 2487 αἱ
2666 2435 2773 2487 τῶν
2799 2435 3100 2504 ἀνθρώπων
3132 2439 3321 2510 ψυχαὶ,
3353 2443 3408 2495 ὲν
3429 2437 3507 2506 αἷς
3526 2444 3598 2496 ἔδυ
3640 2446 3728 2496 ποτὲ

559 2529 758 2584 occidit
786 2529 1041 2596 spiritalis
1067 2537 1123 2583 et
1147 2528 1385 2584 cmlestis
1411 2529 1513 2584 sol.

2237 2525 2267 2575 ὁ
2291 2525 2653 2594 πνευματικὸς
2685 2525 2781 2579 καὶ
2805 2527 3128 2600 ἐπουράνιος
3166 2530 3332 2601 ἥλιος.

634 2621 795 2677 Vnus.
826 2621 882 2687 5,
934 2622 988 2676 6.
1022 2622 1127 2687 Qui
1149 2623 1204 2676 in
1224 2622 1344 2677 altis
1366 2620 1566 2675 habitat
1596 2629 1643 2674 et
1668 2618 1891 2673 humilia
1924 2616 2129 2685 respicit

2319 2613 2371 2665 Ὁ
2397 2614 2467 2667 ἐν
2490 2614 2749 2682 ὑψηλοῖς
2774 2616 3065 2670 κατοικῶν
3080 2620 3184 2672 καὶ
3214 2624 3285 2674 τὰ
3313 2624 3537 2676 ταπεινὰ
3554 2622 3727 2692 ἐφορῶν

559 2716 614 2769 in
636 2716 761 2770 cmlo
791 2725 839 2770 et
873 2716 930 2769 in
978 2725 1140 2781 terra,
1196 2724 1304 2769 etc.
1361 2712 1582 2768 Habitat
1634 2711 1774 2765 Deus
1833 2709 1889 2762 in
1925 2707 2110 2763 sanctis

2235 2702 2305 2755 ὲν
2329 2700 2408 2766 τῷ
2443 2703 2674 2770 οὐρανῷ
2705 2703 2801 2757 καὶ
2830 2704 2900 2757 ἐν
2930 2704 3003 2774 τῇ
3035 2705 3138 2774 γῇ,
3167 2725 3221 2761 κ.
3263 2727 3312 2763 τ.
3343 2712 3387 2763 ἑ.
3431 2712 3564 2763 (lintei
3600 2710 3676 2779 μὲν
3708 2713 3727 2762 ὁ

558 2808 917 2877 potestatibus
947 2825 958 2861 :
986 2806 1230 2876 providet
1263 2815 1440 2858 autem
1471 2802 1761 2858 humilibus
1795 2799 2101 2855 hominibus

2235 2794 2368 2857 Θεὸς
2397 2795 2454 2847 ὲν
2479 2796 2597 2856 ταῖς
2628 2794 2811 2861 ἁγίαις
2841 2795 3104 2867 δυνάμεσι
3124 2814 3138 2827 ·
3170 2805 3462 2871 προνοεῖται
3487 2801 3536 2853 δὲ
3556 2801 3643 2852 τῶν
3659 2818 3726 2851 τα-

557 2908 615 2953 υι
641 2901 731 2953 liat
754 2899 995 2955 voluntas
1038 2897 1154 2966 ejus
1180 2899 1324 2952 sicut
1359 2898 1409 2950 in
1450 2896 1588 2951 cmlo
1619 2904 1674 2949 et
1699 2896 1750 2947 in
1782 2903 1946 2948 terra.

2174 2903 2199 2962 ς
2236 2886 2435 2940 πεινῶν
2468 2887 2790 2960 ἀνθρώπων,
2825 2890 2910 2942 ἵνα
2937 2890 3166 2963 γένηται
3196 2894 3258 2947 τὸ
3292 2893 3487 2967 θέλημα
3513 2892 3646 2948 αὐτοῦ
3672 2894 3725 2956 ὡς

2234 2979 2293 3033 ὲν
2319 2979 2533 3051 οὐρανῷ
2560 2981 2652 3034 καὶ
2679 2981 2771 3034 ἐπὶ
2802 2976 2900 3053 τῆς
2922 2984 3045 3053 γῆς.

626 3079 786 3134 Vnus.
814 3080 869 3137 7.
911 3079 1187 3134 Suscitans
1214 3080 1277 3132 de
1307 3088 1447 3132 terra
1479 3078 1703 3145 inopem,
1734 3084 1780 3128 et
1813 3073 1874 3127 de
1902 3082 2125 3126 stercore

2313 3071 2367 3124 '0
2415 3072 2655 3140 ἐγείρων
2679 3074 2796 3126 ἀπὸ
2826 3074 2938 3144 γῆς
2967 3078 3231 3145 πτωχὸν,
3272 3079 3367 3133 καὶ
3399 3080 3504 3135 ἀπὸ
3534 3078 3723 3147 κοπρίας

552 3171 755 3242 erigens
785 3187 1090 3240 pauperem,
1120 3181 1224 3225 etc.
1277 3170 1527 3224 Animam
1564 3168 1782 3238 quidem
1835 3182 1864 3220 a
1915 3165 2103 3219 maliti:

2230 3161 2485 3230 ἀνυψῶν
2531 3163 2781 3231 πένητα,
2820 3182 2873 3217 κ.
2927 3182 2977 3217 τ.
3015 3167 3062 3217 ἑ.
3100 3168 3293 3238 Ψυχὴν
3324 3170 3416 3239 μὲν
3451 3169 3622 3240 ἐγείρει
3646 3168 3721 3220 ἀπὸ

552 3264 619 3316 ad
651 3263 901 3316 virtutem
932 3263 1158 3316 suscitat
1191 3262 1353 3326 Dens,
1388 3269 1624 3315 mentem
1674 3272 1801 3313 vero
1857 3258 1923 3312 ab
1974 3258 2097 3322 iguo

2230 3254 2427 3318 κακίας
2458 3254 2545 3306 ἐπ’
2575 3254 2772 3326 ἀρετὴν
2803 3256 2831 3306 ὁ
2855 3254 3003 3320 Θεὸς,
3030 3259 3159 3312 νοῦν
3191 3260 3246 3313 δὲ
3280 3261 3383 3314 ἀπὸ
3408 3261 3639 3330 ἀγνωσίας
3665 3263 3719 3321 εἰς

553 3353 728 3407 rantia
759 3353 826 3406 ad
860 3352 1146 3408 scientiam
1175 3361 1458 3419 provocat.

1292 3361 1458 3406 vocat.
2227 3348 2428 3416 γνῶσιν
2456 3347 2843 3419 προτρέπεται.

619 3444 782 3500 Vitis.
807 3448 862 3499 9.
895 3443 1000 3509 Qui
1027 3444 1266 3497 habitare
1296 3443 1424 3512 facit
1451 3441 1680 3497 sterilem
1710 3441 1764 3494 in
1801 3441 1978 3507 domo,
2015 3455 2126 3492 ma-

2308 3437 2361 3491 '0
2390 3435 2728 3497 κατοικίζων
2769 3440 3016 3507 στείραν
3039 3440 3113 3493 ἐν
3137 3441 3298 3508 οἴκῳ,
3324 3443 3530 3513 μητέρα
3555 3442 3631 3496 ἐπὶ
3657 3441 3720 3494 τὲ·

549 3546 681 3592 trem
710 3540 774 3591 de
807 3537 936 3606 ﬁliis
977 3537 1263 3601 laetantem,
1291 3547 1395 3591 etc.
1422 3554 1441 3586 ‹
1466 3535 1694 3599 Laetare,
1747 3533 1967 3600 sterilis,
2003 3547 2100 3602 qua

2224 3546 2388 3594 κνοις
2404 3528 2895 3598 εὐφραινομένην,
2925 3547 2959 3582 κ
3009 3548 3063 3585 τ.
3097 3534 3144 3584 ὲ.
3171 3552 3189 3584 ‹
3217 3534 3559 3604 Εὐφράνθητι,
3580 3532 3718 3601 στείρα

547 3645 653 3686 non
688 3630 854 3700 paris,
898 3644 1086 3701 rumpe
1114 3640 1168 3684 et
1197 3630 1391 3694 clama,
1415 3643 1534 3697 quae
1574 3641 1677 3680 non
1706 3623 1961 3694 parturis,
1992 3624 2098 3692 qui:

2224 3622 2257 3690 ή
2285 3620 2345 3672 οὐ
2378 3619 2655 3683 τίκτουσα,
2714 3620 2872 3691 ῥῆξον
2909 3621 3001 3673 καὶ
3035 3621 3252 3693 βόησον,
3301 3627 3332 3694 ή
3372 3624 3463 3677 οὐκ
3497 3623 3718 3680 ὠδίνουσα,

547 3721 699 3775 multi
751 3721 845 3775 lilii
895 3720 1125 3776 desertae
1176 3721 1348 3790 magis
1396 3733 1556 3789 quam
1609 3718 1726 3787 ejus
1777 3729 1896 3785 qua:
1955 3714 2093 3767 habe

2223 3714 2305 3766 ὃτι
2332 3711 2501 3765 πολλὰ
2522 3712 2589 3765 τὰ
2605 3712 2768 3765 τέκνα
2798 3713 2899 3783 τῆς
2924 3714 3136 3785 ἐρήμου
3165 3716 3359 3786 μᾶλλον
3385 3716 3415 3787 ἢ
3441 3717 3525 3786 τῆς
3544 3713 3717 3784 ἐχούσης

545 3813 720 3867 virum
753 3813 819 3865 ⁸⁸.
852 3830 872 3864 ι
928 3813 998 3867 Ει
1045 3813 1249 3868 sterilis
1289 3812 1506 3880 quidem
1559 3810 1841 3865 deserente
1891 3806 2002 3861 Deo
2056 3803 2088 3858 ﬁ

2221 3804 2312 3859 τὸν
2339 3803 2528 3877 ἄνδρα.
2573 3824 2591 3857 ι
2625 3805 2733 3859 Καὶ
2771 3807 2961 3879 στείρα
3012 3807 3115 3877 μὲν
3162 3808 3583 3877 ἐγκαταλιπόντος
3615 3802 3716 3858 Θεοῦ

543 3904 750 3972 anima,
776 3914 950 3959 mater
978 3920 1109 3961 vero
1136 3906 1472 3975 ineperante.

2222 3897 2429 3966 γίνεται
2461 3896 2628 3967 ψυχὴ,
2661 3898 2841 3969 μήτηρ
2870 3897 2927 3950 δὲ
2959 3898 3330 3970 ἐνεργοῦντος.

1058 4073 1381 4129 PSALMUS
1432 4071 1622 4130 CXIII.

2769 4074 3061 4128 ΨΑΛΜΟΣ
3099 4075 3241 4129 ΡῐΓ’.

611 4165 778 4221 Vsus.
815 4166 872 4230 Ι,
906 4163 960 4219 2.
1016 4164 1086 4218 1η
1132 4168 1272 4219 exitu
1298 4165 1470 4219 Israel
1517 4167 1579 4218 de
1624 4164 1878 4235 .Egypto,
1925 4160 2162 4219 domus]

2165 4160 2187 4214 )
2298 4166 2392 4218 Ἐν
2412 4154 2600 4229 ἐξόδῳ
2651 4164 2888 4235 Ἰσραὴλ
2928 4165 2998 4230 ἐξ
3018 4169 3344 4237 Αἰγύπτου,
3376 4166 3530 4221 οἴκου
3566 4160 3716 4220 Ἰακὼϐ

539 4258 706 4313 Iacob
742 4259 805 4311 de
832 4257 1024 4327 popula
1066 4259 1311 4321 barbaro,
1347 4260 1493 4327 facta
1527 4266 1605 4311 est
1644 4257 1835 4311 Judwa
1866 4256 2090 4325 sanctiﬁ-

2212 4258 2281 4311 ἐκ
2333 4256 2486 4310 λαοῦ
2527 4255 2856 4324 βαρϐάρου,
2902 4256 3156 4326 ἐγενήθη
3219 4259 3455 4313 Ἰουδαία
3508 4256 3714 4324 ἀγίασμα

539 4352 678 4405 eatio
712 4351 849 4420 ejus,
880 4358 990 4404 etc.
1015 4348 1072 4403 Si
1106 4348 1464 4402 sanctiﬁcatio
1510 4349 1603 4403 Dei
1643 4347 1829 4403 Judaaa
1860 4359 1966 4413 est,
2014 4347 2090 4402 Jn‘

2212 4345 2421 4411 αὐτοῦ,
2484 4363 2539 4400 κ.
2580 4365 2629 4400 τ.
2692 4349 2737 4402 ὲ.
2801 4348 2865 4400 Εἰ
2895 4348 3139 4420 ἁγίασμα
3162 4350 3255 4403 τοῦ
3284 4350 3411 4404 Θεοῦ
3458 4351 3487 4421 ἡ
3538 4344 3710 4401 Ἰουδαία

540 4438 652 4491 dasa
709 4452 841 4492 vero
899 4438 1287 4506 interpretatur
1319 4439 1593 4507 conﬁtens,
1638 4439 1815 4494 omnis
1845 4437 2091 4493 conliten:

2211 4440 2377 4506 ἐστὶν,
2408 4440 2442 4511 ἡ
2467 4439 2523 4492 δὲ
2562 4440 2791 4493 Ἰουδαία
2825 4440 3366 4511 ἐξομολογούμενος
3393 4440 3706 4513 ἑρμηνεύεται.

539 4530 718 4583 anima
741 4529 1101 4584 sanctiﬁcatio
1125 4528 1217 4582 Dei
1253 4539 1358 4584 est.

2211 4530 2361 4583 πᾶσα
2393 4529 2859 4603 ἐξομολογουμένη
2890 4531 3035 4603 ψυχὴ
3057 4534 3306 4605 ἀγίασμα
3323 4534 3411 4588 τοῦ
3440 4532 3557 4587 Θεοῦ
3578 4533 3679 4584 ἐστι.

610 4621 769 4676 Vnus.
807 4623 864 4677 ι.
892 4621 1100 4676 Montes
1130 4621 1522 4677 exsultaverunt
1550 4633 1609 4676 ut
1639 4623 1852 4690 arietes,
1878 4640 1923 4677 et
1950 4632 2107 4676 cat-es

2287 4623 2364 4676 Τὰ
2395 4622 2500 4691 ὄρη
2531 4624 2903 4692 ἐσκίρτησαν
2936 4627 3079 4679 ὡσεὶ
3109 4628 3281 4695 κριοὶ,
3325 4628 3417 4681 καί
3452 4629 3501 4680 ol
3539 4621 3706 4689 ,ϐουνοί

535 4712 672 4766 Sicut
701 4714 822 4783 agni
852 4714 1057 4777 ovium,
1090 4722 1197 4766 etc.
1232 4712 1441 4767 Montes
1478 4725 1531 4768 et
1573 4715 1739 4769 colles
1782 4724 1909 4769 sunt
1947 4715 2086 4784 spirit

2207 4714 2289 4780 ὡς
2320 4714 2499 4782 ἀρνία
2535 4715 2863 4783 προϐάτων,
2892 4735 2945 4771 κ.
2971 4735 3021 4771 τ.
3060 4720 3107 4773 ὲ.
3140 4719 3220 4773 Τὰ
3251 4720 3348 4791 ὅρη
3388 4720 3474 4773 καὶ
3502 4719 3544 4772 οἱ
3572 4714 3703 4787 βουνοὶ

538 4804 673 4858 tales
701 4814 906 4859 natura:
929 4820 1048 4873 qua:
1077 4806 1141 4858 de
1166 4806 1341 4859 salute
1374 4803 1541 4860 Israel
1572 4806 1845 4860 laetantur.
1875 4806 1931 4861 Si
1962 4807 2089 4861 enin

2208 4804 2391 4876 νοεραὶ
2444 4803 2632 4872 φύσεις
2673 4805 2780 4858 είσὶ
2830 4806 3229 4877 χαίρουσαιὲπὶ
3276 4812 3341 4880 τῇ
3388 4808 3598 4877 σωτηρίᾳ
3635 4801 3699 4853 ττνὲ

534 4896 626 4964 qui
656 4895 709 4949 iu
743 4897 899 4951 caelis
942 4905 1069 4951 sunt
1119 4899 1352 4967 gaudent
1387 4914 1550 4967 super
1585 4913 1691 4952 uno
1721 4898 1886 4969 789
1934 4899 2085 4967 posui

2221 4892 2457 4964 Ἰσραήλ.
2478 4892 2539 4947 Εἰ
2564 4893 2670 4966 γὰρ
2699 4894 2980 4967 χαίρουσιν
3009 4897 3057 4949 οἱ
3086 4898 3145 4950 ὲν
3167 4900 3274 4962 τοῖς
3300 4898 3526 4970 οὐρανοῖς
3552 4893 3624 4947 ἐπὶ
3644 4889 3701 4943 ἑνὶ

534 4992 757 5048 tentiam
811 5005 1027 5062 agente,
1080 5004 1283 5062 quanto
1333 4994 1502 5063 magis
1548 5008 1712 5061 super
1750 5004 1829 5047 tot
1874 4995 2085 5049 mil‘ibu:

2210 4987 2572 5057 μετανοοῦντι,
2604 4987 2754 5059 πόσῳ
2800 4988 2998 5058 μᾶλλον
3030 4989 3126 5043 ἐπὶ
3170 4989 3447 5052 τοσαύταις
3501 4984 3700 5057 μυριάσιν

534 5081 812 5137 hominum
847 5083 939 5152 qui
974 5098 1004 5137 a
1032 5083 1163 5137 vitio
1190 5083 1255 5135 ad
1290 5085 1568 5145 virtutem,
1600 5092 1653 5135 et
1688 5083 1756 5136 ab
1798 5083 2085 5151 ignoranti:

2204 5076 2512 5143 ὁδευούσαις
2534 5078 2642 5133 ἀπὸ
2664 5080 2860 5145 κακίας
2876 5081 3010 5152 πρὸς
3026 5082 3242 5153 ἀρετὴν,
3266 5082 3355 5136 καὶ
3375 5081 3474 5135 ἀπὸ
3485 5073 3700 5148 ἀγνωσίας

534 5175 600 5229 ad
628 5174 913 5229 scientiam
943 5174 1034 5229 Dei
1070 5173 1428 5245 gradiuntur!

1161 5175 1393 5228 idiuntur
1415 5173 1428 5227 !
2205 5172 2297 5224 ἐπὶ
2319 5171 2518 5240 γνῶσιν
2541 5172 2675 5226 Θεοῦ
2702 5176 2712 5227 !

603 5262 770 5320 Vsus.
797 5264 852 5320 8.
885 5264 990 5331 Qui
1022 5266 1267 5320 convertit
1300 5274 1501 5336 petram
1529 5266 1582 5321 in
1605 5280 1792 5336 stagna
1822 5283 2099 5337 aquarum,

2281 5262 2389 5317 Τοῦ
2422 5264 2797 5333 στρέψαντος
2829 5264 2943 5334 τὴν
2972 5267 3194 5334 πέτραν
3241 5267 3326 5331 είς
3361 5264 3555 5333 λίμνας
3592 5249 3698 5311 ὑδά-

530 5362 580 5406 et
609 5372 783 5425 rupem
808 5359 864 5411 in
892 5358 1062 5427 fontes
1093 5375 1374 5429 aquarum,
1404 5367 1513 5414 etc.
1540 5360 1809 5426 Quantum
1836 5360 1901 5413 ad
1936 5360 2081 5412 histo

2201 5372 2339 5421 των,
2398 5356 2496 5410 καὶ
2553 5357 2666 5425 τὴν
2720 5358 3051 5429 ἀκρότομον
3106 5360 3194 5424 είς
3261 5357 3445 5426 πηγὰς
3492 5349 3695 5408 ὑδάτων,

532 5444 666 5498 riam
700 5448 951 5515 pertinet,
981 5450 1227 5506 semelin
1263 5451 1479 5506 deserto
1506 5466 1769 5507 conversa
1814 5459 1966 5521 petra
2000 5466 2083 5521 po-

2204 5466 2257 5503 κ.
2296 5466 2347 5502 τ.
2383 5450 2431 5502 ὲ.
2470 5449 2555 5513 Ὠς
2599 5450 2696 5521 μὲν
2726 5450 2859 5521 πρὸς
2886 5450 2982 5521 τὴν
3014 5450 3250 5521 ἱστορίαν
3276 5445 3415 5512 ἅπαξ
3444 5446 3494 5499 ὲν
3515 5444 3572 5513 τῇ
3597 5435 3694 5510 ἐρή-

597 5632 644 5665 ⁸⁶
672 5632 690 5688 l
718 5634 842 5693 Cor.
872 5652 944 5704 Iv,
970 5638 1020 5694 l.
1095 5641 1140 5674 ⁸⁷
1167 5641 1357 5698 Matth.
1391 5659 1463 5712 tv,
1494 5644 1588 5703 24.
1661 5645 1710 5679 ⁸⁸
1737 5645 1865 5704 ibid.
1896 5656 2042 5712 XXIV,
2079 5644 2132 5701 6-

1095 5641 1140 5674 ⁸⁷
1167 5641 1357 5698 Matth.
1391 5659 1463 5712 Iv,
1494 5644 1588 5703 24.
1661 5645 1710 5679 ⁸⁸
1737 5645 1865 5704 ibid.
1896 5656 2042 5712 xxiv,
2079 5644 2132 5701 6.
2209 5646 2254 5679 ”
2281 5643 2397 5701 Gal.
2426 5661 2499 5714 Iv,
2525 5646 2610 5703 27.
