3928 6158
580 211 720 268 1575
1986 217 2075 271 EX
2114 227 2119 263 t

2214 210 2414 273 IGENE
2888 214 2891 217 5
3633 239 3727 296 {578

576 339 753 382 uoster
800 327 1096 394 miseretur,
1132 336 1242 383 etc.
1277 326 1718 400 Quandoquidem
1771 346 1894 385 cum
1926 331 2119 401 justiti:

2214 388 2217 395 ,
2243 333 2412 403 ήικῦν
2430 335 2603 403 ἐλεεῖ,
2635 356 2686 392 κ.
2716 357 2763 391 τ.
2801 341 2846 394 ἐ.
2893 343 3046 396 Ἐπεὶ
3072 347 3205 415 μετά
3239 345 3556 421 δικαιοσύνης
3589 353 3731 413 ἐλεεῖὸ

574 421 862 473 miseretur
894 418 1183 482 Dominus,
1228 419 1538 475 misericors
1565 431 1649 475 est
1675 421 1948 490 etjustus.
2007 423 2113 476 Sau

2250 425 2475 497 Κύριος,
2504 429 2749 500 ἐλεήμων
2776 432 2892 485 ἐστὶ
2923 435 3016 487 καὶ
3047 436 3255 500 δίκαιος
3280 454 3294 468 ο
3322 438 3379 491 οὐ
3407 418 3586 505 δίκαιος
3622 444 3665 498 δὲ
3692 449 3730 500 ἐν

571 521 749 564 autem
789 510 1215 580 minimejustus
1239 522 1357 566 eral.
1394 511 1447 565 in
1478 512 1849 567 misericordia
1877 551 1891 577 ,
1927 515 2119 581 qttandt

2243 513 2320 584 τῷ
2350 514 2523 570 ἐλεεῖν
2544 513 2610 587 ἦν
2630 521 2658 571 ό
2688 521 2877 585 Σαοὺλ,
2906 523 3071 576 ἐλεῶν
3096 527 3193 579 τὸν
3224 529 3416 598 Ἀγαγ.
3446 532 3542 591 Καὶ
3569 530 3675 604 είῆν
3694 537 3730 588 δὲ

569 599 735 671 Agagi
788 601 1164 660 miserebatur.
1202 603 1412 657 Etenim
1450 605 1494 659 si
1537 606 1718 660 omnis
1771 605 2119 660 misericordi:

2244 608 2353 658 πᾶν
2386 608 2447 660 τὸ
2476 609 2642 663 ἐλεεῖν
2670 611 2894 679 δίκαιον,
2920 616 3021 669 οὐκ
3049 617 3115 670 ἆν
3149 621 3279 690 περί
3303 639 3455 675 τινων
3474 620 3602 678 εἶπεν
3626 628 3730 682 δνό-

562 691 707 762 justa
744 692 904 757 foret,
956 708 1297 762 nequaquam
1328 695 1411 748 lex
1441 695 1489 727 ”
1518 695 1586 749 de
1612 696 1930 765 quibusdam
1973 694 2141 750 dixis-

566 790 653 836 set
686 800 699 835 :
734 802 752 834 ι
778 780 893 837 Non
945 785 1290 839 misereberis
1330 785 1465 851 ejus.
1499 804 1518 838 ι
1556 786 1651 840 Est
1678 787 1842 840 etiam
1884 785 2011 839 illud
2039 785 2086 817 "
2119 801 2135 840 :

570 890 592 924 ι
616 871 717 937 Qui
759 875 1048 928 miseretur
1098 874 1150 926 in
1189 873 1482 940 hilaritate,
1509 894 1529 927 ι
1574 864 1696 931 cum
1734 875 1940 944 justitia
1973 875 2137 931 mise-

567 975 740 1021 retur.

637 1050 801 1106 Vsus.
833 1053 887 1107 7.
921 1052 1253 1119 Convertere,
1292 1056 1469 1108 anima
1489 1072 1625 1120 mea,
1654 1058 1710 1110 in
1749 1057 2000 1127 requiem,
2023 1064 2134 1111 etc.

570 1145 801 1214 Requies
837 1146 1030 1201 animae
1053 1155 1135 1200 est
1174 1158 1517 1215 peccatorum
1544 1149 1873 1203 abstinentia
1905 1163 2137 1220 :pecca-

563 1248 675 1292 tum
708 1239 853 1293 enim
885 1238 1030 1292 illam
1056 1238 1259 1308 dejicit,
1285 1249 1338 1293 et
1362 1254 1552 1295 omnes
1572 1241 1688 1310 ejus
1718 1242 1857 1295 vires
1879 1242 2129 1297 conterit.

566 1330 716 1385 Unde
746 1330 908 1383 etiam
941 1330 1228 1399 baptisma,
1277 1340 1463 1402 utpote
1510 1334 1652 1401 quod
1695 1334 2068 1388 liberationem
2103 1349 2119 1389 ι

2239 1352 2338 1399 σας
2366 1337 2535 1408 αὐτῆς
2556 1340 2656 1403 τὰς
2676 1341 2934 1414 δυνάμεις
2966 1350 3264 1421 συντρίϐει.
3293 1330 3447 1406 Ὅθεν
3474 1356 3555 1408 καὶ
3578 1356 3626 1409 τὸ
3655 1358 3724 1427 βά-

563 1423 799 1491 peecatis
854 1423 1158 1485 contineat,
1217 1423 1385 1478 David
1457 1441 1697 1494 «aquam
1759 1425 2119 1482 refectionis:

2238 1444 2470 1520 πτισμα,
2500 1430 2576 1494 ὡς
2605 1432 2920 1505 ἀπαλλαγὴν
2964 1438 3373 1512 ἁμαρτημάτων
3414 1444 3539 1515 ἔχον,
3573 1467 3590 1497 ι
3617 1423 3722 1520 ὕδωρ

559 1514 872 1583 appellavit.
930 1514 1180 1581 Animam
1245 1517 1407 1587 igitur
1463 1519 1515 1572 in
1571 1520 1807 1588 peccatis
1857 1530 2119 1575 errantem

2232 1519 2586 1585 ἀναπαύσεως
2605 1542 2621 1572 ι
2656 1525 2684 1577 ὁ
2715 1525 2876 1578 Δαυῒδ
2906 1531 3334 1602 προσηγόρευσε.
3491 1537 3639 1608 ψυχὴν
3652 1514 3726 1591 τοί·

570 1605 723 1673 jubet
751 1606 988 1659 converti
1034 1608 1085 1659 iu
1120 1609 1382 1676 requiem,
1414 1610 1527 1664 sive
1558 1626 1652 1679 per
1678 1609 1942 1680 baptisma
1970 1651 1986 1676 ,
2016 1613 2119 1668 sive

2233 1626 2326 1663 νυν
2361 1610 2437 1675 ὡς
2469 1612 2526 1665 ἐν
2552 1614 2849 1684 ἁμαρτίαις
2887 1617 3251 1691 πλανηθεῖσαν
3301 1605 3723 1697 ἐπιστρέψαινπρὸς

567 1710 665 1766 per
692 1697 961 1768 lacrymas
995 1706 1049 1752 et
1081 1700 1477 1768 pmnitentiam.

2246 712 2344 765 μσς
2372 697 2451 761 τὸ,
2482 717 2502 751 t
2534 701 2647 753 Οὐκ
2679 701 2917 775 ἐλεήσεις
2949 707 3129 762 αὐτόν.
3165 728 3184 761 ι
3217 712 3369 764 Ἔστι
3388 713 3441 766 δὲ
3466 717 3545 768 καί
3568 719 3633 783 τὺ,
3660 719 3731 772 t'tl

2241 786 2407 843 ἐλεῶν
2435 791 2492 843 ἐν
2529 790 2824 865 ἱλαρότητι,
2844 818 2861 847 ι
2894 799 3031 868 μετὰ
3051 799 3391 874 δικαιοσύνης
3418 804 3554 859 ἐλεεῖ.

2322 1058 2745 1130 Ἐπίστρεψον,
2782 1066 2952 1135 ψυχή
2989 1086 3129 1137 μου,
3173 1072 3263 1137 είς
3291 1072 3403 1142 τὴν
3432 1075 3721 1143 ἀνάπαυσιν,

2239 1165 2291 1202 κ.
2327 1168 2378 1204 τ.
2408 1153 2455 1205 ὲ.
2498 1154 2825 1221 Ἀνάπαυσις
2854 1158 2955 1230 τῆς
2982 1160 3160 1232 ψυχῆς
3188 1165 3222 1235 ἡ
3249 1164 3355 1218 τῶν
3389 1168 3722 1240 ἁμαρτημάτων

2238 1243 2485 1316 ἀποκοπή
2507 1262 2524 1278 °
2549 1250 2851 1304 κατατείνει
2881 1253 2988 1325 γὰρ
3025 1257 3196 1326 αὐτὴν
3225 1260 3257 1329 ἡ
3291 1259 3533 1331 ἁμαρτία,
3558 1266 3633 1316 καὶ
3648 1265 3723 1317 τά·

2158 1711 2202 1767 Β
2229 1701 2325 1772 τὴν
2346 1702 2671 1770 ἀνάπαυσιν,
2702 1706 2735 1777 ἢ
2757 1707 2845 1761 διὰ
2866 1707 2958 1761 τοῦ
2978 1710 3372 1783 βαπτίσματος,
3394 1716 3426 1787 ἧ
3456 1716 3534 1769 διὰ
3550 1716 3638 1769 τῶν
3654 1716 3722 1770 δα-

2160 1846 2163 1850 ,
2232 1795 2413 1865 κρύων
2446 1797 2539 1849 καὶ
2562 1797 2662 1868 τῆς
2683 1801 2990 1870 μετανοίας,
3027 1807 3411 1878 προτρέπεται.

628 1878 793 1933 Vens.
821 1879 876 1934 8.
910 1877 1047 1944 Quia
1093 1880 1287 1948 eripuit
1337 1881 1571 1935 animum
1620 1900 1811 1949 meam,
1846 1895 1953 1941 elc.
1999 1886 2119 1958 Ejus

2305 1885 2425 1938 Ὅτι
2447 1886 2709 1951 ἐξείλετο
2754 1891 2868 1961 τὴν
2894 1895 3107 1963 ψυχήν
3132 1877 3272 1967 μευ,
3297 1917 3347 1954 κ.
3376 1917 3421 1952 τ.
3451 1902 3493 1955 ἐ.
3523 1902 3613 1955 Τοῦ
3641 1920 3720 1974 μη·

556 1970 807 2025 videlicet
833 1971 925 2041 qui
958 1988 1061 2026 non
1109 1973 1343 2043 amplius
1373 1985 1580 2041 peccat.
1632 1992 1651 2025 ι
1684 1976 1877 2030 Anima
1981 1980 2119 2033 enim

2233 1974 2350 2029 κέτι
2383 1978 2785 2050 ἁμαρτάνοντος
2838 1984 3101 2055 δηλονότι.
3143 2008 3163 2040 ι
3201 1991 3357 2063 Ψυχὴ
3406 1994 3503 2064 γὰρ
3527 1970 3720 2066 ἁμαρτά-

552 2074 673 2128 quaa
709 2059 1043 2128 peccaverit,
1118 2064 1232 2133 ipsa
1263 2066 1524 2119 morietur
1550 2066 1617 2119 ".
1649 2085 1668 2119 ι
1705 2066 1805 2134 Qui
1845 2078 2024 2123 autem
2057 2071 2119 2123 ad

2232 2086 2396 2123 νουσα
2424 2072 2791 2128 ἀποθανεῖται.
2831 2095 2848 2126 ι
2899 2077 2955 2131 '0
2988 2077 3044 2132 δὲ
3078 2059 3323 2136 ἀλυπίαν
3347 2059 3597 2138 ἀναλαὸὧν
3620 2059 3719 2157 ἐρεῖ,

556 2154 657 2206 hoc
684 2155 924 2221 pervenit
961 2163 1019 2208 ut
1067 2155 1309 2211 dolorum
1376 2158 1447 2212 sit
1497 2173 1715 2228 expers,
1771 2161 1934 2225 dicet,
1993 2161 2119 2232 quia

2228 2160 2309 2215 ὅτι
2331 2162 2534 2234 Κύριος
2551 2165 2783 2233 ἐξείλετο
2799 2169 2925 2234 τοὺς
2946 2171 3261 2244 ὀφθαλμούς
3280 2194 3374 2247 μου
3391 2178 3488 2230 ἀπὸ
3505 2154 3714 2249 δακρύων.

559 2244 814 2295 Dominus
838 2244 1236 2313 eripuitoculos
1268 2264 1415 2304 meos
1447 2265 1476 2303 a
1502 2250 1789 2329 llacrymis.
1819 2252 1961 2306 Idem
1990 2268 2119 2310 vero

2241 2255 2385 2329 Ἐρεῖ
2415 2258 2470 2311 δὲ
2491 2260 2618 2313 αὐτὸ
2655 2261 2750 2314 καὶ
2774 2264 2803 2314 ὁ
2822 2262 2881 2316 τὸ
2909 2244 3346 2337 μακαριζόμενον
3371 2269 3540 2334 πένθος
3566 2244 3717 2340 πενθή-

553 2333 717 2388 etiam
751 2334 889 2389 dicet
919 2337 1012 2405 qui
1045 2339 1207 2393 beato
1238 2339 1384 2395 luctu
1421 2340 1593 2410 luget,
1620 2344 1834 2415 quando
1871 2344 2040 2399 risum
2069 2355 2119 2401 et

2229 2366 2347 2412 σας,
2370 2351 2496 2404 ὅταν
2522 2354 2762 2424 τυγχάνῃ
2792 2354 3253 2422 τοῦ,γελάσονται,
3276 2362 3365 2414 καὶ
3397 2361 3715 2432 mirummir-

551 2426 977 2480 cousolationetn
1012 2427 1325 2484 obtinuerit.
1355 2431 1455 2498 Qui
1487 2441 1664 2487 autem
1690 2435 1920 2489 audierit
1945 2453 1960 2490 :
1989 2454 2006 2487 ι
2041 2436 2119 2492 Tu

2228 2438 2500 2516 θήσονταιτ
2539 2444 2596 2497 '0
2642 2443 2700 2496 δὲ
2745 2443 2982 2509 ἀκούσας
3012 2447 3131 2511 τοῦ,
3172 2469 3190 2501 t
3240 2452 3309 2505 Σὺ
3336 2452 3388 2504 δὲ
3424 2426 3715 2521 αὐτὸςπῇοι

554 2530 681 2570 vero
723 2517 811 2572 hic
840 2526 922 2573 sta
967 2534 1176 2575 mecum
1203 2522 1270 2586 ’⁷,
1313 2541 1332 2574 ι
1386 2525 1531 2579 dicet
1568 2542 1581 2577 :
1617 2525 1823 2594 Eripuit
1865 2528 2119 2586 Dominus

2228 2534 2348 2602 μετ’
2370 2534 2526 2605 ἐμοῦ,
2563 2554 2581 2586 ι
2615 2537 2750 2609 ἐρεῖο
2799 2536 3061 2601 Ἐξείλετο
3094 2541 3299 2614 Κύριος
3335 2547 3450 2609 τοὺς
3480 2517 3713 2615 πόδας

552 2609 718 2676 pedes
755 2625 903 2666 meos
932 2625 963 2665 a
991 2610 1163 2682 lapsu.

2225 2623 2334 2677 ἀπὸ
2368 2626 2731 2697 ὀλισθήματος
3188 2609 3199 2614 ⁷
3327 2622 3333 2627 ’

1084 2793 1410 2851 PSALMUS
1446 2796 1606 2854 CXV.
2148 2813 2192 2870 ο

622 2906 788 2962 Vens.
819 2905 871 2960 1.
904 2904 1138 2971 Credidi,
1171 2918 1383 2977 propter
1411 2910 1548 2979 quod
1586 2911 1789 2968 loculus
1827 2931 1963 2981 sum,
2012 2928 2118 2972 etc.

552 3000 663 3055 Nisi
712 3000 833 3068 quis
880 3000 1108 3055 ﬁrmiter
1171 3011 1597 3071 constanterque
1665 3006 1996 3071 crediderit,
2055 3025 2121 3063 ne

553 3092 769 3147 doceat.
823 3092 1029 3147 Sinceri
1063 3093 1207 3147 enim
1248 3096 1601 3165 praeceptoris
1631 3111 1731 3149 vox
1773 3108 1858 3151 est
1895 3115 1961 3152 τ’(
1984 3100 2118 3154 Crei-

550 3183 683 3245 didi,
712 3192 935 3252 propter
963 3185 1105 3254 quod
1142 3185 1353 3241 locutus
1376 3203 1517 3241 sum.
1559 3207 1578 3240 ι
1628 3188 1900 3245 Modestiae
1938 3204 2117 3247 autem

548 3273 784 3342 ejusdem
816 3282 872 3328 et
902 3274 1226 3331 humilitatis
1259 3277 1516 3330 indicium
1549 3287 1653 3343 est,
1702 3281 1846 3347 quod
1879 3283 2119 3338 docendo

550 3363 770 3419 minime
800 3364 1145 3433 intumescat,
1176 3380 1300 3422 cum
1319 3367 1467 3422 dicat
1496 3388 1508 3421 :
1551 3386 1570 3419 ‹
1600 3369 1711 3441 Ego
1733 3382 1911 3426 autem
1944 3374 2120 3428 humi-

548 3454 708 3510 liatus
730 3471 847 3511 sum
873 3457 1051 3511 uimis.
1088 3475 1108 3508 ι

618 3543 893 3617 Ejusdem.
954 3547 1116 3605 Fides
1165 3556 1250 3604 est
1297 3550 1492 3605 anima:
1539 3550 1725 3609 libera:
1775 3557 2117 3613 rationabilis

546 3652 813 3693 assensuo.

2776 2814 3064 2870 ΨΑΛΜΟΣ
3107 2820 3254 2873 PlE'.

2303 2922 2687 2988 Ἐπίστευσα,
2714 2923 2806 2977 διὸ
2841 2926 3139 2994 ἐλάλησα,
3158 2946 3279 2985 κ.τ.
3304 2930 3348 2985 ἐ.
3375 2930 3433 2982 Εἰ
3449 2927 3513 2999 μὴ
3534 2926 3709 2997 βεϐαίως

2219 3030 2302 3078 τις
2353 3014 2446 3068 καὶ
2505 3016 2929 3087 ἀπερισπάστως
2987 3020 3299 3085 ἐπίστευσε,
3333 3020 3403 3091 μὴ
3447 3016 3705 3072 διδασκέτω·

2218 3105 2441 3175 γνησίου
2474 3108 2582 3176 γὰρ
2612 3108 2927 3165 διδασκάλου
2956 3112 3110 3183 φωνὴ
3133 3113 3220 3165 τό·
3262 3131 3281 3164 ι
3330 3112 3625 3173 Ἐπίστευσα,
3649 3106 3706 3157 διὸ

2219 3197 2476 3269 ἐλάλησα.
2517 3218 2536 3251 ι
2574 3200 2746 3253 Αὑτοῦ
2792 3202 2850 3255 δὲ
2879 3201 3067 3256 τούτου
3099 3204 3201 3274 τῆς
3229 3203 3446 3273 ἀτυφίας
3478 3202 3555 3255 καὶ
3574 3212 3706 3251 ταπει-

2217 3287 2548 3361 νοφροσύνης
2578 3288 2793 3360 δεῖγμα,
2832 3292 3101 3362 μηδαμῶς
3135 3294 3226 3347 ἐπὶ
3265 3292 3335 3361 τῷ
3371 3292 3602 3345 διδάσκειν
3626 3304 3702 3353 φν-

2218 3374 2501 3443 σιουμένου
2526 3377 2589 3429 ἐκ
2611 3376 2704 3430 τοῦ
2723 3394 2737 3408 ⁸
2769 3397 2788 3430 ι
2838 3378 2979 3449 Ἐγὼ
3003 3380 3060 3433 δέ
3091 3380 3447 3451 ἐταπεινώθην
3472 3379 3655 3449 σφόδρα.
3686 3393 3699 3423 θ

2291 3553 2399 3607 Τοῦ
2427 3555 2633 3609 αὑτοῦ.
2651 3557 2841 3623 Πίστις
2867 3560 2981 3614 ἐστὶ
3010 3560 3191 3634 ψυχῆς
3221 3561 3537 3628 αὐτεξουσίου
3559 3554 3700 3625 λογικὴ

2217 3645 2631 3712 συγκατάθεσις.

619 3730 782 3786 Vnus.
816 3731 871 3786 2.
914 3732 1026 3802 Ego
1065 3733 1180 3787 dixi
1213 3734 1267 3788 in
1311 3749 1525 3789 excessu
1552 3751 1704 3790 meo:
1746 3736 1931 3792 Omnis
1960 3740 2112 3795 homo

2267 3770 2276 3781 .
2299 3735 2439 3806 Ἐγὼ
2473 3735 2541 3789 δὲ
2568 3735 2706 3792 εἶπα
2737 3739 2806 3793 ἐν
2829 3739 2903 3809 τῇ
2924 3742 3209 3799 ἐκστάσει
3233 3762 3348 3814 μου
3364 3760 3380 3777 '
3400 3741 3508 3806 Πᾶς
3533 3740 3701 3804 ἅνθρω⁶

546 3826 794 3886 mendax,
822 3834 928 3881 etc.
966 3826 1021 3880 Si
1046 3826 1209 3881 homo
1241 3826 1401 3881 etiam
1432 3826 1598 3883 David
1620 3838 1723 3897 est,
1751 3834 1976 3886 mendax
2008 3843 2108 3888 est.

2214 3840 2326 3891 πος
2348 3828 2641 3896 ψεύστης.
2666 3847 2719 3884 κ.
2737 3847 2787 3884 τ.
2808 3833 2855 3885 ἐ.
2886 3834 2948 3885 Ei
2966 3833 3063 3887 ἄνθ
3073 3852 3248 3906 ρωπος
3275 3835 3363 3888 καὶ
3391 3838 3416 3887 ὁ
3434 3829 3583 3892 Δαυῒδ,
3600 3825 3698 3897 ψεύ-

549 3914 605 3969 Si
636 3917 861 3969 mendax
895 3926 997 3982 est,
1031 3934 1152 3974 cum
1185 3920 1420 3989 scipsum
1463 3922 1778 3977 mendacem
1812 3923 1972 3989 dicit,
2006 3939 2110 3979 nou

2214 3932 2344 3986 στης
2377 3918 2522 3973 ἐστίν
2548 3936 2561 3948 ⁸
2596 3921 2645 3972 εἰ
2677 3920 2733 3973 δὲ
2766 3921 3003 3994 ψεύστης
3035 3926 3176 3991 ἐστὶ,
3208 3926 3373 3993 λέγων
3417 3921 3577 3976 ἑαυτὸν
3598 3914 3697 3987 ψεύ-

548 4006 821 4072 mendax,
851 4009 945 4064 sed
988 4027 1147 4066 verax
1177 4024 1279 4068 est.
1330 4015 1384 4068 Si
1435 4024 1614 4068 autem
1661 4029 1823 4070 verus
1862 4027 1946 4071 est
1987 4033 2109 4070 cmn

2214 4025 2366 4080 στην,
2411 4011 2512 4063 οὐκ
2546 4010 2660 4066 ἔστι
2701 4013 2961 4085 ψεύστης,
2997 4016 3114 4070 ἀλλ’
3152 4018 3345 4089 ἀληθής
3384 4019 3529 4069 ἐστιν.
3569 4013 3619 4064 Ei
3654 4008 3695 4060 δὲ

545 4099 776 4167 seipsqu
815 4101 1126 4155 mendacem
1170 4105 1325 4173 dicit,
1368 4106 1529 4159 homo
1571 4120 1693 4159 cum
1737 4107 1844 4171 sit,
1877 4123 1982 4161 non
2032 4118 2111 4161 est

2217 4100 2422 4174 ἀληθής
2464 4106 2580 4157 ἐστι
2631 4104 2803 4175 λέγων
2843 4109 3034 4162 ἑαυτὸν
3080 4109 3334 4181 ψεύστην,
3369 4108 3609 4177 ἄνθρωπος
3641 4099 3696 4152 ὣν

547 4188 800 4242 mendax.
845 4187 1088 4243 Vertitur
1129 4192 1310 4260 itaque
1351 4193 1530 4247 oratio
1572 4194 1638 4246 ad
1676 4203 1999 4263 utrumque,
2038 4194 2107 4248 ita

2215 4194 2314 4246 οὐκ
2339 4193 2453 4246 ἐστι
2493 4196 2752 4268 ψεύστης.
2786 4200 3149 4273 Περιστρέφει
3181 4203 3285 4274 ἄρα
3316 4203 3344 4253 ό
3381 4201 3514 4269 λόγος
3535 4198 3601 4259 εἰς
3618 4196 3694 4262 ἀμ·

545 4288 605 4332 ιιι
633 4280 703 4332 sit
734 4295 919 4345 verax,
950 4281 1107 4351 791
1146 4284 1192 4336 si
1234 4283 1394 4337 homo
1436 4295 1564 4349 est;
1616 4294 1671 4338 et
1716 4285 1829 4352 ipse
1859 4285 1923 4338 sit
1961 4300 2110 4338 men-

2214 4285 2434 4357 φότερα,
2459 4289 2551 4339 καὶ
2571 4290 2650 4351 εἱς
2676 4288 2736 4341 τὸ
2756 4283 2891 4344 εἶναι
2921 4291 3085 4345 αὐτὸν
3114 4292 3416 4363 ἀληθευτὴν,
3437 4289 3519 4342 ἐὰν
3536 4286 3690 4355 ἄνθρω-

544 4368 672 4423 dax.
720 4368 786 4423 Et
834 4370 920 4424 hic
953 4386 1132 4425 sermo
1177 4386 1206 4425 a
1254 4372 1552 4427 dialecticis
1595 4384 1822 4428 vocatur
1856 4373 2104 4429 diﬂicilis.

2214 4388 2312 4434 πος
2332 4366 2386 4444 ᾗ,
2418 4374 2513 4425 καὶ
2536 4377 2616 4439 εἰς
2650 4376 2711 4429 τὸ
2750 4374 2888 4431 εἶναι
2914 4381 3075 4435 αὐτὸν
3104 4381 3355 4453 ψεύστην.
3379 4381 3475 4433 Καὶ
3499 4376 3685 4431 καλεῖται

2210 4464 2238 4516 ὁ
2259 4462 2413 4531 λόγος
2438 4460 2591 4529 οὗτος
2613 4469 2764 4539 παρά
2794 4474 2904 4535 τοῖς
2924 4472 3277 4538 διαλεκτικοῖς
3306 4475 3502 4544 ἄπορος.

2286 4554 2393 4608 Τοῦ
2421 4557 2623 4611 αὐτοῦ.
2655 4559 2769 4627 Ἐφ’
2801 4560 2922 4615 ὅσον
2952 4563 3233 4637 ἄνθρωπός
3256 4582 3335 4628 τις
3361 4565 3484 4628 ἐστὶ,
3508 4560 3688 4631 ψεύστης

2208 4645 2382 4698 ἐστίν·
2411 4646 2506 4699 ἐὰν
2542 4647 2599 4700 δὲ
2630 4649 2897 4722 ἀπόθηται
2932 4654 2991 4706 τὸ
3019 4650 3157 4709 εἶναι
3190 4653 3473 4726 ἄνθρωπος,
3513 4647 3685 4719 ἀληθευ-

2206 4739 2305 4809 τής
2333 4740 2465 4793 ἐστι.
2497 4740 2569 4793 Τὸ
2602 4740 2709 4813 γὰρ
2743 4760 2761 4793 ‹
2799 4742 3081 4815 ἄνθρωπος
3123 4767 3142 4800 ι
3173 4747 3334 4818 ὄνομα
3367 4744 3481 4798 ποτὲ
3517 4742 3596 4812 μὲν
3625 4737 3683 4789 οὗ·

2184 4829 2329 4883 ,σίαν
2363 4829 2530 4901 δηλοῖ,
2566 4832 2641 4897 ὡς
2666 4834 2752 4886 τό·
2793 4836 3143 4909 «Ἄνθρωπός
3174 4857 3254 4902 τις
3278 4835 3341 4909 ἦν
3373 4838 3426 4891 ἐν
3472 4834 3595 4905 χώρᾳ
3635 4828 3678 4895 τῇ

2207 4921 2447 4975 Αὐσίτιδι
2471 4940 2483 4953 ·
2528 4943 2546 4974 ι
2579 4926 2708 4978 ποτέ
2741 4926 2796 4981 δὲ
2826 4929 3103 5003 χειρίστην
3135 4932 3460 4993 κατάστασιν,
3487 4922 3597 4979 κατὰ
3611 4920 3675 4972 τό·

2217 5033 2235 5064 ί
2260 5014 2443 5085 Ὑμεῖς
2493 5015 2549 5069 δὲ
2591 5018 2666 5081 ὡς
2698 5019 2973 5091 ἄνθρωποι
3026 5002 3399 5095 ἆποθνήσκετε,
3430 5018 3509 5071 καὶ
3538 5013 3598 5074 ὡς
3622 5002 3678 5068 εἷς

629 4545 906 4616 Ejusdem.
936 4548 1213 4616 Quatenus
1256 4550 1418 4605 homo
1446 4554 1568 4621 quis
1597 4564 1700 4619 est,
1737 4557 1967 4611 mendax
1999 4566 2103 4621 est,

543 4650 709 4691 verax
738 4649 918 4692 autem
947 4641 991 4693 si
1012 4640 1372 4695 desieritesse
1391 4642 1570 4696 homo.
1598 4643 1728 4697 Nam
1749 4662 1849 4700 vox
1868 4665 1885 4698 ι
1913 4647 2101 4701 ιιοιῐιοι

546 4726 834 4796 aliquando
867 4729 1229 4783 snbstantiam
1261 4731 1554 4801 signiticet,
1598 4744 1660 4787 ιιι
1689 4750 1810 4788 cum
1855 4737 2052 4790 dicitur
2086 4753 2101 4790 :

549 4837 569 4871 ι
605 4818 777 4874 Homo
821 4821 1041 4891 quidam
1091 4830 1210 4875 erat
1262 4821 1315 4875 iu
1372 4832 1510 4876 terra
1563 4824 1907 4892 Ausitide”;
1959 4846 1978 4878 ι
2011 4828 2107 4881 ali-

545 4913 762 4980 quando
802 4923 977 4966 autem
1009 4914 1297 4982 pessimum
1323 4915 1558 4968 habitum
1578 4915 1728 4985 juxta
1762 4917 1887 4972 illud
1916 4938 1931 4974 :
1957 4938 1975 4971 ι
2003 4918 2108 4975 Vos

546 5013 723 5058 autem
757 5005 898 5058 sicut
939 5006 1187 5059 homines
1237 5007 1563 5071 moriemini,
1605 5018 1659 5061 et
1696 5009 1833 5062 sicut
1866 5027 2004 5066 unus
2042 5015 2109 5068 de

547 5094 877 5162 principibus
913 5096 1200 5150 cadetis".
1254 5113 1273 5147 ι
1325 5094 1480 5152 Prior
1508 5097 1649 5152 cnim
1681 5097 1828 5153 lo'eus
1856 5102 2108 5158 substan—

2214 5104 2316 5158 τῶν
2351 5106 2624 5177 ἀρχόντων
2649 5109 2901 5166 πίπτετε.
2932 5130 2950 5163 ι
2990 5113 3062 5165 Τὸ
3091 5114 3187 5184 μὲν
3213 5094 3315 5184 γὰρ
3361 5109 3537 5169 οὐσίαν,
3560 5100 3604 5156 τὸ
3636 5097 3675 5149 δὲ

548 5184 697 5245 tiam,
727 5185 861 5238 alter
888 5202 1014 5240 vero
1045 5186 1334 5256 pessimum
1361 5189 1598 5243 habitum
1630 5192 1891 5250 declarat.

2214 5199 2469 5271 κακίστην
2494 5200 2606 5265 ἐξιν
2632 5202 2799 5272 δηλοῖ.

621 5277 785 5333 Vens.
820 5276 873 5329 '5.
905 5275 1044 5342 Quid
1071 5280 1352 5331 retribuam
1385 5276 1648 5332 Domino?
1678 5288 1783 5336 etc.
1812 5282 1867 5337 ln
1895 5283 1978 5338 his
2006 5284 2107 5354 igi-

2278 5292 2339 5344 Τί
2360 5292 2763 5348 ἀνταποδώσω
2787 5294 2866 5361 τῷ
2892 5299 3086 5366 Κυρίῳ
3102 5339 3115 5361 ,
3144 5316 3199 5355 κ.
3222 5315 3270 5351 τ.
3296 5297 3337 5351 ἐ.
3376 5294 3449 5356 Ὧς
3468 5290 3583 5360 μέγα
3606 5274 3673 5334 οὖν

551 5377 637 5420 tur
665 5378 917 5437 tauquam
951 5386 980 5423 a
1008 5369 1242 5423 Domino
1266 5369 1490 5426 affectus
1517 5388 1705 5442 magno
1743 5374 2023 5440 beneﬁcio,
2049 5386 2104 5430 et

2214 5381 2264 5432 ἐν
2291 5381 2498 5445 τούτοις
2526 5383 2632 5437 ἀπὸ
2662 5385 2863 5457 Κυρίου
2897 5388 3282 5459 εὐεργετηθεὶς,
3304 5385 3389 5438 καὶ
3425 5376 3672 5451 βουλόμενος

553 5458 737 5513 Valens
764 5474 921 5514 suum
950 5461 1348 5517 benefactorem
1378 5466 1733 5532 remunerari,
1775 5467 1842 5522 de
1868 5469 1980 5537 ipso
2021 5486 2103 5525 rc-

2214 5472 2544 5542 ἀμείψασθαι
2573 5475 2663 5527 τὸν
2696 5458 3010 5550 εὐεργέτην,
3036 5477 3247 5549 ἀπορῶν
3269 5479 3385 5547 περὶ
3411 5470 3493 5525 τοῦ
3516 5475 3669 5536 τροπτδ

622 5614 670 5645 9‘
701 5615 853 5670 Deut.
889 5632 1002 5685 xix,
1027 5619 1113 5674 15.
1190 5622 1234 5653 ⁸⁸
1270 5620 1425 5677 Rom.
1455 5638 1553 5690 xu,
1584 5624 1637 5680 8.
1714 5624 1759 5657 ⁸⁸
1787 5622 1982 5682 Ezech.
2005 5642 2114 5683 xvn

2214 5633 2242 5687 ι.
2320 5635 2363 5665 9⁷
2392 5635 2544 5691 Deut.
2573 5652 2652 5703 ut,
2676 5637 2763 5693 5|.
2839 5639 2884 5671 ⁸⁸
2913 5638 3031 5695 Job.
3056 5657 3090 5705 ι,
3118 5640 3165 5693 1.
3239 5638 3282 5670 ⁹⁹
3302 5633 3429 5691 Psal.
3450 5638 3601 5686 Lxxxt,
3625 5618 3663 5669 7.

3854 1552 3864 1599 ,

3842 3012 3864 3243 ,

3852 3356 3864 3523 l
