  <div class='ocr_page' id='page_1' title='image "/cluster/home/n/w/nwhite01/storage/ocr_20150623/12/mdp.39015028786690/812.png"; bbox 0 0 3928 6158; ppageno 0'>
   <div class='ocr_carea' id='block_1_1' title="bbox 292 234 433 290">
    <p class='ocr_par' dir='ltr' id='par_1_1' title="bbox 292 234 433 290">
     <span class='ocr_line' id='line_1_1' title="bbox 292 234 433 290; baseline -0.007 0"><span class='ocrx_word' id='word_1_1' title='bbox 292 234 433 290; x_wconf 73' lang='grc'><strong>1577</strong></span> 
     </span>
    </p>
   </div>
   <div class='ocr_carea' id='block_1_2' title="bbox 1241 230 2562 291">
    <p class='ocr_par' dir='ltr' id='par_1_2' title="bbox 1241 230 2562 291">
     <span class='ocr_line' id='line_1_2' title="bbox 1241 230 2562 291; baseline -0.004 0"><span class='ocrx_word' id='word_1_2' title='bbox 1241 232 1546 291; x_wconf 82' lang='lat' dir='ltr'><strong>SELECTA</strong></span> <span class='ocrx_word' id='word_1_3' title='bbox 1584 231 1653 288; x_wconf 86' lang='lat' dir='ltr'><strong>IN</strong></span> <span class='ocrx_word' id='word_1_4' title='bbox 1690 230 2025 288; x_wconf 77' lang='lat' dir='ltr'><strong>PSALMOS.</strong></span> <span class='ocrx_word' id='word_1_5' title='bbox 2061 263 2130 273; x_wconf 90' lang='lat'><strong>—-</strong></span> <span class='ocrx_word' id='word_1_6' title='bbox 2163 230 2369 286; x_wconf 76' lang='lat' dir='ltr'><strong>PSAL.</strong></span> <span class='ocrx_word' id='word_1_7' title='bbox 2398 231 2562 288; x_wconf 83' lang='lat' dir='ltr'><strong>CXV.</strong></span> 
     </span>
    </p>
   </div>
   <div class='ocr_carea' id='block_1_3' title="bbox 3387 234 3523 291">
    <p class='ocr_par' dir='ltr' id='par_1_3' title="bbox 3387 234 3523 291">
     <span class='ocr_line' id='line_1_3' title="bbox 3387 234 3523 291; baseline 0.022 -3"><span class='ocrx_word' id='word_1_8' title='bbox 3387 234 3523 291; x_wconf 74' lang='lat' dir='ltr'><strong>i578</strong></span> 
     </span>
    </p>
   </div>
   <div class='ocr_carea' id='block_1_4' title="bbox 288 348 1855 424">
    <p class='ocr_par' dir='ltr' id='par_1_4' title="bbox 288 350 1854 424">
     <span class='ocr_line' id='line_1_4' title="bbox 288 350 1854 424; baseline -0.003 -17"><span class='ocrx_word' id='word_1_9' title='bbox 288 356 386 423; x_wconf 82' lang='grc' dir='ltr'>τῆς</span> <span class='ocrx_word' id='word_1_10' title='bbox 412 351 644 423; x_wconf 76' lang='grc' dir='ltr'>ἀμοιϐῆς</span> <span class='ocrx_word' id='word_1_11' title='bbox 672 369 805 424; x_wconf 75' lang='grc' dir='ltr'>φησι</span> <span class='ocrx_word' id='word_1_12' title='bbox 826 369 840 382; x_wconf 91' lang='grc'>·</span> <span class='ocrx_word' id='word_1_13' title='bbox 876 372 893 404; x_wconf 76' lang='grc' dir='ltr'><strong>ι</strong></span> <span class='ocrx_word' id='word_1_14' title='bbox 926 352 991 406; x_wconf 86' lang='grc' dir='ltr'>Τί</span> <span class='ocrx_word' id='word_1_15' title='bbox 1019 351 1380 407; x_wconf 81' lang='grc' dir='ltr'><strong>ἀνταποδώσω</strong></span> <span class='ocrx_word' id='word_1_16' title='bbox 1406 351 1484 422; x_wconf 81' lang='grc' dir='ltr'>τῷ</span> <span class='ocrx_word' id='word_1_17' title='bbox 1510 351 1700 424; x_wconf 80' lang='grc' dir='ltr'>Κυρίῳ</span> <span class='ocrx_word' id='word_1_18' title='bbox 1724 350 1854 421; x_wconf 73' lang='grc' dir='ltr'>περὶ</span> 
     </span>
    </p>
   </div>
   <div class='ocr_carea' id='block_1_5' title="bbox 1958 348 3522 424">
    <p class='ocr_par' dir='ltr' id='par_1_5' title="bbox 1958 348 3522 418">
     <span class='ocr_line' id='line_1_5' title="bbox 1958 348 3522 418; baseline 0.004 -15"><span class='ocrx_word' id='word_1_19' title='bbox 1958 349 2273 404; x_wconf 86' lang='lat' dir='ltr'><strong>munerandi</strong></span> <span class='ocrx_word' id='word_1_20' title='bbox 2309 350 2470 404; x_wconf 84' lang='lat' dir='ltr'><strong>modo</strong></span> <span class='ocrx_word' id='word_1_21' title='bbox 2508 348 2786 418; x_wconf 79' lang='lat' dir='ltr'><strong>ambigens</strong></span> <span class='ocrx_word' id='word_1_22' title='bbox 2821 348 2897 403; x_wconf 87' lang='lat' dir='ltr'><strong>ait</strong></span> <span class='ocrx_word' id='word_1_23' title='bbox 2927 365 2941 402; x_wconf 88' lang='lat'><strong>:</strong></span> <span class='ocrx_word' id='word_1_24' title='bbox 2990 368 3009 400; x_wconf 87' lang='grc'><em>‹</em></span> <span class='ocrx_word' id='word_1_25' title='bbox 3048 348 3186 418; x_wconf 83' lang='lat' dir='ltr'><strong>Quid</strong></span> <span class='ocrx_word' id='word_1_26' title='bbox 3223 353 3522 409; x_wconf 89' lang='lat' dir='ltr'><strong>retribuam</strong></span> 
     </span>
    </p>
   </div>
   <div class='ocr_carea' id='block_1_6' title="bbox 290 436 1852 515">
    <p class='ocr_par' dir='ltr' id='par_1_6' title="bbox 290 436 1852 515">
     <span class='ocr_line' id='line_1_6' title="bbox 290 436 1852 515; baseline 0 -19"><span class='ocrx_word' id='word_1_27' title='bbox 290 444 507 498; x_wconf 86' lang='grc' dir='ltr'>πάντων</span> <span class='ocrx_word' id='word_1_28' title='bbox 547 436 622 499; x_wconf 87' lang='grc' dir='ltr'>ὧν</span> <span class='ocrx_word' id='word_1_29' title='bbox 664 442 1013 498; x_wconf 84' lang='grc' dir='ltr'>ἀνταπέδωκέ</span> <span class='ocrx_word' id='word_1_30' title='bbox 1070 460 1202 514; x_wconf 91' lang='grc' dir='ltr'>μοι;</span> <span class='ocrx_word' id='word_1_31' title='bbox 1238 463 1255 495; x_wconf 75' lang='grc' dir='ltr'><strong>ι</strong></span> <span class='ocrx_word' id='word_1_32' title='bbox 1310 446 1401 507; x_wconf 73' lang='lat' dir='ltr'><strong>El;</strong></span> <span class='ocrx_word' id='word_1_33' title='bbox 1445 442 1697 513; x_wconf 70' lang='grc' dir='ltr'>αἴσθησιν</span> <span class='ocrx_word' id='word_1_34' title='bbox 1745 442 1852 515; x_wconf 82' lang='grc' dir='ltr'><strong>γὰρ</strong></span> 
     </span>
    </p>
   </div>
   <div class='ocr_carea' id='block_1_7' title="bbox 286 532 1854 607">
    <p class='ocr_par' dir='ltr' id='par_1_7' title="bbox 286 532 1854 607">
     <span class='ocr_line' id='line_1_7' title="bbox 286 532 1854 607; baseline -0.001 -18"><span class='ocrx_word' id='word_1_35' title='bbox 286 534 456 589; x_wconf 85' lang='grc' dir='ltr'>ὲλθὼν</span> <span class='ocrx_word' id='word_1_36' title='bbox 488 534 594 589; x_wconf 86' lang='grc' dir='ltr'>τῶν</span> <span class='ocrx_word' id='word_1_37' title='bbox 625 536 832 606; x_wconf 80' lang='grc' dir='ltr'><strong>μυρίων</strong></span> <span class='ocrx_word' id='word_1_38' title='bbox 866 536 1014 607; x_wconf 88' lang='grc' dir='ltr'><strong>παρά</strong></span> <span class='ocrx_word' id='word_1_39' title='bbox 1039 535 1174 589; x_wconf 88' lang='grc' dir='ltr'>Θεοῦ</span> <span class='ocrx_word' id='word_1_40' title='bbox 1196 535 1410 606; x_wconf 81' lang='grc' dir='ltr'><strong>δωρεῶν</strong></span> <span class='ocrx_word' id='word_1_41' title='bbox 1429 551 1443 565; x_wconf 82' lang='grc'><em>’</em></span> <span class='ocrx_word' id='word_1_42' title='bbox 1461 535 1543 588; x_wconf 83' lang='grc' dir='ltr'>ὅτι</span> <span class='ocrx_word' id='word_1_43' title='bbox 1572 535 1636 587; x_wconf 81' lang='grc' dir='ltr'>ὲκ</span> <span class='ocrx_word' id='word_1_44' title='bbox 1662 532 1755 587; x_wconf 91' lang='grc' dir='ltr'><strong>τοῦ</strong></span> <span class='ocrx_word' id='word_1_45' title='bbox 1780 533 1854 605; x_wconf 80' lang='grc' dir='ltr'>μὴ</span> 
     </span>
    </p>
   </div>
   <div class='ocr_carea' id='block_1_8' title="bbox 283 621 1851 699">
    <p class='ocr_par' dir='ltr' id='par_1_8' title="bbox 283 621 1851 699">
     <span class='ocr_line' id='line_1_8' title="bbox 283 621 1851 699; baseline -0.003 -16"><span class='ocrx_word' id='word_1_46' title='bbox 283 627 438 691; x_wconf 72' lang='grc' dir='ltr'>ὄντος</span> <span class='ocrx_word' id='word_1_47' title='bbox 456 627 536 691; x_wconf 87' lang='grc' dir='ltr'><strong>είς</strong></span> <span class='ocrx_word' id='word_1_48' title='bbox 554 626 615 680; x_wconf 98' lang='lat' dir='ltr'><strong>rb</strong></span> <span class='ocrx_word' id='word_1_49' title='bbox 643 621 779 681; x_wconf 85' lang='grc' dir='ltr'>εἶναι</span> <span class='ocrx_word' id='word_1_50' title='bbox 806 625 1059 699; x_wconf 80' lang='grc' dir='ltr'>παρήχθη</span> <span class='ocrx_word' id='word_1_51' title='bbox 1079 643 1093 655; x_wconf 80' lang='grc'><em>’</em></span> <span class='ocrx_word' id='word_1_52' title='bbox 1125 626 1206 679; x_wconf 85' lang='grc' dir='ltr'>ὃτι</span> <span class='ocrx_word' id='word_1_53' title='bbox 1230 627 1335 679; x_wconf 84' lang='grc' dir='ltr'>ἀπὸ</span> <span class='ocrx_word' id='word_1_54' title='bbox 1360 626 1461 696; x_wconf 83' lang='grc' dir='ltr'>γῆς</span> <span class='ocrx_word' id='word_1_55' title='bbox 1485 624 1851 691; x_wconf 79' lang='grc' dir='ltr'>διαπλασθεὶς,</span> 
     </span>
    </p>
   </div>
   <div class='ocr_carea' id='block_1_9' title="bbox 283 712 1853 791">
    <p class='ocr_par' dir='ltr' id='par_1_9' title="bbox 283 712 1853 791">
     <span class='ocr_line' id='line_1_9' title="bbox 283 712 1853 791; baseline -0.002 -18"><span class='ocrx_word' id='word_1_56' title='bbox 283 717 430 791; x_wconf 81' lang='grc' dir='ltr'>λόγῳ</span> <span class='ocrx_word' id='word_1_57' title='bbox 451 719 758 791; x_wconf 87' lang='grc' dir='ltr'>τετίμηται,</span> <span class='ocrx_word' id='word_1_58' title='bbox 790 721 848 772; x_wconf 81' lang='grc' dir='ltr'>ὲν</span> <span class='ocrx_word' id='word_1_59' title='bbox 868 712 911 787; x_wconf 79' lang='grc' dir='ltr'>ᾧ</span> <span class='ocrx_word' id='word_1_60' title='bbox 942 720 1036 773; x_wconf 80' lang='grc' dir='ltr'>καὶ</span> <span class='ocrx_word' id='word_1_61' title='bbox 1067 718 1164 790; x_wconf 82' lang='grc' dir='ltr'>τὴν</span> <span class='ocrx_word' id='word_1_62' title='bbox 1192 720 1375 772; x_wconf 82' lang='grc' dir='ltr'><strong>εἰκόνα</strong></span> <span class='ocrx_word' id='word_1_63' title='bbox 1419 721 1602 788; x_wconf 84' lang='grc' dir='ltr'>φορεῖν</span> <span class='ocrx_word' id='word_1_64' title='bbox 1634 716 1853 771; x_wconf 84' lang='grc' dir='ltr'>δύναται</span> 
     </span>
    </p>
   </div>
   <div class='ocr_carea' id='block_1_10' title="bbox 282 808 1853 882">
    <p class='ocr_par' dir='ltr' id='par_1_10' title="bbox 282 808 1853 882">
     <span class='ocr_line' id='line_1_10' title="bbox 282 808 1853 882; baseline -0.003 -16"><span class='ocrx_word' id='word_1_65' title='bbox 282 809 380 866; x_wconf 78' lang='grc' dir='ltr'><strong>τοῦ</strong></span> <span class='ocrx_word' id='word_1_66' title='bbox 409 809 750 882; x_wconf 84' lang='grc' dir='ltr'>ὲπουρανίου’</span> <span class='ocrx_word' id='word_1_67' title='bbox 774 809 960 864; x_wconf 75' lang='grc' dir='ltr'>ἔπειτα</span> <span class='ocrx_word' id='word_1_68' title='bbox 991 812 1085 863; x_wconf 74' lang='grc' dir='ltr'>καὶ</span> <span class='ocrx_word' id='word_1_69' title='bbox 1110 810 1244 881; x_wconf 79' lang='grc' dir='ltr'>πρὸς</span> <span class='ocrx_word' id='word_1_70' title='bbox 1263 810 1359 881; x_wconf 87' lang='grc' dir='ltr'>τὴν</span> <span class='ocrx_word' id='word_1_71' title='bbox 1390 810 1527 881; x_wconf 82' lang='grc' dir='ltr'>ὑπὲρ</span> <span class='ocrx_word' id='word_1_72' title='bbox 1547 808 1639 862; x_wconf 90' lang='grc' dir='ltr'><strong>τοῦ</strong></span> <span class='ocrx_word' id='word_1_73' title='bbox 1667 809 1853 878; x_wconf 82' lang='grc' dir='ltr'>γένους</span> 
     </span>
    </p>
   </div>
   <div class='ocr_carea' id='block_1_11' title="bbox 282 900 1854 974">
    <p class='ocr_par' dir='ltr' id='par_1_11' title="bbox 282 900 1854 974">
     <span class='ocr_line' id='line_1_11' title="bbox 282 900 1854 974; baseline 0.001 -20"><span class='ocrx_word' id='word_1_74' title='bbox 282 900 394 954; x_wconf 81' lang='grc' dir='ltr'>τῶν</span> <span class='ocrx_word' id='word_1_75' title='bbox 431 900 734 973; x_wconf 84' lang='grc' dir='ltr'>ἀνθρώπων</span> <span class='ocrx_word' id='word_1_76' title='bbox 765 901 1075 974; x_wconf 75' lang='grc' dir='ltr'>οἰκονομίαν</span> <span class='ocrx_word' id='word_1_77' title='bbox 1103 901 1331 969; x_wconf 86' lang='grc' dir='ltr'>ἀπιδὼν,</span> <span class='ocrx_word' id='word_1_78' title='bbox 1358 902 1440 955; x_wconf 82' lang='grc' dir='ltr'>ὅτι</span> <span class='ocrx_word' id='word_1_79' title='bbox 1469 902 1659 956; x_wconf 81' lang='grc' dir='ltr'>ἑαυτὸν</span> <span class='ocrx_word' id='word_1_80' title='bbox 1684 903 1713 955; x_wconf 86' lang='grc' dir='ltr'>ὁ</span> <span class='ocrx_word' id='word_1_81' title='bbox 1743 902 1854 955; x_wconf 89' lang='grc' dir='ltr'>Κύ-</span> 
     </span>
    </p>
   </div>
   <div class='ocr_carea' id='block_1_12' title="bbox 287 991 1854 1067">
    <p class='ocr_par' dir='ltr' id='par_1_12' title="bbox 287 991 1854 1067">
     <span class='ocr_line' id='line_1_12' title="bbox 287 991 1854 1067; baseline 0.001 -22"><span class='ocrx_word' id='word_1_82' title='bbox 287 1009 403 1062; x_wconf 89' lang='grc' dir='ltr'>ριος</span> <span class='ocrx_word' id='word_1_83' title='bbox 436 992 602 1046; x_wconf 76' lang='grc' dir='ltr'>ἔδωκε</span> <span class='ocrx_word' id='word_1_84' title='bbox 631 991 823 1067; x_wconf 79' lang='grc' dir='ltr'>λύτρον</span> <span class='ocrx_word' id='word_1_85' title='bbox 851 994 972 1048; x_wconf 59' lang='grc' dir='ltr'><strong>ἀντὶ¹</strong></span> <span class='ocrx_word' id='word_1_86' title='bbox 1005 993 1213 1047; x_wconf 82' lang='grc' dir='ltr'>πολλῶν</span> <span class='ocrx_word' id='word_1_87' title='bbox 1240 993 1415 1065; x_wconf 79' lang='grc' dir='ltr'>ἡμῶν,</span> <span class='ocrx_word' id='word_1_88' title='bbox 1439 996 1724 1066; x_wconf 79' lang='grc' dir='ltr'>ὲπαπορεϊ,</span> <span class='ocrx_word' id='word_1_89' title='bbox 1759 994 1854 1047; x_wconf 76' lang='grc' dir='ltr'>καὶ</span> 
     </span>
    </p>
   </div>
   <div class='ocr_carea' id='block_1_13' title="bbox 286 1078 1853 1156">
    <p class='ocr_par' dir='ltr' id='par_1_13' title="bbox 286 1078 1853 1156">
     <span class='ocr_line' id='line_1_13' title="bbox 286 1078 1853 1156; baseline 0.004 -23"><span class='ocrx_word' id='word_1_90' title='bbox 286 1078 443 1150; x_wconf 80' lang='grc' dir='ltr'>ζητεῖ</span> <span class='ocrx_word' id='word_1_91' title='bbox 460 1082 518 1136; x_wconf 85' lang='grc' dir='ltr'>ὲν</span> <span class='ocrx_word' id='word_1_92' title='bbox 545 1083 678 1137; x_wconf 83' lang='grc' dir='ltr'>πᾶσι</span> <span class='ocrx_word' id='word_1_93' title='bbox 699 1082 906 1147; x_wconf 76' lang='grc' dir='ltr'>τούτοις</span> <span class='ocrx_word' id='word_1_94' title='bbox 934 1084 1045 1148; x_wconf 84' lang='grc' dir='ltr'>τοῖς</span> <span class='ocrx_word' id='word_1_95' title='bbox 1067 1083 1404 1155; x_wconf 83' lang='grc' dir='ltr'>ὑπάρχουσιν</span> <span class='ocrx_word' id='word_1_96' title='bbox 1436 1083 1605 1156; x_wconf 81' lang='grc' dir='ltr'>αὐτῷ,</span> <span class='ocrx_word' id='word_1_97' title='bbox 1626 1086 1680 1139; x_wconf 89' lang='grc' dir='ltr'><strong>τί</strong></span> <span class='ocrx_word' id='word_1_98' title='bbox 1705 1084 1853 1152; x_wconf 80' lang='grc' dir='ltr'>ἄξιον</span> 
     </span>
    </p>
   </div>
   <div class='ocr_carea' id='block_1_14' title="bbox 285 1171 1852 1248">
    <p class='ocr_par' dir='ltr' id='par_1_14' title="bbox 285 1171 1852 1248">
     <span class='ocr_line' id='line_1_14' title="bbox 285 1171 1852 1248; baseline 0.003 -25"><span class='ocrx_word' id='word_1_99' title='bbox 285 1171 497 1244; x_wconf 77' lang='grc' dir='ltr'><strong>ἐξεύροι</strong></span> <span class='ocrx_word' id='word_1_100' title='bbox 524 1173 694 1246; x_wconf 82' lang='grc' dir='ltr'>δῶρον</span> <span class='ocrx_word' id='word_1_101' title='bbox 717 1171 1057 1248; x_wconf 79' lang='grc' dir='ltr'>τῷΔεσπότῃ</span> <span class='ocrx_word' id='word_1_102' title='bbox 1076 1191 1091 1207; x_wconf 80' lang='lat'><strong><em>°</em></strong></span> <span class='ocrx_word' id='word_1_103' title='bbox 1135 1175 1196 1228; x_wconf 83' lang='grc' dir='ltr'><strong>ού</strong></span> <span class='ocrx_word' id='word_1_104' title='bbox 1238 1175 1444 1240; x_wconf 79' lang='grc' dir='ltr'>θυσίας,</span> <span class='ocrx_word' id='word_1_105' title='bbox 1477 1176 1597 1230; x_wconf 79' lang='grc' dir='ltr'>οὐδὲ</span> <span class='ocrx_word' id='word_1_106' title='bbox 1625 1177 1852 1230; x_wconf 83' lang='grc' dir='ltr'>ὁλοκαυ-</span> 
     </span>
    </p>
   </div>
   <div class='ocr_carea' id='block_1_15' title="bbox 283 1263 1571 1340">
    <p class='ocr_par' dir='ltr' id='par_1_15' title="bbox 283 1263 1571 1340">
     <span class='ocr_line' id='line_1_15' title="bbox 283 1263 1571 1340; baseline 0.004 -23"><span class='ocrx_word' id='word_1_107' title='bbox 283 1263 497 1331; x_wconf 88' lang='grc' dir='ltr'>τώσεις,</span> <span class='ocrx_word' id='word_1_108' title='bbox 531 1266 648 1320; x_wconf 87' lang='grc' dir='ltr'>ἀλλ’</span> <span class='ocrx_word' id='word_1_109' title='bbox 677 1266 842 1337; x_wconf 81' lang='grc' dir='ltr'>αὐτὴν</span> <span class='ocrx_word' id='word_1_110' title='bbox 869 1267 1046 1320; x_wconf 77' lang='grc' dir='ltr'>πᾶσαν</span> <span class='ocrx_word' id='word_1_111' title='bbox 1066 1266 1163 1340; x_wconf 81' lang='grc' dir='ltr'>τὴν</span> <span class='ocrx_word' id='word_1_112' title='bbox 1187 1268 1381 1323; x_wconf 78' lang='grc' dir='ltr'>ἑαυτοῦ</span> <span class='ocrx_word' id='word_1_113' title='bbox 1407 1267 1571 1340; x_wconf 82' lang='grc' dir='ltr'>ζωήν.</span> 
     </span>
    </p>
   </div>
   <div class='ocr_carea' id='block_1_16' title="bbox 358 1441 1851 1517">
    <p class='ocr_par' dir='ltr' id='par_1_16' title="bbox 358 1441 1851 1517">
     <span class='ocr_line' id='line_1_16' title="bbox 358 1441 1851 1517; baseline 0.005 -22"><span class='ocrx_word' id='word_1_114' title='bbox 358 1441 677 1512; x_wconf 78' lang='grc' dir='ltr'>Διέρρηξας</span> <span class='ocrx_word' id='word_1_115' title='bbox 703 1444 843 1511; x_wconf 83' lang='grc' dir='ltr'>τοὺς</span> <span class='ocrx_word' id='word_1_116' title='bbox 864 1444 1126 1516; x_wconf 82' lang='grc' dir='ltr'>δεσμούς</span> <span class='ocrx_word' id='word_1_117' title='bbox 1145 1465 1287 1517; x_wconf 82' lang='grc' dir='ltr'>μου.</span> <span class='ocrx_word' id='word_1_118' title='bbox 1324 1466 1376 1502; x_wconf 89' lang='grc' dir='ltr'><strong>κ.</strong></span> <span class='ocrx_word' id='word_1_119' title='bbox 1396 1465 1445 1502; x_wconf 87' lang='grc' dir='ltr'><strong>τ.</strong></span> <span class='ocrx_word' id='word_1_120' title='bbox 1470 1449 1518 1501; x_wconf 87' lang='grc' dir='ltr'>ὲ.</span> <span class='ocrx_word' id='word_1_121' title='bbox 1580 1447 1721 1517; x_wconf 78' lang='grc' dir='ltr'>Πρὸς</span> <span class='ocrx_word' id='word_1_122' title='bbox 1771 1448 1851 1511; x_wconf 82' lang='grc' dir='ltr'>τὸ,</span> 
     </span>
    </p>
   </div>
   <div class='ocr_carea' id='block_1_17' title="bbox 291 1533 1854 1611">
    <p class='ocr_par' dir='ltr' id='par_1_17' title="bbox 291 1533 1854 1611">
     <span class='ocr_line' id='line_1_17' title="bbox 291 1533 1854 1611; baseline 0.006 -27"><span class='ocrx_word' id='word_1_123' title='bbox 291 1551 312 1584; x_wconf 70' lang='grc' dir='ltr'><strong>ι</strong></span> <span class='ocrx_word' id='word_1_124' title='bbox 345 1534 410 1586; x_wconf 90' lang='grc' dir='ltr'>Τί</span> <span class='ocrx_word' id='word_1_125' title='bbox 434 1533 797 1591; x_wconf 79' lang='grc' dir='ltr'>ἀνταποδώσω</span> <span class='ocrx_word' id='word_1_126' title='bbox 826 1536 903 1608; x_wconf 77' lang='grc' dir='ltr'>τῷ</span> <span class='ocrx_word' id='word_1_127' title='bbox 927 1538 1116 1611; x_wconf 83' lang='grc' dir='ltr'>Κυρίῳ</span> <span class='ocrx_word' id='word_1_128' title='bbox 1136 1555 1181 1603; x_wconf 81' lang='grc'><strong>;›</strong></span> <span class='ocrx_word' id='word_1_129' title='bbox 1218 1539 1364 1593; x_wconf 86' lang='grc' dir='ltr'>δοκεῖ</span> <span class='ocrx_word' id='word_1_130' title='bbox 1391 1556 1481 1610; x_wconf 88' lang='grc' dir='ltr'><strong>μοι</strong></span> <span class='ocrx_word' id='word_1_131' title='bbox 1513 1539 1854 1594; x_wconf 82' lang='grc' dir='ltr'>ἀποδίδοσθαι</span> 
     </span>
    </p>
   </div>
   <div class='ocr_carea' id='block_1_18' title="bbox 282 1622 1854 1703">
    <p class='ocr_par' dir='ltr' id='par_1_18' title="bbox 282 1622 1854 1703">
     <span class='ocr_line' id='line_1_18' title="bbox 282 1622 1854 1703; baseline 0.007 -28"><span class='ocrx_word' id='word_1_132' title='bbox 282 1622 501 1694; x_wconf 79' lang='grc' dir='ltr'>πρῶτον</span> <span class='ocrx_word' id='word_1_133' title='bbox 526 1624 644 1695; x_wconf 79' lang='grc' dir='ltr'>μὲν,</span> <span class='ocrx_word' id='word_1_134' title='bbox 682 1644 702 1679; x_wconf 83' lang='grc'>‹</span> <span class='ocrx_word' id='word_1_135' title='bbox 737 1628 991 1699; x_wconf 84' lang='grc' dir='ltr'>ποτήριον</span> <span class='ocrx_word' id='word_1_136' title='bbox 1022 1630 1287 1702; x_wconf 83' lang='grc' dir='ltr'>σωτηρίου</span> <span class='ocrx_word' id='word_1_137' title='bbox 1309 1631 1574 1703; x_wconf 81' lang='grc' dir='ltr'>λήψομαι·</span> <span class='ocrx_word' id='word_1_138' title='bbox 1615 1650 1635 1683; x_wconf 69' lang='grc' dir='ltr'><strong>ι</strong></span> <span class='ocrx_word' id='word_1_139' title='bbox 1669 1631 1854 1686; x_wconf 86' lang='grc' dir='ltr'>δεύτε-</span> 
     </span>
    </p>
   </div>
   <div class='ocr_carea' id='block_1_19' title="bbox 289 1713 1852 1794">
    <p class='ocr_par' dir='ltr' id='par_1_19' title="bbox 289 1713 1852 1794">
     <span class='ocr_line' id='line_1_19' title="bbox 289 1713 1852 1794; baseline 0.006 -27"><span class='ocrx_word' id='word_1_140' title='bbox 289 1729 384 1785; x_wconf 89' lang='grc' dir='ltr'><strong>ρον</strong></span> <span class='ocrx_word' id='word_1_141' title='bbox 414 1713 575 1781; x_wconf 81' lang='grc' dir='ltr'>δὲτὸ,</span> <span class='ocrx_word' id='word_1_142' title='bbox 607 1735 626 1769; x_wconf 73' lang='grc' dir='ltr'><strong>ι</strong></span> <span class='ocrx_word' id='word_1_143' title='bbox 664 1716 762 1782; x_wconf 78' lang='grc' dir='ltr'><strong>τὰς</strong></span> <span class='ocrx_word' id='word_1_144' title='bbox 811 1719 975 1789; x_wconf 83' lang='grc' dir='ltr'>εὐχάς</span> <span class='ocrx_word' id='word_1_145' title='bbox 1011 1738 1111 1791; x_wconf 71' lang='grc' dir='ltr'><strong>μου</strong></span> <span class='ocrx_word' id='word_1_146' title='bbox 1143 1720 1438 1775; x_wconf 86' lang='grc' dir='ltr'>ἀποδώσω·</span> <span class='ocrx_word' id='word_1_147' title='bbox 1479 1741 1498 1775; x_wconf 78' lang='grc' dir='ltr'><strong>ι</strong></span> <span class='ocrx_word' id='word_1_148' title='bbox 1526 1723 1707 1794; x_wconf 90' lang='grc' dir='ltr'>τρίτον</span> <span class='ocrx_word' id='word_1_149' title='bbox 1769 1723 1852 1792; x_wconf 89' lang='lat' dir='ltr'><strong>rb,</strong></span> 
     </span>
    </p>
   </div>
   <div class='ocr_carea' id='block_1_20' title="bbox 290 1804 1854 1885">
    <p class='ocr_par' dir='ltr' id='par_1_20' title="bbox 290 1804 1854 1885">
     <span class='ocr_line' id='line_1_20' title="bbox 290 1804 1854 1885; baseline 0.008 -29"><span class='ocrx_word' id='word_1_150' title='bbox 290 1822 309 1856; x_wconf 73' lang='grc' dir='ltr'><strong>ι</strong></span> <span class='ocrx_word' id='word_1_151' title='bbox 350 1804 434 1859; x_wconf 76' lang='grc' dir='ltr'>σοὶ</span> <span class='ocrx_word' id='word_1_152' title='bbox 468 1804 614 1861; x_wconf 73' lang='grc' dir='ltr'>θύσω</span> <span class='ocrx_word' id='word_1_153' title='bbox 648 1808 838 1864; x_wconf 84' lang='grc' dir='ltr'>Θυσίαν</span> <span class='ocrx_word' id='word_1_154' title='bbox 875 1810 1134 1876; x_wconf 82' lang='grc' dir='ltr'>αἰνέσεως</span> <span class='ocrx_word' id='word_1_155' title='bbox 1156 1829 1170 1842; x_wconf 88' lang='grc'><strong>·</strong></span> <span class='ocrx_word' id='word_1_156' title='bbox 1214 1831 1233 1865; x_wconf 73' lang='grc' dir='ltr'><strong>ι</strong></span> <span class='ocrx_word' id='word_1_157' title='bbox 1268 1813 1525 1885; x_wconf 85' lang='grc' dir='ltr'>τέταρτον</span> <span class='ocrx_word' id='word_1_158' title='bbox 1564 1815 1647 1877; x_wconf 85' lang='lat' dir='ltr'><strong>rb,</strong></span> <span class='ocrx_word' id='word_1_159' title='bbox 1702 1834 1720 1866; x_wconf 76' lang='grc' dir='ltr'><strong>ι</strong></span> <span class='ocrx_word' id='word_1_160' title='bbox 1753 1814 1854 1879; x_wconf 82' lang='grc' dir='ltr'><strong>τὰς</strong></span> 
     </span>
    </p>
   </div>
   <div class='ocr_carea' id='block_1_21' title="bbox 284 1896 1854 1978">
    <p class='ocr_par' dir='ltr' id='par_1_21' title="bbox 284 1896 1854 1978">
     <span class='ocr_line' id='line_1_21' title="bbox 284 1896 1854 1978; baseline 0.007 -29"><span class='ocrx_word' id='word_1_161' title='bbox 284 1896 454 1967; x_wconf 78' lang='grc' dir='ltr'>εὐχάς</span> <span class='ocrx_word' id='word_1_162' title='bbox 484 1914 586 1969; x_wconf 90' lang='grc' dir='ltr'><strong>μου</strong></span> <span class='ocrx_word' id='word_1_163' title='bbox 617 1916 696 1971; x_wconf 88' lang='grc' dir='ltr'><strong>τῳ</strong></span> <span class='ocrx_word' id='word_1_164' title='bbox 724 1901 911 1972; x_wconf 83' lang='grc' dir='ltr'>Κυρίῳ</span> <span class='ocrx_word' id='word_1_165' title='bbox 935 1901 1218 1957; x_wconf 86' lang='grc' dir='ltr'>ἀποδώσω.</span> <span class='ocrx_word' id='word_1_166' title='bbox 1244 1921 1263 1954; x_wconf 72' lang='grc' dir='ltr'><strong>ι</strong></span> <span class='ocrx_word' id='word_1_167' title='bbox 1302 1902 1462 1957; x_wconf 80' lang='grc' dir='ltr'>Ἀλλά</span> <span class='ocrx_word' id='word_1_168' title='bbox 1493 1904 1554 1959; x_wconf 82' lang='grc' dir='ltr'>τὸ</span> <span class='ocrx_word' id='word_1_169' title='bbox 1583 1906 1682 1976; x_wconf 84' lang='grc' dir='ltr'>μὲν</span> <span class='ocrx_word' id='word_1_170' title='bbox 1720 1906 1854 1978; x_wconf 71' lang='grc' dir='ltr'><strong>πρό⁴</strong></span> 
     </span>
    </p>
   </div>
   <div class='ocr_carea' id='block_1_22' title="bbox 283 1989 1852 2069">
    <p class='ocr_par' dir='ltr' id='par_1_22' title="bbox 283 1989 1852 2069">
     <span class='ocr_line' id='line_1_22' title="bbox 283 1989 1852 2069; baseline 0.007 -29"><span class='ocrx_word' id='word_1_171' title='bbox 283 2003 465 2060; x_wconf 89' lang='grc' dir='ltr'>τερον,</span> <span class='ocrx_word' id='word_1_172' title='bbox 494 2008 513 2042; x_wconf 74' lang='grc' dir='ltr'><strong>ι</strong></span> <span class='ocrx_word' id='word_1_173' title='bbox 546 1989 642 2054; x_wconf 81' lang='grc' dir='ltr'><strong>τὰς</strong></span> <span class='ocrx_word' id='word_1_174' title='bbox 676 1990 842 2062; x_wconf 79' lang='grc' dir='ltr'>εὐχάς</span> <span class='ocrx_word' id='word_1_175' title='bbox 886 2009 987 2062; x_wconf 84' lang='grc' dir='ltr'><strong>μου</strong></span> <span class='ocrx_word' id='word_1_176' title='bbox 1041 1991 1323 2058; x_wconf 84' lang='grc' dir='ltr'>ἀποδώσω,</span> <span class='ocrx_word' id='word_1_177' title='bbox 1357 2014 1375 2046; x_wconf 77' lang='grc' dir='ltr'><strong>ι</strong></span> <span class='ocrx_word' id='word_1_178' title='bbox 1414 1995 1573 2065; x_wconf 79' lang='grc' dir='ltr'>μόνον</span> <span class='ocrx_word' id='word_1_179' title='bbox 1617 1996 1730 2069; x_wconf 77' lang='grc' dir='ltr'>ἔχει</span> <span class='ocrx_word' id='word_1_180' title='bbox 1770 1998 1852 2063; x_wconf 87' lang='lat' dir='ltr'><strong>rb,</strong></span> 
     </span>
    </p>
   </div>
   <div class='ocr_carea' id='block_1_23' title="bbox 285 2080 1856 2160">
    <p class='ocr_par' dir='ltr' id='par_1_23' title="bbox 285 2080 1856 2160">
     <span class='ocr_line' id='line_1_23' title="bbox 285 2080 1856 2160; baseline 0.007 -28"><span class='ocrx_word' id='word_1_181' title='bbox 285 2097 307 2132; x_wconf 72' lang='grc' dir='ltr'><strong>ι</strong></span> <span class='ocrx_word' id='word_1_182' title='bbox 349 2080 588 2136; x_wconf 80' lang='grc' dir='ltr'>ἐναντίον</span> <span class='ocrx_word' id='word_1_183' title='bbox 620 2083 820 2146; x_wconf 75' lang='grc' dir='ltr'>παντὸς</span> <span class='ocrx_word' id='word_1_184' title='bbox 838 2084 932 2139; x_wconf 88' lang='grc' dir='ltr'><strong>τοῦ</strong></span> <span class='ocrx_word' id='word_1_185' title='bbox 955 2082 1084 2141; x_wconf 83' lang='grc' dir='ltr'>λαοῦ</span> <span class='ocrx_word' id='word_1_186' title='bbox 1108 2084 1271 2139; x_wconf 78' lang='grc' dir='ltr'>αὑτοῦ</span> <span class='ocrx_word' id='word_1_187' title='bbox 1297 2102 1309 2117; x_wconf 90' lang='grc'><strong>·</strong></span> <span class='ocrx_word' id='word_1_188' title='bbox 1338 2106 1357 2137; x_wconf 73' lang='grc' dir='ltr'><strong>ι</strong></span> <span class='ocrx_word' id='word_1_189' title='bbox 1409 2086 1471 2140; x_wconf 84' lang='lat' dir='ltr'><strong>rb</strong></span> <span class='ocrx_word' id='word_1_190' title='bbox 1510 2087 1567 2141; x_wconf 84' lang='grc' dir='ltr'>δὲ</span> <span class='ocrx_word' id='word_1_191' title='bbox 1605 2088 1856 2160; x_wconf 86' lang='grc' dir='ltr'>δεύτερον</span> 
     </span>
    </p>
   </div>
   <div class='ocr_carea' id='block_1_24' title="bbox 280 2170 1856 2246">
    <p class='ocr_par' dir='ltr' id='par_1_24' title="bbox 280 2170 1856 2246">
     <span class='ocr_line' id='line_1_24' title="bbox 280 2170 1856 2246; baseline 0.006 -23"><span class='ocrx_word' id='word_1_192' title='bbox 280 2171 384 2224; x_wconf 67' lang='grc' dir='ltr'>καὶ</span> <span class='ocrx_word' id='word_1_193' title='bbox 406 2170 488 2236; x_wconf 86' lang='lat' dir='ltr'><strong>rb,</strong></span> <span class='ocrx_word' id='word_1_194' title='bbox 523 2190 542 2223; x_wconf 74' lang='grc' dir='ltr'><strong>ι</strong></span> <span class='ocrx_word' id='word_1_195' title='bbox 580 2173 638 2229; x_wconf 76' lang='grc' dir='ltr'>ἐν</span> <span class='ocrx_word' id='word_1_196' title='bbox 689 2172 879 2236; x_wconf 77' lang='grc' dir='ltr'>αὐλαῖς</span> <span class='ocrx_word' id='word_1_197' title='bbox 926 2172 1075 2227; x_wconf 76' lang='grc' dir='ltr'>οἴκου</span> <span class='ocrx_word' id='word_1_198' title='bbox 1123 2174 1351 2246; x_wconf 85' lang='grc' dir='ltr'>Κυρίου,</span> <span class='ocrx_word' id='word_1_199' title='bbox 1412 2194 1431 2227; x_wconf 84' lang='grc'><strong>›</strong></span> <span class='ocrx_word' id='word_1_200' title='bbox 1463 2178 1555 2230; x_wconf 73' lang='grc' dir='ltr'><strong>καὶ</strong></span> <span class='ocrx_word' id='word_1_201' title='bbox 1586 2177 1666 2241; x_wconf 83' lang='grc' dir='ltr'>τὸ,</span> <span class='ocrx_word' id='word_1_202' title='bbox 1739 2195 1757 2228; x_wconf 85' lang='grc'><strong>‹</strong></span> <span class='ocrx_word' id='word_1_203' title='bbox 1798 2179 1856 2232; x_wconf 80' lang='grc' dir='ltr'>ὲν</span> 
     </span>
    </p>
   </div>
   <div class='ocr_carea' id='block_1_25' title="bbox 282 2263 1854 2342">
    <p class='ocr_par' dir='ltr' id='par_1_25' title="bbox 282 2263 1854 2342">
     <span class='ocr_line' id='line_1_25' title="bbox 282 2263 1854 2342; baseline 0.004 -26"><span class='ocrx_word' id='word_1_204' title='bbox 282 2263 443 2335; x_wconf 88' lang='grc' dir='ltr'>μέσῳ</span> <span class='ocrx_word' id='word_1_205' title='bbox 491 2281 613 2328; x_wconf 89' lang='grc' dir='ltr'>σου,</span> <span class='ocrx_word' id='word_1_206' title='bbox 651 2266 1020 2338; x_wconf 84' lang='grc' dir='ltr'>Ἰερουσαλήμ.</span> <span class='ocrx_word' id='word_1_207' title='bbox 1078 2288 1097 2321; x_wconf 70' lang='grc' dir='ltr'><strong>ο</strong></span> <span class='ocrx_word' id='word_1_208' title='bbox 1152 2270 1263 2325; x_wconf 75' lang='grc' dir='ltr'>Καὶ</span> <span class='ocrx_word' id='word_1_209' title='bbox 1320 2269 1380 2324; x_wconf 88' lang='lat' dir='ltr'><strong>rb</strong></span> <span class='ocrx_word' id='word_1_210' title='bbox 1434 2269 1531 2340; x_wconf 85' lang='grc' dir='ltr'>μὲν</span> <span class='ocrx_word' id='word_1_211' title='bbox 1571 2271 1854 2342; x_wconf 81' lang='grc' dir='ltr'>πρότερον,</span> 
     </span>
    </p>
   </div>
   <div class='ocr_carea' id='block_1_26' title="bbox 283 2355 1855 2433">
    <p class='ocr_par' dir='ltr' id='par_1_26' title="bbox 283 2355 1855 2433">
     <span class='ocr_line' id='line_1_26' title="bbox 283 2355 1855 2433; baseline 0.005 -25"><span class='ocrx_word' id='word_1_212' title='bbox 283 2373 304 2408; x_wconf 78' lang='grc' dir='ltr'><strong>ι</strong></span> <span class='ocrx_word' id='word_1_213' title='bbox 335 2355 442 2420; x_wconf 81' lang='grc' dir='ltr'><strong>τὰς</strong></span> <span class='ocrx_word' id='word_1_214' title='bbox 467 2356 630 2427; x_wconf 77' lang='grc' dir='ltr'>εὐχάς</span> <span class='ocrx_word' id='word_1_215' title='bbox 652 2375 753 2429; x_wconf 92' lang='grc' dir='ltr'><strong>μου</strong></span> <span class='ocrx_word' id='word_1_216' title='bbox 786 2360 863 2431; x_wconf 82' lang='grc' dir='ltr'><strong>τῷ</strong></span> <span class='ocrx_word' id='word_1_217' title='bbox 912 2360 1103 2433; x_wconf 83' lang='grc' dir='ltr'>Κυρίῳ</span> <span class='ocrx_word' id='word_1_218' title='bbox 1154 2360 1433 2428; x_wconf 87' lang='grc' dir='ltr'>ἀποδώσω,</span> <span class='ocrx_word' id='word_1_219' title='bbox 1467 2380 1487 2413; x_wconf 71' lang='grc' dir='ltr'><strong>ι</strong></span> <span class='ocrx_word' id='word_1_220' title='bbox 1538 2362 1855 2431; x_wconf 76' lang='grc' dir='ltr'>ἐπιφέρεται</span> 
     </span>
    </p>
   </div>
   <div class='ocr_carea' id='block_1_27' title="bbox 279 2448 1857 2526">
    <p class='ocr_par' dir='ltr' id='par_1_27' title="bbox 279 2448 1857 2526">
     <span class='ocr_line' id='line_1_27' title="bbox 279 2448 1857 2526; baseline 0.005 -25"><span class='ocrx_word' id='word_1_221' title='bbox 279 2448 367 2520; x_wconf 78' lang='grc' dir='ltr'>τῷ</span> <span class='ocrx_word' id='word_1_222' title='bbox 401 2450 644 2521; x_wconf 73' lang='grc' dir='ltr'>ποτηρίῳ</span> <span class='ocrx_word' id='word_1_223' title='bbox 672 2451 765 2505; x_wconf 91' lang='grc' dir='ltr'><strong>τοῦ</strong></span> <span class='ocrx_word' id='word_1_224' title='bbox 799 2453 1067 2525; x_wconf 71' lang='grc' dir='ltr'>σωτηρίου</span> <span class='ocrx_word' id='word_1_225' title='bbox 1088 2471 1102 2485; x_wconf 80' lang='grc'><em>’</em></span> <span class='ocrx_word' id='word_1_226' title='bbox 1133 2453 1196 2508; x_wconf 88' lang='lat' dir='ltr'><strong>rb</strong></span> <span class='ocrx_word' id='word_1_227' title='bbox 1231 2455 1288 2508; x_wconf 83' lang='grc' dir='ltr'>δὲ</span> <span class='ocrx_word' id='word_1_228' title='bbox 1309 2454 1557 2526; x_wconf 85' lang='grc' dir='ltr'>δεύτερον</span> <span class='ocrx_word' id='word_1_229' title='bbox 1578 2455 1670 2510; x_wconf 75' lang='grc' dir='ltr'><strong>ἐπὶ</strong></span> <span class='ocrx_word' id='word_1_230' title='bbox 1721 2456 1857 2510; x_wconf 81' lang='grc' dir='ltr'>πᾶσι</span> 
     </span>
    </p>
   </div>
   <div class='ocr_carea' id='block_1_28' title="bbox 278 2540 1850 2618">
    <p class='ocr_par' dir='ltr' id='par_1_28' title="bbox 278 2540 1850 2618">
     <span class='ocr_line' id='line_1_28' title="bbox 278 2540 1850 2618; baseline 0.006 -27"><span class='ocrx_word' id='word_1_231' title='bbox 278 2540 383 2592; x_wconf 58' lang='grc' dir='ltr'>καὶ</span> <span class='ocrx_word' id='word_1_232' title='bbox 410 2542 768 2613; x_wconf 86' lang='grc' dir='ltr'>συνημμένως</span> <span class='ocrx_word' id='word_1_233' title='bbox 795 2543 890 2615; x_wconf 83' lang='grc' dir='ltr'><strong>τῷ,</strong></span> <span class='ocrx_word' id='word_1_234' title='bbox 931 2564 948 2596; x_wconf 79' lang='grc' dir='ltr'><strong>ι</strong></span> <span class='ocrx_word' id='word_1_235' title='bbox 985 2544 1270 2617; x_wconf 78' lang='grc' dir='ltr'>διέρῤηξας</span> <span class='ocrx_word' id='word_1_236' title='bbox 1290 2545 1414 2611; x_wconf 82' lang='grc' dir='ltr'>τοὺς</span> <span class='ocrx_word' id='word_1_237' title='bbox 1437 2546 1668 2616; x_wconf 85' lang='grc' dir='ltr'>δεσμούς</span> <span class='ocrx_word' id='word_1_238' title='bbox 1694 2564 1850 2618; x_wconf 63' lang='lat' dir='ltr'><strong>pou,»</strong></span> 
     </span>
    </p>
   </div>
   <div class='ocr_carea' id='block_1_29' title="bbox 175 2630 1855 2704">
    <p class='ocr_par' dir='ltr' id='par_1_29' title="bbox 175 2630 1855 2704">
     <span class='ocr_line' id='line_1_29' title="bbox 175 2630 1855 2704; baseline 0.006 -20"><span class='ocrx_word' id='word_1_239' title='bbox 175 2630 180 2637; x_wconf 83' lang='grc'><em>’</em></span> <span class='ocrx_word' id='word_1_240' title='bbox 279 2631 384 2685; x_wconf 64' lang='grc' dir='ltr'><strong>καὶ</strong></span> <span class='ocrx_word' id='word_1_241' title='bbox 413 2631 512 2704; x_wconf 85' lang='grc' dir='ltr'><strong>τῷ,</strong></span> <span class='ocrx_word' id='word_1_242' title='bbox 546 2652 565 2684; x_wconf 76' lang='grc' dir='ltr'><strong>ι</strong></span> <span class='ocrx_word' id='word_1_243' title='bbox 609 2633 692 2686; x_wconf 73' lang='grc' dir='ltr'>σοὶ</span> <span class='ocrx_word' id='word_1_244' title='bbox 719 2634 865 2688; x_wconf 82' lang='grc' dir='ltr'>θύσω</span> <span class='ocrx_word' id='word_1_245' title='bbox 889 2635 1076 2690; x_wconf 86' lang='grc' dir='ltr'>θυσίαν</span> <span class='ocrx_word' id='word_1_246' title='bbox 1109 2636 1366 2701; x_wconf 78' lang='grc' dir='ltr'>αἰνέσεως</span> <span class='ocrx_word' id='word_1_247' title='bbox 1388 2655 1402 2668; x_wconf 73' lang='grc' dir='ltr'><strong>ο</strong></span> <span class='ocrx_word' id='word_1_248' title='bbox 1440 2657 1460 2690; x_wconf 75' lang='grc' dir='ltr'><strong>ι</strong></span> <span class='ocrx_word' id='word_1_249' title='bbox 1500 2638 1560 2691; x_wconf 90' lang='lat' dir='ltr'><strong>rb</strong></span> <span class='ocrx_word' id='word_1_250' title='bbox 1592 2638 1649 2692; x_wconf 87' lang='grc' dir='ltr'>δὲ</span> <span class='ocrx_word' id='word_1_251' title='bbox 1674 2677 1690 2703; x_wconf 91' lang='grc'><strong>,</strong></span> <span class='ocrx_word' id='word_1_252' title='bbox 1737 2657 1757 2690; x_wconf 79' lang='grc' dir='ltr'><strong>ι</strong></span> <span class='ocrx_word' id='word_1_253' title='bbox 1791 2640 1855 2694; x_wconf 79' lang='grc' dir='ltr'>σὺ</span> 
     </span>
    </p>
   </div>
   <div class='ocr_carea' id='block_1_30' title="bbox 276 2721 1857 2801">
    <p class='ocr_par' dir='ltr' id='par_1_30' title="bbox 276 2721 1857 2801">
     <span class='ocr_line' id='line_1_30' title="bbox 276 2721 1857 2801; baseline 0.006 -26"><span class='ocrx_word' id='word_1_254' title='bbox 276 2721 576 2795; x_wconf 81' lang='grc' dir='ltr'>διέῤῥηξας</span> <span class='ocrx_word' id='word_1_255' title='bbox 607 2724 732 2788; x_wconf 77' lang='grc' dir='ltr'>τοὺς</span> <span class='ocrx_word' id='word_1_256' title='bbox 775 2724 1007 2797; x_wconf 86' lang='grc' dir='ltr'>δεσμούς</span> <span class='ocrx_word' id='word_1_257' title='bbox 1037 2744 1157 2797; x_wconf 86' lang='grc' dir='ltr'>μου,</span> <span class='ocrx_word' id='word_1_258' title='bbox 1199 2746 1219 2778; x_wconf 71' lang='grc' dir='ltr'><strong>ι</strong></span> <span class='ocrx_word' id='word_1_259' title='bbox 1275 2727 1354 2799; x_wconf 82' lang='grc' dir='ltr'><strong>τῷ</strong></span> <span class='ocrx_word' id='word_1_260' title='bbox 1412 2728 1857 2801; x_wconf 78' lang='grc' dir='ltr'>τιμίῳὲναντίον</span> 
     </span>
    </p>
   </div>
   <div class='ocr_carea' id='block_1_31' title="bbox 280 2813 1859 2891">
    <p class='ocr_par' dir='ltr' id='par_1_31' title="bbox 280 2813 1859 2891">
     <span class='ocr_line' id='line_1_31' title="bbox 280 2813 1859 2891; baseline 0.007 -25"><span class='ocrx_word' id='word_1_261' title='bbox 280 2814 481 2885; x_wconf 81' lang='grc' dir='ltr'>Κυρίῳ</span> <span class='ocrx_word' id='word_1_262' title='bbox 509 2813 752 2887; x_wconf 66' lang='grc' dir='ltr'>θανάτῳ*</span> <span class='ocrx_word' id='word_1_263' title='bbox 782 2816 811 2869; x_wconf 85' lang='grc' dir='ltr'><strong>ὃ</strong></span> <span class='ocrx_word' id='word_1_264' title='bbox 856 2816 1083 2882; x_wconf 80' lang='grc' dir='ltr'>δοξάσας</span> <span class='ocrx_word' id='word_1_265' title='bbox 1126 2816 1217 2872; x_wconf 89' lang='grc' dir='ltr'><strong>τοῦ</strong></span> <span class='ocrx_word' id='word_1_266' title='bbox 1261 2819 1556 2891; x_wconf 81' lang='grc' dir='ltr'>μαρτυρίου</span> <span class='ocrx_word' id='word_1_267' title='bbox 1598 2821 1689 2875; x_wconf 76' lang='grc' dir='ltr'>τὸν</span> <span class='ocrx_word' id='word_1_268' title='bbox 1726 2822 1859 2879; x_wconf 82' lang='grc' dir='ltr'>Θεὸν</span> 
     </span>
    </p>
   </div>
   <div class='ocr_carea' id='block_1_32' title="bbox 284 2903 1859 2985">
    <p class='ocr_par' dir='ltr' id='par_1_32' title="bbox 284 2903 1859 2985">
     <span class='ocr_line' id='line_1_32' title="bbox 284 2903 1859 2985; baseline 0.009 -28"><span class='ocrx_word' id='word_1_269' title='bbox 284 2903 436 2974; x_wconf 85' lang='grc' dir='ltr'>λέγει</span> <span class='ocrx_word' id='word_1_270' title='bbox 471 2905 562 2958; x_wconf 78' lang='grc' dir='ltr'><strong>ἐπὶ</strong></span> <span class='ocrx_word' id='word_1_271' title='bbox 597 2905 674 2977; x_wconf 84' lang='grc' dir='ltr'>τῷ</span> <span class='ocrx_word' id='word_1_272' title='bbox 703 2906 791 2961; x_wconf 83' lang='grc' dir='ltr'><strong>διὰ</strong></span> <span class='ocrx_word' id='word_1_273' title='bbox 843 2909 1141 2980; x_wconf 81' lang='grc' dir='ltr'>μαρτυρίου</span> <span class='ocrx_word' id='word_1_274' title='bbox 1181 2909 1280 2975; x_wconf 81' lang='grc' dir='ltr'><strong>τὰς</strong></span> <span class='ocrx_word' id='word_1_275' title='bbox 1315 2914 1718 2985; x_wconf 86' lang='grc' dir='ltr'>προγενομένας</span> <span class='ocrx_word' id='word_1_276' title='bbox 1753 2933 1859 2971; x_wconf 81' lang='grc' dir='ltr'>σει-</span> 
     </span>
    </p>
   </div>
   <div class='ocr_carea' id='block_1_33' title="bbox 292 2995 1855 3075">
    <p class='ocr_par' dir='ltr' id='par_1_33' title="bbox 292 2995 1855 3075">
     <span class='ocr_line' id='line_1_33' title="bbox 292 2995 1855 3075; baseline 0.007 -24"><span class='ocrx_word' id='word_1_277' title='bbox 292 2995 391 3068; x_wconf 82' lang='grc' dir='ltr'><strong>ράς</strong></span> <span class='ocrx_word' id='word_1_278' title='bbox 416 2996 525 3051; x_wconf 88' lang='grc' dir='ltr'>τῶν</span> <span class='ocrx_word' id='word_1_279' title='bbox 551 2997 833 3069; x_wconf 83' lang='grc' dir='ltr'>ἁμαρτιῶν</span> <span class='ocrx_word' id='word_1_280' title='bbox 858 3000 1022 3055; x_wconf 78' lang='grc' dir='ltr'>αὑτοῦ</span> <span class='ocrx_word' id='word_1_281' title='bbox 1060 3001 1376 3074; x_wconf 78' lang='grc' dir='ltr'>διερῤἦχθαι</span> <span class='ocrx_word' id='word_1_282' title='bbox 1425 3004 1532 3059; x_wconf 79' lang='grc' dir='ltr'>ἀπὸ</span> <span class='ocrx_word' id='word_1_283' title='bbox 1572 3006 1730 3073; x_wconf 88' lang='grc' dir='ltr'>Θεοῦ,</span> <span class='ocrx_word' id='word_1_284' title='bbox 1776 3008 1855 3075; x_wconf 81' lang='grc' dir='ltr'>ὥς</span> 
     </span>
    </p>
   </div>
   <div class='ocr_carea' id='block_1_34' title="bbox 1961 438 3524 508">
    <p class='ocr_par' dir='ltr' id='par_1_34' title="bbox 1961 438 3524 508">
     <span class='ocr_line' id='line_1_34' title="bbox 1961 438 3524 508; baseline 0.006 -17"><span class='ocrx_word' id='word_1_285' title='bbox 1961 438 2192 493; x_wconf 90' lang='lat' dir='ltr'><strong>Domino</strong></span> <span class='ocrx_word' id='word_1_286' title='bbox 2238 453 2333 508; x_wconf 88' lang='lat' dir='ltr'><strong>pro</strong></span> <span class='ocrx_word' id='word_1_287' title='bbox 2366 439 2616 494; x_wconf 84' lang='lat' dir='ltr'><strong>omnibus</strong></span> <span class='ocrx_word' id='word_1_288' title='bbox 2658 456 2778 508; x_wconf 69' lang='lat' dir='ltr'><strong>quae</strong></span> <span class='ocrx_word' id='word_1_289' title='bbox 2809 440 3065 497; x_wconf 89' lang='lat' dir='ltr'><strong>retribuit</strong></span> <span class='ocrx_word' id='word_1_290' title='bbox 3108 443 3275 500; x_wconf 87' lang='lat' dir='ltr'><strong>mihi?</strong></span> <span class='ocrx_word' id='word_1_291' title='bbox 3304 464 3324 499; x_wconf 73' lang='grc' dir='ltr'><strong><em>ι</em></strong></span> <span class='ocrx_word' id='word_1_292' title='bbox 3357 445 3524 502; x_wconf 87' lang='lat' dir='ltr'><strong>Innu-</strong></span> 
     </span>
    </p>
   </div>
   <div class='ocr_carea' id='block_1_35' title="bbox 1961 529 3525 605">
    <p class='ocr_par' dir='ltr' id='par_1_35' title="bbox 1961 529 3525 605">
     <span class='ocr_line' id='line_1_35' title="bbox 1961 529 3525 605; baseline 0.01 -24"><span class='ocrx_word' id='word_1_293' title='bbox 1961 542 2105 582; x_wconf 84' lang='lat' dir='ltr'><strong>mera</strong></span> <span class='ocrx_word' id='word_1_294' title='bbox 2138 529 2280 584; x_wconf 89' lang='lat' dir='ltr'><strong>enim</strong></span> <span class='ocrx_word' id='word_1_295' title='bbox 2326 529 2418 584; x_wconf 94' lang='lat' dir='ltr'><strong>Dei</strong></span> <span class='ocrx_word' id='word_1_296' title='bbox 2460 545 2681 584; x_wconf 88' lang='lat' dir='ltr'><strong>munera</strong></span> <span class='ocrx_word' id='word_1_297' title='bbox 2709 532 3039 601; x_wconf 81' lang='lat' dir='ltr'><strong>expendens,</strong></span> <span class='ocrx_word' id='word_1_298' title='bbox 3073 535 3217 605; x_wconf 90' lang='lat' dir='ltr'><strong>quod</strong></span> <span class='ocrx_word' id='word_1_299' title='bbox 3244 537 3313 592; x_wconf 92' lang='lat' dir='ltr'><strong>de</strong></span> <span class='ocrx_word' id='word_1_300' title='bbox 3354 538 3525 596; x_wconf 87' lang='lat' dir='ltr'><strong>nihilo</strong></span> 
     </span>
    </p>
   </div>
   <div class='ocr_carea' id='block_1_36' title="bbox 1959 618 3521 696">
    <p class='ocr_par' dir='ltr' id='par_1_36' title="bbox 1959 618 3521 696">
     <span class='ocr_line' id='line_1_36' title="bbox 1959 618 3521 696; baseline 0.008 -24"><span class='ocrx_word' id='word_1_301' title='bbox 1959 618 2012 672; x_wconf 90' lang='lat' dir='ltr'><strong>in</strong></span> <span class='ocrx_word' id='word_1_302' title='bbox 2058 618 2230 673; x_wconf 79' lang='lat' dir='ltr'><strong>lucem</strong></span> <span class='ocrx_word' id='word_1_303' title='bbox 2278 620 2573 688; x_wconf 85' lang='lat' dir='ltr'><strong>productus</strong></span> <span class='ocrx_word' id='word_1_304' title='bbox 2612 619 2682 673; x_wconf 91' lang='lat' dir='ltr'><strong>sit</strong></span> <span class='ocrx_word' id='word_1_305' title='bbox 2714 638 2728 673; x_wconf 87' lang='lat'><strong>:</strong></span> <span class='ocrx_word' id='word_1_306' title='bbox 2759 622 2901 690; x_wconf 85' lang='lat' dir='ltr'><strong>quod</strong></span> <span class='ocrx_word' id='word_1_307' title='bbox 2946 638 3011 677; x_wconf 79' lang='lat' dir='ltr'><strong>ex</strong></span> <span class='ocrx_word' id='word_1_308' title='bbox 3055 632 3196 678; x_wconf 88' lang='lat' dir='ltr'><strong>terra</strong></span> <span class='ocrx_word' id='word_1_309' title='bbox 3231 625 3521 696; x_wconf 68' lang='lat' dir='ltr'><strong>formatus,</strong></span> 
     </span>
    </p>
   </div>
   <div class='ocr_carea' id='block_1_37' title="bbox 1959 710 3526 789">
    <p class='ocr_par' dir='ltr' id='par_1_37' title="bbox 1959 710 3526 789">
     <span class='ocr_line' id='line_1_37' title="bbox 1959 710 3526 789; baseline 0.011 -28"><span class='ocrx_word' id='word_1_310' title='bbox 1959 710 2165 764; x_wconf 78' lang='lat' dir='ltr'><strong>ratione</strong></span> <span class='ocrx_word' id='word_1_311' title='bbox 2190 710 2445 778; x_wconf 64' lang='lat' dir='ltr'><strong>praeditus</strong></span> <span class='ocrx_word' id='word_1_312' title='bbox 2472 710 2562 774; x_wconf 92' lang='lat' dir='ltr'><strong>sit,</strong></span> <span class='ocrx_word' id='word_1_313' title='bbox 2584 711 2634 764; x_wconf 93' lang='lat' dir='ltr'><strong>in</strong></span> <span class='ocrx_word' id='word_1_314' title='bbox 2667 726 2769 780; x_wconf 87' lang='lat' dir='ltr'><strong>qua</strong></span> <span class='ocrx_word' id='word_1_315' title='bbox 2795 713 3034 777; x_wconf 73' lang='lat' dir='ltr'><strong>caelestis</strong></span> <span class='ocrx_word' id='word_1_316' title='bbox 3068 716 3357 789; x_wconf 78' lang='lat' dir='ltr'><strong>imaginem</strong></span> <span class='ocrx_word' id='word_1_317' title='bbox 3381 721 3526 779; x_wconf 84' lang='lat' dir='ltr'><strong>ferre</strong></span> 
     </span>
    </p>
   </div>
   <div class='ocr_carea' id='block_1_38' title="bbox 1957 800 3524 879">
    <p class='ocr_par' dir='ltr' id='par_1_38' title="bbox 1957 800 3524 879">
     <span class='ocr_line' id='line_1_38' title="bbox 1957 800 3524 879; baseline 0.01 -26"><span class='ocrx_word' id='word_1_318' title='bbox 1957 800 2134 855; x_wconf 81' lang='lat' dir='ltr'><strong>valeat</strong></span> <span class='ocrx_word' id='word_1_319' title='bbox 2165 820 2179 855; x_wconf 92' lang='lat'><strong>:</strong></span> <span class='ocrx_word' id='word_1_320' title='bbox 2206 800 2402 856; x_wconf 89' lang='lat' dir='ltr'><strong>deinde</strong></span> <span class='ocrx_word' id='word_1_321' title='bbox 2433 802 2525 857; x_wconf 91' lang='lat' dir='ltr'><strong>Dei</strong></span> <span class='ocrx_word' id='word_1_322' title='bbox 2554 818 2768 874; x_wconf 86' lang='lat' dir='ltr'><strong>quoque</strong></span> <span class='ocrx_word' id='word_1_323' title='bbox 2799 819 2895 874; x_wconf 87' lang='lat' dir='ltr'><strong>pro</strong></span> <span class='ocrx_word' id='word_1_324' title='bbox 2925 806 3163 863; x_wconf 85' lang='lat' dir='ltr'><strong>humano</strong></span> <span class='ocrx_word' id='word_1_325' title='bbox 3187 825 3385 879; x_wconf 78' lang='lat' dir='ltr'><strong>genere</strong></span> <span class='ocrx_word' id='word_1_326' title='bbox 3409 813 3524 869; x_wconf 92' lang='lat' dir='ltr'><strong>dis-</strong></span> 
     </span>
    </p>
   </div>
   <div class='ocr_carea' id='block_1_39' title="bbox 1957 894 3528 967">
    <p class='ocr_par' dir='ltr' id='par_1_39' title="bbox 1957 894 3528 967">
     <span class='ocr_line' id='line_1_39' title="bbox 1957 894 3528 967; baseline 0.007 -18"><span class='ocrx_word' id='word_1_327' title='bbox 1957 895 2327 964; x_wconf 89' lang='lat' dir='ltr'><strong>pensationem</strong></span> <span class='ocrx_word' id='word_1_328' title='bbox 2365 894 2657 965; x_wconf 74' lang='lat' dir='ltr'><strong>inspiciens</strong></span> <span class='ocrx_word' id='word_1_329' title='bbox 2678 935 2692 959; x_wconf 91' lang='lat'><strong>,</strong></span> <span class='ocrx_word' id='word_1_330' title='bbox 2738 898 3007 967; x_wconf 87' lang='lat' dir='ltr'><strong>quomodo</strong></span> <span class='ocrx_word' id='word_1_331' title='bbox 3039 897 3301 956; x_wconf 87' lang='lat' dir='ltr'><strong>Dominus</strong></span> <span class='ocrx_word' id='word_1_332' title='bbox 3325 917 3528 960; x_wconf 86' lang='lat' dir='ltr'><strong>semet-</strong></span> 
     </span>
    </p>
   </div>
   <div class='ocr_carea' id='block_1_40' title="bbox 1959 985 3521 1062">
    <p class='ocr_par' dir='ltr' id='par_1_40' title="bbox 1959 985 3521 1062">
     <span class='ocr_line' id='line_1_40' title="bbox 1959 985 3521 1062; baseline 0.009 -23"><span class='ocrx_word' id='word_1_333' title='bbox 1959 985 2134 1054; x_wconf 88' lang='lat' dir='ltr'><strong>ipsum</strong></span> <span class='ocrx_word' id='word_1_334' title='bbox 2174 986 2383 1041; x_wconf 86' lang='lat' dir='ltr'><strong>dederit</strong></span> <span class='ocrx_word' id='word_1_335' title='bbox 2412 985 2464 1039; x_wconf 91' lang='lat' dir='ltr'><strong>in</strong></span> <span class='ocrx_word' id='word_1_336' title='bbox 2496 986 2919 1057; x_wconf 88' lang='lat' dir='ltr'><strong>redemptionem</strong></span> <span class='ocrx_word' id='word_1_337' title='bbox 2956 1004 3053 1058; x_wconf 92' lang='lat' dir='ltr'><strong>pro</strong></span> <span class='ocrx_word' id='word_1_338' title='bbox 3097 992 3281 1049; x_wconf 89' lang='lat' dir='ltr'><strong>multis</strong></span> <span class='ocrx_word' id='word_1_339' title='bbox 3328 997 3521 1062; x_wconf 89' lang='lat' dir='ltr'><strong>nobis,</strong></span> 
     </span>
    </p>
   </div>
   <div class='ocr_carea' id='block_1_41' title="bbox 1958 1076 3522 1161">
    <p class='ocr_par' dir='ltr' id='par_1_41' title="bbox 1958 1076 3522 1161">
     <span class='ocr_line' id='line_1_41' title="bbox 1958 1076 3522 1161; baseline 0.01 -33"><span class='ocrx_word' id='word_1_340' title='bbox 1958 1076 2152 1130; x_wconf 74' lang='lat' dir='ltr'><strong>anxius</strong></span> <span class='ocrx_word' id='word_1_341' title='bbox 2186 1076 2399 1131; x_wconf 64' lang='lat' dir='ltr'><strong>haesitat</strong></span> <span class='ocrx_word' id='word_1_342' title='bbox 2424 1084 2479 1130; x_wconf 85' lang='lat' dir='ltr'><strong>et</strong></span> <span class='ocrx_word' id='word_1_343' title='bbox 2523 1078 2713 1147; x_wconf 70' lang='lat' dir='ltr'><strong>quaerit</strong></span> <span class='ocrx_word' id='word_1_344' title='bbox 2744 1078 2795 1133; x_wconf 90' lang='lat' dir='ltr'><strong>in</strong></span> <span class='ocrx_word' id='word_1_345' title='bbox 2826 1080 2912 1134; x_wconf 87' lang='lat' dir='ltr'><strong>his</strong></span> <span class='ocrx_word' id='word_1_346' title='bbox 2963 1083 3216 1141; x_wconf 91' lang='lat' dir='ltr'><strong>omnibus</strong></span> <span class='ocrx_word' id='word_1_347' title='bbox 3255 1101 3376 1157; x_wconf 63' lang='lat' dir='ltr'><strong>quae</strong></span> <span class='ocrx_word' id='word_1_348' title='bbox 3421 1089 3522 1161; x_wconf 87' lang='lat' dir='ltr'><strong>ipsi</strong></span> 
     </span>
    </p>
   </div>
   <div class='ocr_carea' id='block_1_42' title="bbox 1958 1167 3525 1248">
    <p class='ocr_par' dir='ltr' id='par_1_42' title="bbox 1958 1167 3525 1248">
     <span class='ocr_line' id='line_1_42' title="bbox 1958 1167 3525 1248; baseline 0.01 -30"><span class='ocrx_word' id='word_1_349' title='bbox 1958 1176 2269 1237; x_wconf 87' lang='lat' dir='ltr'><strong>suppetunt,</strong></span> <span class='ocrx_word' id='word_1_350' title='bbox 2308 1167 2580 1237; x_wconf 86' lang='lat' dir='ltr'><strong>quodnam</strong></span> <span class='ocrx_word' id='word_1_351' title='bbox 2613 1179 2760 1223; x_wconf 81' lang='lat' dir='ltr'><strong>tanto</strong></span> <span class='ocrx_word' id='word_1_352' title='bbox 2788 1170 3014 1226; x_wconf 91' lang='lat' dir='ltr'><strong>Domino</strong></span> <span class='ocrx_word' id='word_1_353' title='bbox 3042 1173 3261 1246; x_wconf 81' lang='lat' dir='ltr'><strong>dignum</strong></span> <span class='ocrx_word' id='word_1_354' title='bbox 3290 1180 3525 1248; x_wconf 85' lang='lat' dir='ltr'><strong>reperiat</strong></span> 
     </span>
    </p>
   </div>
   <div class='ocr_carea' id='block_1_43' title="bbox 1960 1257 3520 1341">
    <p class='ocr_par' dir='ltr' id='par_1_43' title="bbox 1960 1257 3520 1341">
     <span class='ocr_line' id='line_1_43' title="bbox 1960 1257 3520 1341; baseline 0.011 -32"><span class='ocrx_word' id='word_1_355' title='bbox 1960 1257 2158 1310; x_wconf 83' lang='lat' dir='ltr'><strong>donum</strong></span> <span class='ocrx_word' id='word_1_356' title='bbox 2186 1273 2200 1307; x_wconf 89' lang='lat'><strong>:</strong></span> <span class='ocrx_word' id='word_1_357' title='bbox 2232 1274 2337 1311; x_wconf 89' lang='lat' dir='ltr'><strong>non</strong></span> <span class='ocrx_word' id='word_1_358' title='bbox 2364 1259 2654 1327; x_wconf 83' lang='lat' dir='ltr'><strong>sacriﬁcia,</strong></span> <span class='ocrx_word' id='word_1_359' title='bbox 2682 1276 2786 1315; x_wconf 89' lang='lat' dir='ltr'><strong>non</strong></span> <span class='ocrx_word' id='word_1_360' title='bbox 2816 1263 3156 1332; x_wconf 86' lang='lat' dir='ltr'><strong>holocausta,</strong></span> <span class='ocrx_word' id='word_1_361' title='bbox 3185 1269 3282 1324; x_wconf 84' lang='lat' dir='ltr'><strong>sed</strong></span> <span class='ocrx_word' id='word_1_362' title='bbox 3314 1270 3520 1341; x_wconf 87' lang='lat' dir='ltr'><strong>ipsam-</strong></span> 
     </span>
    </p>
   </div>
   <div class='ocr_carea' id='block_1_44' title="bbox 1958 1350 2661 1406">
    <p class='ocr_par' dir='ltr' id='par_1_44' title="bbox 1958 1350 2661 1406">
     <span class='ocr_line' id='line_1_44' title="bbox 1958 1350 2661 1406; baseline 0.003 -3"><span class='ocrx_word' id='word_1_363' title='bbox 1958 1356 2071 1403; x_wconf 92' lang='lat' dir='ltr'><strong>met</strong></span> <span class='ocrx_word' id='word_1_364' title='bbox 2100 1357 2265 1404; x_wconf 88' lang='lat' dir='ltr'><strong>totam</strong></span> <span class='ocrx_word' id='word_1_365' title='bbox 2292 1350 2457 1404; x_wconf 83' lang='lat' dir='ltr'><strong>vitam</strong></span> <span class='ocrx_word' id='word_1_366' title='bbox 2486 1366 2661 1406; x_wconf 85' lang='lat' dir='ltr'><strong>suam.</strong></span> 
     </span>
    </p>
   </div>
   <div class='ocr_carea' id='block_1_45' title="bbox 2033 1439 3520 1521">
    <p class='ocr_par' dir='ltr' id='par_1_45' title="bbox 2033 1439 3520 1521">
     <span class='ocr_line' id='line_1_45' title="bbox 2033 1439 3520 1521; baseline 0.009 -26"><span class='ocrx_word' id='word_1_367' title='bbox 2033 1440 2199 1495; x_wconf 71' lang='lat' dir='ltr'><strong>Vens.</strong></span> <span class='ocrx_word' id='word_1_368' title='bbox 2230 1439 2286 1495; x_wconf 91' lang='lat'><strong>8.</strong></span> <span class='ocrx_word' id='word_1_369' title='bbox 2335 1440 2597 1509; x_wconf 74' lang='lat' dir='ltr'><strong>Dirupisti</strong></span> <span class='ocrx_word' id='word_1_370' title='bbox 2638 1443 2842 1498; x_wconf 81' lang='lat' dir='ltr'><strong>vincula</strong></span> <span class='ocrx_word' id='word_1_371' title='bbox 2889 1461 3028 1514; x_wconf 86' lang='lat' dir='ltr'><strong>mea,</strong></span> <span class='ocrx_word' id='word_1_372' title='bbox 3078 1458 3184 1505; x_wconf 87' lang='lat' dir='ltr'><strong>etc.</strong></span> <span class='ocrx_word' id='word_1_373' title='bbox 3219 1449 3301 1505; x_wconf 86' lang='lat' dir='ltr'><strong>Ad</strong></span> <span class='ocrx_word' id='word_1_374' title='bbox 3348 1452 3520 1521; x_wconf 88' lang='lat' dir='ltr'><strong>illud,</strong></span> 
     </span>
    </p>
   </div>
   <div class='ocr_carea' id='block_1_46' title="bbox 1965 1531 3521 1602">
    <p class='ocr_par' dir='ltr' id='par_1_46' title="bbox 1965 1531 3521 1602">
     <span class='ocr_line' id='line_1_46' title="bbox 1965 1531 3521 1602; baseline 0.012 -18"><span class='ocrx_word' id='word_1_375' title='bbox 1965 1550 1983 1584; x_wconf 80' lang='grc' dir='ltr'><strong>ι</strong></span> <span class='ocrx_word' id='word_1_376' title='bbox 2019 1531 2158 1599; x_wconf 83' lang='lat' dir='ltr'><strong>Quid</strong></span> <span class='ocrx_word' id='word_1_377' title='bbox 2191 1533 2488 1588; x_wconf 88' lang='lat' dir='ltr'><strong>retribuam</strong></span> <span class='ocrx_word' id='word_1_378' title='bbox 2534 1534 2803 1590; x_wconf 88' lang='lat' dir='ltr'><strong>Domino?</strong></span> <span class='ocrx_word' id='word_1_379' title='bbox 2836 1557 2855 1590; x_wconf 76' lang='grc' dir='ltr'><strong>ι</strong></span> <span class='ocrx_word' id='word_1_380' title='bbox 2893 1540 3114 1595; x_wconf 79' lang='lat' dir='ltr'><strong>videtur</strong></span> <span class='ocrx_word' id='word_1_381' title='bbox 3161 1543 3292 1598; x_wconf 90' lang='lat' dir='ltr'><strong>mihi</strong></span> <span class='ocrx_word' id='word_1_382' title='bbox 3329 1546 3521 1602; x_wconf 76' lang='lat' dir='ltr'><strong>referri</strong></span> 
     </span>
    </p>
   </div>
   <div class='ocr_carea' id='block_1_47' title="bbox 1961 1623 3514 1705">
    <p class='ocr_par' dir='ltr' id='par_1_47' title="bbox 1961 1623 3514 1705">
     <span class='ocr_line' id='line_1_47' title="bbox 1961 1623 3514 1705; baseline 0.01 -29"><span class='ocrx_word' id='word_1_383' title='bbox 1961 1623 2191 1692; x_wconf 88' lang='lat' dir='ltr'><strong>primum</strong></span> <span class='ocrx_word' id='word_1_384' title='bbox 2239 1624 2479 1695; x_wconf 88' lang='lat' dir='ltr'><strong>quidem,</strong></span> <span class='ocrx_word' id='word_1_385' title='bbox 2516 1642 2537 1676; x_wconf 73' lang='grc' dir='ltr'><strong>ι</strong></span> <span class='ocrx_word' id='word_1_386' title='bbox 2573 1626 2799 1683; x_wconf 87' lang='lat' dir='ltr'><strong>calicem</strong></span> <span class='ocrx_word' id='word_1_387' title='bbox 2848 1628 3104 1687; x_wconf 89' lang='lat' dir='ltr'><strong>salutaris</strong></span> <span class='ocrx_word' id='word_1_388' title='bbox 3145 1635 3453 1705; x_wconf 87' lang='lat' dir='ltr'><strong>accipiam;</strong></span> <span class='ocrx_word' id='word_1_389' title='bbox 3494 1657 3514 1691; x_wconf 74' lang='grc' dir='ltr'><strong>ι</strong></span> 
     </span>
    </p>
   </div>
   <div class='ocr_carea' id='block_1_48' title="bbox 1886 1705 3521 1793">
    <p class='ocr_par' dir='ltr' id='par_1_48' title="bbox 1886 1705 3521 1793">
     <span class='ocr_line' id='line_1_48' title="bbox 1886 1705 3521 1793; baseline 0.01 -26"><span class='ocrx_word' id='word_1_390' title='bbox 1886 1705 1930 1767; x_wconf 81' lang='grc' dir='ltr'><strong>Β</strong></span> <span class='ocrx_word' id='word_1_391' title='bbox 1958 1715 2196 1769; x_wconf 90' lang='lat' dir='ltr'><strong>secundo</strong></span> <span class='ocrx_word' id='word_1_392' title='bbox 2225 1716 2390 1783; x_wconf 85' lang='lat' dir='ltr'><strong>istud,</strong></span> <span class='ocrx_word' id='word_1_393' title='bbox 2420 1734 2440 1767; x_wconf 75' lang='grc' dir='ltr'><strong>ι</strong></span> <span class='ocrx_word' id='word_1_394' title='bbox 2482 1726 2602 1771; x_wconf 85' lang='lat' dir='ltr'><strong>vota</strong></span> <span class='ocrx_word' id='word_1_395' title='bbox 2651 1733 2774 1774; x_wconf 83' lang='lat' dir='ltr'><strong>mea</strong></span> <span class='ocrx_word' id='word_1_396' title='bbox 2814 1721 3068 1788; x_wconf 86' lang='lat' dir='ltr'><strong>reddam;</strong></span> <span class='ocrx_word' id='word_1_397' title='bbox 3103 1740 3121 1774; x_wconf 76' lang='grc' dir='ltr'><strong>ι</strong></span> <span class='ocrx_word' id='word_1_398' title='bbox 3154 1725 3316 1780; x_wconf 88' lang='lat' dir='ltr'><strong>tertio</strong></span> <span class='ocrx_word' id='word_1_399' title='bbox 3365 1725 3521 1793; x_wconf 90' lang='lat' dir='ltr'><strong>illud,</strong></span> 
     </span>
    </p>
   </div>
   <div class='ocr_carea' id='block_1_49' title="bbox 1960 1806 3522 1886">
    <p class='ocr_par' dir='ltr' id='par_1_49' title="bbox 1960 1806 3522 1886">
     <span class='ocr_line' id='line_1_49' title="bbox 1960 1806 3522 1886; baseline 0.011 -30"><span class='ocrx_word' id='word_1_400' title='bbox 1960 1823 1979 1856; x_wconf 74' lang='grc' dir='ltr'><strong>ι</strong></span> <span class='ocrx_word' id='word_1_401' title='bbox 2017 1806 2115 1862; x_wconf 86' lang='lat' dir='ltr'><strong>tibi</strong></span> <span class='ocrx_word' id='word_1_402' title='bbox 2150 1806 2472 1863; x_wconf 84' lang='lat' dir='ltr'><strong>sacriﬁcabo</strong></span> <span class='ocrx_word' id='word_1_403' title='bbox 2498 1807 2734 1863; x_wconf 87' lang='lat' dir='ltr'><strong>hostiam</strong></span> <span class='ocrx_word' id='word_1_404' title='bbox 2771 1808 2985 1879; x_wconf 87' lang='lat' dir='ltr'><strong>laudis;</strong></span> <span class='ocrx_word' id='word_1_405' title='bbox 3018 1830 3038 1865; x_wconf 73' lang='grc' dir='ltr'><strong>ι</strong></span> <span class='ocrx_word' id='word_1_406' title='bbox 3063 1821 3257 1882; x_wconf 90' lang='lat' dir='ltr'><strong>quarto</strong></span> <span class='ocrx_word' id='word_1_407' title='bbox 3289 1815 3522 1886; x_wconf 79' lang='lat' dir='ltr'><strong>denique</strong></span> 
     </span>
    </p>
   </div>
   <div class='ocr_carea' id='block_1_50' title="bbox 1956 1894 3582 1978">
    <p class='ocr_par' dir='ltr' id='par_1_50' title="bbox 1956 1894 3582 1978">
     <span class='ocr_line' id='line_1_50' title="bbox 1956 1894 3582 1978; baseline 0.008 -27"><span class='ocrx_word' id='word_1_408' title='bbox 1956 1896 2124 1962; x_wconf 86' lang='lat' dir='ltr'><strong>ismd,</strong></span> <span class='ocrx_word' id='word_1_409' title='bbox 2160 1914 2180 1949; x_wconf 86' lang='grc'>‹</span> <span class='ocrx_word' id='word_1_410' title='bbox 2214 1905 2338 1953; x_wconf 83' lang='lat' dir='ltr'><strong>vota</strong></span> <span class='ocrx_word' id='word_1_411' title='bbox 2396 1913 2516 1953; x_wconf 89' lang='lat' dir='ltr'><strong>mea</strong></span> <span class='ocrx_word' id='word_1_412' title='bbox 2551 1900 2781 1956; x_wconf 87' lang='lat' dir='ltr'><strong>Domino</strong></span> <span class='ocrx_word' id='word_1_413' title='bbox 2811 1903 3054 1959; x_wconf 88' lang='lat' dir='ltr'><strong>reddam.</strong></span> <span class='ocrx_word' id='word_1_414' title='bbox 3092 1924 3112 1959; x_wconf 72' lang='grc' dir='ltr'><strong>ι</strong></span> <span class='ocrx_word' id='word_1_415' title='bbox 3148 1906 3255 1962; x_wconf 87' lang='lat' dir='ltr'><strong>Sed</strong></span> <span class='ocrx_word' id='word_1_416' title='bbox 3285 1908 3519 1978; x_wconf 88' lang='lat' dir='ltr'><strong>primum</strong></span> <span class='ocrx_word' id='word_1_417' title='bbox 3575 1894 3582 1900; x_wconf 63' lang='grc'><em>’</em></span> 
     </span>
    </p>
   </div>
   <div class='ocr_carea' id='block_1_51' title="bbox 1955 1988 3520 2070">
    <p class='ocr_par' dir='ltr' id='par_1_51' title="bbox 1955 1988 3520 2070">
     <span class='ocr_line' id='line_1_51' title="bbox 1955 1988 3520 2070; baseline 0.01 -30"><span class='ocrx_word' id='word_1_418' title='bbox 1955 1988 2195 2056; x_wconf 83' lang='lat' dir='ltr'><strong>quidem,</strong></span> <span class='ocrx_word' id='word_1_419' title='bbox 2230 2006 2249 2039; x_wconf 78' lang='grc' dir='ltr'><strong>ι</strong></span> <span class='ocrx_word' id='word_1_420' title='bbox 2281 1997 2398 2043; x_wconf 84' lang='lat' dir='ltr'><strong>vota</strong></span> <span class='ocrx_word' id='word_1_421' title='bbox 2438 2004 2554 2044; x_wconf 88' lang='lat' dir='ltr'><strong>mea</strong></span> <span class='ocrx_word' id='word_1_422' title='bbox 2596 1992 2837 2061; x_wconf 88' lang='lat' dir='ltr'><strong>reddam,</strong></span> <span class='ocrx_word' id='word_1_423' title='bbox 2867 2010 2888 2045; x_wconf 72' lang='grc' dir='ltr'><strong>ι</strong></span> <span class='ocrx_word' id='word_1_424' title='bbox 2919 2002 3123 2050; x_wconf 84' lang='lat' dir='ltr'><strong>tantum</strong></span> <span class='ocrx_word' id='word_1_425' title='bbox 3156 1997 3320 2054; x_wconf 87' lang='lat' dir='ltr'><strong>habet</strong></span> <span class='ocrx_word' id='word_1_426' title='bbox 3347 1999 3520 2070; x_wconf 87' lang='lat' dir='ltr'><strong>illud,</strong></span> 
     </span>
    </p>
   </div>
   <div class='ocr_carea' id='block_1_52' title="bbox 1960 2081 3522 2156">
    <p class='ocr_par' dir='ltr' id='par_1_52' title="bbox 1960 2081 3522 2156">
     <span class='ocr_line' id='line_1_52' title="bbox 1960 2081 3522 2156; baseline 0.01 -23"><span class='ocrx_word' id='word_1_427' title='bbox 1960 2099 1979 2133; x_wconf 78' lang='grc' dir='ltr'><strong>ι</strong></span> <span class='ocrx_word' id='word_1_428' title='bbox 2020 2081 2071 2136; x_wconf 88' lang='lat' dir='ltr'><strong>in</strong></span> <span class='ocrx_word' id='word_1_429' title='bbox 2094 2090 2389 2151; x_wconf 88' lang='lat' dir='ltr'><strong>conspectu</strong></span> <span class='ocrx_word' id='word_1_430' title='bbox 2417 2082 2597 2139; x_wconf 90' lang='lat' dir='ltr'><strong>omnis</strong></span> <span class='ocrx_word' id='word_1_431' title='bbox 2624 2085 2802 2154; x_wconf 68' lang='lat' dir='ltr'><strong>populi</strong></span> <span class='ocrx_word' id='word_1_432' title='bbox 2826 2087 2975 2156; x_wconf 84' lang='lat' dir='ltr'><strong>cjus;</strong></span> <span class='ocrx_word' id='word_1_433' title='bbox 3013 2106 3034 2141; x_wconf 72' lang='grc' dir='ltr'><strong>ι</strong></span> <span class='ocrx_word' id='word_1_434' title='bbox 3065 2091 3362 2146; x_wconf 89' lang='lat' dir='ltr'><strong>secundum</strong></span> <span class='ocrx_word' id='word_1_435' title='bbox 3389 2108 3522 2151; x_wconf 84' lang='lat' dir='ltr'><strong>vero</strong></span> 
     </span>
    </p>
   </div>
   <div class='ocr_carea' id='block_1_53' title="bbox 1955 2172 3522 2252">
    <p class='ocr_par' dir='ltr' id='par_1_53' title="bbox 1955 2172 3522 2252">
     <span class='ocr_line' id='line_1_53' title="bbox 1955 2172 3522 2252; baseline 0.01 -25"><span class='ocrx_word' id='word_1_436' title='bbox 1955 2182 2009 2227; x_wconf 90' lang='lat' dir='ltr'><strong>et</strong></span> <span class='ocrx_word' id='word_1_437' title='bbox 2041 2172 2201 2237; x_wconf 88' lang='lat' dir='ltr'><strong>istud,</strong></span> <span class='ocrx_word' id='word_1_438' title='bbox 2238 2191 2257 2224; x_wconf 75' lang='grc' dir='ltr'><strong>ι</strong></span> <span class='ocrx_word' id='word_1_439' title='bbox 2294 2173 2348 2227; x_wconf 84' lang='grc' dir='ltr'><strong>ἰη</strong></span> <span class='ocrx_word' id='word_1_440' title='bbox 2381 2174 2537 2230; x_wconf 84' lang='lat' dir='ltr'><strong>atriis</strong></span> <span class='ocrx_word' id='word_1_441' title='bbox 2560 2176 2750 2232; x_wconf 87' lang='lat' dir='ltr'><strong>domus</strong></span> <span class='ocrx_word' id='word_1_442' title='bbox 2772 2176 3018 2244; x_wconf 85' lang='lat' dir='ltr'><strong>Domini,</strong></span> <span class='ocrx_word' id='word_1_443' title='bbox 3048 2198 3070 2233; x_wconf 75' lang='grc' dir='ltr'><strong>ι</strong></span> <span class='ocrx_word' id='word_1_444' title='bbox 3102 2189 3154 2235; x_wconf 91' lang='lat' dir='ltr'><strong>et</strong></span> <span class='ocrx_word' id='word_1_445' title='bbox 3203 2183 3370 2252; x_wconf 87' lang='lat' dir='ltr'><strong>istud,</strong></span> <span class='ocrx_word' id='word_1_446' title='bbox 3406 2204 3428 2238; x_wconf 72' lang='grc' dir='ltr'><strong>ι</strong></span> <span class='ocrx_word' id='word_1_447' title='bbox 3465 2186 3522 2242; x_wconf 91' lang='lat' dir='ltr'><strong>in</strong></span> 
     </span>
    </p>
   </div>
   <div class='ocr_carea' id='block_1_54' title="bbox 1957 2261 3522 2340">
    <p class='ocr_par' dir='ltr' id='par_1_54' title="bbox 1957 2261 3522 2340">
     <span class='ocr_line' id='line_1_54' title="bbox 1957 2261 3522 2340; baseline 0.011 -25"><span class='ocrx_word' id='word_1_448' title='bbox 1957 2261 2134 2317; x_wconf 89' lang='lat' dir='ltr'><strong>medio</strong></span> <span class='ocrx_word' id='word_1_449' title='bbox 2164 2261 2261 2328; x_wconf 90' lang='lat' dir='ltr'><strong>tui,</strong></span> <span class='ocrx_word' id='word_1_450' title='bbox 2287 2261 2610 2322; x_wconf 77' lang='lat' dir='ltr'><strong>Jerusalem.</strong></span> <span class='ocrx_word' id='word_1_451' title='bbox 2644 2285 2667 2320; x_wconf 72' lang='grc' dir='ltr'><strong>ι</strong></span> <span class='ocrx_word' id='word_1_452' title='bbox 2694 2266 2773 2322; x_wconf 86' lang='lat' dir='ltr'><strong>Ac</strong></span> <span class='ocrx_word' id='word_1_453' title='bbox 2803 2268 3042 2333; x_wconf 89' lang='lat' dir='ltr'><strong>primum</strong></span> <span class='ocrx_word' id='word_1_454' title='bbox 3071 2270 3314 2340; x_wconf 90' lang='lat' dir='ltr'><strong>quidem,</strong></span> <span class='ocrx_word' id='word_1_455' title='bbox 3340 2290 3361 2326; x_wconf 84' lang='grc'><strong>‹</strong></span> <span class='ocrx_word' id='word_1_456' title='bbox 3392 2285 3522 2332; x_wconf 86' lang='lat' dir='ltr'><strong>vota</strong></span> 
     </span>
    </p>
   </div>
   <div class='ocr_carea' id='block_1_55' title="bbox 1956 2354 3521 2431">
    <p class='ocr_par' dir='ltr' id='par_1_55' title="bbox 1956 2354 3521 2431">
     <span class='ocr_line' id='line_1_55' title="bbox 1956 2354 3521 2431; baseline 0.011 -25"><span class='ocrx_word' id='word_1_457' title='bbox 1956 2367 2075 2408; x_wconf 89' lang='lat' dir='ltr'><strong>mea</strong></span> <span class='ocrx_word' id='word_1_458' title='bbox 2106 2354 2333 2410; x_wconf 91' lang='lat' dir='ltr'><strong>Domino</strong></span> <span class='ocrx_word' id='word_1_459' title='bbox 2365 2356 2621 2425; x_wconf 87' lang='lat' dir='ltr'><strong>reddam,</strong></span> <span class='ocrx_word' id='word_1_460' title='bbox 2658 2375 2677 2409; x_wconf 71' lang='grc' dir='ltr'><strong>ι</strong></span> <span class='ocrx_word' id='word_1_461' title='bbox 2706 2358 2862 2413; x_wconf 91' lang='lat' dir='ltr'><strong>calici</strong></span> <span class='ocrx_word' id='word_1_462' title='bbox 2895 2358 3187 2431; x_wconf 86' lang='lat' dir='ltr'><strong>salutaris;</strong></span> <span class='ocrx_word' id='word_1_463' title='bbox 3222 2367 3521 2423; x_wconf 88' lang='lat' dir='ltr'><strong>secundum</strong></span> 
     </span>
    </p>
   </div>
   <div class='ocr_carea' id='block_1_56' title="bbox 1957 2447 3521 2526">
    <p class='ocr_par' dir='ltr' id='par_1_56' title="bbox 1957 2447 3521 2526">
     <span class='ocr_line' id='line_1_56' title="bbox 1957 2447 3521 2526; baseline 0.012 -27"><span class='ocrx_word' id='word_1_464' title='bbox 1957 2459 2085 2501; x_wconf 81' lang='lat' dir='ltr'><strong>vero</strong></span> <span class='ocrx_word' id='word_1_465' title='bbox 2118 2447 2171 2501; x_wconf 91' lang='lat' dir='ltr'><strong>in</strong></span> <span class='ocrx_word' id='word_1_466' title='bbox 2214 2447 2319 2504; x_wconf 85' lang='lat' dir='ltr'><strong>ﬁne</strong></span> <span class='ocrx_word' id='word_1_467' title='bbox 2352 2457 2407 2505; x_wconf 90' lang='lat' dir='ltr'><strong>et</strong></span> <span class='ocrx_word' id='word_1_468' title='bbox 2442 2458 2690 2505; x_wconf 83' lang='lat' dir='ltr'><strong>connexa</strong></span> <span class='ocrx_word' id='word_1_469' title='bbox 2725 2449 2869 2505; x_wconf 89' lang='lat' dir='ltr'><strong>serie</strong></span> <span class='ocrx_word' id='word_1_470' title='bbox 2898 2450 3244 2526; x_wconf 73' lang='lat' dir='ltr'><strong>subiungitur</strong></span> <span class='ocrx_word' id='word_1_471' title='bbox 3281 2459 3367 2515; x_wconf 88' lang='lat' dir='ltr'><strong>his</strong></span> <span class='ocrx_word' id='word_1_472' title='bbox 3396 2475 3521 2516; x_wconf 82' lang='lat' dir='ltr'><strong>ver-</strong></span> 
     </span>
    </p>
   </div>
   <div class='ocr_carea' id='block_1_57' title="bbox 1953 2540 3522 2611">
    <p class='ocr_par' dir='ltr' id='par_1_57' title="bbox 1953 2540 3522 2611">
     <span class='ocr_line' id='line_1_57' title="bbox 1953 2540 3522 2611; baseline 0.01 -16"><span class='ocrx_word' id='word_1_473' title='bbox 1953 2540 2060 2606; x_wconf 91' lang='lat' dir='ltr'><strong>bis,</strong></span> <span class='ocrx_word' id='word_1_474' title='bbox 2097 2558 2115 2593; x_wconf 80' lang='grc' dir='ltr'><strong>ι</strong></span> <span class='ocrx_word' id='word_1_475' title='bbox 2154 2541 2403 2610; x_wconf 87' lang='lat' dir='ltr'><strong>dirupisti</strong></span> <span class='ocrx_word' id='word_1_476' title='bbox 2437 2542 2650 2597; x_wconf 80' lang='lat' dir='ltr'><strong>vincula</strong></span> <span class='ocrx_word' id='word_1_477' title='bbox 2678 2558 2817 2610; x_wconf 91' lang='lat' dir='ltr'><strong>mea,</strong></span> <span class='ocrx_word' id='word_1_478' title='bbox 2849 2562 2868 2597; x_wconf 72' lang='grc' dir='ltr'><strong>ι</strong></span> <span class='ocrx_word' id='word_1_479' title='bbox 2902 2555 2958 2600; x_wconf 92' lang='lat' dir='ltr'><strong>et</strong></span> <span class='ocrx_word' id='word_1_480' title='bbox 2984 2547 3086 2604; x_wconf 87' lang='lat' dir='ltr'><strong>his.</strong></span> <span class='ocrx_word' id='word_1_481' title='bbox 3131 2568 3149 2600; x_wconf 76' lang='grc' dir='ltr'><strong>ι</strong></span> <span class='ocrx_word' id='word_1_482' title='bbox 3191 2551 3284 2607; x_wconf 88' lang='lat' dir='ltr'><strong>tibi</strong></span> <span class='ocrx_word' id='word_1_483' title='bbox 3312 2555 3522 2611; x_wconf 84' lang='lat' dir='ltr'><strong>sacrili-</strong></span> 
     </span>
    </p>
   </div>
   <div class='ocr_carea' id='block_1_58' title="bbox 1955 2631 3523 2713">
    <p class='ocr_par' dir='ltr' id='par_1_58' title="bbox 1955 2631 3523 2713">
     <span class='ocr_line' id='line_1_58' title="bbox 1955 2631 3523 2713; baseline 0.01 -26"><span class='ocrx_word' id='word_1_484' title='bbox 1955 2631 2093 2688; x_wconf 89' lang='lat' dir='ltr'><strong>cabo</strong></span> <span class='ocrx_word' id='word_1_485' title='bbox 2126 2633 2358 2688; x_wconf 84' lang='lat' dir='ltr'><strong>hostiam</strong></span> <span class='ocrx_word' id='word_1_486' title='bbox 2384 2633 2598 2701; x_wconf 75' lang='lat' dir='ltr'><strong>laudis;</strong></span> <span class='ocrx_word' id='word_1_487' title='bbox 2636 2652 2656 2687; x_wconf 71' lang='lat' dir='ltr'><strong>r</strong></span> <span class='ocrx_word' id='word_1_488' title='bbox 2703 2634 2835 2691; x_wconf 90' lang='lat' dir='ltr'><strong>illud</strong></span> <span class='ocrx_word' id='word_1_489' title='bbox 2868 2653 3019 2706; x_wconf 83' lang='lat' dir='ltr'><strong>vero,</strong></span> <span class='ocrx_word' id='word_1_490' title='bbox 3057 2657 3077 2691; x_wconf 76' lang='grc' dir='ltr'><strong>ι</strong></span> <span class='ocrx_word' id='word_1_491' title='bbox 3114 2642 3366 2713; x_wconf 90' lang='lat' dir='ltr'><strong>dirupisti</strong></span> <span class='ocrx_word' id='word_1_492' title='bbox 3402 2647 3523 2702; x_wconf 81' lang='lat' dir='ltr'><strong>vin-</strong></span> 
     </span>
    </p>
   </div>
   <div class='ocr_carea' id='block_1_59' title="bbox 1954 2723 3518 2810">
    <p class='ocr_par' dir='ltr' id='par_1_59' title="bbox 1954 2723 3518 2810">
     <span class='ocr_line' id='line_1_59' title="bbox 1954 2723 3518 2810; baseline 0.012 -33"><span class='ocrx_word' id='word_1_493' title='bbox 1954 2723 2075 2778; x_wconf 88' lang='lat' dir='ltr'><strong>cula</strong></span> <span class='ocrx_word' id='word_1_494' title='bbox 2108 2739 2252 2790; x_wconf 90' lang='lat' dir='ltr'><strong>mea,</strong></span> <span class='ocrx_word' id='word_1_495' title='bbox 2284 2743 2303 2778; x_wconf 73' lang='grc' dir='ltr'><strong>ι</strong></span> <span class='ocrx_word' id='word_1_496' title='bbox 2349 2725 2603 2794; x_wconf 68' lang='lat' dir='ltr'><strong>pretiosa:</strong></span> <span class='ocrx_word' id='word_1_497' title='bbox 2638 2725 2691 2781; x_wconf 88' lang='lat' dir='ltr'><strong>in</strong></span> <span class='ocrx_word' id='word_1_498' title='bbox 2742 2739 3037 2810; x_wconf 77' lang='lat' dir='ltr'><strong>conspectu</strong></span> <span class='ocrx_word' id='word_1_499' title='bbox 3094 2732 3306 2793; x_wconf 89' lang='lat' dir='ltr'><strong>Domini</strong></span> <span class='ocrx_word' id='word_1_500' title='bbox 3352 2739 3518 2795; x_wconf 84' lang='lat' dir='ltr'><strong>morti</strong></span> 
     </span>
    </p>
   </div>
   <div class='ocr_carea' id='block_1_60' title="bbox 1954 2815 3513 2898">
    <p class='ocr_par' dir='ltr' id='par_1_60' title="bbox 1954 2815 3513 2898">
     <span class='ocr_line' id='line_1_60' title="bbox 1954 2815 3513 2898; baseline 0.012 -28"><span class='ocrx_word' id='word_1_501' title='bbox 1954 2815 2291 2877; x_wconf 87' lang='lat' dir='ltr'><strong>subnectitur</strong></span> <span class='ocrx_word' id='word_1_502' title='bbox 2319 2830 2331 2864; x_wconf 89' lang='lat'>:</span> <span class='ocrx_word' id='word_1_503' title='bbox 2358 2817 2503 2887; x_wconf 92' lang='lat' dir='ltr'><strong>quod</strong></span> <span class='ocrx_word' id='word_1_504' title='bbox 2532 2817 2733 2873; x_wconf 91' lang='lat' dir='ltr'><strong>dicitur</strong></span> <span class='ocrx_word' id='word_1_505' title='bbox 2762 2820 2832 2875; x_wconf 90' lang='lat' dir='ltr'><strong>ab</strong></span> <span class='ocrx_word' id='word_1_506' title='bbox 2859 2836 2925 2877; x_wconf 91' lang='lat' dir='ltr'><strong>eo</strong></span> <span class='ocrx_word' id='word_1_507' title='bbox 2948 2823 3039 2894; x_wconf 85' lang='lat' dir='ltr'><strong>qui</strong></span> <span class='ocrx_word' id='word_1_508' title='bbox 3076 2829 3320 2898; x_wconf 77' lang='lat' dir='ltr'><strong>martyrii</strong></span> <span class='ocrx_word' id='word_1_509' title='bbox 3347 2831 3513 2888; x_wconf 87' lang='lat' dir='ltr'><strong>Deum</strong></span> 
     </span>
    </p>
   </div>
   <div class='ocr_carea' id='block_1_61' title="bbox 1955 2906 3516 2988">
    <p class='ocr_par' dir='ltr' id='par_1_61' title="bbox 1955 2906 3516 2988">
     <span class='ocr_line' id='line_1_61' title="bbox 1955 2906 3516 2988; baseline 0.012 -28"><span class='ocrx_word' id='word_1_510' title='bbox 1955 2906 2239 2977; x_wconf 77' lang='lat' dir='ltr'><strong>glorificat,</strong></span> <span class='ocrx_word' id='word_1_511' title='bbox 2262 2908 2389 2978; x_wconf 90' lang='lat' dir='ltr'><strong>quia</strong></span> <span class='ocrx_word' id='word_1_512' title='bbox 2420 2923 2517 2979; x_wconf 90' lang='lat' dir='ltr'><strong>per</strong></span> <span class='ocrx_word' id='word_1_513' title='bbox 2544 2911 2863 2982; x_wconf 87' lang='lat' dir='ltr'><strong>martyrium</strong></span> <span class='ocrx_word' id='word_1_514' title='bbox 2895 2915 3139 2984; x_wconf 67' lang='lat' dir='ltr'><strong>pristinae</strong></span> <span class='ocrx_word' id='word_1_515' title='bbox 3166 2928 3516 2988; x_wconf 87' lang='lat' dir='ltr'><strong>peccatorum</strong></span> 
     </span>
    </p>
   </div>
   <div class='ocr_carea' id='block_1_62' title="bbox 1955 2997 3519 3084">
    <p class='ocr_par' dir='ltr' id='par_1_62' title="bbox 1955 2997 3519 3084">
     <span class='ocr_line' id='line_1_62' title="bbox 1955 2997 3519 3084; baseline 0.012 -32"><span class='ocrx_word' id='word_1_516' title='bbox 1955 2997 2344 3067; x_wconf 67' lang='lat' dir='ltr'><strong>ejuscatenma</strong></span> <span class='ocrx_word' id='word_1_517' title='bbox 2374 2999 2482 3055; x_wconf 91' lang='lat' dir='ltr'><strong>Deo</strong></span> <span class='ocrx_word' id='word_1_518' title='bbox 2513 2998 2768 3072; x_wconf 67' lang='lat' dir='ltr'><strong>disrupta:</strong></span> <span class='ocrx_word' id='word_1_519' title='bbox 2782 3015 2928 3071; x_wconf 85' lang='lat' dir='ltr'><strong>sunt,</strong></span> <span class='ocrx_word' id='word_1_520' title='bbox 2957 3004 3029 3059; x_wconf 88' lang='lat' dir='ltr'><strong>ita</strong></span> <span class='ocrx_word' id='word_1_521' title='bbox 3060 3014 3121 3062; x_wconf 87' lang='lat' dir='ltr'><strong>ut</strong></span> <span class='ocrx_word' id='word_1_522' title='bbox 3148 3024 3256 3067; x_wconf 91' lang='lat' dir='ltr'><strong>non</strong></span> <span class='ocrx_word' id='word_1_523' title='bbox 3284 3013 3519 3084; x_wconf 81' lang='lat' dir='ltr'><strong>amplius</strong></span> 
     </span>
    </p>
   </div>
   <div class='ocr_carea' id='block_1_63' title="bbox 292 3065 1855 3171">
    <p class='ocr_par' dir='ltr' id='par_1_63' title="bbox 292 3065 1855 3171">
     <span class='ocr_line' id='line_1_63' title="bbox 292 3065 1855 3171; baseline 0.007 -29"><span class='ocrx_word' id='word_1_524' title='bbox 292 3065 492 3159; x_wconf 81' lang='grc' dir='ltr'>μηκέτι</span> <span class='ocrx_word' id='word_1_525' title='bbox 521 3065 685 3144; x_wconf 72' lang='grc' dir='ltr'>αὐτὸν</span> <span class='ocrx_word' id='word_1_526' title='bbox 711 3089 853 3162; x_wconf 77' lang='grc' dir='ltr'>ἔχειν</span> <span class='ocrx_word' id='word_1_527' title='bbox 883 3090 1114 3162; x_wconf 82' lang='grc' dir='ltr'>δεσμοὺς</span> <span class='ocrx_word' id='word_1_528' title='bbox 1142 3065 1445 3165; x_wconf 57' lang='grc' dir='ltr'>’άμᾶῥτιαφ</span> <span class='ocrx_word' id='word_1_529' title='bbox 1482 3097 1554 3155; x_wconf 85' lang='grc' dir='ltr'><strong><em>Ἥ</em></strong></span> <span class='ocrx_word' id='word_1_530' title='bbox 1585 3100 1635 3151; x_wconf 84' lang='grc' dir='ltr'><strong>εί</strong></span> <span class='ocrx_word' id='word_1_531' title='bbox 1668 3065 1855 3171; x_wconf 56' lang='grc' dir='ltr'><strong>δεσμοί¹</strong></span> 
     </span>
    </p>
   </div>
   <div class='ocr_carea' id='block_1_64' title="bbox 1958 3065 3519 3171">
    <p class='ocr_par' dir='ltr' id='par_1_64' title="bbox 1958 3065 3519 3161">
     <span class='ocr_line' id='line_1_64' title="bbox 1958 3065 3519 3161; baseline 0.013 -20"><span class='ocrx_word' id='word_1_532' title='bbox 1958 3065 2151 3142; x_wconf 79' lang='lat' dir='ltr'><strong>habeat</strong></span> <span class='ocrx_word' id='word_1_533' title='bbox 2193 3088 2408 3144; x_wconf 77' lang='lat' dir='ltr'><strong>vincula</strong></span> <span class='ocrx_word' id='word_1_534' title='bbox 2434 3091 2665 3160; x_wconf 89' lang='lat' dir='ltr'><strong>peccati.</strong></span> <span class='ocrx_word' id='word_1_535' title='bbox 2706 3092 2800 3149; x_wconf 88' lang='lat' dir='ltr'><strong>Vel</strong></span> <span class='ocrx_word' id='word_1_536' title='bbox 2832 3093 2878 3151; x_wconf 88' lang='lat' dir='ltr'><strong>si</strong></span> <span class='ocrx_word' id='word_1_537' title='bbox 2918 3096 3114 3153; x_wconf 75' lang='lat' dir='ltr'><strong>anima:</strong></span> <span class='ocrx_word' id='word_1_538' title='bbox 3140 3097 3353 3157; x_wconf 83' lang='lat' dir='ltr'><strong>vincula</strong></span> <span class='ocrx_word' id='word_1_539' title='bbox 3376 3065 3519 3161; x_wconf 40' lang='lat' dir='ltr'><strong>(sunt</strong></span> 
     </span>
    </p>
   </div>
   <div class='ocr_carea' id='block_1_65' title="bbox 287 3181 1857 3260">
    <p class='ocr_par' dir='ltr' id='par_1_65' title="bbox 287 3181 1857 3260">
     <span class='ocr_line' id='line_1_65' title="bbox 287 3181 1857 3260; baseline 0.007 -26"><span class='ocrx_word' id='word_1_540' title='bbox 287 3181 387 3253; x_wconf 83' lang='grc' dir='ltr'>τῆς</span> <span class='ocrx_word' id='word_1_541' title='bbox 405 3182 583 3254; x_wconf 82' lang='grc' dir='ltr'>ψυχῆς</span> <span class='ocrx_word' id='word_1_542' title='bbox 612 3185 660 3237; x_wconf 80' lang='lat' dir='ltr'><strong>oi</strong></span> <span class='ocrx_word' id='word_1_543' title='bbox 704 3184 1003 3255; x_wconf 78' lang='grc' dir='ltr'>σωματικοὶ</span> <span class='ocrx_word' id='word_1_544' title='bbox 1037 3184 1144 3239; x_wconf 85' lang='grc' dir='ltr'><strong>τῶν</strong></span> <span class='ocrx_word' id='word_1_545' title='bbox 1172 3185 1445 3259; x_wconf 80' lang='grc' dir='ltr'>διαφόρων</span> <span class='ocrx_word' id='word_1_546' title='bbox 1502 3187 1680 3260; x_wconf 84' lang='grc' dir='ltr'>μελῶν</span> <span class='ocrx_word' id='word_1_547' title='bbox 1718 3192 1857 3246; x_wconf 88' lang='grc' dir='ltr'>είσιν</span> 
     </span>
    </p>
   </div>
   <div class='ocr_carea' id='block_1_66' title="bbox 287 3271 1858 3352">
    <p class='ocr_par' dir='ltr' id='par_1_66' title="bbox 287 3271 1858 3352">
     <span class='ocr_line' id='line_1_66' title="bbox 287 3271 1858 3352; baseline 0.006 -27"><span class='ocrx_word' id='word_1_548' title='bbox 287 3271 467 3341; x_wconf 73' lang='grc' dir='ltr'>ὄγκοι,</span> <span class='ocrx_word' id='word_1_549' title='bbox 499 3272 677 3338; x_wconf 85' lang='grc' dir='ltr'>καλῶς</span> <span class='ocrx_word' id='word_1_550' title='bbox 701 3272 767 3328; x_wconf 83' lang='grc' dir='ltr'>ἂν</span> <span class='ocrx_word' id='word_1_551' title='bbox 789 3274 884 3328; x_wconf 76' lang='grc' dir='ltr'>καὶ</span> <span class='ocrx_word' id='word_1_552' title='bbox 902 3273 1075 3338; x_wconf 76' lang='grc' dir='ltr'>οὕτως</span> <span class='ocrx_word' id='word_1_553' title='bbox 1102 3275 1310 3344; x_wconf 83' lang='grc' dir='ltr'>λέγοιτο</span> <span class='ocrx_word' id='word_1_554' title='bbox 1335 3279 1393 3331; x_wconf 78' lang='grc' dir='ltr'>ὲν</span> <span class='ocrx_word' id='word_1_555' title='bbox 1421 3279 1703 3352; x_wconf 86' lang='grc' dir='ltr'>μαρτυρίῳ</span> <span class='ocrx_word' id='word_1_556' title='bbox 1724 3282 1858 3335; x_wconf 89' lang='grc' dir='ltr'>ἀπο-</span> 
     </span>
    </p>
   </div>
   <div class='ocr_carea' id='block_1_67' title="bbox 290 3363 1856 3443">
    <p class='ocr_par' dir='ltr' id='par_1_67' title="bbox 290 3363 1856 3443">
     <span class='ocr_line' id='line_1_67' title="bbox 290 3363 1856 3443; baseline 0.005 -25"><span class='ocrx_word' id='word_1_557' title='bbox 290 3363 472 3428; x_wconf 78' lang='grc' dir='ltr'>λυθεὶς</span> <span class='ocrx_word' id='word_1_558' title='bbox 500 3365 606 3418; x_wconf 85' lang='grc' dir='ltr'>τῶν</span> <span class='ocrx_word' id='word_1_559' title='bbox 638 3365 850 3436; x_wconf 85' lang='grc' dir='ltr'>δεσμῶν</span> <span class='ocrx_word' id='word_1_560' title='bbox 876 3366 934 3420; x_wconf 77' lang='grc' dir='ltr'>ὲν</span> <span class='ocrx_word' id='word_1_561' title='bbox 987 3368 1179 3442; x_wconf 77' lang='grc' dir='ltr'>εἰρήνῃ</span> <span class='ocrx_word' id='word_1_562' title='bbox 1204 3363 1340 3423; x_wconf 82' lang='grc' dir='ltr'>εἶναι</span> <span class='ocrx_word' id='word_1_563' title='bbox 1364 3408 1379 3434; x_wconf 90' lang='grc'><strong>,</strong></span> <span class='ocrx_word' id='word_1_564' title='bbox 1432 3370 1644 3437; x_wconf 80' lang='grc' dir='ltr'>οὐδενὸς</span> <span class='ocrx_word' id='word_1_565' title='bbox 1686 3372 1720 3443; x_wconf 83' lang='grc' dir='ltr'>ἢ</span> <span class='ocrx_word' id='word_1_566' title='bbox 1760 3372 1856 3426; x_wconf 88' lang='grc' dir='ltr'><strong>τοῦ</strong></span> 
     </span>
    </p>
   </div>
   <div class='ocr_carea' id='block_1_68' title="bbox 293 3454 1859 3537">
    <p class='ocr_par' dir='ltr' id='par_1_68' title="bbox 293 3454 1859 3537">
     <span class='ocr_line' id='line_1_68' title="bbox 293 3454 1859 3537; baseline 0.006 -28"><span class='ocrx_word' id='word_1_567' title='bbox 293 3454 431 3509; x_wconf 83' lang='grc' dir='ltr'>Θεοῦ</span> <span class='ocrx_word' id='word_1_568' title='bbox 460 3454 848 3528; x_wconf 75' lang='grc' dir='ltr'>διαρρήξαντος</span> <span class='ocrx_word' id='word_1_569' title='bbox 907 3456 1124 3521; x_wconf 83' lang='grc' dir='ltr'>αὐτούς.</span> <span class='ocrx_word' id='word_1_570' title='bbox 1167 3457 1241 3511; x_wconf 73' lang='lat' dir='ltr'><strong>Oti</strong></span> <span class='ocrx_word' id='word_1_571' title='bbox 1274 3459 1381 3531; x_wconf 88' lang='grc' dir='ltr'><strong>γάρ</strong></span> <span class='ocrx_word' id='word_1_572' title='bbox 1412 3461 1506 3515; x_wconf 80' lang='grc' dir='ltr'>καὶ</span> <span class='ocrx_word' id='word_1_573' title='bbox 1547 3462 1655 3517; x_wconf 83' lang='grc' dir='ltr'><strong>τῶν</strong></span> <span class='ocrx_word' id='word_1_574' title='bbox 1681 3463 1749 3519; x_wconf 84' lang='grc' dir='ltr'><strong>δι’</strong></span> <span class='ocrx_word' id='word_1_575' title='bbox 1790 3465 1859 3537; x_wconf 79' lang='grc' dir='ltr'>ῆν</span> 
     </span>
    </p>
   </div>
   <div class='ocr_carea' id='block_1_69' title="bbox 291 3546 1858 3631">
    <p class='ocr_par' dir='ltr' id='par_1_69' title="bbox 291 3546 1858 3631">
     <span class='ocr_line' id='line_1_69' title="bbox 291 3546 1858 3631; baseline 0.006 -31"><span class='ocrx_word' id='word_1_576' title='bbox 291 3548 492 3620; x_wconf 80' lang='grc' dir='ltr'>δήποτε</span> <span class='ocrx_word' id='word_1_577' title='bbox 519 3547 695 3601; x_wconf 76' lang='grc' dir='ltr'>αἰτίαν</span> <span class='ocrx_word' id='word_1_578' title='bbox 719 3546 1206 3619; x_wconf 81' lang='grc' dir='ltr'>ἀπαλλαττομένων</span> <span class='ocrx_word' id='word_1_579' title='bbox 1241 3551 1335 3604; x_wconf 87' lang='grc' dir='ltr'><strong>τοῦ</strong></span> <span class='ocrx_word' id='word_1_580' title='bbox 1378 3550 1627 3625; x_wconf 89' lang='grc' dir='ltr'>σώματος</span> <span class='ocrx_word' id='word_1_581' title='bbox 1671 3553 1858 3631; x_wconf 84' lang='grc' dir='ltr'>βιαίως</span> 
     </span>
    </p>
   </div>
   <div class='ocr_carea' id='block_1_70' title="bbox 291 3633 1857 3715">
    <p class='ocr_par' dir='ltr' id='par_1_70' title="bbox 291 3633 1857 3715">
     <span class='ocr_line' id='line_1_70' title="bbox 291 3633 1857 3715; baseline 0.005 -22"><span class='ocrx_word' id='word_1_582' title='bbox 291 3640 321 3693; x_wconf 84' lang='grc' dir='ltr'><strong>ὁ</strong></span> <span class='ocrx_word' id='word_1_583' title='bbox 339 3638 474 3703; x_wconf 83' lang='grc' dir='ltr'>Θεὸς</span> <span class='ocrx_word' id='word_1_584' title='bbox 497 3638 851 3711; x_wconf 78' lang='grc' dir='ltr'>διαρῤήγνυσι</span> <span class='ocrx_word' id='word_1_585' title='bbox 873 3639 999 3703; x_wconf 82' lang='grc' dir='ltr'>τοὺς</span> <span class='ocrx_word' id='word_1_586' title='bbox 1022 3633 1275 3711; x_wconf 85' lang='grc' dir='ltr'>δεσμούς.</span> <span class='ocrx_word' id='word_1_587' title='bbox 1306 3642 1445 3697; x_wconf 84' lang='grc' dir='ltr'>Ποτὲ</span> <span class='ocrx_word' id='word_1_588' title='bbox 1471 3645 1568 3715; x_wconf 80' lang='grc' dir='ltr'>μὲν</span> <span class='ocrx_word' id='word_1_589' title='bbox 1588 3641 1680 3700; x_wconf 84' lang='grc' dir='ltr'><strong>οῦν</strong></span> <span class='ocrx_word' id='word_1_590' title='bbox 1720 3647 1857 3701; x_wconf 86' lang='grc' dir='ltr'>ἀπο-</span> 
     </span>
    </p>
   </div>
   <div class='ocr_carea' id='block_1_71' title="bbox 293 3728 1854 3807">
    <p class='ocr_par' dir='ltr' id='par_1_71' title="bbox 293 3728 1854 3807">
     <span class='ocr_line' id='line_1_71' title="bbox 293 3728 1854 3807; baseline 0.004 -23"><span class='ocrx_word' id='word_1_591' title='bbox 293 3730 493 3785; x_wconf 85' lang='grc' dir='ltr'>κτείνει</span> <span class='ocrx_word' id='word_1_592' title='bbox 518 3731 547 3783; x_wconf 78' lang='grc' dir='ltr'>ὁ</span> <span class='ocrx_word' id='word_1_593' title='bbox 574 3728 726 3796; x_wconf 80' lang='grc' dir='ltr'>Θεὸς,</span> <span class='ocrx_word' id='word_1_594' title='bbox 747 3730 808 3785; x_wconf 84' lang='grc' dir='ltr'>οὐ</span> <span class='ocrx_word' id='word_1_595' title='bbox 839 3730 1170 3802; x_wconf 73' lang='grc' dir='ltr'>διαρῤηγνὺς</span> <span class='ocrx_word' id='word_1_596' title='bbox 1199 3731 1363 3786; x_wconf 86' lang='grc' dir='ltr'>αὐτοῦ</span> <span class='ocrx_word' id='word_1_597' title='bbox 1418 3735 1543 3799; x_wconf 79' lang='grc' dir='ltr'>τοὺς</span> <span class='ocrx_word' id='word_1_598' title='bbox 1586 3734 1815 3807; x_wconf 87' lang='grc' dir='ltr'>δεσμούς</span> <span class='ocrx_word' id='word_1_599' title='bbox 1839 3753 1854 3767; x_wconf 92' lang='grc'><strong>·</strong></span> 
     </span>
    </p>
   </div>
   <div class='ocr_carea' id='block_1_72' title="bbox 292 3820 1859 3895">
    <p class='ocr_par' dir='ltr' id='par_1_72' title="bbox 292 3820 1859 3895">
     <span class='ocr_line' id='line_1_72' title="bbox 292 3820 1859 3895; baseline 0.003 -19"><span class='ocrx_word' id='word_1_600' title='bbox 292 3821 383 3878; x_wconf 78' lang='grc' dir='ltr'>τὸν</span> <span class='ocrx_word' id='word_1_601' title='bbox 424 3820 482 3876; x_wconf 81' lang='grc' dir='ltr'>δὲ</span> <span class='ocrx_word' id='word_1_602' title='bbox 538 3820 788 3893; x_wconf 84' lang='grc' dir='ltr'>μάρτυρα</span> <span class='ocrx_word' id='word_1_603' title='bbox 839 3822 939 3877; x_wconf 73' lang='grc' dir='ltr'>οὐκ</span> <span class='ocrx_word' id='word_1_604' title='bbox 982 3824 1340 3886; x_wconf 87' lang='grc' dir='ltr'>ἀποκτείνει,</span> <span class='ocrx_word' id='word_1_605' title='bbox 1398 3825 1556 3895; x_wconf 87' lang='grc' dir='ltr'>μόνον</span> <span class='ocrx_word' id='word_1_606' title='bbox 1617 3826 1677 3880; x_wconf 86' lang='grc' dir='ltr'>δὲ</span> <span class='ocrx_word' id='word_1_607' title='bbox 1730 3827 1859 3892; x_wconf 77' lang='grc' dir='ltr'>τοὺς</span> 
     </span>
    </p>
   </div>
   <div class='ocr_carea' id='block_1_73' title="bbox 291 3912 1859 3993">
    <p class='ocr_par' dir='ltr' id='par_1_73' title="bbox 291 3912 1859 3993">
     <span class='ocr_line' id='line_1_73' title="bbox 291 3912 1859 3993; baseline 0.004 -26"><span class='ocrx_word' id='word_1_608' title='bbox 291 3913 520 3988; x_wconf 80' lang='grc' dir='ltr'>δεσμοὺς</span> <span class='ocrx_word' id='word_1_609' title='bbox 538 3912 701 3968; x_wconf 82' lang='grc' dir='ltr'>αὑτοῦ</span> <span class='ocrx_word' id='word_1_610' title='bbox 726 3914 1099 3985; x_wconf 77' lang='grc' dir='ltr'>διαρῤήγνυσι.</span> <span class='ocrx_word' id='word_1_611' title='bbox 1129 3916 1241 3969; x_wconf 74' lang='grc' dir='ltr'>Καὶ</span> <span class='ocrx_word' id='word_1_612' title='bbox 1273 3915 1381 3988; x_wconf 88' lang='grc' dir='ltr'><strong>γάρ</strong></span> <span class='ocrx_word' id='word_1_613' title='bbox 1424 3916 1513 3971; x_wconf 85' lang='grc' dir='ltr'><strong>διά</strong></span> <span class='ocrx_word' id='word_1_614' title='bbox 1538 3917 1600 3972; x_wconf 85' lang='lat' dir='ltr'><strong>rb</strong></span> <span class='ocrx_word' id='word_1_615' title='bbox 1655 3920 1859 3993; x_wconf 84' lang='grc' dir='ltr'>μαρτύ-</span> 
     </span>
    </p>
   </div>
   <div class='ocr_carea' id='block_1_74' title="bbox 294 4005 1860 4081">
    <p class='ocr_par' dir='ltr' id='par_1_74' title="bbox 294 4005 1860 4081">
     <span class='ocr_line' id='line_1_74' title="bbox 294 4005 1860 4081; baseline 0.004 -24"><span class='ocrx_word' id='word_1_616' title='bbox 294 4021 409 4076; x_wconf 84' lang='grc' dir='ltr'>ριον</span> <span class='ocrx_word' id='word_1_617' title='bbox 435 4007 464 4059; x_wconf 83' lang='grc' dir='ltr'>ὁ</span> <span class='ocrx_word' id='word_1_618' title='bbox 491 4005 717 4068; x_wconf 74' lang='grc' dir='ltr'>ἕκαστος</span> <span class='ocrx_word' id='word_1_619' title='bbox 746 4005 1034 4077; x_wconf 82' lang='grc' dir='ltr'>μαρτυρῶν</span> <span class='ocrx_word' id='word_1_620' title='bbox 1074 4006 1262 4060; x_wconf 78' lang='grc' dir='ltr'>ἑαυτὸν</span> <span class='ocrx_word' id='word_1_621' title='bbox 1289 4007 1587 4080; x_wconf 79' lang='grc' dir='ltr'>προσφέρει</span> <span class='ocrx_word' id='word_1_622' title='bbox 1629 4008 1860 4081; x_wconf 83' lang='grc' dir='ltr'>ἄμωμον</span> 
     </span>
    </p>
   </div>
   <div class='ocr_carea' id='block_1_75' title="bbox 296 4094 1856 4168">
    <p class='ocr_par' dir='ltr' id='par_1_75' title="bbox 296 4094 1856 4168">
     <span class='ocr_line' id='line_1_75' title="bbox 296 4094 1856 4168; baseline 0.002 -19"><span class='ocrx_word' id='word_1_623' title='bbox 296 4095 486 4151; x_wconf 87' lang='grc' dir='ltr'>θυσίαν</span> <span class='ocrx_word' id='word_1_624' title='bbox 524 4094 603 4166; x_wconf 89' lang='grc' dir='ltr'>τῷ</span> <span class='ocrx_word' id='word_1_625' title='bbox 631 4095 769 4167; x_wconf 85' lang='grc' dir='ltr'>Θεῷ,</span> <span class='ocrx_word' id='word_1_626' title='bbox 798 4096 1031 4166; x_wconf 83' lang='grc' dir='ltr'>Χριστὸν</span> <span class='ocrx_word' id='word_1_627' title='bbox 1061 4097 1395 4168; x_wconf 82' lang='grc' dir='ltr'>μιμούμενος</span> <span class='ocrx_word' id='word_1_628' title='bbox 1415 4115 1430 4128; x_wconf 65' lang='grc' dir='ltr'>θ</span> <span class='ocrx_word' id='word_1_629' title='bbox 1486 4097 1632 4168; x_wconf 86' lang='grc' dir='ltr'>λέγει</span> <span class='ocrx_word' id='word_1_630' title='bbox 1680 4115 1743 4152; x_wconf 87' lang='grc' dir='ltr'><strong>τε</strong></span> <span class='ocrx_word' id='word_1_631' title='bbox 1772 4099 1856 4161; x_wconf 82' lang='lat' dir='ltr'><strong>rb,</strong></span> 
     </span>
    </p>
   </div>
   <div class='ocr_carea' id='block_1_76' title="bbox 299 4188 1860 4264">
    <p class='ocr_par' dir='ltr' id='par_1_76' title="bbox 299 4188 1860 4264">
     <span class='ocr_line' id='line_1_76' title="bbox 299 4188 1860 4264; baseline 0.004 -24"><span class='ocrx_word' id='word_1_632' title='bbox 299 4207 317 4240; x_wconf 84' lang='grc'><em>‹</em></span> <span class='ocrx_word' id='word_1_633' title='bbox 349 4190 441 4244; x_wconf 76' lang='grc' dir='ltr'><strong>Σοὶ</strong></span> <span class='ocrx_word' id='word_1_634' title='bbox 471 4188 618 4243; x_wconf 85' lang='grc' dir='ltr'>θύσω</span> <span class='ocrx_word' id='word_1_635' title='bbox 646 4188 840 4243; x_wconf 86' lang='grc' dir='ltr'>θυσίαν</span> <span class='ocrx_word' id='word_1_636' title='bbox 865 4189 1142 4255; x_wconf 75' lang='grc' dir='ltr'>αἰνέσεως.</span> <span class='ocrx_word' id='word_1_637' title='bbox 1175 4209 1194 4242; x_wconf 75' lang='grc' dir='ltr'><strong>ι</strong></span> <span class='ocrx_word' id='word_1_638' title='bbox 1250 4191 1337 4244; x_wconf 87' lang='grc' dir='ltr'><strong>Ἐν</strong></span> <span class='ocrx_word' id='word_1_639' title='bbox 1372 4191 1726 4263; x_wconf 82' lang='grc' dir='ltr'>Ἰερουσαλὴμ</span> <span class='ocrx_word' id='word_1_640' title='bbox 1750 4191 1860 4264; x_wconf 81' lang='grc' dir='ltr'><strong>γὰρ</strong></span> 
     </span>
    </p>
   </div>
   <div class='ocr_carea' id='block_1_77' title="bbox 294 4280 1860 4353">
    <p class='ocr_par' dir='ltr' id='par_1_77' title="bbox 294 4280 1860 4353">
     <span class='ocr_line' id='line_1_77' title="bbox 294 4280 1860 4353; baseline 0.001 -18"><span class='ocrx_word' id='word_1_641' title='bbox 294 4281 618 4353; x_wconf 74' lang='grc' dir='ltr'>ἐπουρανίῳ,</span> <span class='ocrx_word' id='word_1_642' title='bbox 639 4283 705 4352; x_wconf 82' lang='grc' dir='ltr'><strong>τῇ</strong></span> <span class='ocrx_word' id='word_1_643' title='bbox 727 4281 838 4336; x_wconf 79' lang='grc' dir='ltr'>ἅνω</span> <span class='ocrx_word' id='word_1_644' title='bbox 873 4281 1041 4351; x_wconf 77' lang='grc' dir='ltr'>μητρὶ</span> <span class='ocrx_word' id='word_1_645' title='bbox 1068 4280 1246 4353; x_wconf 81' lang='grc' dir='ltr'>ἡμῶν,</span> <span class='ocrx_word' id='word_1_646' title='bbox 1280 4282 1548 4337; x_wconf 88' lang='grc' dir='ltr'>ἀποδώσει</span> <span class='ocrx_word' id='word_1_647' title='bbox 1594 4285 1623 4337; x_wconf 81' lang='grc' dir='ltr'><strong>ὁ</strong></span> <span class='ocrx_word' id='word_1_648' title='bbox 1652 4284 1860 4348; x_wconf 87' lang='grc' dir='ltr'>δίκαιος</span> 
     </span>
    </p>
   </div>
   <div class='ocr_carea' id='block_1_78' title="bbox 1956 3177 3516 3262">
    <p class='ocr_par' dir='ltr' id='par_1_78' title="bbox 1956 3177 3516 3262">
     <span class='ocr_line' id='line_1_78' title="bbox 1956 3177 3516 3262; baseline 0.011 -29"><span class='ocrx_word' id='word_1_649' title='bbox 1956 3177 2263 3247; x_wconf 83' lang='lat' dir='ltr'><strong>corporalia</strong></span> <span class='ocrx_word' id='word_1_650' title='bbox 2288 3179 2623 3238; x_wconf 85' lang='lat' dir='ltr'><strong>diversorum</strong></span> <span class='ocrx_word' id='word_1_651' title='bbox 2670 3185 3036 3241; x_wconf 86' lang='lat' dir='ltr'><strong>membrorum</strong></span> <span class='ocrx_word' id='word_1_652' title='bbox 3062 3202 3255 3260; x_wconf 88' lang='lat' dir='ltr'><strong>onera,</strong></span> <span class='ocrx_word' id='word_1_653' title='bbox 3287 3194 3516 3262; x_wconf 88' lang='lat' dir='ltr'><strong>pulchre</strong></span> 
     </span>
    </p>
   </div>
   <div class='ocr_carea' id='block_1_79' title="bbox 1955 3269 3517 3349">
    <p class='ocr_par' dir='ltr' id='par_1_79' title="bbox 1955 3269 3517 3349">
     <span class='ocr_line' id='line_1_79' title="bbox 1955 3269 3517 3349; baseline 0.013 -27"><span class='ocrx_word' id='word_1_654' title='bbox 1955 3269 2120 3349; x_wconf 65' lang='lat' dir='ltr'><strong>etiam</strong></span> <span class='ocrx_word' id='word_1_655' title='bbox 2147 3270 2251 3326; x_wconf 88' lang='lat' dir='ltr'><strong>hoc</strong></span> <span class='ocrx_word' id='word_1_656' title='bbox 2295 3272 2456 3327; x_wconf 91' lang='lat' dir='ltr'><strong>modo</strong></span> <span class='ocrx_word' id='word_1_657' title='bbox 2480 3272 2585 3329; x_wconf 91' lang='lat' dir='ltr'><strong>dici</strong></span> <span class='ocrx_word' id='word_1_658' title='bbox 2621 3275 2792 3343; x_wconf 84' lang='lat' dir='ltr'><strong>possit</strong></span> <span class='ocrx_word' id='word_1_659' title='bbox 2814 3277 2868 3330; x_wconf 91' lang='lat' dir='ltr'><strong>in</strong></span> <span class='ocrx_word' id='word_1_660' title='bbox 2915 3280 3177 3348; x_wconf 86' lang='lat' dir='ltr'><strong>martyrio</strong></span> <span class='ocrx_word' id='word_1_661' title='bbox 3203 3296 3235 3337; x_wconf 91' lang='lat' dir='ltr'><strong>a</strong></span> <span class='ocrx_word' id='word_1_662' title='bbox 3286 3285 3517 3343; x_wconf 82' lang='lat' dir='ltr'><strong>vinculis</strong></span> 
     </span>
    </p>
   </div>
   <div class='ocr_carea' id='block_1_80' title="bbox 1956 3360 3519 3436">
    <p class='ocr_par' dir='ltr' id='par_1_80' title="bbox 1956 3360 3519 3436">
     <span class='ocr_line' id='line_1_80' title="bbox 1956 3360 3519 3436; baseline 0.013 -22"><span class='ocrx_word' id='word_1_663' title='bbox 1956 3360 2231 3419; x_wconf 90' lang='lat' dir='ltr'><strong>absolutus</strong></span> <span class='ocrx_word' id='word_1_664' title='bbox 2262 3363 2315 3416; x_wconf 92' lang='lat' dir='ltr'><strong>in</strong></span> <span class='ocrx_word' id='word_1_665' title='bbox 2362 3378 2497 3433; x_wconf 88' lang='lat' dir='ltr'><strong>pace</strong></span> <span class='ocrx_word' id='word_1_666' title='bbox 2527 3365 2812 3433; x_wconf 81' lang='lat' dir='ltr'><strong>exsistere,</strong></span> <span class='ocrx_word' id='word_1_667' title='bbox 2852 3382 2972 3423; x_wconf 90' lang='lat' dir='ltr'><strong>cum</strong></span> <span class='ocrx_word' id='word_1_668' title='bbox 3007 3371 3188 3428; x_wconf 91' lang='lat' dir='ltr'><strong>nullus</strong></span> <span class='ocrx_word' id='word_1_669' title='bbox 3228 3374 3332 3431; x_wconf 86' lang='lat' dir='ltr'><strong>nisi</strong></span> <span class='ocrx_word' id='word_1_670' title='bbox 3378 3376 3519 3436; x_wconf 87' lang='lat' dir='ltr'><strong>Deus</strong></span> 
     </span>
    </p>
   </div>
   <div class='ocr_carea' id='block_1_81' title="bbox 1953 3453 3521 3537">
    <p class='ocr_par' dir='ltr' id='par_1_81' title="bbox 1953 3453 3521 3537">
     <span class='ocr_line' id='line_1_81' title="bbox 1953 3453 3521 3537; baseline 0.013 -31"><span class='ocrx_word' id='word_1_671' title='bbox 1953 3467 2018 3507; x_wconf 87' lang='lat' dir='ltr'><strong>ea</strong></span> <span class='ocrx_word' id='word_1_672' title='bbox 2049 3453 2362 3524; x_wconf 83' lang='lat' dir='ltr'><strong>disruperit.</strong></span> <span class='ocrx_word' id='word_1_673' title='bbox 2391 3453 2507 3510; x_wconf 86' lang='lat' dir='ltr'><strong>Non</strong></span> <span class='ocrx_word' id='word_1_674' title='bbox 2534 3456 2678 3511; x_wconf 93' lang='lat' dir='ltr'><strong>enim</strong></span> <span class='ocrx_word' id='word_1_675' title='bbox 2702 3471 2887 3513; x_wconf 88' lang='lat' dir='ltr'><strong>eorum</strong></span> <span class='ocrx_word' id='word_1_676' title='bbox 2917 3461 3009 3529; x_wconf 88' lang='lat' dir='ltr'><strong>qui</strong></span> <span class='ocrx_word' id='word_1_677' title='bbox 3042 3477 3421 3537; x_wconf 85' lang='lat' dir='ltr'><strong>quamcunque</strong></span> <span class='ocrx_word' id='word_1_678' title='bbox 3448 3472 3521 3527; x_wconf 90' lang='lat' dir='ltr'><strong>ob</strong></span> 
     </span>
    </p>
   </div>
   <div class='ocr_carea' id='block_1_82' title="bbox 1956 3546 3519 3620">
    <p class='ocr_par' dir='ltr' id='par_1_82' title="bbox 1956 3546 3519 3620">
     <span class='ocr_line' id='line_1_82' title="bbox 1956 3546 3519 3620; baseline 0.012 -20"><span class='ocrx_word' id='word_1_679' title='bbox 1956 3561 2177 3600; x_wconf 88' lang='lat' dir='ltr'><strong>causam</strong></span> <span class='ocrx_word' id='word_1_680' title='bbox 2197 3546 2463 3602; x_wconf 79' lang='lat' dir='ltr'><strong>violenter</strong></span> <span class='ocrx_word' id='word_1_681' title='bbox 2481 3562 2511 3602; x_wconf 88' lang='lat' dir='ltr'><strong>a</strong></span> <span class='ocrx_word' id='word_1_682' title='bbox 2538 3562 2766 3619; x_wconf 90' lang='lat' dir='ltr'><strong>corpore</strong></span> <span class='ocrx_word' id='word_1_683' title='bbox 2794 3550 3111 3620; x_wconf 89' lang='lat' dir='ltr'><strong>liberamur,</strong></span> <span class='ocrx_word' id='word_1_684' title='bbox 3138 3556 3279 3615; x_wconf 87' lang='lat' dir='ltr'><strong>Deus</strong></span> <span class='ocrx_word' id='word_1_685' title='bbox 3304 3560 3519 3618; x_wconf 79' lang='lat' dir='ltr'><strong>vincula</strong></span> 
     </span>
    </p>
   </div>
   <div class='ocr_carea' id='block_1_83' title="bbox 1957 3634 3522 3714">
    <p class='ocr_par' dir='ltr' id='par_1_83' title="bbox 1957 3634 3522 3714">
     <span class='ocr_line' id='line_1_83' title="bbox 1957 3634 3522 3714; baseline 0.013 -23"><span class='ocrx_word' id='word_1_686' title='bbox 1957 3636 2265 3705; x_wconf 88' lang='lat' dir='ltr'><strong>disrumpit.</strong></span> <span class='ocrx_word' id='word_1_687' title='bbox 2289 3638 2596 3708; x_wconf 83' lang='lat' dir='ltr'><strong>Aliquando</strong></span> <span class='ocrx_word' id='word_1_688' title='bbox 2612 3640 2865 3697; x_wconf 88' lang='lat' dir='ltr'><strong>nimirum</strong></span> <span class='ocrx_word' id='word_1_689' title='bbox 2883 3644 3115 3714; x_wconf 87' lang='lat' dir='ltr'><strong>aliquem</strong></span> <span class='ocrx_word' id='word_1_690' title='bbox 3148 3650 3350 3706; x_wconf 88' lang='lat' dir='ltr'><strong>occidit</strong></span> <span class='ocrx_word' id='word_1_691' title='bbox 3380 3634 3522 3711; x_wconf 66' lang='lat' dir='ltr'><strong>Debs</strong></span> 
     </span>
    </p>
   </div>
   <div class='ocr_carea' id='block_1_84' title="bbox 1957 3733 3519 3816">
    <p class='ocr_par' dir='ltr' id='par_1_84' title="bbox 1957 3733 3519 3816">
     <span class='ocr_line' id='line_1_84' title="bbox 1957 3733 3519 3816; baseline 0.013 -34"><span class='ocrx_word' id='word_1_692' title='bbox 1957 3744 2057 3785; x_wconf 90' lang='lat' dir='ltr'><strong>nec</strong></span> <span class='ocrx_word' id='word_1_693' title='bbox 2107 3742 2395 3800; x_wconf 87' lang='lat' dir='ltr'><strong>propterea</strong></span> <span class='ocrx_word' id='word_1_694' title='bbox 2426 3733 2717 3806; x_wconf 83' lang='lat' dir='ltr'><strong>disrumpit</strong></span> <span class='ocrx_word' id='word_1_695' title='bbox 2748 3737 2866 3807; x_wconf 87' lang='lat' dir='ltr'><strong>ejus</strong></span> <span class='ocrx_word' id='word_1_696' title='bbox 2917 3738 3167 3806; x_wconf 78' lang='lat' dir='ltr'><strong>vincula;</strong></span> <span class='ocrx_word' id='word_1_697' title='bbox 3225 3752 3519 3816; x_wconf 87' lang='lat' dir='ltr'><strong>martyrem</strong></span> 
     </span>
    </p>
   </div>
   <div class='ocr_carea' id='block_1_85' title="bbox 1958 3822 3520 3909">
    <p class='ocr_par' dir='ltr' id='par_1_85' title="bbox 1958 3822 3520 3909">
     <span class='ocr_line' id='line_1_85' title="bbox 1958 3822 3520 3909; baseline 0.009 -35"><span class='ocrx_word' id='word_1_698' title='bbox 1958 3836 2088 3877; x_wconf 78' lang='lat' dir='ltr'><strong>vero</strong></span> <span class='ocrx_word' id='word_1_699' title='bbox 2114 3837 2220 3877; x_wconf 92' lang='lat' dir='ltr'><strong>non</strong></span> <span class='ocrx_word' id='word_1_700' title='bbox 2240 3822 2455 3885; x_wconf 85' lang='lat' dir='ltr'><strong>occidit,</strong></span> <span class='ocrx_word' id='word_1_701' title='bbox 2472 3824 2566 3879; x_wconf 87' lang='lat' dir='ltr'><strong>sed</strong></span> <span class='ocrx_word' id='word_1_702' title='bbox 2585 3826 2956 3881; x_wconf 86' lang='lat' dir='ltr'><strong>tantummodo</strong></span> <span class='ocrx_word' id='word_1_703' title='bbox 2982 3825 3098 3896; x_wconf 88' lang='lat' dir='ltr'><strong>ejus</strong></span> <span class='ocrx_word' id='word_1_704' title='bbox 3124 3828 3333 3886; x_wconf 81' lang='lat' dir='ltr'><strong>vincula</strong></span> <span class='ocrx_word' id='word_1_705' title='bbox 3356 3832 3520 3909; x_wconf 67' lang='lat'><strong>792</strong></span> 
     </span>
    </p>
   </div>
   <div class='ocr_carea' id='block_1_86' title="bbox 1912 3900 3524 3995">
    <p class='ocr_par' dir='ltr' id='par_1_86' title="bbox 1912 3900 3524 3995">
     <span class='ocr_line' id='line_1_86' title="bbox 1912 3900 3524 3995; baseline 0.011 -29"><span class='ocrx_word' id='word_1_706' title='bbox 1912 3900 1919 3907; x_wconf 74' lang='grc'><em>’</em></span> <span class='ocrx_word' id='word_1_707' title='bbox 1959 3913 2494 3983; x_wconf 88' lang='lat' dir='ltr'><strong>disrumpit.Etenim</strong></span> <span class='ocrx_word' id='word_1_708' title='bbox 2518 3931 2616 3986; x_wconf 85' lang='lat' dir='ltr'><strong>per</strong></span> <span class='ocrx_word' id='word_1_709' title='bbox 2641 3918 2959 3990; x_wconf 84' lang='lat' dir='ltr'><strong>martyrium</strong></span> <span class='ocrx_word' id='word_1_710' title='bbox 2984 3900 3524 3995; x_wconf 42' lang='lat' dir='ltr'><strong>unusquisque—mh;</strong></span> 
     </span>
    </p>
   </div>
   <div class='ocr_carea' id='block_1_87' title="bbox 1960 4005 3521 4075">
    <p class='ocr_par' dir='ltr' id='par_1_87' title="bbox 1960 4005 3521 4075">
     <span class='ocr_line' id='line_1_87' title="bbox 1960 4005 3521 4075; baseline 0.012 -20"><span class='ocrx_word' id='word_1_711' title='bbox 1960 4012 2138 4075; x_wconf 87' lang='lat' dir='ltr'><strong>tyrum</strong></span> <span class='ocrx_word' id='word_1_712' title='bbox 2186 4005 2539 4074; x_wconf 86' lang='lat' dir='ltr'><strong>semetipsum</strong></span> <span class='ocrx_word' id='word_1_713' title='bbox 2590 4005 2746 4063; x_wconf 74' lang='lat' dir='ltr'><strong>offert</strong></span> <span class='ocrx_word' id='word_1_714' title='bbox 2815 4009 3049 4066; x_wconf 87' lang='lat' dir='ltr'><strong>hostiam</strong></span> <span class='ocrx_word' id='word_1_715' title='bbox 3114 4014 3521 4075; x_wconf 59' lang='lat' dir='ltr'><strong>immacula‘tam</strong></span> 
     </span>
    </p>
   </div>
   <div class='ocr_carea' id='block_1_88' title="bbox 1959 4091 3524 4172">
    <p class='ocr_par' dir='ltr' id='par_1_88' title="bbox 1959 4091 3524 4172">
     <span class='ocr_line' id='line_1_88' title="bbox 1959 4091 3524 4172; baseline 0.013 -27"><span class='ocrx_word' id='word_1_716' title='bbox 1959 4091 2091 4159; x_wconf 90' lang='lat' dir='ltr'><strong>Deo,</strong></span> <span class='ocrx_word' id='word_1_717' title='bbox 2137 4092 2415 4151; x_wconf 84' lang='lat' dir='ltr'><strong>Christum</strong></span> <span class='ocrx_word' id='word_1_718' title='bbox 2468 4096 2748 4166; x_wconf 87' lang='lat' dir='ltr'><strong>imitando,</strong></span> <span class='ocrx_word' id='word_1_719' title='bbox 2780 4100 3066 4172; x_wconf 90' lang='lat' dir='ltr'><strong>dicitque:</strong></span> <span class='ocrx_word' id='word_1_720' title='bbox 3108 4122 3127 4157; x_wconf 77' lang='grc' dir='ltr'><strong>ι</strong></span> <span class='ocrx_word' id='word_1_721' title='bbox 3165 4105 3284 4164; x_wconf 90' lang='lat' dir='ltr'><strong>Tibi</strong></span> <span class='ocrx_word' id='word_1_722' title='bbox 3310 4111 3524 4166; x_wconf 81' lang='lat' dir='ltr'><strong>sacriﬁ-</strong></span> 
     </span>
    </p>
   </div>
   <div class='ocr_carea' id='block_1_89' title="bbox 1959 4183 3521 4269">
    <p class='ocr_par' dir='ltr' id='par_1_89' title="bbox 1959 4183 3521 4269">
     <span class='ocr_line' id='line_1_89' title="bbox 1959 4183 3521 4269; baseline 0.008 -28"><span class='ocrx_word' id='word_1_723' title='bbox 1959 4183 2094 4241; x_wconf 85' lang='lat' dir='ltr'><strong>cabo</strong></span> <span class='ocrx_word' id='word_1_724' title='bbox 2129 4185 2360 4241; x_wconf 85' lang='lat' dir='ltr'><strong>hostiam</strong></span> <span class='ocrx_word' id='word_1_725' title='bbox 2410 4186 2605 4245; x_wconf 90' lang='lat' dir='ltr'><strong>laudis.</strong></span> <span class='ocrx_word' id='word_1_726' title='bbox 2639 4207 2659 4241; x_wconf 73' lang='grc' dir='ltr'><strong>ι</strong></span> <span class='ocrx_word' id='word_1_727' title='bbox 2692 4190 2746 4244; x_wconf 90' lang='lat' dir='ltr'><strong>In</strong></span> <span class='ocrx_word' id='word_1_728' title='bbox 2779 4189 3079 4250; x_wconf 83' lang='lat' dir='ltr'><strong>Jerusalem</strong></span> <span class='ocrx_word' id='word_1_729' title='bbox 3106 4196 3251 4255; x_wconf 90' lang='lat' dir='ltr'><strong>enim</strong></span> <span class='ocrx_word' id='word_1_730' title='bbox 3291 4199 3521 4269; x_wconf 74' lang='lat' dir='ltr'><strong>cmlesti,</strong></span> 
     </span>
    </p>
   </div>
   <div class='ocr_carea' id='block_1_90' title="bbox 1961 4282 3522 4354">
    <p class='ocr_par' dir='ltr' id='par_1_90' title="bbox 1961 4282 3522 4354">
     <span class='ocr_line' id='line_1_90' title="bbox 1961 4282 3522 4354; baseline 0.011 -25"><span class='ocrx_word' id='word_1_731' title='bbox 1961 4289 2197 4346; x_wconf 89' lang='lat' dir='ltr'><strong>superna</strong></span> <span class='ocrx_word' id='word_1_732' title='bbox 2243 4286 2415 4333; x_wconf 88' lang='lat' dir='ltr'><strong>matre</strong></span> <span class='ocrx_word' id='word_1_733' title='bbox 2442 4287 2652 4344; x_wconf 87' lang='lat' dir='ltr'><strong>nostra,</strong></span> <span class='ocrx_word' id='word_1_734' title='bbox 2682 4282 2873 4337; x_wconf 90' lang='lat' dir='ltr'><strong>reddet</strong></span> <span class='ocrx_word' id='word_1_735' title='bbox 2914 4283 3097 4354; x_wconf 86' lang='lat' dir='ltr'><strong>justus</strong></span> <span class='ocrx_word' id='word_1_736' title='bbox 3129 4297 3255 4342; x_wconf 82' lang='lat' dir='ltr'><strong>vota</strong></span> <span class='ocrx_word' id='word_1_737' title='bbox 3293 4288 3522 4347; x_wconf 91' lang='lat' dir='ltr'><strong>Domino</strong></span> 
     </span>
    </p>
   </div>
   <div class='ocr_carea' id='block_1_91' title="bbox 293 4368 1855 4464">
    <p class='ocr_par' dir='ltr' id='par_1_91' title="bbox 293 4371 1855 4447">
     <span class='ocr_line' id='line_1_91' title="bbox 293 4371 1855 4447; baseline 0.001 -20"><span class='ocrx_word' id='word_1_738' title='bbox 293 4371 390 4438; x_wconf 75' lang='grc' dir='ltr'><strong>τὰς</strong></span> <span class='ocrx_word' id='word_1_739' title='bbox 422 4374 584 4445; x_wconf 82' lang='grc' dir='ltr'>εὐχὰς</span> <span class='ocrx_word' id='word_1_740' title='bbox 602 4372 681 4446; x_wconf 78' lang='grc' dir='ltr'><strong>τῷ</strong></span> <span class='ocrx_word' id='word_1_741' title='bbox 711 4375 901 4446; x_wconf 82' lang='grc' dir='ltr'>Κυρίῳ</span> <span class='ocrx_word' id='word_1_742' title='bbox 926 4376 1019 4428; x_wconf 74' lang='grc' dir='ltr'><strong>ἐπὶ</strong></span> <span class='ocrx_word' id='word_1_743' title='bbox 1054 4373 1253 4438; x_wconf 86' lang='grc' dir='ltr'>παντὸς</span> <span class='ocrx_word' id='word_1_744' title='bbox 1280 4374 1554 4447; x_wconf 83' lang='grc' dir='ltr'>μάρτυρος</span> <span class='ocrx_word' id='word_1_745' title='bbox 1580 4375 1674 4429; x_wconf 89' lang='grc' dir='ltr'><strong>τοῦ</strong></span> <span class='ocrx_word' id='word_1_746' title='bbox 1730 4374 1855 4431; x_wconf 90' lang='grc' dir='ltr'>λαοῦ</span> 
     </span>
    </p>
   </div>
   <div class='ocr_carea' id='block_1_92' title="bbox 1958 4368 3523 4464">
    <p class='ocr_par' dir='ltr' id='par_1_92' title="bbox 1961 4368 3523 4450">
     <span class='ocr_line' id='line_1_92' title="bbox 1961 4368 3523 4450; baseline 0.01 -29"><span class='ocrx_word' id='word_1_747' title='bbox 1961 4379 2124 4436; x_wconf 75' lang='lat' dir='ltr'><strong>Super</strong></span> <span class='ocrx_word' id='word_1_748' title='bbox 2158 4368 2303 4423; x_wconf 91' lang='lat' dir='ltr'><strong>omni</strong></span> <span class='ocrx_word' id='word_1_749' title='bbox 2332 4376 2566 4439; x_wconf 80' lang='lat' dir='ltr'><strong>martyre</strong></span> <span class='ocrx_word' id='word_1_750' title='bbox 2596 4370 2773 4441; x_wconf 88' lang='lat' dir='ltr'><strong>populi</strong></span> <span class='ocrx_word' id='word_1_751' title='bbox 2806 4370 2931 4440; x_wconf 90' lang='lat' dir='ltr'><strong>Dei,</strong></span> <span class='ocrx_word' id='word_1_752' title='bbox 2968 4383 3023 4429; x_wconf 92' lang='lat' dir='ltr'><strong>et</strong></span> <span class='ocrx_word' id='word_1_753' title='bbox 3040 4375 3428 4450; x_wconf 54' lang='lat' dir='ltr'><strong>Hierosolyma;</strong></span> <span class='ocrx_word' id='word_1_754' title='bbox 3464 4381 3523 4436; x_wconf 91' lang='lat' dir='ltr'><strong>in</strong></span> 
     </span>
    </p>
   </div>
   <div class='ocr_carea' id='block_1_93' title="bbox 291 4464 1853 4540">
    <p class='ocr_par' dir='ltr' id='par_1_93' title="bbox 291 4464 1853 4540">
     <span class='ocr_line' id='line_1_93' title="bbox 291 4464 1853 4540; baseline 0.001 -21"><span class='ocrx_word' id='word_1_755' title='bbox 291 4464 385 4521; x_wconf 88' lang='grc' dir='ltr'><strong>τοῦ</strong></span> <span class='ocrx_word' id='word_1_756' title='bbox 415 4464 548 4519; x_wconf 83' lang='grc' dir='ltr'>Θεοῦ</span> <span class='ocrx_word' id='word_1_757' title='bbox 589 4466 684 4520; x_wconf 74' lang='grc' dir='ltr'>καὶ</span> <span class='ocrx_word' id='word_1_758' title='bbox 715 4467 814 4538; x_wconf 81' lang='grc' dir='ltr'>τῆς</span> <span class='ocrx_word' id='word_1_759' title='bbox 864 4466 1231 4540; x_wconf 81' lang='grc' dir='ltr'>Ἰερουσαλὴμ,</span> <span class='ocrx_word' id='word_1_760' title='bbox 1276 4467 1335 4520; x_wconf 85' lang='grc' dir='ltr'>ὲν</span> <span class='ocrx_word' id='word_1_761' title='bbox 1372 4467 1522 4537; x_wconf 87' lang='grc' dir='ltr'>τόπῳ</span> <span class='ocrx_word' id='word_1_762' title='bbox 1571 4467 1810 4539; x_wconf 78' lang='grc' dir='ltr'>ἐκλεκτῷ</span> <span class='ocrx_word' id='word_1_763' title='bbox 1833 4480 1853 4503; x_wconf 76' lang='grc' dir='ltr'><strong>ο</strong></span> 
     </span>
    </p>
   </div>
   <div class='ocr_carea' id='block_1_94' title="bbox 293 4555 1856 4631">
    <p class='ocr_par' dir='ltr' id='par_1_94' title="bbox 293 4555 1856 4631">
     <span class='ocr_line' id='line_1_94' title="bbox 293 4555 1856 4631; baseline 0 -18"><span class='ocrx_word' id='word_1_764' title='bbox 293 4555 447 4624; x_wconf 81' lang='grc' dir='ltr'>οὗτος</span> <span class='ocrx_word' id='word_1_765' title='bbox 472 4561 531 4614; x_wconf 83' lang='grc' dir='ltr'><strong>δέ</strong></span> <span class='ocrx_word' id='word_1_766' title='bbox 554 4562 699 4615; x_wconf 74' lang='grc' dir='ltr'>ἐστιν</span> <span class='ocrx_word' id='word_1_767' title='bbox 733 4579 753 4612; x_wconf 71' lang='grc' dir='ltr'><strong>ι</strong></span> <span class='ocrx_word' id='word_1_768' title='bbox 790 4561 849 4614; x_wconf 84' lang='grc' dir='ltr'>ὲν</span> <span class='ocrx_word' id='word_1_769' title='bbox 870 4559 1059 4623; x_wconf 84' lang='grc' dir='ltr'>αὐλαῖς</span> <span class='ocrx_word' id='word_1_770' title='bbox 1076 4557 1224 4612; x_wconf 75' lang='grc' dir='ltr'>οἴκου</span> <span class='ocrx_word' id='word_1_771' title='bbox 1252 4558 1461 4630; x_wconf 85' lang='grc' dir='ltr'>Κυρίου</span> <span class='ocrx_word' id='word_1_772' title='bbox 1494 4559 1554 4613; x_wconf 82' lang='grc' dir='ltr'>ὲν</span> <span class='ocrx_word' id='word_1_773' title='bbox 1584 4559 1733 4631; x_wconf 82' lang='grc' dir='ltr'>μέσῳ</span> <span class='ocrx_word' id='word_1_774' title='bbox 1754 4559 1856 4631; x_wconf 83' lang='grc' dir='ltr'>τῆς</span> 
     </span>
    </p>
   </div>
   <div class='ocr_carea' id='block_1_95' title="bbox 299 4651 724 4726">
    <p class='ocr_par' dir='ltr' id='par_1_95' title="bbox 299 4651 724 4726">
     <span class='ocr_line' id='line_1_95' title="bbox 299 4651 724 4726; baseline -0.007 -18"><span class='ocrx_word' id='word_1_775' title='bbox 299 4651 604 4726; x_wconf 81' lang='grc' dir='ltr'>Ἱερουσαλή</span> <span class='ocrx_word' id='word_1_776' title='bbox 611 4671 668 4724; x_wconf 89' lang='grc' dir='ltr'><strong>μ.</strong></span> <span class='ocrx_word' id='word_1_777' title='bbox 703 4671 724 4705; x_wconf 77' lang='grc' dir='ltr'><strong>ι</strong></span> 
     </span>
    </p>
   </div>
   <div class='ocr_carea' id='block_1_96' title="bbox 366 4741 1855 4816">
    <p class='ocr_par' dir='ltr' id='par_1_96' title="bbox 366 4741 1855 4816">
     <span class='ocr_line' id='line_1_96' title="bbox 366 4741 1855 4816; baseline -0.003 -15"><span class='ocrx_word' id='word_1_778' title='bbox 366 4746 479 4801; x_wconf 87' lang='grc' dir='ltr'>Τοῦ</span> <span class='ocrx_word' id='word_1_779' title='bbox 516 4743 719 4802; x_wconf 83' lang='grc' dir='ltr'>αὑτοῦ.</span> <span class='ocrx_word' id='word_1_780' title='bbox 763 4762 782 4796; x_wconf 73' lang='grc' dir='ltr'><strong>ι</strong></span> <span class='ocrx_word' id='word_1_781' title='bbox 810 4741 1109 4816; x_wconf 77' lang='grc' dir='ltr'>Διέρῤηξας</span> <span class='ocrx_word' id='word_1_782' title='bbox 1133 4742 1257 4807; x_wconf 78' lang='grc' dir='ltr'>τοὺς</span> <span class='ocrx_word' id='word_1_783' title='bbox 1277 4741 1508 4814; x_wconf 87' lang='grc' dir='ltr'>δεσμούς</span> <span class='ocrx_word' id='word_1_784' title='bbox 1534 4759 1655 4812; x_wconf 89' lang='grc' dir='ltr'>μου.</span> <span class='ocrx_word' id='word_1_785' title='bbox 1691 4759 1711 4794; x_wconf 75' lang='grc' dir='ltr'><strong>ι</strong></span> <span class='ocrx_word' id='word_1_786' title='bbox 1740 4742 1855 4796; x_wconf 83' lang='grc' dir='ltr'><strong>Οὐκ</strong></span> 
     </span>
    </p>
   </div>
   <div class='ocr_carea' id='block_1_97' title="bbox 292 4833 1857 4908">
    <p class='ocr_par' dir='ltr' id='par_1_97' title="bbox 292 4833 1857 4908">
     <span class='ocr_line' id='line_1_97' title="bbox 292 4833 1857 4908; baseline -0.002 -18"><span class='ocrx_word' id='word_1_787' title='bbox 292 4833 462 4901; x_wconf 80' lang='grc' dir='ltr'>εἶπεν,</span> <span class='ocrx_word' id='word_1_788' title='bbox 489 4838 718 4902; x_wconf 79' lang='grc' dir='ltr'>ἔλυσας,</span> <span class='ocrx_word' id='word_1_789' title='bbox 763 4835 896 4889; x_wconf 86' lang='grc' dir='ltr'>ἀλλὰ</span> <span class='ocrx_word' id='word_1_790' title='bbox 944 4855 962 4887; x_wconf 76' lang='grc' dir='ltr'><strong>ι</strong></span> <span class='ocrx_word' id='word_1_791' title='bbox 1002 4835 1310 4908; x_wconf 80' lang='grc' dir='ltr'>διέῤῥηξας.</span> <span class='ocrx_word' id='word_1_792' title='bbox 1358 4853 1378 4887; x_wconf 69' lang='grc' dir='ltr'><strong>ι</strong></span> <span class='ocrx_word' id='word_1_793' title='bbox 1430 4836 1505 4899; x_wconf 86' lang='grc' dir='ltr'>ὡς</span> <span class='ocrx_word' id='word_1_794' title='bbox 1550 4835 1857 4907; x_wconf 81' lang='grc' dir='ltr'>ἀχρήστους</span> 
     </span>
    </p>
   </div>
   <div class='ocr_carea' id='block_1_98' title="bbox 292 4926 1855 4999">
    <p class='ocr_par' dir='ltr' id='par_1_98' title="bbox 292 4926 1855 4999">
     <span class='ocr_line' id='line_1_98' title="bbox 292 4926 1855 4999; baseline -0.002 -17"><span class='ocrx_word' id='word_1_795' title='bbox 292 4929 561 4998; x_wconf 86' lang='grc' dir='ltr'>γενέσθαι.</span> <span class='ocrx_word' id='word_1_796' title='bbox 596 4929 837 4999; x_wconf 76' lang='grc' dir='ltr'>Δεσμοὺς</span> <span class='ocrx_word' id='word_1_797' title='bbox 861 4926 1092 4983; x_wconf 76' lang='grc' dir='ltr'>ἐνταῦθα</span> <span class='ocrx_word' id='word_1_798' title='bbox 1114 4927 1213 4991; x_wconf 84' lang='grc' dir='ltr'><strong>τὰς</strong></span> <span class='ocrx_word' id='word_1_799' title='bbox 1242 4926 1447 4998; x_wconf 82' lang='grc' dir='ltr'>θλίψεις</span> <span class='ocrx_word' id='word_1_800' title='bbox 1503 4926 1669 4996; x_wconf 84' lang='grc' dir='ltr'>λέγει.</span> <span class='ocrx_word' id='word_1_801' title='bbox 1699 4928 1855 4980; x_wconf 82' lang='grc' dir='ltr'>Ἐστι</span> 
     </span>
    </p>
   </div>
   <div class='ocr_carea' id='block_1_99' title="bbox 293 5016 1859 5093">
    <p class='ocr_par' dir='ltr' id='par_1_99' title="bbox 293 5016 1859 5093">
     <span class='ocr_line' id='line_1_99' title="bbox 293 5016 1859 5093; baseline -0.001 -20"><span class='ocrx_word' id='word_1_802' title='bbox 293 5021 403 5093; x_wconf 81' lang='grc' dir='ltr'><strong>γὰρ</strong></span> <span class='ocrx_word' id='word_1_803' title='bbox 434 5022 529 5076; x_wconf 71' lang='grc' dir='ltr'>καὶ</span> <span class='ocrx_word' id='word_1_804' title='bbox 577 5020 775 5091; x_wconf 76' lang='grc' dir='ltr'>δεσμὸς</span> <span class='ocrx_word' id='word_1_805' title='bbox 823 5017 1006 5083; x_wconf 78' lang='grc' dir='ltr'>καλὸς,</span> <span class='ocrx_word' id='word_1_806' title='bbox 1062 5017 1138 5082; x_wconf 86' lang='grc' dir='ltr'><strong>ὡς</strong></span> <span class='ocrx_word' id='word_1_807' title='bbox 1184 5019 1311 5073; x_wconf 78' lang='grc' dir='ltr'>ὅταν</span> <span class='ocrx_word' id='word_1_808' title='bbox 1357 5017 1523 5093; x_wconf 79' lang='grc' dir='ltr'>λέγῃ’</span> <span class='ocrx_word' id='word_1_809' title='bbox 1585 5039 1603 5070; x_wconf 79' lang='grc' dir='ltr'><strong>ι</strong></span> <span class='ocrx_word' id='word_1_810' title='bbox 1650 5019 1736 5073; x_wconf 84' lang='grc' dir='ltr'>Ἐν</span> <span class='ocrx_word' id='word_1_811' title='bbox 1778 5016 1859 5089; x_wconf 83' lang='grc' dir='ltr'><strong>τῷ</strong></span> 
     </span>
    </p>
   </div>
   <div class='ocr_carea' id='block_1_100' title="bbox 295 5110 1858 5186">
    <p class='ocr_par' dir='ltr' id='par_1_100' title="bbox 295 5110 1858 5186">
     <span class='ocr_line' id='line_1_100' title="bbox 295 5110 1858 5186; baseline -0.004 -17"><span class='ocrx_word' id='word_1_812' title='bbox 295 5113 574 5185; x_wconf 84' lang='grc' dir='ltr'>συνδέσμῳ</span> <span class='ocrx_word' id='word_1_813' title='bbox 600 5113 698 5186; x_wconf 84' lang='grc' dir='ltr'>τῆς</span> <span class='ocrx_word' id='word_1_814' title='bbox 720 5110 958 5180; x_wconf 84' lang='grc' dir='ltr'>ἀγάπης.</span> <span class='ocrx_word' id='word_1_815' title='bbox 1001 5128 1020 5161; x_wconf 75' lang='grc' dir='ltr'><strong>ι</strong></span> <span class='ocrx_word' id='word_1_816' title='bbox 1055 5110 1255 5180; x_wconf 74' lang='grc' dir='ltr'>Δεσμοὶ</span> <span class='ocrx_word' id='word_1_817' title='bbox 1275 5110 1332 5164; x_wconf 83' lang='grc' dir='ltr'>δὲ</span> <span class='ocrx_word' id='word_1_818' title='bbox 1357 5110 1451 5164; x_wconf 71' lang='grc' dir='ltr'><strong>καὶ</strong></span> <span class='ocrx_word' id='word_1_819' title='bbox 1480 5111 1536 5166; x_wconf 82' lang='grc' dir='ltr'>αἱ</span> <span class='ocrx_word' id='word_1_820' title='bbox 1568 5110 1858 5182; x_wconf 87' lang='grc' dir='ltr'>προσγινό-</span> 
     </span>
    </p>
   </div>
   <div class='ocr_carea' id='block_1_101' title="bbox 298 5199 1858 5273">
    <p class='ocr_par' dir='ltr' id='par_1_101' title="bbox 298 5199 1858 5273">
     <span class='ocr_line' id='line_1_101' title="bbox 298 5199 1858 5273; baseline -0.004 -13"><span class='ocrx_word' id='word_1_821' title='bbox 298 5222 453 5273; x_wconf 86' lang='grc' dir='ltr'>μεναι</span> <span class='ocrx_word' id='word_1_822' title='bbox 482 5206 659 5270; x_wconf 69' lang='grc' dir='ltr'>σειραὶ</span> <span class='ocrx_word' id='word_1_823' title='bbox 684 5203 792 5257; x_wconf 84' lang='grc' dir='ltr'><strong>τῶν</strong></span> <span class='ocrx_word' id='word_1_824' title='bbox 827 5200 1271 5273; x_wconf 76' lang='grc' dir='ltr'>ἁμαρτημάτωνο</span> <span class='ocrx_word' id='word_1_825' title='bbox 1305 5201 1500 5265; x_wconf 83' lang='grc' dir='ltr'>οἵτινες</span> <span class='ocrx_word' id='word_1_826' title='bbox 1525 5201 1585 5254; x_wconf 80' lang='grc' dir='ltr'>οὐ</span> <span class='ocrx_word' id='word_1_827' title='bbox 1632 5201 1722 5255; x_wconf 82' lang='grc' dir='ltr'>διὰ</span> <span class='ocrx_word' id='word_1_828' title='bbox 1763 5199 1858 5254; x_wconf 86' lang='grc' dir='ltr'><strong>τοῦ</strong></span> 
     </span>
    </p>
   </div>
   <div class='ocr_carea' id='block_1_102' title="bbox 295 5293 1859 5369">
    <p class='ocr_par' dir='ltr' id='par_1_102' title="bbox 295 5293 1859 5369">
     <span class='ocr_line' id='line_1_102' title="bbox 295 5293 1859 5369; baseline -0.001 -20"><span class='ocrx_word' id='word_1_829' title='bbox 295 5295 440 5350; x_wconf 84' lang='grc' dir='ltr'>θείου</span> <span class='ocrx_word' id='word_1_830' title='bbox 474 5297 632 5369; x_wconf 84' lang='grc' dir='ltr'>μόνον</span> <span class='ocrx_word' id='word_1_831' title='bbox 681 5294 1055 5367; x_wconf 86' lang='grc' dir='ltr'>βαπτίσματος</span> <span class='ocrx_word' id='word_1_832' title='bbox 1111 5293 1546 5366; x_wconf 78' lang='grc' dir='ltr'>διαρῤήσσονται,</span> <span class='ocrx_word' id='word_1_833' title='bbox 1597 5294 1732 5350; x_wconf 86' lang='grc' dir='ltr'><strong>ἀλλά</strong></span> <span class='ocrx_word' id='word_1_834' title='bbox 1763 5294 1859 5350; x_wconf 72' lang='grc' dir='ltr'>καὶ</span> 
     </span>
    </p>
   </div>
   <div class='ocr_carea' id='block_1_103' title="bbox 293 5385 1853 5461">
    <p class='ocr_par' dir='ltr' id='par_1_103' title="bbox 293 5385 1853 5461">
     <span class='ocr_line' id='line_1_103' title="bbox 293 5385 1853 5461; baseline 0.001 -19"><span class='ocrx_word' id='word_1_835' title='bbox 293 5387 382 5442; x_wconf 88' lang='grc' dir='ltr'><strong>διά</strong></span> <span class='ocrx_word' id='word_1_836' title='bbox 403 5389 497 5443; x_wconf 87' lang='grc' dir='ltr'><strong>τοῦ</strong></span> <span class='ocrx_word' id='word_1_837' title='bbox 517 5389 658 5461; x_wconf 83' lang='grc' dir='ltr'>ὑπὲρ</span> <span class='ocrx_word' id='word_1_838' title='bbox 684 5386 919 5460; x_wconf 85' lang='grc' dir='ltr'>Χριστοῦ</span> <span class='ocrx_word' id='word_1_839' title='bbox 955 5385 1275 5457; x_wconf 85' lang='grc' dir='ltr'>μαρτυρίου,</span> <span class='ocrx_word' id='word_1_840' title='bbox 1322 5386 1416 5440; x_wconf 75' lang='grc' dir='ltr'>καὶ</span> <span class='ocrx_word' id='word_1_841' title='bbox 1468 5385 1556 5440; x_wconf 87' lang='grc' dir='ltr'><strong>διά</strong></span> <span class='ocrx_word' id='word_1_842' title='bbox 1605 5385 1853 5458; x_wconf 81' lang='grc' dir='ltr'>δακρύων</span> 
     </span>
    </p>
   </div>
   <div class='ocr_carea' id='block_1_104' title="bbox 294 5478 827 5552">
    <p class='ocr_par' dir='ltr' id='par_1_104' title="bbox 294 5478 827 5552">
     <span class='ocr_line' id='line_1_104' title="bbox 294 5478 827 5552; baseline -0.004 -18"><span class='ocrx_word' id='word_1_843' title='bbox 294 5478 399 5534; x_wconf 79' lang='grc' dir='ltr'><strong>τῶν</strong></span> <span class='ocrx_word' id='word_1_844' title='bbox 424 5482 490 5535; x_wconf 76' lang='grc' dir='ltr'>ἐκ</span> <span class='ocrx_word' id='word_1_845' title='bbox 519 5479 827 5552; x_wconf 82' lang='grc' dir='ltr'>μετανοίας.</span> 
     </span>
    </p>
   </div>
   <div class='ocr_carea' id='block_1_105' title="bbox 371 5673 698 5744">
    <p class='ocr_par' dir='ltr' id='par_1_105' title="bbox 371 5673 698 5744">
     <span class='ocr_line' id='line_1_105' title="bbox 371 5673 698 5744; baseline -0.006 -10"><span class='ocrx_word' id='word_1_846' title='bbox 371 5676 511 5734; x_wconf 79' lang='lat' dir='ltr'><strong>&#39;Ose.</strong></span> <span class='ocrx_word' id='word_1_847' title='bbox 536 5692 613 5744; x_wconf 69' lang='grc' dir='ltr'>ιι,</span> <span class='ocrx_word' id='word_1_848' title='bbox 642 5673 698 5732; x_wconf 72' lang='grc'>4.</span> 
     </span>
    </p>
   </div>
   <div class='ocr_carea' id='block_1_106' title="bbox 568 5776 1192 5840">
    <p class='ocr_par' dir='ltr' id='par_1_106' title="bbox 568 5776 1192 5840">
     <span class='ocr_line' id='line_1_106' title="bbox 568 5776 1192 5840; baseline 0 -3"><span class='ocrx_word' id='word_1_849' title='bbox 568 5776 838 5837; x_wconf 69' lang='grc' dir='ltr'>Ριτιιοι..</span> <span class='ocrx_word' id='word_1_850' title='bbox 885 5777 1001 5840; x_wconf 82' lang='lat' dir='ltr'><strong>Gn.</strong></span> <span class='ocrx_word' id='word_1_851' title='bbox 1047 5776 1192 5838; x_wconf 78' lang='grc' dir='ltr'><strong>ΧΠ.</strong></span> 
     </span>
    </p>
   </div>
   <div class='ocr_carea' id='block_1_107' title="bbox 1961 4458 3524 4527">
    <p class='ocr_par' dir='ltr' id='par_1_107' title="bbox 1961 4458 3524 4527">
     <span class='ocr_line' id='line_1_107' title="bbox 1961 4458 3524 4527; baseline 0.01 -14"><span class='ocrx_word' id='word_1_852' title='bbox 1961 4458 2081 4514; x_wconf 89' lang='lat' dir='ltr'><strong>loco</strong></span> <span class='ocrx_word' id='word_1_853' title='bbox 2111 4461 2320 4527; x_wconf 89' lang='lat' dir='ltr'><strong>electo;</strong></span> <span class='ocrx_word' id='word_1_854' title='bbox 2358 4461 2445 4516; x_wconf 87' lang='lat' dir='ltr'><strong>hic</strong></span> <span class='ocrx_word' id='word_1_855' title='bbox 2472 4471 2650 4517; x_wconf 89' lang='lat' dir='ltr'><strong>autem</strong></span> <span class='ocrx_word' id='word_1_856' title='bbox 2682 4475 2768 4520; x_wconf 84' lang='lat' dir='ltr'><strong>est</strong></span> <span class='ocrx_word' id='word_1_857' title='bbox 2801 4484 2820 4517; x_wconf 73' lang='grc' dir='ltr'><strong>ι</strong></span> <span class='ocrx_word' id='word_1_858' title='bbox 2851 4466 2903 4520; x_wconf 89' lang='lat' dir='ltr'><strong>in</strong></span> <span class='ocrx_word' id='word_1_859' title='bbox 2928 4468 3083 4525; x_wconf 87' lang='lat' dir='ltr'><strong>atriis</strong></span> <span class='ocrx_word' id='word_1_860' title='bbox 3119 4469 3309 4526; x_wconf 88' lang='lat' dir='ltr'><strong>domus</strong></span> <span class='ocrx_word' id='word_1_861' title='bbox 3341 4471 3524 4527; x_wconf 88' lang='lat' dir='ltr'><strong>Domi-</strong></span> 
     </span>
    </p>
   </div>
   <div class='ocr_carea' id='block_1_108' title="bbox 1960 4549 2734 4617">
    <p class='ocr_par' dir='ltr' id='par_1_108' title="bbox 1960 4549 2734 4617">
     <span class='ocr_line' id='line_1_108' title="bbox 1960 4549 2734 4617; baseline 0.005 -14"><span class='ocrx_word' id='word_1_862' title='bbox 1960 4549 2041 4617; x_wconf 90' lang='lat' dir='ltr'><strong>ni,</strong></span> <span class='ocrx_word' id='word_1_863' title='bbox 2073 4549 2126 4606; x_wconf 92' lang='lat' dir='ltr'><strong>in</strong></span> <span class='ocrx_word' id='word_1_864' title='bbox 2160 4551 2338 4606; x_wconf 87' lang='lat' dir='ltr'><strong>medio</strong></span> <span class='ocrx_word' id='word_1_865' title='bbox 2366 4551 2690 4612; x_wconf 80' lang='lat' dir='ltr'><strong>Jerusalem.</strong></span> <span class='ocrx_word' id='word_1_866' title='bbox 2715 4573 2734 4607; x_wconf 71' lang='grc' dir='ltr'><strong>ι</strong></span> 
     </span>
    </p>
   </div>
   <div class='ocr_carea' id='block_1_109' title="bbox 1956 4740 3521 4814">
    <p class='ocr_par' dir='ltr' id='par_1_109' title="bbox 1956 4740 3521 4814">
     <span class='ocr_line' id='line_1_109' title="bbox 1956 4740 3521 4814; baseline 0.005 -20"><span class='ocrx_word' id='word_1_867' title='bbox 1956 4774 1959 4779; x_wconf 67' lang='grc' dir='ltr'><strong>ι</strong></span> <span class='ocrx_word' id='word_1_868' title='bbox 2031 4740 2307 4814; x_wconf 76' lang='lat' dir='ltr'><strong>Ejusdem.</strong></span> <span class='ocrx_word' id='word_1_869' title='bbox 2351 4759 2371 4793; x_wconf 77' lang='grc' dir='ltr'><strong>ι</strong></span> <span class='ocrx_word' id='word_1_870' title='bbox 2411 4740 2668 4810; x_wconf 90' lang='lat' dir='ltr'><strong>Dirupisti</strong></span> <span class='ocrx_word' id='word_1_871' title='bbox 2704 4740 2919 4796; x_wconf 87' lang='lat' dir='ltr'><strong>vincula</strong></span> <span class='ocrx_word' id='word_1_872' title='bbox 2961 4755 3101 4797; x_wconf 84' lang='lat' dir='ltr'><strong>mea.</strong></span> <span class='ocrx_word' id='word_1_873' title='bbox 3144 4762 3163 4795; x_wconf 73' lang='grc' dir='ltr'><strong>ι</strong></span> <span class='ocrx_word' id='word_1_874' title='bbox 3191 4742 3307 4800; x_wconf 85' lang='lat' dir='ltr'><strong>Non</strong></span> <span class='ocrx_word' id='word_1_875' title='bbox 3332 4744 3521 4803; x_wconf 83' lang='lat' dir='ltr'><strong>dixit:</strong></span> 
     </span>
    </p>
   </div>
   <div class='ocr_carea' id='block_1_110' title="bbox 1961 4832 3523 4902">
    <p class='ocr_par' dir='ltr' id='par_1_110' title="bbox 1961 4832 3523 4902">
     <span class='ocr_line' id='line_1_110' title="bbox 1961 4832 3523 4902; baseline 0.004 -14"><span class='ocrx_word' id='word_1_876' title='bbox 1961 4832 2200 4900; x_wconf 84' lang='lat' dir='ltr'><strong>solvisti,</strong></span> <span class='ocrx_word' id='word_1_877' title='bbox 2230 4832 2323 4887; x_wconf 87' lang='lat' dir='ltr'><strong>sed</strong></span> <span class='ocrx_word' id='word_1_878' title='bbox 2351 4850 2371 4885; x_wconf 78' lang='grc' dir='ltr'><strong>ι</strong></span> <span class='ocrx_word' id='word_1_879' title='bbox 2409 4833 2685 4902; x_wconf 87' lang='lat' dir='ltr'><strong>dirupisti,</strong></span> <span class='ocrx_word' id='word_1_880' title='bbox 2721 4851 2740 4886; x_wconf 75' lang='grc' dir='ltr'><strong>ι</strong></span> <span class='ocrx_word' id='word_1_881' title='bbox 2774 4832 2846 4887; x_wconf 91' lang='lat' dir='ltr'><strong>ita</strong></span> <span class='ocrx_word' id='word_1_882' title='bbox 2884 4842 2946 4889; x_wconf 90' lang='lat' dir='ltr'><strong>ut</strong></span> <span class='ocrx_word' id='word_1_883' title='bbox 2971 4834 3179 4890; x_wconf 90' lang='lat' dir='ltr'><strong>inutilia</strong></span> <span class='ocrx_word' id='word_1_884' title='bbox 3212 4834 3356 4891; x_wconf 83' lang='lat' dir='ltr'><strong>facta</strong></span> <span class='ocrx_word' id='word_1_885' title='bbox 3388 4838 3523 4899; x_wconf 87' lang='lat' dir='ltr'><strong>sint.</strong></span> 
     </span>
    </p>
   </div>
   <div class='ocr_carea' id='block_1_111' title="bbox 1962 4922 3521 4985">
    <p class='ocr_par' dir='ltr' id='par_1_111' title="bbox 1962 4922 3521 4985">
     <span class='ocr_line' id='line_1_111' title="bbox 1962 4922 3521 4985; baseline 0.005 -9"><span class='ocrx_word' id='word_1_886' title='bbox 1962 4922 2190 4982; x_wconf 82' lang='lat' dir='ltr'><strong>Vincula</strong></span> <span class='ocrx_word' id='word_1_887' title='bbox 2240 4926 2345 4981; x_wconf 87' lang='lat' dir='ltr'><strong>hoc</strong></span> <span class='ocrx_word' id='word_1_888' title='bbox 2398 4924 2515 4981; x_wconf 88' lang='lat' dir='ltr'><strong>loco</strong></span> <span class='ocrx_word' id='word_1_889' title='bbox 2568 4925 2946 4981; x_wconf 90' lang='lat' dir='ltr'><strong>tribulationes</strong></span> <span class='ocrx_word' id='word_1_890' title='bbox 3006 4936 3187 4981; x_wconf 82' lang='lat' dir='ltr'><strong>vocat.</strong></span> <span class='ocrx_word' id='word_1_891' title='bbox 3242 4927 3338 4983; x_wconf 85' lang='lat' dir='ltr'><strong>Est</strong></span> <span class='ocrx_word' id='word_1_892' title='bbox 3375 4930 3521 4985; x_wconf 86' lang='lat' dir='ltr'><strong>enim</strong></span> 
     </span>
    </p>
   </div>
   <div class='ocr_carea' id='block_1_112' title="bbox 1959 4999 3525 5083">
    <p class='ocr_par' dir='ltr' id='par_1_112' title="bbox 1959 4999 3525 5083">
     <span class='ocr_line' id='line_1_112' title="bbox 1959 4999 3525 5083; baseline 0.001 -10"><span class='ocrx_word' id='word_1_893' title='bbox 1959 4999 2416 5074; x_wconf 26' lang='lat' dir='ltr'><strong>etiam&#39;vinculum</strong></span> <span class='ocrx_word' id='word_1_894' title='bbox 2447 5019 2670 5083; x_wconf 91' lang='lat' dir='ltr'><strong>bonum,</strong></span> <span class='ocrx_word' id='word_1_895' title='bbox 2700 5026 2759 5072; x_wconf 88' lang='lat' dir='ltr'><strong>ut</strong></span> <span class='ocrx_word' id='word_1_896' title='bbox 2786 5034 2907 5073; x_wconf 87' lang='lat' dir='ltr'><strong>cum</strong></span> <span class='ocrx_word' id='word_1_897' title='bbox 2946 5018 3079 5074; x_wconf 87' lang='lat' dir='ltr'><strong>dicit</strong></span> <span class='ocrx_word' id='word_1_898' title='bbox 3111 5036 3125 5072; x_wconf 86' lang='lat'><strong>:</strong></span> <span class='ocrx_word' id='word_1_899' title='bbox 3162 5036 3181 5070; x_wconf 75' lang='grc' dir='ltr'><strong>ι</strong></span> <span class='ocrx_word' id='word_1_900' title='bbox 3220 5016 3277 5073; x_wconf 89' lang='lat' dir='ltr'><strong>In</strong></span> <span class='ocrx_word' id='word_1_901' title='bbox 3304 5016 3525 5075; x_wconf 75' lang='lat' dir='ltr'><strong>vinculo</strong></span> 
     </span>
    </p>
   </div>
   <div class='ocr_carea' id='block_1_113' title="bbox 1958 5109 3525 5182">
    <p class='ocr_par' dir='ltr' id='par_1_113' title="bbox 1958 5109 3525 5182">
     <span class='ocr_line' id='line_1_113' title="bbox 1958 5109 3525 5182; baseline -0.001 -15"><span class='ocrx_word' id='word_1_902' title='bbox 1958 5112 2306 5167; x_wconf 68' lang='lat' dir='ltr'><strong>charitatis‘.</strong></span> <span class='ocrx_word' id='word_1_903' title='bbox 2346 5128 2367 5164; x_wconf 76' lang='grc' dir='ltr'><strong>ι</strong></span> <span class='ocrx_word' id='word_1_904' title='bbox 2402 5109 2630 5168; x_wconf 78' lang='lat' dir='ltr'><strong>Vincula</strong></span> <span class='ocrx_word' id='word_1_905' title='bbox 2661 5119 2791 5167; x_wconf 84' lang='lat' dir='ltr'><strong>sunt</strong></span> <span class='ocrx_word' id='word_1_906' title='bbox 2835 5112 2996 5167; x_wconf 90' lang='lat' dir='ltr'><strong>etiam</strong></span> <span class='ocrx_word' id='word_1_907' title='bbox 3037 5120 3384 5182; x_wconf 88' lang='lat' dir='ltr'><strong>peccatorum</strong></span> <span class='ocrx_word' id='word_1_908' title='bbox 3433 5127 3525 5167; x_wconf 85' lang='lat' dir='ltr'><strong>ca-</strong></span> 
     </span>
    </p>
   </div>
   <div class='ocr_carea' id='block_1_114' title="bbox 1960 5198 3521 5271">
    <p class='ocr_par' dir='ltr' id='par_1_114' title="bbox 1960 5198 3521 5271">
     <span class='ocr_line' id='line_1_114' title="bbox 1960 5198 3521 5271; baseline -0.002 -15"><span class='ocrx_word' id='word_1_909' title='bbox 1960 5210 2096 5257; x_wconf 65' lang='lat' dir='ltr'><strong>tena:</strong></span> <span class='ocrx_word' id='word_1_910' title='bbox 2129 5219 2144 5257; x_wconf 87' lang='lat'><strong>:</strong></span> <span class='ocrx_word' id='word_1_911' title='bbox 2174 5216 2292 5271; x_wconf 85' lang='lat' dir='ltr'><strong>quae</strong></span> <span class='ocrx_word' id='word_1_912' title='bbox 2314 5200 2530 5270; x_wconf 83' lang='lat' dir='ltr'><strong>quidem</strong></span> <span class='ocrx_word' id='word_1_913' title='bbox 2564 5198 2777 5255; x_wconf 83' lang='lat' dir='ltr'><strong>vincula</strong></span> <span class='ocrx_word' id='word_1_914' title='bbox 2810 5215 2915 5254; x_wconf 90' lang='lat' dir='ltr'><strong>non</strong></span> <span class='ocrx_word' id='word_1_915' title='bbox 2949 5204 3120 5254; x_wconf 89' lang='lat' dir='ltr'><strong>solum</strong></span> <span class='ocrx_word' id='word_1_916' title='bbox 3154 5215 3253 5270; x_wconf 90' lang='lat' dir='ltr'><strong>per</strong></span> <span class='ocrx_word' id='word_1_917' title='bbox 3273 5200 3521 5255; x_wconf 85' lang='lat' dir='ltr'><strong>divinum</strong></span> 
     </span>
    </p>
   </div>
   <div class='ocr_carea' id='block_1_115' title="bbox 1957 5291 3519 5366">
    <p class='ocr_par' dir='ltr' id='par_1_115' title="bbox 1957 5291 3519 5366">
     <span class='ocr_line' id='line_1_115' title="bbox 1957 5291 3519 5366; baseline -0.001 -16"><span class='ocrx_word' id='word_1_918' title='bbox 1957 5293 2242 5364; x_wconf 81' lang='lat' dir='ltr'><strong>baptisma,</strong></span> <span class='ocrx_word' id='word_1_919' title='bbox 2270 5293 2366 5349; x_wconf 85' lang='lat' dir='ltr'><strong>sed</strong></span> <span class='ocrx_word' id='word_1_920' title='bbox 2393 5302 2449 5347; x_wconf 90' lang='lat' dir='ltr'><strong>et</strong></span> <span class='ocrx_word' id='word_1_921' title='bbox 2483 5291 2923 5366; x_wconf 79' lang='lat' dir='ltr'><strong>per&#39;martyrium</strong></span> <span class='ocrx_word' id='word_1_922' title='bbox 2946 5306 3042 5361; x_wconf 89' lang='lat' dir='ltr'><strong>pro</strong></span> <span class='ocrx_word' id='word_1_923' title='bbox 3069 5291 3284 5348; x_wconf 87' lang='lat' dir='ltr'><strong>Christo</strong></span> <span class='ocrx_word' id='word_1_924' title='bbox 3313 5292 3519 5349; x_wconf 85' lang='lat' dir='ltr'><strong>obitum</strong></span> 
     </span>
    </p>
   </div>
   <div class='ocr_carea' id='block_1_116' title="bbox 1959 5382 3241 5460">
    <p class='ocr_par' dir='ltr' id='par_1_116' title="bbox 1959 5382 3241 5460">
     <span class='ocr_line' id='line_1_116' title="bbox 1959 5382 3241 5460; baseline -0.002 -18"><span class='ocrx_word' id='word_1_925' title='bbox 1959 5396 2012 5442; x_wconf 90' lang='lat' dir='ltr'><strong>et</strong></span> <span class='ocrx_word' id='word_1_926' title='bbox 2049 5402 2144 5458; x_wconf 88' lang='lat' dir='ltr'><strong>per</strong></span> <span class='ocrx_word' id='word_1_927' title='bbox 2167 5385 2497 5460; x_wconf 60' lang='lat' dir='ltr'><strong>poenitentiae</strong></span> <span class='ocrx_word' id='word_1_928' title='bbox 2525 5383 2788 5456; x_wconf 85' lang='lat' dir='ltr'><strong>lacrymas</strong></span> <span class='ocrx_word' id='word_1_929' title='bbox 2816 5382 3241 5453; x_wconf 88' lang='lat' dir='ltr'><strong>disrumpuntur.</strong></span> 
     </span>
    </p>
   </div>
   <div class='ocr_carea' id='block_1_117' title="bbox 3136 5771 3216 5836">
    <p class='ocr_par' dir='ltr' id='par_1_117' title="bbox 3136 5771 3216 5836">
     <span class='ocr_line' id='line_1_117' title="bbox 3136 5771 3216 5836; baseline 0.013 -1"><span class='ocrx_word' id='word_1_930' title='bbox 3136 5771 3216 5836; x_wconf 81' lang='lat'><strong>50</strong></span> 
     </span>
    </p>
   </div>
  </div>
