3928 6158
470 204 606 264 I579
1492 222 1496 226 ·
1864 199 1952 255 EX
1991 199 2026 257 0

2125 199 2292 257 BENE
3526 215 3639 269 {580

965 315 1282 374 PSALMUS
1319 316 1522 373 CXVII.

2674 324 2964 378 ΨΑΛΜΟΣ
3002 324 3141 379 PIZ'.

544 422 707 477 Vsus.
760 419 816 473 2.
860 417 1014 471 Dicat
1061 432 1198 469 nunc
1244 415 1431 468 domus
1481 411 1675 480 Israel,
1717 422 1825 468 etc.
1873 412 2025 479 Illud,

2202 414 2435 469 Είπὰτω
2461 414 2539 482 δὴ
2565 412 2728 481 οἶκος
2766 418 3024 483 Ἰσραὴλ,
3054 435 3105 471 κ.
3137 435 3185 470 τ.
3220 418 3267 470 ἐ.
3307 418 3381 470 Τὸ
3403 457 3417 481 ,
3450 438 3465 469 t
3498 422 3638 480 Εἰπὰ-

477 530 497 563 ε
532 513 685 567 Dicat
718 523 861 564 nunc
893 507 1078 569 Israel,
1120 522 1138 555 ι
1173 513 1227 559 et
1254 505 1305 558 in
1336 505 1438 558 hoc
1460 503 1667 573 psalmo
1700 504 1901 558 dictum
1947 512 2026 559 est

2131 522 2209 559 τω
2236 505 2299 577 δὴ
2344 507 2580 579 Ἰσραὴλ,
2622 526 2642 559 ο
2677 509 2733 559 ἐν
2756 506 2929 578 τούτῳ
2970 508 3202 578 εἴρηται,
3233 510 3326 562 καὶ
3356 509 3518 579 ἐντῷ·
3545 532 3561 564 t
3590 516 3637 567 ΕΞ

468 612 526 656 et
565 602 619 656 in
652 600 825 655 altero
864 615 926 651 ει
954 595 1066 652 Nisi
1113 595 1239 665 quia
1281 594 1537 650 Dominus
1576 604 1696 650 erat
1745 594 1800 649 in
1852 595 2026 662 nobis,

2136 596 2210 668 μὴ
2231 597 2311 649 ὅτι
2342 596 2543 668 Κύριος
2574 593 2640 669 ἦν
2668 599 2726 650 ἐν
2749 600 2901 668 ἡμῖν,
2926 600 3131 653 εἰπάτω
3162 598 3227 669 δὴ
3262 600 3485 671 Ἰσραὴλ,
3513 622 3528 653 ι
3550 604 3639 658 ὅντε

470 695 620 748 dicat
650 707 793 747 nunc
812 688 980 744 Israel
1010 705 1024 742 :
1066 706 1085 740 ι
1123 688 1210 757 qui
1243 694 1326 742 est
1363 685 1695 741 centesimus
1739 685 2026 741 vicesimus

2138 695 2286 759 ρκς¹,
2314 688 2429 741 ϐντι
2454 688 2563 742 τῶν
2599 689 2927 760 ἀναϐαθμῶν
2957 697 3031 773 ε’]
3066 691 3159 745 καὶ
3184 693 3241 746 ἐν
3271 692 3349 760 τῷ
3382 701 3507 763 ρκην,
3553 696 3639 749 δντι

467 792 657 838 sextus
690 790 751 836 et
784 777 1116 849 gradualium
1163 777 1383 846 quintus
1417 792 1429 827 :
1474 775 1600 829 item
1633 775 1685 828 in
1734 776 2026 830 centesimo

2131 779 2236 833 τῶν
2257 780 2585 851 ἀναϐαθμῶν
2622 781 2652 833 ι’
2671 796 2684 811 °
2730 775 2792 835 οὗ
2818 784 2852 852 ἡ
2881 782 3022 852 ἀρχή
3042 798 3058 812 ο
3109 802 3127 834 t
3160 783 3447 847 Πλεονάκις
3491 786 3639 841 ἐπολέ-

467 872 724 928 vicesimo
762 882 979 936 octavo,
1011 869 1099 937 qui
1144 878 1228 923 est
1253 866 1591 938 gradualium
1623 866 1900 932 decimus,
1936 882 2026 922 cu-

2135 871 2314 939 μησάν
2352 887 2441 941 με,
2471 871 2677 924 εἰπάτω
2706 870 2771 942 δὴ
2811 870 3048 943 Ἰσραήλ.
3070 892 3089 923 ι

464 967 555 1034 jus
604 964 930 1035 principium
978 971 1082 1027 est,
1137 978 1159 1014 t
1209 961 1363 1029 Saepe
1411 969 1859 1030 expugnaverunt
1918 974 2029 1027 me,

468 1059 614 1113 dica‘t
645 1072 789 1111 nunc
816 1055 1004 1111 Israel.
1047 1073 1067 1107 ι
1520 1052 1544 1065 ”

540 1150 701 1206 Vns.
723 1151 779 1205 5.
809 1149 961 1202 Dicat
991 1163 1129 1201 nunc
1152 1146 1338 1200 domus
1375 1147 1554 1199 Aaron
1573 1183 1590 1210 ,
1618 1153 1722 1200 etc.
1755 1144 1869 1202 Nisi
1908 1145 2026 1215 quis

2201 1126 2436 1182 Ειπάτω
2462 1127 2540 1196 δὴ
2564 1128 2728 1195 οἶκος
2765 1129 3000 1198 Ἀαρὼν,
3034 1147 3086 1183 κ.
3120 1147 3168 1183 τ.
3192 1132 3240 1183 ἐ.
3277 1131 3398 1185 Ἐὰν
3426 1132 3491 1202 μή
3516 1150 3584 1197 τις
3618 1132 3644 1207 ᾗ

468 1240 633 1295 inerit
661 1238 852 1305 Israel,
888 1237 974 1293 vel
1003 1239 1193 1292 domus
1232 1235 1440 1301 Aaron,
1470 1236 1555 1290 vel
1601 1237 1799 1292 timens
1847 1236 2026 1293 Domi-

2143 1218 2377 1290 Ἰσραὴλ,
2404 1219 2435 1290 ἢ
2460 1216 2605 1283 οἶκος
2656 1218 2863 1291 Ἀαρὼν
2882 1261 2897 1283 ,
2929 1222 2962 1293 ἢ
2993 1222 3322 1292 φοϐούμενος
3352 1224 3437 1279 τὸν
3459 1224 3644 1297 Κύρων,

466 1346 618 1397 num,
667 1346 772 1384 non
821 1337 1004 1396 gustat
1055 1327 1449 1398 benignitatem
1501 1326 1750 1392 Domini,
1788 1329 1942 1397 cujus
1974 1329 2026 1383 in

2130 1311 2190 1361 οὐ
2218 1309 2437 1378 γεύεται
2460 1311 2557 1381 τῆς
2586 1313 2950 1398 χρηστότητος
2981 1314 3208 1385 Κυρίου,
3232 1310 3293 1370 οὗ
3323 1317 3398 1380 εἰς
3428 1317 3577 1371 αἰῶνα
3600 1318 3647 1369 τὸ

466 1396 721 1477 srcculum
772 1418 1143 1476 misericordia
1193 1396 1296 1473 est.
1333 1416 1674 1486 Quapropter
1707 1419 1784 1474 illi
1815 1396 1914 1475 soli
1949 1418 2026 1474 di-

2130 1400 2276 1465 ἔλεός
2298 1403 2430 1455 ἐστι.
2464 1402 2551 1455 Διὸ
2576 1396 2723 1456 οὗτοι
2750 1404 2898 1473 μόνοι
2920 1405 3099 1476 ἐροῦσι
3132 1406 3215 1474 τὸ,
3246 1424 3268 1459 ι
3299 1408 3390 1471 Εἰς
3411 1408 3493 1461 τὸν
3511 1409 3647 1462 αἰῶνα

465 1524 619 1568 cent:
660 1532 679 1566 ι
698 1513 754 1566 In
774 1513 1027 1567 szeculum
1047 1508 1411 1566 misericordia
1435 1509 1602 1578 ejus.»
1624 1509 1828 1576 Quibus
1860 1511 2026 1565 tribus

2128 1492 2191 1545 τὸ
2213 1492 2360 1557 ἔλεος
2399 1493 2582 1547 αὑτοῦ.
2631 1513 2651 1547 ι
2707 1490 2802 1557 Οἷς
2861 1490 3013 1565 οἶμαι
3064 1496 3243 1566 τρισὶν
3288 1492 3403 1551 οὖσι
3448 1498 3648 1569 τάγμασι

464 1606 749 1660 ordinibus
774 1604 1028 1659 existimo
1046 1617 1165 1658 esse
1181 1612 1292 1656 tres
1308 1601 1709 1657 misericordias
1724 1602 2026 1672 generales.

2127 1585 2277 1654 τρεῖς
2311 1581 2449 1637 εἶναι
2481 1584 2726 1651 γενικοὺς
2748 1583 2949 1647 ἐλέους.
2985 1585 3136 1638 Ἐπεὶ
3172 1586 3230 1639 δὲ
3261 1581 3403 1652 οἶκός
3438 1591 3540 1642 ἐστι
3577 1589 3651 1643 σύ-

462 1698 594 1753 Cum
613 1707 793 1751 autem
825 1696 1016 1751 domus
1042 1695 1114 1750 sit
1140 1694 1492 1765 congregatio
1519 1693 1754 1764 legitime
1770 1694 1837 1748 ad
1863 1694 2025 1748 vitam

2130 1692 2309 1745 στημα
2336 1676 2579 1746 νομίμως
2609 1676 2890 1747 ἱδρυμένον
2918 1679 3054 1746 πρὸς
3081 1677 3226 1747 βίον,
3255 1678 3341 1733 διὰ
3386 1679 3530 1733 τοῦτο
3573 1680 3651 1734 νῦν

464 1790 723 1854 stabilita,
755 1790 955 1844 idcirco
991 1803 1135 1843 nunc
1168 1788 1281 1843 haec
1312 1802 1414 1840 vox
1444 1804 1463 1838 ι
1499 1786 1695 1841 domus
1735 1803 1754 1837 ι
1789 1786 1842 1840 in
1871 1786 2026 1841 domo

2134 1785 2154 1818 t
2194 1769 2223 1821 ὁ
2241 1764 2387 1831 οἶκος
2416 1786 2435 1818 ι
2472 1769 2564 1821 ἐπὶ
2585 1766 2677 1820 τοῦ
2702 1768 2850 1821 οἴκου
2881 1768 3088 1839 Ἀαρὼν
3115 1770 3388 1826 τέτακται.
3422 1773 3521 1826 Ka‘t
3548 1773 3649 1826 σκό-

464 1884 645 1938 Aaron
677 1883 846 1954 posita
866 1868 966 1936 est.
999 1881 1064 1935 Et
1091 1880 1212 1934 vide
1228 1895 1353 1934 num
1371 1878 1546 1948 possit
1575 1877 1835 1947 templum
1864 1878 2026 1933 etiam

2129 1874 2219 1910 πει
2253 1861 2303 1911 εἱ
2332 1858 2556 1911 δύναται
2591 1859 2621 1908 ὁ
2649 1857 2776 1921 ναὸς
2802 1853 2940 1911 εἶναι
2992 1857 3141 1924 οἶκος
3180 1862 3406 1934 Ἀαρὼν,
3452 1866 3570 1917 ὅπου
3611 1868 3650 1917 οἱ

463 1990 586 2031 esse
616 1978 810 2030 domus
844 1977 1042 2036 Aaron,
1070 1971 1162 2026 ubi
1196 1970 1509 2025 sacerdotes
1557 1968 1651 2023 Dei
1698 1968 1901 2025 cultum
1936 1970 2026 2024 ad-

2129 1949 2292 2019 ἱερεῖς
2321 1949 2420 2018 τὴν
2443 1947 2695 2018 λατρείαν
2725 1948 3054 2004 ἐπιτελοῦσι.
3102 1954 3538 2026 Κεχωρισμένους
3578 1952 3651 2012 οὖν

464 2069 793 2123 ministrant.
836 2065 1095 2119 Seorsum
1129 2062 1291 2135 igitur
1321 2064 1636 2119 sacerdotes
1687 2061 1755 2117 ad
1799 2062 2026 2133 hymno-

2125 2043 2250 2105 τοὺς
2275 2042 2437 2112 ἱερεῖς
2469 2044 2550 2105 είς
2579 2043 2678 2114 τὴν
2705 2043 2975 2114 ὑμνῳδίαν
2997 2044 3205 2109 ἐκάλει,
3236 2046 3316 2100 ὅτι
3341 2048 3428 2100 καὶ
3451 2048 3650 2111 πλείονος

463 2162 609 2215 diam
642 2160 916 2224 invitavit,
940 2172 1005 2213 eo
1034 2132 1179 2227 quod
1210 2157 1309 2226 ipsi
1340 2171 1559 2228 quoque
1597 2132 1855 2227 majorem
1904 2164 2026 2211 sunt

2127 2132 2405 2203 ἀπήλαυον
2434 2134 2587 2186 αὐτοὶ
2612 2134 2797 2205 τιμῆς,
2820 2135 2881 2187 οὐ
2920 2136 3079 2205 μόνον
3119 2136 3264 2189 κατὰ
3297 2137 3385 2191 τὸν
3415 2140 3505 2209 τῆς
3527 2141 3652 2212 ἱερω-

466 2251 724 2303 honorem
756 2247 1062 2311 consecuti,
1113 2260 1217 2299 non
1262 2243 1432 2299 solum
1467 2247 1679 2302 ratione
1714 2245 2024 2313 sacerdotii,

2129 2223 2293 2295 σύνης
2316 2223 2492 2292 λόγον,
2518 2225 2655 2279 ἀλλὰ
2685 2227 2777 2281 καὶ⁵
2810 2227 2949 2282 κατὰ
2975 2227 3043 2281 τὰ
3065 2227 3204 2281 ἄλλα
3225 2228 3413 2283 πάντα.
3439 2233 3536 2285 Καὶ
3564 2231 3651 2301 γὰρ

461 2353 652 2393 verum
676 2339 836 2395 etiam
856 2337 1034 2408 quoad
1056 2336 1159 2391 alia
1183 2337 1383 2392 omnia.
1413 2336 1624 2393 Etenim
1652 2338 1867 2407 quando
1889 2338 2026 2408 ignis

2127 2317 2288 2387 ἡνίκα
2315 2317 2425 2389 πῦρ
2457 2318 2781 2389 κατηνέχθη,
2812 2320 2880 2373 δι’
2901 2321 3098 2384 αὐτοὺς
3124 2322 3446 2394 κατηνέχθη,
3485 2325 3566 2377 καὶ
3594 2325 3648 2393 γῆ

462 2429 731 2485 demissus
760 2437 865 2493 est,
908 2436 1129 2498 propter
1158 2441 1263 2482 eos
1294 2427 1561 2483 demissus
1613 2438 1717 2492 est,
1772 2438 2026 2496 terraque

2126 2408 2361 2480 ἐσείσθη,
2382 2411 2475 2463 καὶ
2508 2409 2699 2481 ῥάϐδος
2728 2412 3021 2482 ἐϐλάστησε
3042 2429 3055 2443 '
3092 2414 3192 2467 καὶ
3215 2415 3381 2485 μυρία
3408 2415 3549 2483 ἕτερα
3574 2414 3649 2480 γέ-

463 2528 610 2574 mota
657 2526 762 2583 est,
810 2526 863 2572 et
910 2517 1061 2587 virga
1116 2517 1466 2582 germinavit,
1500 2533 1564 2571 ac
1611 2518 1754 2573 mille
1787 2518 1890 2572 alia
1930 2532 2026 2588 per

2126 2514 2249 2566 γονε
2279 2499 2346 2552 δι’
2377 2499 2556 2552 αὐτῶν
2584 2501 2676 2554 καὶ
2705 2501 2842 2573 ὑπὲρ
2880 2502 3058 2556 αὐτῶν
3088 2503 3363 2576 θαύματα.

462 2613 610 2681 ipsos
628 2622 683 2665 et
712 2625 810 2681 pro
839 2610 972 2679 ipsis
998 2610 1255 2667 miracula
1286 2610 1653 2679 contigerunt.

532 2703 700 2757 Vnus.
729 2702 782 2756 4.
812 2703 1002 2757 Dicant
1025 2719 1161 2758 nunc
1186 2718 1362 2756 omnes
1385 2704 1474 2773 qui
1502 2704 1681 2757 timent
1717 2701 2025 2769 Dominum,

463 2805 569 2851 etc.
609 2796 873 2866 Superius
906 2811 1121 2865 quoque
1149 2796 1389 2850 dicitur:
1425 2795 1590 2852 Israel
1612 2796 1848 2866 speravit
1871 2797 2026 2851 invo-

410 2920 419 2925 -
463 2902 589 2943 care
643 2888 954 2952 Dominum,
1003 2887 1200 2943 deinde
1228 2886 1420 2942 domus
1453 2888 1659 2953 Aaron,
1709 2886 1903 2942 deinde
1949 2885 2025 2940 illi

462 2979 555 3048 qui
614 2979 807 3034 timent
854 2978 1161 3034 Dominum.
1199 2979 1364 3048 Atqui
1401 2978 1676 3043 timentes,
1705 2986 1761 3033 et
1807 2979 2024 3033 domum
2052 3012 2095 3073 α

460 3072 670 3135 Aaron,
696 3080 751 3126 et
774 3069 935 3125 Israel
964 3084 1128 3124 unum
1163 3071 1292 3139 qnid
1325 3079 1382 3125 et
1418 3070 1558 3125 idem
1589 3084 1715 3125 esse
1745 3069 1797 3124 in
1824 3084 2027 3139 praece-

463 3134 715 3218 dentibus
771 3176 988 3230 quoque
1037 3134 1295 3215 diximus.
1340 3160 1682 3230 Quapropter
1741 3134 2026 3215 commune

2125 3136 2216 3189 τὸν
2261 3134 2473 3207 Ἰσραὴλ
2507 3136 2865 3207 προλαϐόντες
2907 3139 3245 3210 εἰρήκαμεν
3285 3140 3363 3193 διὸ
3391 3140 3552 3209 κοινὴν
3581 3140 3649 3191 αὺ-

463 3253 735 3309 canticum
769 3252 912 3321 ipsos
958 3251 1205 3321 proferre
1249 3250 1410 3321 jussit
1465 3253 1557 3306 Dei
1598 3252 2024 3307 misericordiam

2125 3228 2251 3289 τοὺς
2280 3226 2422 3298 ᾠδὴν
2460 3228 2752 3299 προφέρειν
2778 3229 3025 3282 ἐκέλευσε
3075 3232 3170 3284 τὸν
3227 3232 3372 3285 ἔλεον
3409 3229 3495 3285 τοῦ
3539 3229 3647 3283 Θεοῦ

463 3319 856 3394 annuntiando.
913 3319 1285 3393 Misericordia
1368 3340 1514 3393 enim
1602 3340 1814 3394 Domini
1863 3355 2026 3408 super

2125 3319 2611 3388 καταγγέλλοντας.
2648 3322 2856 3386 .Ἔλεος
2910 3323 3019 3393 γὰρ
3065 3323 3275 3395 Κυρίου
3328 3324 3456 3393 ὑπὲρ
3503 3323 3647 3375 πᾶσαν

460 3444 673 3486 omnem
703 3445 943 3498 carnem,
971 3437 1025 3485 et
1052 3444 1226 3499 neque
1259 3429 1601 3486 circumcisio
1624 3445 1798 3501 neque
1822 3444 2026 3500 prazpu-

2125 3410 2326 3481 σάρκα,
2352 3411 2447 3464 καὶ
2488 3410 2614 3464 οὔτε
2654 3413 2940 3485 περιτομὴ,
2968 3412 3093 3467 οὔτε
3141 3414 3466 3486 ἀκροϐυστία
3512 3412 3649 3485 χωρὶς

466 3524 597 3579 tium
639 3525 754 3577 sine
781 3521 1154 3576 misericordia
1189 3520 1387 3576 salvari
1432 3530 1628 3590 potest.

2125 3505 2308 3577 ἐλέους
2339 3505 2576 3577 σωθῆναι
2600 3505 2842 3561 δύναται.

534 3614 694 3688 793
720 3614 877 3670 Vens.
904 3614 957 3669 5.
993 3613 1071 3667 De
1103 3613 1441 3667 tribulatione
1457 3613 1692 3667 invocavi
1715 3612 2023 3680 Dominum,

2207 3599 2301 3653 Ἐκ
2321 3600 2580 3668 θλίψεως
2598 3600 3058 3671 ἐπεκαλεσάμην
3083 3601 3196 3656 τὸν
3228 3603 3451 3670 Κύριον,
3473 3617 3521 3653 κ.
3539 3616 3581 3652 τ.
3606 3597 3644 3650 ἑ.

465 3718 571 3765 etc.
623 3707 724 3775 Qui
776 3718 1059 3778 angustam
1091 3714 1148 3759 et
1174 3714 1380 3759 arctam
1412 3705 1553 3758 viam
1601 3705 1921 3774 ingreditur,
1956 3704 2025 3759 de

2136 3690 2193 3745 '0
2217 3690 2314 3762 τὴν
2342 3692 2533 3762 στενὴν
2573 3692 2668 3746 καὶ
2701 3692 3067 3764 τεθλιμμένην
3105 3693 3307 3747 ὁδεύων
3361 3696 3422 3746 ἐκ
3455 3691 3645 3760 θλίψεως

469 3799 824 3856 tribulatione
848 3800 1060 3853 invocat
1098 3795 1411 3863 Dominum;
1443 3795 1535 3865 qui
1570 3810 1694 3850 vero
1722 3794 1905 3861 latam,
1960 3809 2026 3849 ne

2125 3783 2463 3837 ἐπικαλεῖται
2484 3783 2576 3837 τὸν
2604 3784 2806 3856 Κύριον
2829 3802 2843 3815 ’
2881 3787 2910 3838 ό
2933 3785 2988 3838 δὲ
3018 3785 3115 3856 τὴν
3147 3785 3397 3839 πλατεῖαν
3418 3784 3523 3838 οὐδὲ
3545 3784 3645 3835 ἐπι-

463 3892 682 3962 quidem
725 3891 958 3945 invocat.
993 3908 1012 3941 ‹
1049 3887 1238 3944 Omnis
1272 3887 1420 3942 enim
1461 3888 1768 3958 quicunque
1809 3888 2026 3944 invoca-

2125 3875 2384 3932 καλεῖται.
2415 3895 2433 3926 t
2461 3877 2577 3939 Πᾶς
2595 3876 2703 3948 γὰρ
2733 3877 2793 3940 ὃς
2855 3876 2921 3931 ἂν
2969 3877 3360 3949 ἐπικαλέσηται
3402 3876 3456 3929 τὸ
3505 3874 3645 3943 ὖνομα

464 3984 603 4038 verit
628 3997 823 4036 nomen
860 3981 1069 4035 Domini
1102 3981 1281 4036 salvus
1311 3981 1415 4034 erit
1438 3982 1480 4033 ².
1516 3999 1537 4034 ι

2125 3969 2328 4039 Κυρίου
2371 3968 2698 4039 σωθήσεται.
2742 3987 2763 4020 ο

537 4071 694 4127 Vens.
730 4069 783 4126 6.
824 4070 947 4124 Non
980 4071 1170 4125 timebo
1197 4072 1321 4139 quid
1352 4070 1517 4140 faciat
1548 4071 1677 4125 mihi
1709 4071 1884 4135 homo,
1916 4080 2019 4127 etc.

2194 4063 2276 4115 Οὐ
2333 4061 2745 4130 φοϐηθήσομαι
2794 4061 2851 4114 τί
2894 4060 3133 4128 ποιήσει
3188 4080 3291 4131 μοι
3339 4060 3611 4127 ἄνθρωπος
3628 4093 3643 4119 ,

461 4164 745 4219 Hominem
776 4170 935 4217 vocat
965 4161 1252 4231 Scriptura
1310 4160 1605 4229 diabolum,
1637 4160 1792 4230 juxta
1841 4159 1969 4215 illud
2005 4174 2021 4214 :

2125 4170 2175 4207 κ.
2201 4169 2253 4206 τ.
2280 4155 2326 4206 ἐ.
2367 4152 2687 4225 Ἄνθρωπον
2709 4152 2910 4224 λέγειή
2941 4153 3131 4224 Γραφὴ
3174 4154 3266 4207 τὸν
3314 4151 3552 4214 διάϐολον,
3583 4149 3643 4211 ὡς

466 4277 484 4309 ι
521 4255 776 4311 Inimicus
807 4256 968 4308 homo
1000 4253 1104 4308 hoc
1148 4252 1342 4320 fecit’,
1378 4272 1397 4306 ι
1446 4267 1638 4324 nempe
1689 4253 2021 4308 zizaniorum

2125 4243 2202 4304 τὸ,
2236 4262 2255 4295 t
2308 4243 2531 4315 Ἐχθρὸς
2562 4243 2844 4315 ἄνθρωπος
2894 4243 3050 4297 τοῦτο
3077 4245 3328 4316 ἐποίησεο
3364 4263 3384 4296 ι
3438 4242 3524 4306 τὴν
3554 4240 3644 4293 τῶν

459 4358 776 4405 sementem.

2125 4332 2373 4398 ζιζανίων
2400 4335 2625 4406 σποράν.

529 4441 691 4498 Vens.
733 4438 822 4495 ‘10.
852 4437 1044 4494 Omnes
1082 4449 1256 4508 gentes
1287 4437 1606 4492 circuierunt
1638 4452 1742 4501 me,
1772 4444 1820 4490 et
1845 4435 1897 4488 in
1925 4451 2020 4489 no.

2189 4427 2390 4482 Πάντα
2420 4428 2493 4482 τὰ
2522 4429 2664 4496 ἔθνη
2691 4429 3044 4483 ὲκύκλωσὰν
3066 4445 3178 4499 με,
3204 4429 3302 4483 καὶ
3338 4427 3414 4494 τῷ
3438 4427 3642 4494 ὀνόματι

458 4533 599 4588 mine
647 4530 859 4587 Domini
901 4529 1043 4584 ultus
1069 4544 1184 4583 sum
1213 4529 1267 4582 in
1317 4545 1428 4594 eos,
1482 4537 1589 4583 etc.
1619 4528 1901 4583 Daemones
1925 4525 2016 4580 alii

2125 4521 2346 4588 Κυρίου
2371 4519 2689 4590 ἠμυνάμην
2733 4520 2976 4587 αὐτοὺς,
3010 4537 3063 4574 κ.
3088 4538 3137 4575 τ.
3158 4522 3207 4574 ἐ.
3245 4519 3362 4574 Τῶν
3416 4515 3643 4587 δαιμόνων

458 4628 634 4697 ipsum
676 4635 733 4680 ut
766 4623 991 4690 actioni,
1036 4622 1125 4677 alii
1173 4631 1233 4676 ut
1280 4621 1724 4690 contemplationi
1771 4619 2016 4675 deditum

2125 4614 2173 4666 οἱ
2205 4613 2305 4684 μὲν
2324 4612 2399 4676 ὼς
2427 4613 2745 4684 πρακτικὸν,
2773 4615 2820 4666 οἱ
2850 4613 2907 4665 δὲ
2935 4613 3010 4676 ὡς
3037 4612 3364 4683 θεωρητικὸν
3388 4609 3641 4679 ἐπολέμουν

457 4717 873 4788 impugnabant;
907 4724 961 4771 et
991 4715 1198 4785 priores
1221 4714 1434 4784 quidem
1457 4713 1692 4782 justitia,
1727 4711 1863 4767 alios
1886 4725 2017 4767 vero

2125 4707 2284 4760 αὐτόν
2303 4723 2315 4735 ’
2354 4706 2448 4760 καὶ
2477 4708 2603 4770 τοὺς
2634 4706 2731 4777 μὲν
2764 4706 3064 4779 προτέρους
3091 4708 3158 4778 τῇ
3188 4702 3515 4774 δικαιοσύνῃ,
3539 4700 3640 4761 τοὺς

456 4808 717 4881 sapientia
751 4807 1137 4862 ulciscebatur.

2125 4798 2179 4852 δὲ
2206 4798 2489 4870 δευτέρους
2516 4802 2581 4870 τῇ
2605 4799 2766 4870 σοφίᾳ
2802 4799 3064 4870 ἠμύνατο.

527 4877 802 4970 Ejusdem.
829 4897 1044 4954 Christo
1074 4900 1142 4951 ab
1165 4895 1414 4951 omnibus
1443 4895 1695 4968 gentibus
1710 4903 2020 4966 oppugnato

2200 4890 2312 4945 Τοῦ
2349 4891 2554 4946 αὑτοῦ.
2587 4890 2807 4962 Χριστῷ
2859 4890 3058 4961 μᾶλλον
3101 4889 3206 4942 ὑπὸ
3256 4886 3462 4942 πάντων
3501 4877 3639 4936 ἐθνῶν

461 4993 633 5064 magis
677 4991 923 5062 congruit
975 4991 1089 5046 haec
1113 4992 1313 5047 dicere.
1350 4988 1511 5043 Multa
1547 4997 1675 5041 sunt
1707 4988 2016 5055 dogmatum

2127 4983 2518 5053 πολεμουμένῳ
2573 4981 2799 5055 ἁρμόζει
2846 4982 3020 5036 ταῦτα
3085 4980 3284 5049 λέγειν.
3534 4974 3637 5069 Δὲσῖσι

456 5100 653 5156 genera
680 5097 800 5154 quae
837 5083 920 5137 vir
963 5092 1184 5138 sanctus
1222 5081 1491 5154 sapientia
1544 5079 1636 5135 Dei
1675 5078 1907 5150 repellit,
1963 5088 2020 5133 et

2125 5075 2401 5147 δογμάτων
2440 5075 2556 5144 εἴδη
2615 5074 2771 5128 άτινα
2825 5076 2854 5128 ό
2908 5074 3062 5142 ἅγιος
3094 5076 3160 5146 τῇ
3205 5070 3364 5142 σοφίᾳ
3408 5067 3496 5122 τοῦ
3526 5064 3635 5118 Θεοῦ

456 5175 624 5230 verbo
653 5186 785 5228 sano
815 5175 1027 5229 avertit.

2125 5168 2398 5240 ἀμύνεται,
2424 5166 2740 5239 ἀνατρέπων
2761 5166 2904 5234 ὑγιεῖ
2927 5165 3089 5235 λόγῳ,

521 5264 687 5321 Vsus.
731 5263 819 5321 I2.
877 5263 1346 5317 Circumdederunt
1394 5242 1476 5316 me
1528 5261 1663 5315 sicut
1709 5275 1853 5328 apes,
1906 5269 2013 5313 etc.

2200 5255 2585 5311 Ἐκύκλωσάν
2608 5272 2687 5325 με
2714 5255 2855 5309 ὡσεὶ
2879 5254 3183 5324 μέλισσαι,
3206 5270 3262 5306 κ.
3292 5268 3342 5305 τ.
3373 5250 3419 5303 ὲ.
3442 5243 3570 5299 Ποιεῖ
3589 5255 3631 5292 τι

454 5353 740 5421 Quodlibet
781 5357 972 5424 dogma
1002 5353 1280 5424 gentilium
1309 5352 1463 5408 dulce
1499 5352 1629 5421 quid
1662 5350 1843 5413 eilicit,
1874 5349 2015 5419 quod

2125 5350 2288 5419 γλυκὺ
2322 5348 2553 5403 ἕκαστον
2581 5348 2689 5402 τῶν
2717 5347 2998 5419 δογμάτων
3024 5346 3129 5399 τῶν
3178 5343 3360 5406 ἐθνῶν,
3405 5332 3629 5408 γλυκάζον

452 5445 692 5502 suaviter
726 5445 891 5502 al‘ﬁcit
933 5457 989 5502 et
1019 5446 1259 5502 oblectat
1296 5446 1625 5502 auditorem.
1673 5443 2017 5514 Quapropter

2125 5442 2211 5531 καὶ
2241 5441 2439 5512 τέρπον
2487 5441 2575 5495 τὸν
2624 5440 2899 5512 ἀκροατήν
2923 5455 2935 5471 ι
2973 5438 3161 5509 διόπερ
3195 5436 3246 5489 οἱ
3290 5426 3628 5507 πρεσϐεύοντες

2197 2676 2554 2733 Είπάτωσαν
2594 2678 2671 2748 δὴ
2718 2679 2941 2747 πάντες
2967 2684 3022 2735 οι
3058 2684 3411 2752 φοϐούμενοι
3442 2682 3533 2737 τὸν
3554 2683 3648 2737 Κύ-

2118 2783 2274 2836 ριον,
2311 2785 2365 2821 κ.
2394 2785 2448 2821 τ.
2476 2769 2523 2822 ἐ.
2558 2769 2666 2822 Καὶ
2686 2770 2941 2844 ἀνωτέρω
2968 2771 3191 2838 λέγεται
3219 2790 3233 2803 ο
3278 2772 3479 2844 Ἰσραὴλ
3520 2773 3648 2842 ἠλπι-

2129 2876 2219 2912 σεν
2246 2858 2623 2913 ἐπικαλεῖσθαι
2663 2860 2754 2912 τὸν
2808 2861 3042 2933 Κύριον·
3075 2858 3202 2917 εἶτα
3258 2858 3399 2927 οἶκος
3455 2860 3645 2934 ’Δαρὼν,

2128 2948 2249 3005 εἶτα
2279 2953 2329 3005 οἱ
2363 2950 2685 3024 φοϐούμενοι
2716 2952 2807 3006 τὸν
2861 2953 3087 3025 Κύριον,
3133 2956 3232 3009 καὶ
3276 2956 3333 3011 ἓν
3376 2951 3503 3009 εἶναι
3548 2955 3646 3017 τοὺς

2128 3043 2492 3115 φοϐουμένους
2520 3043 2611 3098 τὸν
2642 3044 2866 3116 Κύριον,
2902 3048 2997 3100 καὶ
3015 3047 3120 3100 ητδν
3159 3045 3304 3101 οἷκον
3342 3046 3533 3120 ’Δαρὼν
3575 3048 3649 3101 καὶ

516 5622 537 5653 ³
570 5618 727 5678 Rom.
760 5638 817 5691 ι,
849 5622 934 5678 I3.
1012 5623 1033 5656 ³
1057 5624 1248 5682 Matth.
1286 5640 1407 5695 ml,
1440 5624 1528 5682 28.
