3928 6158
343 225 471 282 1581

1265 222 1571 279 SELECTA
1600 223 1667 278 ΙΝ
1707 221 2044 280 PSALMOS.
2081 253 2148 264 -
2179 221 2370 276 PSAL.
2408 221 2613 278 CXV".

3433 225 3570 282 1582

339 340 568 403 αὑτὰὼς
601 339 850 410 μέλισσαί
879 339 1036 401 εἰσιν,
1070 338 1183 394 ἀλλ’
1211 340 1270 392 οὑ
1305 340 1578 410 μέλισσαι.
1623 341 1730 394 Καὶ
1774 357 1876 394 κατ

2015 338 2106 408 qui
2127 353 2185 391 ea
2207 337 2568 408 promulgant,
2598 337 2631 390 ii
2658 346 2784 391 sunt
2811 335 2956 391 velut
2981 351 3128 407 apes,
3163 338 3260 394 sed
3291 353 3394 396 non
3417 354 3567 411 apes.

337 431 426 484 τὸν
454 429 774 500 Σολομῶντα
831 429 886 484 δὲ
943 449 960 480 ι
998 429 1118 500 μέλι
1170 431 1465 495 ἀποστάζει
1533 432 1639 484 ἀπὸ
1685 431 1906 501 χειλέων

334 522 593 590 γυναικὸς
631 523 832 593 πόρνης
852 539 864 550 ·
893 541 910 573 ι
943 522 1062 592 ἥτις
1094 521 1209 572 ἐστὶ
1235 520 1582 592 ψευδώνυμος
1612 522 1828 589 γνῶσις.
1848 523 1904 576 Ὀ

333 611 666 684 κολλώμενος
696 613 829 684 πρὸς
851 613 1017 683 αὑτὴν
1043 612 1100 667 ἓν
1135 615 1293 686 σῶμά
1314 617 1458 668 ἐστιν
1489 616 1646 686 αὑτῇ,
1675 613 1747 677 ὡς
1770 616 1798 666 6
1828 614 1905 685 τῷ

332 703 520 775 Κυρίῳ
553 704 647 757 καὶ
679 704 868 775 ἀληθεί
897 705 1052 776 Λόγῳ
1082 706 1138 760 ἓν
1169 707 1406 778 πνεῦμαυ
1908 749 1913 776 ε

410 884 607 954 Ἰσχὺς
627 903 746 954 μου
779 885 876 939 καὶ
906 887 1167 956 ῧμνησίς
1183 905 1302 956 μου
1331 889 1364 940 ό
1395 886 1612 952 Κύριος
1631 925 1644 947 ,
1681 901 1732 936 κ.
1766 901 1815 934 τ.
1851 885 1897 935 ἑ.

341 975 514 1047 ’ἰσχὺς
541 978 570 1029 6
622 977 778 1047 λόγος
815 980 1170 1044 ἀναλαϐόντος
1219 980 1400 1043 αὑτὸν,
1443 977 1510 1031 δι’
1561 977 1620 1030 ὃν
1657 996 1675 1027 ι
1726 976 1900 1030 πάντα

331 1066 519 1136 ἰσχύω,
559 1085 579 1119 ι
622 1070 784 1140 φησὶν
816 1071 844 1122 6
869 1069 1100 1133 Παῦλος,
1143 1089 1160 1121 ι
1205 1071 1262 1123 ἐν
1289 1069 1367 1139 τῷ
1399 1065 1780 1137 ἐνδυναμοῦντί
1832 1082 1898 1135 με

329 1158 547 1229 Χριστῷ
591 1161 786 1232 Ἰησοῦ.
823 1181 841 1213 ι
885 1156 1051 1226 Οὗτος
1077 1163 1105 1215 6
1130 1162 1285 1231 λόγος
1317 1161 1408 1214 καὶ
1447 1159 1682 1231 ὑμνησίς
1728 1161 1895 1223 ἐστιν,

326 1250 386 1304 ἐν
417 1245 460 1320 ᾧ
495 1254 644 1306 ἐστιν
676 1256 708 1324 ὴ
744 1253 1012 1322 θεολογία.
1041 1254 1150 1307 Καὶ
1175 1254 1502 1324 θαρροῦντος
1534 1253 1591 1306 δέ
1625 1252 1899 1324 μάρτυρος

324 1334 472 1406 εἵηή
524 1337 710 1408 φωνή⁶
769 1355 787 1388 ι
829 1337 1002 1408 Ἰσχύς
1060 1355 1160 1408 μου
1212 1341 1306 1392 καὶ
1337 1335 1566 1408 ῦμνησίς
1605 1354 1704 1406 μου
1734 1335 1898 1388 6K6-

327 1443 461 1498 ριος.
493 1445 512 1480 ι

401 1520 522 1571 Οὐκ
549 1519 977 1591 ἀποθανοῦμαι,
1010 1521 1169 1575 ἀλλὰ
1192 1520 1458 1591 ζήσομαι,
1494 1520 1590 1574 καί
1615 1519 1896 1590 διηγήσο-

317 1626 422 1678 μαι
452 1609 523 1663 τὰ
556 1612 698 1681 ἔργα
723 1616 965 1680 Κυρίου,
994 1632 1047 1669 κ.
1081 1631 1130 1668 τ.
1155 1615 1203 1668 ἐ.
1228 1613 1348 1666 Τῶν
1372 1612 1588 1676 ζώντων
1617 1613 1733 1666 ἐστὶ
1777 1613 1894 1682 διη-

319 1701 534 1769 γεῖσθαι
560 1705 625 1756 τά
647 1703 783 1775 ἔργα
809 1705 1032 1775 Κυρίου.

403 1786 696 1850 Ἀνοίξατέ
721 1805 821 1856 μοι
848 1790 1048 1854 πύλας
1077 1787 1484 1858 δικαιοσύνης,
1510 1807 1563 1844 κ.
1593 1807 1644 1842 τ.
1676 1790 1721 1842 ἑ.
1763 1789 1889 1842 ’Ὠσ-

321 1894 430 1948 περ
486 1877 847 1949 δικαιοσύνης,
893 1882 1020 1951 μιᾶς
1049 1880 1156 1933 τῶν
1185 1881 1413 1953 ἀρετῶν,
1460 1881 1564 1934 εἰσὶ
1616 1880 1781 1935 πύλαι
1833 1883 1887 1933 αἱ

320 1966 444 2020 κατ’
471 1969 639 2039 αὑτὴν
669 1969 918 2042 πράξεις,
949 1970 1119 2036 οὕτως
1154 1967 1262 2024 εἷεν
1312 1971 1377 2025 ἂν
1424 1973 1518 2026 καὶ
1574 1973 1888 2043 φρονήσεως

317 2058 506 2124 πύλαι,
538 2059 631 2112 καὶ
657 2061 1027 2132 σωφροσύνης,
1052 2063 1142 2116 καὶ
1170 2063 1440 2136 ἀνδρείας,
1483 2063 1578 2118 καὶ
1615 2063 1723 2117 τῶν
1782 2063 1888 2117 λοι-

316 2151 436 2204 πῶν
470 2151 697 2224 ἀρετῶν,
741 2154 1079 2226 ἀνεῳγμέναι
1119 2155 1294 2225 μὲνέν
1324 2154 1402 2225 τῷ
1452 2155 1740 2226 σπουδαίῳ,
1793 2173 1887 2208 κε-

315 2244 632 2316 κλεισμέναι
659 2246 715 2299 δὲ
742 2249 799 2300 ἐν
826 2246 902 2318 τῷ
941 2247 1148 2319 φαύλῳ.
1187 2249 1306 2301 Eiet
1357 2249 1603 2319 μέντοιγε
1630 2249 1726 2302 καὶ
1777 2245 1887 2302 τῶν

315 2337 524 2390 κακιῶν
559 2337 722 2391 πύλαι
769 2339 1080 2410 ὴνοιγμέναι
1116 2340 1213 2409 μὲν
1264 2338 1342 2409 τῷ
1399 2339 1585 2410 φαύλῳ
1634 2339 1720 2392 διὰ
1779 2339 1886 2394 τῶν

316 2428 457 2482 κατὰ
495 2429 691 2483 κακίαν
737 2430 1004 2501 πράξεων,
1067 2430 1555 2502 ἀποκεκλεισμέναι
1604 2432 1660 2486 δὲ
1714 2435 1771 2487 ἐν
1808 2433 1886 2505 τῷ

315 2521 539 2593 ἀστείῳ.
571 2523 794 2594 Μήποτε
827 2522 882 2576 δὲ
913 2524 1004 2576 καὶ
1034 2522 1206 2587 ἄλλως
1244 2524 1332 2578 διὰ
1355 2523 1415 2576 τό
1443 2541 1457 2554 ο
1493 2543 1512 2576 ι
1551 2525 1753 2596 Ἀρατε
1785 2525 1886 2578 πύ-

312 2615 489 2680 λας,οί
517 2615 1072 2688 ἄρχοντες,ὑμῶν,καὶ
1105 2615 1402 2688 ἐπάρθητε,
1434 2616 1596 2670 πύλαι
1620 2617 1877 2670 αίὼνιοιοι

314 2709 424 2762 εἰσὶ
451 2709 612 2762 πύλαι
645 2713 724 2773 είς
755 2709 853 2773 τάς
881 2708 1126 2773 αἰωνίους
1174 2708 1338 2780 μονὰς
1367 2708 1569 2780 ἑκάστη
1616 2709 1726 2762 τῶν
1757 2710 1884 2780 ἀρε-

313 2800 420 2854 τῶν
449 2799 678 2863 αἰώνιοι,
701 2801 766 2854 δι’
802 2795 876 2856 ὧν
917 2800 1262 2872 καταλλήλως
1317 2801 1706 2855 εἰσελεύσονται
1761 2804 1884 2865 ταῖς

313 2891 576 2964 πράξεσιν
641 2893 844 2947 ἑαυτῶν
899 2893 948 2946 οἱ
1011 2893 1305 2946 σπουδαῖοι.
1365 2894 1469 2948 Τὸν
1527 2894 1585 2947 δὲ
1652 2893 1881 2964 Σωτῆρα

311 2987 478 3058 ἐχρῆν
505 2986 592 3038 διά
620 2985 808 3040 πασῶν
853 2984 1107 3052 ἐξελθεῖν,
1141 2985 1516 3057 ἐπαιρομένων
1563 2987 1656 3040 καὶ
1715 3003 1879 3056 μεγε-

311 3077 620 3149 θυνομένων
648 3076 813 3142 ἀξίως
846 3076 936 3130 τοῦ
961 3075 1220 3148 μεγέθους
1249 3075 1506 3147 Χριστοῦ.
1551 3077 1736 3140 Πάσας
1765 3076 1873 3147 γὰρ

309 3167 539 3222 ἀνέλαϐε
590 3169 708 3221 κατ’
761 3166 918 3232 ἀξίαν
976 3167 1074 3238 τῆς
1126 3167 1476 3229 ὑποστάσεως
1521 3167 1872 3239 Πρωτοτόκου

309 3261 491 3331 πάσης
513 3259 761 3322 κτίσεως.
793 3259 904 3313 Καὶ
947 3258 1136 3313 σκόπει
1182 3261 1251 3323 εί,
1301 3257 1490 3329 ῶσπερ
1540 3258 1621 3328 τῷ
1662 3259 1873 3330 Σωτῆρι

309 3351 551 3422 αἴρονται
582 3352 676 3404 καὶ
707 3351 1043 3421 ἐπαίρονται,
1075 3349 1214 3402 οὕτω
1245 3349 1366 3403 κατ’
1389 3349 1544 3416 ἀξίαν
1576 3350 1788 3420 ἑκάστῳ
1836 3351 1870 3418 ἢ

307 3445 552 3516 αἴρονται
582 3444 674 3497 καὶ
705 3441 1096 3515 ἐπαίρονται,ἢ
1144 3441 1376 3496 τίθενται
1429 3441 1522 3496 καὶ
1573 3443 1672 3496 οὑκ
1714 3443 1872 3495 ἐπαί-

309 3551 513 3608 ρονται.
545 3536 665 3588 Εἰσὶ
684 3535 738 3588 δὲ
762 3535 854 3588 καὶ
882 3533 1112 3604 έμψυχοι
1142 3533 1233 3587 καὶ
1263 3532 1433 3598 ζῶσαι
1477 3529 1631 3588 αὗται
1664 3535 1720 3586 αἱ
1773 3533 1874 3587 πύ-

306 3624 422 3678 λαι·
457 3623 537 3677 διὸ
592 3623 808 3692 λέγεται
849 3623 1041 3686 αὑταῖς
1079 3622 1173 3686 τὸ,
1241 3641 1261 3674 ι
1309 3622 1632 3695 Ἐπάρθητε.
1692 3643 1710 3676 ι
1765 3625 1873 3678 Καὶ

305 3721 445 3788 τάχα
472 3719 520 3771 οἱ
560 3717 815 3788 ἄρχοντες
843 3716 934 3769 καὶ
965 3717 1020 3769 ai
1075 3714 1238 3769 πύλαι
1281 3715 1568 3787 θανόμεναί
1617 3734 1745 3785 φασι
1789 3718 1868 3782 τὸ,

312 3829 331 3860 ι
363 3809 456 3874 Τίς
481 3811 624 3864 ἐστιν
643 3804 796 3873 οὗτος
821 3810 850 3860 6
885 3807 1138 3878 βασιλεὺς
1168 3809 1266 3878 τῆς
1295 3808 1485 3878 δόξης;
1520 3827 1538 3861 ι
1594 3809 1714 3862 Eia).
1747 3809 1872 3880 μέν·

306 3919 447 3971 τοιγε
476 3903 529 3956 αἱ
567 3903 664 3972 μὲν
702 3901 806 3954 ὑπὸ
841 3900 1069 3964 πολλοὺς
1121 3897 1286 3952 πύλαι
1321 3899 1697 3971 δικαιοσύνης,
1723 3903 1756 3970 ἡ
1813 3900 1870 3954 δὲ

303 3994 386 4057 τίς
410 3993 568 4064 μόνου
593 3992 686 4046 τοῦ
715 3991 919 4063 Κυρίου
947 3991 1121 4062 πύλη;
1165 3991 1344 4054 Πύλας
1379 3987 1472 4045 οῦν
1530 3991 1869 4062 δικαιοσύνης

302 4085 400 4150 τὰς
422 4086 708 4157 διαφόρους
758 4085 856 4154 τῆς
895 4085 1100 4154 ἀρετῆς
1142 4083 1283 4147 ίδέας
1314 4083 1497 4137 καλεῖ·
1542 4083 1609 4137 δι’
1651 4085 1870 4138 ἐκείνων

304 4179 412 4252 γάρ
443 4179 665 4233 δυνατὸν
699 4178 862 4244 ἀξίως
893 4177 1128 4247 ὑμνῆσαι
1155 4176 1244 4229 τὸν
1273 4176 1382 4230 τῶν
1415 4176 1550 4231 ὅλων
1576 4177 1727 4230 Θεόν.
1760 4177 1871 4232 Καὶ

299 4272 456 4327 τοῦτο
489 4271 815 4342 σαφέστερον
850 4269 939 4324 διὰ
969 4269 1078 4322 τῶν
1113 4268 1520 4340 ἐπιφερομένων
1569 4269 1865 4340 ἐδήλωσεν·

2010 427 2314 484 Secundum
2357 426 2697 482 Sulomonmn
2744 443 2960 498 quoque
2991 428 3011 459 ⁸
3047 447 3066 480 ι
3119 429 3223 484 mel
3265 431 3492 486 distillat
3537 450 3566 486 a

2007 521 2164 577 labiis
2193 521 2434 575 mulieris
2486 519 2815 584 foruicarirc,
2850 539 2868 571 ι
2904 535 3023 590 quze
3052 530 3133 576 est
3163 521 3286 577 falsi
3331 525 3570 579 nominis

2004 616 2245 669 scientia.
2280 615 2378 680 Qui
2410 614 2646 666 attineret
2673 613 2769 675 illi,
2799 629 2959 666 unum
2992 629 3186 682 corpus
3220 624 3301 669 est
3325 631 3446 688 cum
3479 633 3566 678 ea,

2003 705 2144 758 sicut
2176 705 2219 759 is
2257 705 2346 774 qui
2387 704 2610 757 Domino
2640 719 2870 774 veroque
2926 703 3101 758 Verbo
3136 707 3394 773 adimeret,
3427 723 3567 763 unus

2003 797 2227 868 Spiritus
2262 805 2343 848 est
2375 810 2494 848 cum
2519 810 2604 849 eo.

2077 889 2234 942 Vens.
2262 887 2344 941 M.
2367 885 2649 941 Fortitudo
2673 903 2783 940 mea
2807 897 2852 939 et
2885 887 2998 941 laus
3021 903 3134 940 mea
3155 887 3430 956 Dominus,
3456 898 3564 946 etc.

2004 977 2359 1047 Suscipicutis
2399 995 2520 1032 eum
2552 994 2648 1048 per
2685 994 2844 1048 quem
2881 996 2900 1029 ι
2939 979 3119 1032 omnia
3149 993 3388 1045 possum,
3425 998 3446 1032 ι
3477 981 3561 1035 in-

2000 1071 2120 1140 quit
2153 1069 2349 1124 Paulus
2376 1071 2420 1136 ⁵,
2459 1089 2477 1121 ι
2519 1071 2572 1123 in
2616 1085 2680 1123 co
2724 1071 2812 1138 qui
2864 1086 2948 1126 me
3007 1071 3297 1136 confortat,
3344 1072 3563 1130 Christo

1999 1157 2148 1225 Jesu,
2194 1177 2213 1211 ι
2249 1169 2440 1228 potens
2472 1167 2553 1213 est
2584 1174 2784 1213 sermo.
2823 1159 2919 1215 llic
2968 1175 3166 1223 sermo,
3229 1161 3280 1214 in
3325 1176 3431 1230 quo
3480 1171 3566 1216 est

2001 1253 2291 1324 theologia,
2341 1254 2506 1308 etiam
2541 1263 2623 1308 est
2655 1253 2791 1307 laus.
2821 1253 3088 1306 (laterum
3122 1251 3234 1305 lucc
3269 1267 3366 1306 vox
3394 1253 3558 1306 etiam

1997 1359 2117 1400 esse
2149 1345 2316 1414 possit
2347 1346 2600 1415 martyris
2649 1345 2841 1399 fiducia
2877 1344 3018 1414 pleni
3045 1361 3057 1396 τ
3085 1362 3102 1394 ι
3139 1341 3417 1398 Fortitudo
3443 1360 3560 1399 mea

1996 1443 2051 1489 et
2081 1435 2200 1490 laus
2231 1451 2346 1490 mea
2383 1435 2662 1491 Dominus.
2709 1455 2726 1487 ι

2065 1528 2226 1584 Vens.
2287 1529 2370 1582 I7.
2426 1527 2550 1581 Non
2598 1529 2818 1590 moriar,
2869 1527 2960 1581 sed
3013 1529 3202 1590 vivam,
3247 1537 3294 1582 et
3335 1529 3560 1584 narrabo

1995 1635 2150 1688 opera
2194 1618 2426 1685 Domini,
2464 1628 2571 1672 etc.
2600 1617 2858 1672 Vivorum
2889 1629 2970 1674 est
3002 1635 3227 1675 narrare
3253 1635 3415 1692 Opera
3451 1623 3558 1678 Do-

1921 1690 1964 1748 B
1993 1710 2145 1765 mini.

2063 1800 2224 1856 Vsus.
2252 1801 2336 1856 19.
2371 1801 2577 1870 Aperite
2605 1800 2734 1852 mihi
2760 1807 2934 1868 portas
2951 1797 3199 1870 justitim,
3218 1810 3321 1856 etc.
3344 1800 3548 1868 Quem-

1988 1891 2278 1946 admodum
2303 1892 2546 1962 justitize,
2593 1903 2716 1961 quae
2751 1906 2856 1945 una
2890 1901 3065 1946 estex
3093 1891 3404 1957 virtutibus,
3433 1907 3557 1961 por-

1988 1992 2053 2038 tae
2079 1992 2202 2038 sunt
2252 1981 2492 2036 actiones
2535 1982 2585 2037 ei
2638 1989 3015 2039 consentanea
3069 2023 3087 2048 ,
3116 1982 3190 2036 ita
3211 1991 3372 2037 erunt
3391 1984 3553 2038 etiam

1985 2083 2154 2144 portae
2193 2073 2522 2144 prudentiae,
2565 2083 2622 2127 et
2659 2074 3051 2144 temperantiae,
3097 2082 3154 2128 et
3196 2072 3552 2136 fortitudinis,

1987 2182 2049 2222 ac
2080 2167 2336 2221 virtutum
2366 2177 2708 2232 camerarum,
2738 2175 2940 2236 apertze
2984 2165 3202 2235 quidem
3239 2167 3429 2234 probo,
3457 2169 3550 2221 sed

1986 2257 2180 2313 clausae
2210 2259 2472 2328 improbo.
2513 2259 2652 2313 Sunt
2677 2259 2840 2312 etiam
2867 2257 3121 2312 vitiorum
3151 2267 3324 2328 portae
3346 2268 3549 2328 apertae

1985 2351 2197 2419 quidem
2223 2351 2466 2420 improbo
2495 2365 2591 2420 per
2617 2350 2842 2404 vitiosas
2865 2349 3126 2418 actiones,
3157 2351 3250 2406 sed
3275 2351 3471 2406 clausa:
3493 2351 3547 2405 in

1984 2443 2101 2496 viro
2143 2444 2332 2513 probo.
2384 2443 2546 2498 Forte
2575 2457 2706 2498 vero
2738 2443 2900 2496 etiam
2935 2441 3093 2496 aliter
3125 2450 3342 2512 propter
3391 2443 3546 2506 illud,

1990 2553 2008 2586 ι
2040 2535 2286 2590 Attollite
2315 2546 2520 2606 portas,
2545 2536 2838 2607 principes,
2875 2543 3081 2590 vestras
3103 2575 3119 2601 ,
3154 2544 3206 2590 et
3235 2535 3546 2598 elevamiui.

1984 2636 2156 2695 portae
2203 2629 2488 2682 aeternales
2515 2628 2556 2694 ⁸,
2597 2646 2616 2679 ι
2648 2626 2875 2697 singulae
2917 2628 3152 2683 virtutes
3205 2637 3330 2683 sunt
3380 2641 3549 2700 portae

1981 2716 2264 2771 aeternales
2289 2720 2354 2772 ad
2384 2721 2694 2773 mansiones
2721 2729 2977 2785 aeternas,
3003 2733 3100 2788 per
3115 2733 3251 2787 quas
3270 2719 3368 2772 viri
3392 2720 3548 2790 probi

1983 2807 2143 2862 modo
2197 2807 2312 2861 suis
2369 2809 2675 2863 actionibus
2733 2819 3102 2864 consentanea
3152 2809 3543 2878 ingrcdientur.

1982 2897 2318 2954 Salvatorem
2346 2911 2527 2955 autem
2558 2901 2794 2972 oportuit
2826 2915 2923 2970 per
2968 2915 3158 2956 omnes
3186 2901 3403 2969 egredi,
3435 2902 3546 2958 ele-

1981 3000 2135 3046 vatas
2181 3001 2236 3047 et
2282 2991 2658 3062 magniﬁcatas
2712 3008 2810 3062 pro
2859 2992 3122 3062 dignitate
3160 2993 3546 3064 magnitudinis

1976 3077 2197 3133 Christi.
2231 3079 2431 3136 Omnes
2461 3081 2605 3135 enim
2638 3082 2932 3150 assumpsit
2961 3082 3258 3136 secundum
3307 3084 3546 3151 dignita-

1977 3180 2083 3226 tem
2101 3171 2450 3242 Primogeuiti
2476 3171 2638 3244 794
2658 3174 2834 3228 omnis
2853 3183 3138 3228 creaturas.
3157 3173 3224 3227 Et
3252 3174 3372 3230 vide
3391 3191 3542 3243 num,

1974 3263 2114 3319 sicut
2136 3262 2396 3317 Salvatori
2417 3262 2677 3316 tolluntur
2698 3271 2754 3317 et
2786 3262 3125 3326 attolluntur,
3156 3263 3231 3316 ita
3253 3273 3308 3317 et
3331 3264 3545 3319 unicui-

1974 3367 2078 3423 que
2111 3368 2208 3423 pro
2247 3353 2508 3423 dignitate
2535 3353 2620 3407 vel
2671 3352 2926 3407 tollantur
2961 3363 3014 3407 et
3067 3352 3406 3417 attollantur,
3459 3353 3542 3408 vel

1972 3456 2243 3519 ponantur
2284 3457 2338 3504 et
2380 3464 2486 3502 non
2527 3446 2864 3502 attollantur.
2893 3447 3031 3502 Sunt
3057 3446 3218 3501 etiam
3255 3447 3338 3501 ha:
3368 3456 3541 3516 portae

1973 3540 2226 3593 animata:
2254 3551 2311 3594 et
2351 3539 2506 3593 vivae.
2539 3538 2806 3605 Quocirca
2853 3539 2981 3608 ipsis
3009 3538 3208 3592 dicitur
3235 3554 3250 3591 :
3297 3557 3316 3590 ι
3347 3539 3539 3595 Eleva-

1975 3630 2126 3682 miui.
2173 3648 2191 3682 ι
2225 3629 2287 3682 Ει
2321 3627 2568 3683 fortassis
2611 3627 2880 3698 principes
2920 3641 2983 3681 ac
3012 3636 3181 3696 portas
3211 3637 3435 3684 mortuae
3459 3629 3539 3683 di-

1971 3732 2101 3774 cunt
2139 3738 2152 3774 :
2183 3736 2204 3770 ι
2249 3720 2380 3787 Quis
2413 3730 2496 3776 est
2538 3720 2640 3775 iste
2678 3735 2773 3775 rex
2815 3717 3044 3790 gloriae?
3083 3737 3103 3770 ι
3139 3719 3280 3774 Sunt
3321 3720 3536 3789 quidem

1971 3813 2059 3867 hae
2104 3815 2282 3882 quoad
2320 3812 2517 3868 multos
2548 3820 2716 3881 portae
2740 3810 2998 3882 iustitiae,
3044 3809 3136 3865 sed
3165 3825 3411 3880 quaenam
3443 3812 3532 3867 illa

1970 3906 2137 3961 solius
2167 3905 2373 3960 Domini
2398 3904 2589 3975 porta?
2623 3901 2818 3958 Portas
2843 3903 3007 3972 igitur
3025 3902 3248 3970 Iustitia:
3271 3912 3430 3958 vocat
3455 3905 3531 3959 di-

1969 4009 2156 4050 versas
2202 3995 2422 4050 virtutis
2451 3995 2661 4065 species
2700 4009 2716 4046 :
2749 4007 2844 4064 per
2867 3993 2986 4048 illas
3016 3995 3158 4052 enim
3203 3993 3369 4052 Deum
3414 3994 3534 4053 uni-

1968 4101 2250 4143 versorum
2293 4088 2453 4158 digne
2502 4101 2789 4156 possumus
2847 4086 3148 4146 celebrare.
3200 4091 3376 4160 Atque
3431 4092 3532 4146 hoc

1969 4179 2314 4236 manifestius
2358 4181 2654 4236 declaravit
2697 4195 2794 4251 per
2824 4195 2890 4236 ea
2933 4195 3054 4250 qua:
3098 4180 3531 4252 subiunguntur:

1969 4288 2091 4326 nam
2125 4287 2222 4326 ceu
2249 4274 2654 4343 responsionem
2693 4273 2985 4342 quamdam
3019 4273 3201 4338 tradit,
3235 4289 3356 4328 cum
3389 4275 3463 4328 ait
3503 4293 3517 4329 :

300 4359 410 4419 οἷον
452 4365 557 4435 γάρ
609 4381 728 4416 τινα
765 4363 1058 4434 ἀπόκρισιν
1104 4361 1286 4415 δίδωσι
1332 4359 1504 4429 λέγων
1529 4377 1542 4390 ο
1597 4379 1616 4412 ι
1654 4359 1864 4432 Αὓτηή

1990 4381 1997 4416 ι
2031 4364 2156 4420 Haec
2187 4374 2339 4434 porta
2367 4364 2599 4420 Domini.
2639 4383 2659 4417 ι

302 4455 441 4527 πύλη
475 4455 567 4508 τοῦ
595 4457 817 4525 Κυρίου.
851 4474 870 4506 ι

370 4537 480 4602 Τοῦ
536 4548 742 4602 αὑτοῦ.
796 4547 884 4611 Ὡς
931 4545 1234 4613 ἀνοίγονται
1280 4544 1444 4598 πύλαι
1496 4545 1861 4618 δικαιοσύνης,

295 4639 434 4692 οὕτω
467 4639 560 4692 καὶ
588 4637 938 4709 σωφροσύνης
960 4639 1054 4691 καὶ
1083 4636 1333 4708 ἀνδρείας
1361 4637 1456 4690 καὶ
1483 4637 1724 4707 ἀγάπης.
1763 4637 1864 4692 Διά

295 4729 403 4800 γὰρ
421 4729 622 4784 τούτων
645 4729 752 4782 τῶν
777 4727 958 4781 πυλῶν
985 4729 1286 4799 εἰσέρχεται
1320 4726 1443 4793 νοῦς
1475 4729 1554 4790 είς
1580 4728 1679 4800 τὴν
1711 4728 1864 4799 βασι-

296 4816 441 4874 λείαν
465 4819 573 4875 τῶν
600 4820 862 4890 οὐρανῶν.

364 4912 526 4978 Αὕτη
555 4913 592 4980 ἠ
629 4912 791 4978 πύλη
815 4912 919 4966 τοῦ
954 4911 1196 4980 Κυρίου,
1220 4927 1275 4963 κ.
1312 4927 1362 4962 τ.
1394 4911 1440 4964 ἑ.
1473 4909 1629 4964 Μετὰ
1645 4910 1706 4964 τὸ
1748 4913 1860 4965 είσ-

272 5001 330 5056 ελ
352 5001 463 5056 θεῖν
494 5001 584 5056 διά
623 5003 734 5056 τῶν
779 5003 1095 5074 πρακτικῶν
1151 5000 1359 5073 ἀρετῶν
1407 5001 1713 5072 εὑρήσομεν
1759 5002 1858 5072 τὴν

277 5092 383 5147 πύλ
401 5111 468 5166 ην
495 5093 595 5164 τῆς
619 5093 890 5162 γνώσεως,
922 5094 1043 5164 ἥτις
1068 5095 1212 5148 ἐστὶν
1241 5096 1274 5166 ὴ
1314 5093 1515 5164 θεωρία
1551 5093 1659 5147 τῶν
1699 5108 1858 5162 γεγο-

287 5183 365 5237 ιότ
384 5202 482 5250 ων,
511 5185 777 5256 σωμάτων
801 5186 893 5238 καὶ
927 5186 1254 5256 ἀσωμάτων.

361 5279 543 5332 Λίθον
569 5276 641 5331 ὃν
669 5275 1119 5346 ἀπεδοκίμασαν
1151 5279 1207 5330 οἱ
1239 5275 1690 5346 οἰκοδομοῦντες
1712 5312 1726 5336 ,
1753 5266 1857 5328 οὗ·-

290 5386 390 5438 τος
414 5369 664 5442 ἐγενήθη
687 5372 773 5438 είς
798 5369 1072 5440 κεφαλὴν
1093 5369 1328 5440 γωνίας,
1362 5387 1416 5426 κ.
1451 5385 1501 5424 τ.
1533 5368 1582 5420 ἐ.
1609 5366 1778 5418 Τοῦτο
1799 5364 1860 5418 τὸ

291 5462 450 5532 ῥητὸν
507 5462 598 5534 είς,
625 5461 860 5534 Χριστὸν
909 5459 1271 5532 ἀναφέρεται·
1313 5459 1408 5513 καὶ
1457 5457 1564 5530 γὰρ
1599 5456 1760 5521 αὐτὸς
1800 5458 1858 5511 ἐν

361 5663 382 5693 ⁸
416 5661 572 5718 Prov.
601 5679 652 5730 v,
680 5665 714 5720 ὗ
811 5665 831 5697 ⁵
854 5662 1083 5735 Philipp.
1117 5677 1194 5733 tv,
1234 5661 1317 5716 15.
1396 5661 1416 5693 ⁸
1441 5658 1587 5719 Psal.
1631 5674 1786 5730 xxm,

2040 4545 2312 4614 Ejusdem.
2347 4545 2503 4600 Sicut
2531 4545 2851 4615 aperiuntur
2877 4552 3046 4614 porta:
3083 4541 3326 4610 iustitiae,
3363 4541 3442 4596 sic
3482 4551 3531 4594 et

1968 4636 2357 4704 temperantiae,
2397 4643 2450 4689 et
2483 4633 2837 4697 fortitudinis,
2871 4643 2926 4689 et
2959 4631 3262 4686 charitatis.
3293 4629 3397 4684 Per
3437 4627 3536 4682 has

1966 4728 2109 4782 enim
2135 4735 2318 4798 portas
2345 4725 2644 4797 ingreditur
2662 4739 2814 4780 mens
2841 4724 2896 4779 in
2924 4737 3146 4794 regnum
3168 4719 3455 4776 caelorum.

2038 4905 2199 4960 Vsus.
2245 4902 2335 4959 20.
2389 4903 2517 4958 Ηιεσ
2563 4913 2716 4970 porta
2745 4901 2983 4966 Domini,
3011 4908 3118 4956 etc.
3159 4899 3523 4966 Posteaquam

1963 4997 2193 5067 ingressi
2226 4997 2487 5052 fuerimus
2507 5011 2603 5066 per
2620 4995 2893 5066 practicas
2911 4995 3157 5056 virtutes,
3189 4991 3526 5046 inveniemus

1962 5098 2172 5159 portam
2207 5088 2466 5154 scientiae,
2512 5103 2630 5158 quas
2670 5095 2754 5142 est
2796 5101 2984 5142 eorum
3019 5101 3138 5155 quas
3174 5081 3316 5138 facta
3361 5090 3526 5149 sunt,

1960 5181 2374 5252 contemplatio,
2406 5193 2791 5250 corporeorum
2819 5187 2875 5233 et
2907 5179 3354 5247 incorporeorum

2032 5273 2193 5328 Vens.
2221 5273 2310 5328 22.
2345 5273 2599 5344 Lapidem
2622 5287 2773 5340 quem
2796 5269 3200 5339 reprobavcrunt
3243 5263 3524 5333 cedi/icon-

1961 5375 2055 5433 tes,
2079 5367 2164 5420 hic
2191 5365 2361 5423 factus
2388 5373 2463 5421 est
2481 5366 2536 5420 in
2560 5372 2716 5434 caput
2741 5363 2942 5432 anguli,
2969 5370 3076 5414 etc.
3103 5357 3230 5412 Haec
3254 5357 3526 5412 sententia

1960 5455 2198 5514 refertur
2225 5455 2294 5513 ad
2324 5454 2629 5515 Christum:
2650 5453 2763 5524 ipse
2784 5450 2928 5508 enim
2963 5449 3018 5506 in
3043 5447 3360 5520 Evangeliis
3383 5448 3525 5504 hanc
