3928 6158
491 238 628 294 1583

1821 232 1913 288 EX
1952 231 2251 289 ORIGENE

3552 245 3664 305 1584

490 360 624 411 ('ilal
675 352 1010 425 prepbetiam
1080 352 1353 408 dicens':
1391 372 1407 404 ι
1452 351 1739 421 Nunquam
1798 352 2004 423 legistis
2038 371 2040 400 ς

2158 353 2267 415 τοῖς
2315 352 2663 423 Εύαγγελίοις
2707 354 2911 428 ταύτην
2962 358 3196 430 παράγει
3234 358 3334 431 τὴν
3386 366 3663 435 προφητείαν

488 447 745 519 Lapidem
796 461 953 516 quem
996 448 1422 515 reprobaverunt
1463 444 1820 510 aediﬁcantes,
1857 444 1943 499 hic
1973 442 2054 497 fu-

492 544 614 591 ctus
640 545 726 590 est
763 535 818 589 in
863 545 1026 604 caput
1056 534 1282 605 anguli?
1321 553 1339 586 I
1370 533 1727 589 IEdilicantes
1755 542 1937 589 autem
1969 533 2057 588 hic

488 628 619 683 dicit
655 626 890 692 Judacos,
929 626 1137 682 scribas
1179 636 1229 680 et
1258 625 1587 690 Pbarisaeos,
1617 625 2054 695 quandoquidem

489 718 847 788 reprobarunt
885 718 1061 787 ipsum
1092 717 1330 772 dicentes
1366 734 1381 772 :
1423 736 1443 770 ι
1482 716 1858 772 Samaritanus
1880 730 1940 770 es
1971 725 2050 778 tu,

487 819 544 863 et
573 808 896 865 daemonium
949 810 1118 864 habes
1146 809 1189 865 ⁸.
1224 827 1243 860 ι
1282 810 1349 864 Et
1379 824 1603 864 rursus:
1640 827 1657 861 t
1688 807 1785 863 llic
1817 822 1922 862 nou
1971 816 2053 861 est

487 917 551 956 ex
579 899 710 966 Deo,
739 901 833 956 sed
857 901 1066 956 seducit
1093 902 1373 956 turbam’.
1403 919 1422 952 ι

559 1083 721 1139 Vens.
758 1081 851 1139 25.
890 1085 934 1136 Α
974 1082 1197 1138 Domino
1233 1083 1433 1153 factum
1469 1092 1543 1138 est
1591 1084 1752 1148 istud,
1793 1091 1901 1138 etc.
1932 1081 2050 1137 Non

487 1186 606 1230 erat
626 1177 919 1230 humanum
952 1177 1052 1232 hoc
1077 1176 1220 1246 quod
1251 1176 1449 1230 factum
1475 1186 1576 1241 est,
1606 1192 1711 1230 non
1744 1187 1860 1230 erat
1893 1176 2053 1231 unius

487 1282 553 1321 cx
603 1268 824 1322 multis:
856 1283 961 1322 non
1005 1279 1123 1322 erat
1160 1266 1497 1339 angelorum,
1543 1283 1649 1322 non
1676 1276 1793 1321 erat
1822 1267 2050 1322 archan-

487 1358 725 1426 gelorum
787 1359 945 1414 talem
1002 1359 1252 1427 angulum
1289 1374 1633 1428 componere.
1689 1359 1856 1414 Nemo
1906 1360 2050 1413 enim

485 1451 589 1505 hoc
612 1451 803 1520 potuit,
828 1464 933 1504 non
963 1450 1170 1520 justus,
1195 1464 1299 1503 non
1339 1449 1598 1519 propheta
1621 1489 1636 1513 ,
1675 1465 1779 1504 non
1805 1451 2048 1520 angelus,

485 1556 592 1596 non
616 1542 989 1612 archangelus.
1020 1543 1115 1597 sed
1137 1542 1303 1597 solius
1336 1544 1425 1596 Det
1455 1553 1574 1598 erat
1606 1543 1707 1598 hoc
1732 1542 2049 1613 praeclarum

486 1633 700 1688 facinus
732 1652 745 1687 :
775 1645 890 1688 erat
917 1634 1015 1688 hoc
1037 1635 1251 1704 preprie
1278 1633 1447 1703 ipsius
1473 1650 1630 1704 opus.

2158 444 2361 515 λέγων’
2403 466 2421 499 ι
2464 447 2729 502 Οὐδέποτε
2764 451 3032 519 ἀνέγνωτε
3054 469 3066 482 ·
3100 452 3263 505 Λίθον
3299 454 3358 506 ὃν
3383 456 3663 528 ἀπεδοκίμα-

2160 554 2256 590 σαν
2295 540 2346 591 οἱ
2403 541 2825 610 οἰκοδομοῦντες,
2871 537 3025 607 οὗτος
3066 542 3295 616 ἐγενήθη
3348 547 3426 608 εἰς
3471 548 3664 621 κεφαλὴν

2156 631 2390 699 γωνίας;
2420 652 2438 684 ι
2472 633 2897 704 οἰκοδομοῦντας
2943 634 2999 687 δὲ
3038 637 3163 698 τοὺς
3227 635 3497 700 Ἰουδαίους
3530 640 3660 707 λέγει,

2154 725 2279 787 τοὺς
2298 729 2661 795 γραμματεῖς,
2696 726 2821 790 τοὺς
2853 726 3196 797 Φαρισαίους,
3226 727 3307 780 ὅτι
3327 729 3664 799 ἀπεδοκίμαζον

2155 817 2318 871 αὐτὸν
2390 818 2676 886 λέγοντες·
2738 841 2756 868 ι
2813 820 3154 890 Σαμαρείτης
3208 816 3279 881 εἴ,
3321 821 3412 873 καὶ
3446 820 3661 892 δαιμόνιον

2154 909 2317 979 ἔχεις.
2355 927 2373 960 ι
2414 910 2524 962 Καὶ
2558 909 2751 963 πάλιν·
2785 928 2801 960 ο
2833 904 2998 974 Οὗτος
3022 911 3121 963 οὐκ
3151 910 3300 964 ἔστιν
3331 914 3395 964 ἐκ
3421 910 3506 964 τοῦ
3546 912 3661 975 Θεοῦ,

2153 1000 2287 1055 ἀλλά
2309 1001 2484 1073 πλανᾷ
2501 1001 2589 1055 τὸν
2614 1001 2788 1073 ὄχλον.
2831 1020 2851 1054 ι

2224 1092 2393 1160 Παρὰ
2436 1091 2659 1160 Κυρίου
2688 1093 2923 1162 ἐγένετο
2975 1094 3147 1160 αὕτη,
3182 1111 3237 1147 κ.
3264 1111 3314 1147 τ.
3337 1097 3380 1147 ἐ.
3409 1095 3510 1147 uox
3530 1091 3585 1167 ἦν
3605 1099 3666 1150 ἀν-

2155 1182 2423 1256 θρώπινον
2447 1182 2508 1236 τὸ
2536 1183 2833 1255 γινόμενον,
2859 1185 2957 1238 οὐκ
2985 1180 3052 1256 ἦν
3082 1187 3203 1250 ἐνὸς
3233 1187 3342 1239 τῶν
3368 1187 3568 1241 πολλῶν
3593 1190 3668 1243 οὐκ

2151 1269 2220 1347 ἦν
2247 1275 2510 1345 ἀγγέλων,
2539 1276 2640 1328 οὐκ
2666 1271 2732 1347 ἦν
2765 1276 3124 1347 ἀρχαγγέλων
3146 1277 3211 1329 τὸ
3232 1277 3476 1349 τοιαύτην
3520 1277 3668 1342 πλέξαι

2153 1368 2354 1436 γωνίαν
2378 1384 2392 1398 ο
2417 1367 2591 1432 οὐδεὶς
2622 1366 2731 1439 γὰρ
2767 1366 2968 1439 ἴσχυεν,
2988 1369 3051 1421 οὐ
3071 1367 3300 1433 δίκαιος,
3325 1369 3383 1422 ού
3417 1372 3667 1441 προφήτης,

2151 1458 2253 1513 οὐκ
2302 1459 2551 1528 ἄγγελος,
2596 1459 2698 1512 ούκ
2747 1458 3108 1529 ἀρχάγγελος,
3157 1460 3297 1513 ἀλλά
3334 1460 3424 1514 τοῦ
3469 1458 3585 1514 θεοῦ
3623 1462 3671 1515 τὸ

2153 1549 2483 1622 κατόρθωμα
2507 1567 2521 1581 ο
2563 1548 2720 1603 τοῦτο
2741 1544 2809 1620 ἧν
2837 1550 3001 1604 αὐτοῦ
3032 1551 3218 1615 temo;
3244 1552 3302 1604 τὸ
3329 1551 3499 1624 ἔργον.

554 1723 720 1781 Vens.
748 1725 841 1780 Ἃ.
878 1723 1006 1778 ch
1049 1734 1125 1779 est
1170 1726 1279 1780 dies
1301 1743 1459 1796 quam
1477 1726 1601 1794 fecit
1632 1726 1905 1793 Dominus,
1935 1736 2040 1783 etc.

2217 1732 2379 1801 Αὕτη
2408 1733 2446 1800 ἡ
2485 1732 2675 1802 ἡμέρα
2707 1732 2785 1800 ἢν
2817 1733 3110 1800 ἐποίησεν
3141 1737 3176 1788 ό
3226 1736 3453 1803 Κύριος,
3490 1751 3537 1788 κ.
3562 1752 3604 1788 τ.
3631 1735 3666 1788 ἐ.

484 1816 638 1873 Hanc
672 1819 812 1873 diem
857 1833 961 1873 non
1018 1816 1385 1888 legislatores,
1436 1834 1544 1873 non
1596 1818 1873 1890 prophetat
1909 1820 2048 1875 fece-

486 1918 637 1973 runt,
662 1910 755 1965 sed
784 1911 897 1978 ipse
924 1909 1002 1964 sol
1024 1909 1268 1978 iustitiae.
1302 1909 1453 1966 Diem
1480 1919 1659 1966 autem
1685 1921 1847 1966 vocat
1867 1911 2051 1983 cogni-

485 2002 688 2056 tionem
712 2001 935 2057 Christi.

554 2092 833 2169 Ejusdem.
861 2093 977 2149 Non
1017 2094 1147 2150 solis
1179 2110 1396 2151 cursum
1428 2097 1531 2151 hoc
1557 2095 1673 2153 loco
1697 2097 1836 2152 diem
1865 2105 2045 2163 vocat,

482 2187 575 2241 sed
601 2187 855 2256 praeclara
876 2185 1111 2241 facinora
1137 2203 1257 2257 qua:
1298 2190 1350 2242 in
1386 2203 1452 2243 eo
1487 2199 1636 2257 gesta
1668 2198 1813 2244 sunt.
1851 2191 2048 2256 Quem-

481 2276 769 2333 admodum
805 2278 948 2331 enim
987 2279 1079 2348 qui
1121 2280 1259 2334 diem
1312 2280 1512 2333 malum
1562 2280 1717 2347 dicit,
1768 2294 1872 2333 non
1918 2278 2048 2334 solis

481 2383 723 2431 cursum,
762 2370 855 2424 sed
910 2370 1051 2424 mala
1098 2385 1220 2439 quae
1265 2371 1319 2425 in
1353 2371 1471 2442 ipso
1504 2379 1631 2426 sunt
1662 2370 1936 2441 intelligit,
1970 2370 2045 2425 ita

478 2461 643 2516 etiam
673 2462 874 2517 bonum
906 2462 1068 2526 diem,
1103 2463 1362 2532 praeclara
1394 2462 1539 2516 facta
1561 2476 1679 2530 qua:
1711 2463 1763 2515 in
1795 2461 1884 2515 illo
1913 2476 2045 2516 con-

481 2553 736 2623 tigerunt.
766 2553 922 2618 Quod
951 2562 1132 2607 autem
1164 2553 1319 2618 dicit,
1373 2561 1455 2608 est
1503 2552 1767 2621 ejusmodi
1802 2568 1815 2604 :
1852 2553 2044 2607 Omnia

478 2645 736 2714 praeclara
768 2645 1010 2702 facinora
1045 2662 1164 2716 quae
1205 2646 1259 2700 in
1290 2661 1355 2701 eo
1391 2656 1541 2716 gesta
1594 2656 1740 2714 sunt,
1782 2647 1923 2702 Deus
1964 2647 2043 2701 fe-

478 2740 555 2795 cit
583 2758 601 2797 :
632 2750 752 2796 erat
771 2740 915 2796 enim
940 2739 1083 2795 illius
1110 2739 1278 2795 solius
1301 2752 1495 2794 manus
1524 2737 1740 2794 ecere
1759 2754 1878 2808 quae
1900 2737 2042 2793 facta

478 2842 623 2889 sunt.
672 2832 810 2899 Quid
845 2833 989 2889 enim
1029 2832 1199 2902 possit
1247 2846 1369 2887 cum
1421 2833 1525 2887 hoc
1554 2831 1642 2887 die
1666 2829 1928 2897 conferri,
1985 2833 2040 2885 in

477 2938 584 2994 quo
611 2939 732 2980 cum
782 2924 1097 2980 hominibus
1138 2925 1282 2979 facta
1316 2935 1403 2981 est
1434 2925 1530 2979 Dei
1561 2923 1952 2989 reconciliatio,
1988 2932 2043 2976 ct

477 3016 786 3071 diuturnum
819 3017 1018 3073 bellum
1068 3017 1173 3071 fuit
1198 3017 1546 3087 diremptum,
1571 3024 1626 3070 et
1662 3024 1808 3069 terra
1841 3014 2037 3068 caelum

477 3113 679 3172 evasit,
703 3118 758 3162 et
784 3108 1034 3163 homines
1058 3108 1218 3179 795
1248 3119 1395 3164 terra
1436 3107 1639 3177 indigni
1688 3121 1854 3177 regno
1888 3107 2037 3176 digni

473 3201 576 3258 visi
627 3209 779 3264 sunt,
803 3207 858 3254 et
888 3210 1091 3255 nostra:
1142 3209 1349 3254 natura:
1375 3198 1625 3269 primitiae
1669 3213 1834 3270 super
1872 3198 2040 3252 cmlos

473 3295 698 3353 sublatae
730 3303 876 3359 sunt,
903 3307 959 3351 et
1002 3292 1288 3366 paradisus
1326 3301 1543 3363 apertus
1574 3301 1680 3357 est,
1723 3302 1776 3345 et
1802 3300 2038 3344 veterem

475 3387 706 3457 patriam
743 3387 1068 3458 recepimus,
1103 3399 1159 3443 et
1191 3398 1517 3457 expunctum
1564 3395 1648 3441 est
1692 3385 2038 3440 maledictum

477 3489 533 3535 et
562 3479 830 3534 sublatum
866 3479 1190 3549 peccatum?
1246 3480 1357 3533 Etsi
1412 3480 1556 3534 enim
1605 3494 1794 3535 omnes
1821 3490 2039 3547 quoque

474 3572 592 3627 dies
616 3571 832 3635 fecerit,
869 3571 1017 3625 illum
1056 3581 1237 3625 tamen
1261 3570 1480 3637 eximie,
1517 3569 1950 3641 quandoquidem
1983 3567 2036 3621 in

470 3669 569 3725 illo
620 3668 857 3723 maxima
909 3682 1005 3722 sua
1061 3667 1317 3736 mysteria
1375 3664 1639 3734 implevit.
1697 3663 2040 3733 Quapropter

470 3763 634 3815 etiam
669 3775 768 3815 nos
809 3758 1144 3814 exsultemus
1192 3765 1246 3809 et
1280 3756 1526 3810 laetemur
1558 3754 1610 3809 in
1647 3769 1735 3819 eo,
1772 3753 2036 3823 duplicent

470 3850 760 3922 quamdam
790 3849 1187 3905 solemnitatem
1216 3846 1762 3901 celebrautesmnam
1791 3842 2036 3913 qu‘idcm,

469 3945 613 4016 quod
642 3958 671 3996 a
699 3942 1018 4010 captivitate
1059 3938 1257 3993 diaboli
1300 3938 1471 3993 simus
1524 3936 1776 4000 liberati;
1808 3936 2034 3988 alteram

466 4045 618 4095 vero,
670 4029 817 4099 quod
864 4030 1029 4084 etiam
1087 4029 1153 4083 ad
1210 4042 1430 4100 regnum
1485 4026 1749 4082 ctelorum
1804 4024 2038 4079 adduca-

464 4141 607 4185 mur.

536 4222 704 4277 Vens.
736 4219 827 4274 26.
860 4217 1176 4273 Benedictus
1195 4220 1284 4287 qui
1315 4218 1449 4273 venit
1475 4217 1531 4271 in
1554 4217 1763 4270 nomine
1795 4215 2033 4280 Domini,

465 4325 574 4370 etc.
608 4311 761 4366 Hanc
788 4310 952 4364 etiam
981 4322 1167 4362 vocem
1195 4308 1262 4360 de
1290 4306 1508 4361 Christo
1540 4305 1882 4376 prephetiam
1910 4319 2032 4359 esse

2149 1823 2363 1894 Ταύτην
2389 1823 2484 1895 τὴν
2506 1824 2717 1897 ἡμέραν
2743 1826 2804 1878 οὐ
2836 1825 3158 1894 νομοθέται,
3192 1828 3255 1880 ού
3308 1828 3559 1898 προφῆται
3597 1845 3670 1880 πε-

2149 1920 2460 1988 ποιήκασιν,
2493 1916 2607 1970 ἀλλ’
2634 1917 2794 1981 αὐτὸς
2826 1918 2854 1969 ό
2876 1918 2974 1986 τῆς
3000 1918 3345 1988 δικαιοσύνης
3370 1918 3670 1990 ἧλιος.Ἦμέ-

2150 2027 2250 2083 ραν
2283 2010 2339 2062 δὲ
2373 2009 2515 2079 λέγει
2537 2010 2637 2083 τὴν
2658 2007 2857 2078 γνῶσιν
2877 2010 2970 2063 τοῦ
3001 2011 3261 2083 Χριστοῦ.

2224 2101 2333 2157 Τοῦ
2355 2101 2560 2156 αὐτοῦ.
2596 2100 2839 2174 Ἣμέραν
2864 2102 3096 2157 ἐνταῦθα
3124 2104 3249 2174 οὐχὶ
3281 2104 3370 2157 τὸν
3391 2103 3566 2178 δρόμον
3601 2104 3670 2157 λέ-

2146 2207 2232 2259 γει
2256 2191 2347 2245 τὸν
2378 2192 2624 2263 ἡλιακὸν,
2655 2192 2789 2246 ἀλλὰ
2813 2193 2881 2246 τὰ
2913 2194 3320 2266 κατορθώματα
3358 2196 3422 2249 τὰ
3459 2198 3511 2249 ἐν
3557 2198 3666 2266 αὐτῇ

2145 2283 2428 2355 γινόμενα.
2462 2284 2669 2356 Ὥσπερ
2694 2284 2804 2357 γὰρ
2828 2285 3037 2357 ἡμέραν
3074 2286 3321 2358 πονηρὰν
3352 2286 3562 2355 λέγειού
3598 2284 3668 2338 τὸν

2143 2375 2341 2447 δρόμον
2372 2375 2464 2429 τοῦ
2505 2376 2673 2447 ἡλίου,
2726 2375 2860 2429 ἀλλὰ
2909 2376 2977 2429 τά
3027 2378 3084 2431 ἐν
3123 2380 3265 2449 αὐτῇ
3314 2378 3483 2432 κακά·
3529 2377 3666 2440 eum;

2146 2470 2235 2522 καὶ
2258 2470 2468 2541 ἡμέραν
2494 2468 2700 2540 ἀγαθὴν
2730 2470 2798 2523 τὰ
2822 2472 2879 2523 ἐν
2912 2470 3047 2542 αὐτῇ
3079 2469 3493 2542 κατορθώματα.
3534 2472 3588 2524 Ὅ
3620 2470 3665 2522 δὲ

2143 2562 2288 2630 λέγει
2317 2561 2556 2615 τοιοῦτόν
2587 2565 2739 2615 ἐστι·
2786 2562 2970 2616 Πάντα
3012 2562 3079 2615 τά
3106 2563 3497 2635 κατορθώματα
3528 2561 3587 2614 τὰ
3619 2564 3665 2613 ἐν

2143 2654 2279 2725 αὐτῇ
2306 2652 2562 2724 γινόμενα
2588 2654 2615 2706 ὁ
2638 2653 2768 2715 Θεὸς
2791 2653 3030 2722 ἐποίησεο
3049 2654 3151 2724 τῆς
3172 2653 3282 2727 γάρ
3307 2654 3473 2726 χειρὸς
3492 2652 3663 2722 ἐκεί-,ης

2145 2745 2314 2816 μόνης
2345 2740 2413 2816 ἦν
2443 2743 2513 2797 τὰ
2535 2744 2813 2816 γινόμενα.
2853 2745 2917 2796 Τί
2955 2744 3063 2816 γὰρ
3110 2747 3213 2817 τῆς
3257 2747 3457 2818 ἡμέρας
3500 2744 3663 2813 ταύτης

2142 2838 2255 2891 ἴσον
2273 2836 2478 2906 γένοιτο
2500 2836 2586 2903 ἂν,
2612 2838 2668 2890 ἐν
2695 2830 3056 2910 καταλλαγὴ
3074 2836 3215 2891 Θεοῦ
3237 2839 3371 2908 πρὸς
3396 2835 3663 2909 ἀνθρὼποκ

2141 2930 2373 2998 ἐγένετο,
2392 2931 2483 2983 καὶ
2504 2931 2532 2983 ό
2555 2929 2764 3001 χρόνιος
2791 2928 3058 2999 κατελύθη
3090 2930 3350 3001 πόλεμος,
3366 2931 3453 2985 καὶ
3478 2926 3662 3001 οὐρανὸς

2141 3023 2432 3095 ἀπεδείχθη
2469 3024 2503 3094 ἡ
2536 3023 2627 3095 γῆ,
2657 3024 2749 3076 καὶ
2767 3024 2815 3075 οἱ
2836 3024 2933 3094 τῆς
2955 3024 3057 3095 γῆς
3083 3024 3296 3092 ἀνάξιοι
3323 3020 3663 3096 ἄνθρωποιτῆς

2142 3116 2428 3218 βριλείας.
2451 3116 2724 3186 ἐφάνησαν
2750 3114 3025 3216 ἀξιοιζκαὶ.
3054 3117 3087 3187 ἡ
3118 3116 3344 3218 ἀπαρχὴ
3373 3116 3465 3218 τῆς

2139 3201 2236 3278 τῆς
2262 3205 2534 3277 ἡμετέρας
2569 3206 2823 3277 ὑπεράνω
2864 3204 2971 3258 τῶν
3003 3205 3253 3278 οὐρανῶν
3296 3204 3559 3276 ἀνηνέχθη,
3588 3201 3661 3254 καὶ

2138 3298 2462 3369 παράδεισος
2518 3299 2709 3369 ἠνοίγη
2733 3338 2747 3362 ,
2787 3296 2881 3350 καὶ
2929 3298 3027 3368 τὴν
3083 3298 3320 3369 ἀρχαίαν
3366 3295 3659 3363 ἀπελάὅομν

2141 3390 2396 3463 πατρίδα,
2437 3390 2531 3444 καὶ
2563 3390 2774 3459 κατάρα
2803 3388 3073 3460 ἠφανίσθη
3096 3429 3110 3453 ,
3143 3392 3241 3443 καὶ
3266 3391 3299 3460 ἡ
3328 3388 3545 3459 ἁμαρτία
3565 3382 3660 3436 ἐλύ-

2140 3484 2243 3555 θη;
2276 3483 2338 3536 Ei
2380 3480 2489 3554 γὰρ
2541 3481 2634 3534 καὶ
2666 3482 2844 3543 πάσας
2875 3481 2974 3544 τὰς
3005 3480 3223 3551 ἡμέρας
3269 3482 3525 3551 ἐποίησεν,
3565 3476 3657 3531 ἀλλ’

2138 3574 2351 3645 ἐκείνην
2381 3571 2691 3646 ἐξαιρέτως,
2719 3572 2906 3644 ἐπειδὴ
2935 3573 3003 3625 τὰ
3038 3572 3274 3642 μέγιστα
3304 3574 3360 3625 ἐν
3405 3572 3528 3640 αὐτῇ
3570 3565 3656 3620 τῶν

2135 3666 2348 3719 οἰκείων
2408 3665 2718 3737 μυστηρίων
2781 3664 3082 3735 ἐπλήρωσε.
3136 3663 3335 3736 Διόπερ
3387 3664 3472 3716 καὶ
3525 3660 3655 3730 ἡμεῖς

2137 3756 2590 3828 ἀγαλλιασώμεθα
2623 3757 2717 3811 καὶ
2763 3754 3156 3826 εὐφρανθῶμεν
3203 3757 3261 3809 ἐν
3320 3756 3446 3824 αὐτῇ
3498 3749 3653 3819 διπλῆν

2135 3866 2256 3903 τινα
2297 3847 2473 3920 χαρὰν
2521 3848 2824 3918 πανήγυριν
2855 3847 3078 3916 ἄγοντες
3101 3863 3115 3876 ·
3150 3847 3280 3916 μίαν
3310 3845 3423 3916 μὲν,
3465 3844 3536 3894 ὅτι
3574 3840 3653 3909 τῆς

2138 3941 2514 4013 αἰχμαλωσίας
2532 3940 2627 3994 τοῦ
2651 3940 2895 3993 διαϐόλου
2927 3938 3303 4011 ἐρῤύσθημενν
3338 3937 3567 4006 δευτέραν
3606 3929 3653 3981 δὲ

2134 4035 2213 4089 ὅτι
2241 4034 2332 4087 καὶ
2360 4033 2496 4103 πρὸς
2520 4031 2796 4102 βασιλείαν
2818 4029 3060 4100 οὐρανῶν
3085 4028 3412 4102 ἀναγόμεθα.

2206 4214 2625 4284 Εὐλογημένος
2658 4215 2691 4267 ό
2723 4213 3040 4283 ἐρχόμενος
3070 4212 3140 4265 ἐν
3173 4213 3405 4279 ὀνόματι
3441 4206 3647 4274 Κυρίου,

2134 4324 2187 4360 κ.
2212 4326 2260 4361 τ.
2292 4308 2337 4359 ἐ.
2364 4308 2472 4360 Καὶ
2495 4305 2696 4378 ταύτην
2723 4305 2821 4377 τὴν
2855 4305 3037 4375 φωνὴν
3056 4305 3107 4357 oi
3140 4298 3504 4373 εὖαγγελισταὶ
3545 4293 3647 4366 περὶ

463 4410 831 4474 exposuerunt
876 4398 1266 4468 evangelistae:
1300 4398 1412 4466 ipse
1435 4398 1578 4451 enim
1608 4411 1793 4451 revera
1820 4404 1903 4450 est
1931 4394 2023 4463 qui

2142 4400 2362 4473 Κριστοῦ
2412 4399 2745 4472 προφητείαν
2776 4394 2914 4453 εἶναι
2951 4397 3297 4468 ἐξειλήφασιν
3324 4416 3335 4426 ·
3376 4393 3520 4456 αὐτὸς
3558 4390 3645 4459 γὰρ

463 4510 587 4551 cum
651 4492 974 4549 auctoritate
1028 4490 1175 4544 venit
1228 4490 1281 4543 in
1331 4489 1548 4543 nomine
1600 4486 1844 4549 Domini,
1900 4500 2022 4539 cum

462 4600 653 4642 omnes
705 4585 775 4639 ab
837 4584 952 4652 ipso
1013 4593 1122 4636 tam
1171 4579 1273 4633 viri
1325 4594 1488 4649 quam
1547 4577 1721 4647 angeli
1774 4577 2023 4632 venerint

463 4689 720 4748 tanquam
767 4677 906 4732 servi
946 4674 1177 4729 Domini.
1206 4672 1439 4740 Quilibet
1482 4670 1626 4726 enim
1653 4686 1840 4727 eorum
1873 4671 2022 4725 dice-

460 4772 556 4826 bat
587 4786 602 4823 :
636 4768 760 4825 llaec
787 4768 916 4822 dicit
944 4766 1202 4820 Dominus
1233 4783 1247 4819 :
1288 4775 1343 4818 ct
1386 4765 1751 4833 unusquisque
1796 4761 2017 4833 angelo-

461 4876 581 4918 rum
612 4862 661 4916 ei
711 4861 776 4913 ad
805 4874 965 4930 quem
999 4859 1235 4913 mittitur
1275 4859 1375 4924 ait,
1419 4857 1685 4913 Dominus
1715 4858 1863 4912 misit
1909 4872 2019 4913 me.

463 4953 657 5009 Verum
710 4951 800 5007 ille
843 4951 936 5021 qui
973 4951 1120 5005 venit
1149 4949 1205 5004 in
1247 4949 1466 5005 nomine
1510 4949 1743 5015 Domini,
1792 4950 2018 5005 benedi-

460 5056 581 5102 ctus
609 5053 711 5099 est.

532 5137 696 5194 Vnus.
725 5140 820 5189 27.
862 5140 998 5189 Deus
1026 5133 1283 5189 Dominus
1312 5142 1360 5187 et
1396 5131 1573 5188 illusit
1600 5132 1769 5198 nobis,
1801 5142 1909 5187 etc.
1936 5133 2019 5205 lp-

2129 4492 2343 4565 ἁληθῶς
2367 4494 2512 4545 ἐστιν
2543 4494 2571 4544 ὁ
2596 4490 2924 4554 αὐθεντικῶς
2952 4491 3047 4543 καὶ
3086 4492 3144 4542 ἐν
3195 4489 3410 4559 ὀνόματι
3448 4484 3531 4537 τοῦ
3564 4483 3646 4533 Κυ·

2131 4584 2247 4657 ρίου
2274 4584 2581 4655 ἐρχόμενος,
2609 4584 2825 4637 πάντων
2850 4582 2955 4636 τῶν
2979 4583 3106 4653 παρ’
3139 4581 3304 4635 αὑτοῦ
3334 4578 3521 4649 ἀνδρῶν
3534 4571 3642 4643 ὁμοῦ

2129 4677 2223 4730 καὶ
2246 4675 2489 4744 ἀγγέλων
2514 4673 2846 4746 ἐληλυθότων
2872 4672 2948 4736 ὡς
2974 4672 3179 4744 Κυρίου
3214 4671 3423 4725 δούλων.
3464 4664 3641 4737 Ἀμέλει

2127 4766 2254 4820 τάδε
2278 4766 2424 4834 λέγει
2455 4762 2655 4837 Κύριος
2674 4806 2689 4832 ,
2736 4765 2960 4827 ἕκαστος
2983 4763 3087 4833 ἔφη
3115 4781 3127 4792 ·
3184 4764 3278 4817 καὶ
3319 4762 3527 4821 ἕκαστος
3554 4755 3641 4806 τιῖν

2129 4857 2374 4927 ἀγγέλων
2396 4857 2529 4928 φησὶ
2552 4857 2687 4928 πρὸς
2710 4856 2769 4909 ὃν
2791 4856 3008 4926 ἔρχεται
3029 4873 3041 4886 ·
3089 4857 3145 4909 '0
3173 4855 3373 4927 Κύριος
3395 4844 3637 4905 ἀπέστειλέ

2130 4968 2218 5021 με,
2264 4949 2402 5003 Ἀλλ’
2430 4944 2591 5013 αὐτὸς
2621 4951 2650 5002 ό
2688 4950 2745 5003 ἐν
2774 4948 2997 5019 ὀνόματι
3026 4948 3230 5019 Κυρίου
3269 4945 3536 5017 ἐρχόμενος
3562 4937 3636 4994 εὑ·

2125 5041 2422 5113 λογημένος
2445 5040 2580 5095 ἐστί.

2198 5133 2340 5199 Θεὸς
2360 5133 2570 5200 Κύριος
2600 5128 2696 5184 καὶ
2720 5129 3019 5198 exessus-er
3053 5128 3208 5198 ἡμῖν,
3229 5147 3281 5183 κ.
3310 5145 3358 5181 τ.
3392 5127 3435 5182 ἐ.
3458 5124 3521 5177 Τὸ
3546 5120 3632 5191 γὰρ

459 5247 578 5288 sum
641 5230 783 5286 enim
834 5227 1054 5292 venire,
1112 5242 1219 5280 non
1252 5233 1339 5279 est
1384 5224 1561 5280 locum
1617 5233 1833 5278 mutare
1867 5265 1882 5289 ,
1927 5227 2021 5281 sed

2142 5223 2293 5278 ,λθεῖν
2328 5224 2487 5276 αὑτὸν
2516 5222 2578 5274 ού
2605 5221 2767 5275 τόπον
2798 5220 2948 5273 ἐστὶν
2971 5220 3220 5290 ἀμεῖψαι,
3254 5214 3364 5272 ἀλλ’
3402 5208 3628 5282 ἐπιφανῆ·

468 5337 756 5394 apparere,
792 5320 885 5391 qui
915 5331 1076 5374 antea
1118 5319 1343 5373 minime
1375 5317 1701 5372 videbatur:
1742 5332 1866 5371 nam
1895 5332 2018 5372 cum

2142 5334 2227 5380 ναι,
2257 5315 2516 5386 πρότερον
2542 5313 2639 5383 οὐχ
2656 5310 2926 5383 ὁρώμενον
2949 5328 2962 5341 ο
3004 5312 3261 5383 ὑπάρχων
3290 5308 3393 5380 γὰρ
3417 5305 3626 5394 ἀόρατος,

463 5416 756 5473 invisibilis
784 5424 955 5479 esset,
991 5429 1057 5468 eo
1082 5412 1226 5483 quod
1254 5421 1401 5467 esset
1438 5411 1615 5480 imago
1644 5409 1735 5464 Dei
1776 5410 2020 5463 invisibi—

2116 5407 2197 5479 τῷ
2229 5403 2366 5460 εἶναι
2388 5404 2549 5459 είκὼν
2578 5402 2710 5457 Θεοῦ
2737 5403 2989 5475 ἀοράτου,
3036 5400 3247 5475 μορφὴν
3272 5394 3441 5452 δούλου
3462 5388 3625 5448 λαϐὼν,

454 5507 542 5575 lis,
567 5504 797 5560 formam
831 5504 972 5559 servi
1002 5482 1363 5572 accipiens,et
1395 5498 1624 5555 Verbum
1660 5514 1787 5554 caro
1819 5498 2018 5554 factum

2142 5500 2210 5553 ιαὶ
2232 5498 2517 5569 γενόμενος
2556 5499 2584 5550 ό
2615 5494 2786 5563 Λόγος
2808 5493 2943 5565 σὰρξ
2974 5492 3150 5566 ὤφθη,
3178 5494 3265 5561 ἵν’,
3293 5490 3423 5545 οὕτω
3452 5482 3625 5556 eave“.

525 5673 544 5704 "
568 5669 759 5727 Matth.
783 5684 898 5738 ut,
930 5669 1015 5724 42.
1098 5668 1120 5701 ⁸
1150 5666 1300 5725 Joan.
1333 5682 1455 5739 Vill,
1484 5665 1572 5723 48.
1649 5666 1669 5699 ⁹
1700 5664 1857 5722 Joan.
1889 5659 1980 5735 vn,
2011 5665 2097 5721 12.
