3928 6158
304 288 444 345 1585
1232 284 1542 340 εειεετλ
1584 285 1652 340 ΙΝ
1691 283 2030 343 PSALMOS.
2067 316 2136 331 η-
2168 280 2364 337 PSAL.
2406 279 2637 339 CXVIII.
3404 282 3542 340 I586

297 406 685 481 χειραγωγήσῃ
712 405 860 477 ἡμᾶς
887 405 975 461 διὰ
1006 406 1208 479 ταύτης
1239 409 1338 480 τῆς
1375 409 1753 479 κατανοήσεως
1791 410 1860 472 εἰς

1975 406 2252 476 apparuit,
2284 412 2341 458 ut
2370 404 2471 457 hoc
2506 403 2664 461 modo
2692 416 2979 471 apparens,
3000 417 3099 457 nos
3130 401 3420 459 adduceret
3447 418 3542 474 per

296 498 360 553 τὸ
397 498 487 551 καὶ
527 497 624 567 τὴν
655 495 812 563 δόξαν
841 496 1003 551 αὐτοῦ
1031 496 1326 552 θεάσασθαι
1354 538 1368 563 ,
1407 518 1424 548 ι
1464 497 1618 564 δόξαν
1656 498 1730 563 ὼς
1764 500 1860 552 Μο-

1977 501 2117 553 hanc
2158 497 2521 567 cognitionem
2576 496 2641 547 ad
2697 494 2922 566 gloriam
2955 509 3173 566 quoque
3208 496 3378 565 ipsius
3407 510 3537 551 con-

298 589 548 658 νογενοῦς
582 591 731 661 παρὰ
783 591 1015 663 Πατρὺς,
1080 591 1292 663 πλήρης
1351 591 1570 662 χάριτος
1611 592 1704 644 καὶ
1745 592 1860 662 άλη·

1977 587 2338 658 templandam
2364 627 2378 651 ,
2420 605 2438 638 ι
2499 586 2723 657 glariam
2769 588 2926 657 quasi
2969 586 3244 657 Unigeniti
3272 601 3305 642 ι
3335 585 3540 651 Patre,

299 681 468 745 θείας.
490 703 508 736 ι

1975 681 2190 753 plenum
2230 680 2419 749 gratia:
2448 688 2503 733 et
2530 677 2779 733 veritatis
2813 678 2875 731 '°.
2922 694 2942 729 ι

370 777 724 845 Συσιήσατε
744 774 962 845 ἑορτὴν
997 774 1068 830 ἐν
1099 774 1222 841 τοῖς
1245 774 1707 841 πυκάζουσιν,κ.
1741 793 1790 829 τ.
1822 777 1860 829 ὲ.

2044 772 2172 825 Ιιιιι).
2216 769 2532 824 Constituite
2579 769 2717 822 diem
2776 767 3059 822 solemnem
3113 767 3167 821 in
3226 767 3538 824 condensis.

298 864 456 923 Οὗτοι
497 867 848 933 πυκάζουσιν,
873 868 923 920 οἱ
958 866 1177 938 φύλλοις
1207 867 1298 921 καὶ
1319 871 1549 939 καρποῖς
1572 867 1860 939 κομῶντεςε

1983 859 2043 912 Hi
2076 860 2413 914 condensant
2439 859 2531 927 qui
2578 857 2721 912 loliis
2750 865 2806 912 et
2843 856 3115 913 fructibus
3136 871 3430 925 ornantur;
3456 855 3541 913 fo-

299 958 516 1030 φύλλοις
558 958 657 1031 μὲν
692 962 805 1023 τοῖς
835 957 1157 1030 καθήκουσι,
1204 962 1435 1032 καρποῖς
1464 961 1522 1014 δὲ
1576 962 1699 1024 ταῖς
1746 961 1860 1032 ἀρε-

1975 952 2058 1007 liis
2085 953 2329 1022 quidem,
2362 951 2417 1006 id
2462 959 2547 1006 est
2579 948 2771 1004 ofﬁciis
2792 990 2807 1014 ,
2845 948 3113 1004 fructibus
3153 964 3306 1015 vero,
3334 950 3437 1006 hoc
3457 956 3537 1007 est

293 1053 416 1115 ταῖς
436 1068 449 1081 ⁸
489 1052 579 1105 καὶ
607 1051 715 1123 γὰρ
752 1070 770 1103 ι
794 1052 855 1106 τὸ
886 1052 1081 1122 φύλλον
1114 1052 1292 1107 αὐτῶν
1319 1053 1418 1107 οὐκ
1441 1054 1860 1125 ἀπορῤυήσεται⁴

1969 1045 2269 1101 virtutibus.
2302 1046 2511 1100 Etenim
2553 1064 2571 1096 ‹
2615 1045 2801 1099 lolium
2840 1060 3024 1100 eorum
3072 1060 3181 1100 non
3210 1045 3439 1108 dellttet,
3472 1054 3529 1098 et

298 1141 392 1193 καὶ
435 1140 527 1194 τὸν
581 1142 792 1214 καρπὸν
841 1141 1019 1195 αὐτῶν
1056 1141 1315 1195 δώσουσιν
1344 1144 1401 1196 ἐν
1424 1142 1600 1215 καιρῷ
1633 1143 1860 1209 αὐτῶν,ι

1969 1139 2205 1197 fructum
2240 1155 2396 1195 suum
2443 1138 2647 1193 dabunt
2675 1137 2730 1191 in
2766 1146 3006 1208 tempore
3041 1152 3158 1203 suo,
3194 1156 3212 1187 ι
3245 1146 3529 1206 propterea

297 1233 385 1287 διὰ
413 1233 475 1288 τδ
504 1234 829 1305 γεγενῆσθαι
860 1235 1055 1299 αὐτοὺς
1083 1254 1100 1287 t
1132 1234 1265 1302 ξύλα
1295 1235 1679 1307 πεφυτευμένα
1722 1235 1860 1308 παρὰ

1969 1231 2113 1303 quod
2140 1238 2266 1286 sunt
2295 1230 2394 1302 ipsi
2425 1250 2443 1282 ι
2476 1232 2615 1302 ligna
2640 1232 2876 1301 plantata
2897 1246 3052 1286 secus
3074 1231 3336 1286 decursus
3361 1242 3531 1301 aqua-

298 1324 397 1388 τὰς
429 1325 695 1390 διεξόδους
716 1326 824 1379 τῶν
856 1326 1082 1381 ὑδάτων.
1129 1348 1147 1377 ι
1972 1339 2091 1378 rum
2127 1325 2190 1378 “.
2226 1343 2245 1375 ι

376 1415 484 1470 Τοῦ
506 1415 714 1471 αὑτοῦ,
762 1435 780 1468 ι
825 1417 1143 1483 Πυκάζοντα
1171 1436 1189 1469 ,
1225 1416 1282 1470 δὲ
1309 1415 1377 1469 τὰ
1428 1415 1694 1488 χερουδίμ
1737 1434 1870 1487 φησι
2047 1404 2323 1474 Ejusdem.
2385 1426 2404 1459 ι
2463 1407 2745 1464 (Iondensa
2798 1425 2819 1459 ι
2874 1414 3034 1462 vocat
3060 1406 3342 1462 cherubim
3370 1446 3385 1470 ,
3422 1418 3539 1474 qua

296 1505 365 1560 τά
397 1507 778 1572 ἐπισκιάζοντα
808 1508 868 1563 τὸ
905 1509 1239 1581 ἱλαστήριον
1294 1506 1454 1562 τοῦτο
1500 1508 1608 1578 γάρ
1643 1508 1759 1559 ἐστι
1812 1508 1860 1560 τὶ

1972 1497 2408 1566 propitiatorium
2447 1500 2887 1565 obumbrabant;
2929 1500 3033 1555 hoc
3082 1501 3228 1554 enim
3271 1509 3358 1554 est
3404 1515 3425 1550 ι
3483 1499 3540 1553 in

302 1616 321 1648 ι
357 1597 679 1662 πυκάζουσι.
726 1618 744 1650 ι
774 1599 1043 1664 Πυκάζειν
1076 1599 1185 1670 γάρ
1212 1598 1273 1653 τὸ
1297 1599 1539 1652 σκέπειν.
1566 1598 1647 1650 Τὰ
1682 1612 1873 1668 χερον-

294 1689 396 1760 ϐὶμ
426 1690 482 1744 δὲ
502 1690 735 1744 ἔσκεπον
766 1694 889 1755 ταῖς
924 1689 1148 1763 πτέρυξι
1167 1692 1228 1744 τὸ
1254 1690 1584 1762 ἱλαστήριον.

1976 1590 2282 1643 condensis.
2320 1609 2339 1642 ι
2379 1592 2731 1647 Condensare
2780 1593 2925 1647 enim
2952 1601 3036 1647 est
3073 1602 3258 1668 tegere
3288 1610 3303 1648 :
3336 1593 3538 1648 cheru-

1972 1683 2081 1736 bim
2113 1694 2292 1738 autem
2321 1685 2422 1739 alis
2453 1687 2706 1756 tegebant
2737 1686 3197 1756 propitiatorinm.

370 1782 513 1848 Θεός
528 1800 648 1851 μου
666 1779 723 1837 εἴ
749 1783 852 1849 σὺ,
870 1784 967 1838 καὶ
989 1783 1509 1853 ἐξομολογήσομαί
1524 1799 1643 1845 σοι,
1671 1799 1723 1835 κ.
1748 1798 1798 1834 τ.
1820 1782 1860 1834 ὲ.

2042 1776 2206 1832 Vens.
2243 1776 2334 1832 28.
2372 1777 2510 1832 Deus
2538 1794 2683 1834 meus
2708 1795 2762 1834 es
2785 1789 2862 1843 tu,
2890 1789 2938 1834 et
2969 1779 3256 1849 conﬁtebor
3284 1779 3400 1845 tibi,
3426 1787 3515 1835 etc

308 1868 570 1924 Ἐνταῦθα
606 1870 876 1925 δείκνυσιν
897 1914 910 1936 ,
945 1872 1026 1926 ὅτι
1066 1872 1159 1924 καὶ
1190 1869 1359 1941 χωρὶς
1385 1868 1492 1922 τῶν
1541 1865 1868 1938 εὐεργεσιῶν

292 1953 376 2006 δεῖ
396 1955 741 2028 εὐχαριστεῖν
764 1956 842 2027 τῷ
878 1957 1016 2028 Θεῷ,
1063 1957 1158 2012 καὶ
1186 1957 1272 2010 διὰ
1312 1956 1472 2010 τοῦτο
1521 1955 1681 2010 αὐτὸν
1718 1952 1871 2019 δοξά-

293 2044 429 2111 ζειν,
460 2046 547 2100 διὰ
567 2047 665 2119 τὴν
700 2040 1068 2121 μεγαλοσύνην
1091 2049 1254 2103 αὐτοῦ
1288 2050 1385 2122 τῆς
1414 2050 1620 2114 οὐσίας,
1643 2048 1731 2101 διὰ
1769 2048 1868 2119 τὴν

289 2140 602 2211 ἀπόρρητον
634 2138 809 2206 δόξαν.
829 2141 999 2195 Τοῦτο
1027 2142 1157 2211 γοῦν
1182 2143 1274 2196 καὶ
1304 2140 1536 2196 ἐνταῦθα
1552 2141 1866 2203 αἰνίττεται,

290 2230 464 2284 εἰπὼν
492 2232 589 2297 τὰς
632 2233 952 2306 εὐεργεσίας
1002 2233 1070 2298 ἃς
1128 2233 1486 2306 εὐηργετήθη.
1544 2234 1653 2288 Καὶ
1700 2234 1869 2305 χωρὶς

286 2323 513 2387 τούτων,
544 2323 697 2395 φησὶ,
727 2325 820 2378 καὶ
850 2327 1229 2398 εὐχαριστήσω
1257 2329 1349 2381 καὶ
1380 2326 1866 2398 ὲξομολογήσομαι,

287 2419 375 2472 ὅτι
398 2417 636 2471 τοιοῦτον
665 2418 772 2488 ἔχω
786 2421 1089 2493 Δεσπότην,
1130 2421 1303 2485 οὓτως
1339 2421 1561 2492 ὑψηλὸν,
1589 2419 1733 2474 οὕτω
1779 2421 1869 2492 μέ-

288 2526 427 2579 γαν,
460 2507 629 2574 οὓτως
687 2509 938 2581 ἀόρατον,
992 2513 1396 2586 ἀκατάληπτον.
1450 2513 1524 2568 Τὸ
1558 2513 1614 2565 δὲ
1652 2508 1873 2581 ὐψώσω,

295 2621 314 2654 ι
352 2602 560 2669 δοξάσω
595 2620 614 2654 ι
644 2603 781 2658 ὲστί.

374 2784 855 2857 Ἐξομολοτεῖσθε
886 2785 966 2853 τῷ
991 2790 1204 2858 Κυρίῳ.
1239 2789 1327 2843 ὅτι
1359 2786 1610 2859 ἀγαθὸς,
1638 2806 1691 2843 κ.
1733 2805 1784 2842 τ.
1812 2787 1861 2842 ὲ.

287 2878 364 2931 Οὐ
402 2878 579 2948 μάτην
607 2879 672 2931 ὲκ
702 2878 957 2951 δευτέρου
983 2880 1126 2935 κατὰ
1147 2882 1240 2934 τὸν
1272 2881 1516 2954 παρόντα
1536 2881 1748 2952 ψαλμὸν
1771 2879 1863 2934 τὸν

290 2969 471 3040 στίχον
501 2973 529 3024 ὁ
550 2969 849 3043 Ψαλμῳδὸς
877 2972 1123 3039 ὲνέταξεν
1142 2992 1154 3004 ·
1185 2976 1331 3045 ἡμᾶς
1361 2974 1419 3028 δὲ
1460 2974 1719 3037 πολλάκις
1765 2973 1864 3045 τὴν

290 3062 463 3133 αὐτὴν
488 3061 631 3135 ᾠδὴν
691 3064 917 3135 μελετᾷν
948 3066 1055 3137 ἄρα
1108 3065 1444 3138 βουλόμενος,
1488 3067 1595 3127 ἵνα,
1653 3082 1857 3136 μεμνη-

289 3154 441 3225 μένοι
465 3156 547 3219 τίς
570 3155 727 3227 ἡμῶν
753 3159 785 3227 ἡ
813 3158 1055 3229 σωτηρία
1086 3159 1319 3226 ἐγένετο,
1356 3159 1553 3229 μηκέτι
1584 3159 1720 3230 πρὸς
1768 3158 1862 3212 τδν

290 3245 482 3316 ἐχθρὸν
525 3247 1071 3320 παλινδρομήσωμεν,
1107 3249 1279 3321 ὅσπερ
1311 3250 1441 3319 ἡμῖν
1468 3251 1546 3314 εἰς
1590 3247 1861 3303 ἀπώλειαν

290 3337 531 3408 γέγονεν.

826 3520 1118 3575 ΨᾹΛΜΟΣ
1162 3523 1315 3575 PIH'.

361 3608 644 3678 Μακάριοι
672 3614 727 3665 οἱ
753 3612 978 3683 ἄμωμοι
1012 3613 1083 3666 ἐν
1113 3613 1258 3679 ὀδῷ,
1288 3631 1342 3667 κ.
1364 3630 1415 3667 τ.
1446 3615 1493 3667 ὲ.
1522 3614 1602 3668 Τὰ
1624 3614 1859 3684 στοιχεῖα

284 3700 387 3771 τῆς
416 3702 589 3774 ἀρχῆς
633 3703 743 3757 τῶν
787 3704 959 3773 λόγων
988 3703 1082 3758 τοῦ
1120 3704 1254 3759 Θεοῦ
1284 3708 1313 3760 ὀ
1345 3706 1484 3770 θεῖός
1510 3708 1624 3760 ὲστι
1664 3705 1856 3769 τόπος·

290 3793 417 3864 περὶ
448 3787 522 3846 ὧν
551 3795 645 3848 καὶ
681 3794 1032 3866 διαλαμϐάνει
1060 3799 1089 3849 ὁ
1125 3795 1412 3860 ὲκατοστδς
1465 3794 1860 3850 ὀκτωκαιδέκα-

286 3903 376 3949 τος
404 3885 635 3956 ψαλμὸς,
670 3888 812 3941 κατὰ
855 3887 1118 3959 Ἑϐραίων
1166 3891 1401 3959 στοιχεῖα
1447 3890 1853 3962 γεγραμμένος,

1973 1869 2070 1924 llic
2095 1870 2355 1935 ostendit,
2385 1872 2548 1925 etiam
2600 1872 2806 1942 absque
2852 1873 3134 1928 beneﬂciis
3164 1873 3372 1941 gratias
3418 1886 3540 1927 esse

1970 1964 2209 2033 agendas
2262 1961 2400 2026 Deo,
2449 1964 2737 2033 ipsumque
2787 1972 3077 2034 propterea
3128 1963 3537 2035 gloriﬁcandum

1973 2063 2197 2128 pr0pter
2246 2054 2589 2125 maje‘statem
2642 2062 2850 2108 natura:
2876 2054 3018 2125 ejus,
3060 2065 3281 2126 propter
3306 2056 3537 2125 gloriam

1971 2144 2322 2202 inell‘abilem.
2345 2144 2456 2199 Iloc
2486 2145 2650 2214 igitur
2673 2144 2837 2198 etiam
2860 2144 2947 2198 hic
2981 2144 3538 2215 insinuat,postquam

1969 2237 2245 2292 enarravit
2276 2235 2539 2291 benelicia
2568 2232 2768 2304 quibus
2799 2233 3025 2289 allectus
3059 2234 3179 2289 fuit.
3210 2235 3389 2290 Etiam
3416 2235 3540 2291 sine

1969 2329 2075 2394 bis,
2114 2327 2315 2397 inquit,
2355 2328 2565 2399 gratias
2615 2343 2769 2399 agam
2817 2336 2872 2381 ει
2899 2326 3222 2392 conﬁtebor,
3267 2329 3414 2398 quod
3457 2336 3540 2383 ta-

1970 2418 2072 2473 lem
2106 2420 2336 2474 habeant
2373 2419 2675 2484 Dominum,
2720 2419 2857 2475 adeo
2900 2419 3209 2486 sublimem,
3247 2421 3383 2477 adeo
3414 2434 3533 2477 ma-

1968 2524 2129 2581 gnum
2160 2549 2175 2576 ,
2230 2512 2365 2566 adeo
2410 2512 2737 2566 invisibilem
2788 2520 2845 2566 et
2893 2511 3530 2581 incomprehensibilem.

1966 2597 2102 2654 Illud
2146 2609 2328 2656 autem
2366 2620 2384 2654 ε
2425 2602 2679 2657 exaltabo
2713 2620 2731 2656 ι
2780 2601 2923 2657 idem
2958 2612 3044 2658 est
3087 2605 3234 2673 quod
3266 2622 3287 2657 ι
3324 2603 3536 2677 gloriﬁ-

1966 2692 2127 2748 cabo.
2184 2711 2205 2747 ι

2042 2783 2202 2839 Vens.
2227 2783 2316 2840 29.
2346 2782 2680 2853 Conﬁtemini
2701 2784 3197 2859 Domino,qnoniam
3221 2788 3408 2856 bonus,
3428 2804 3534 2849 etc.

1967 2875 2133 2948 796
2172 2876 2288 2931 Non
2325 2889 2528 2932 temere
2560 2874 2850 2932 Psalmista
2891 2880 3131 2935 secundo
3180 2881 3327 2936 hunc
3365 2880 3539 2937 versi-

1965 2970 2144 3024 culum
2190 2969 2315 3025 hnic
2365 2969 2575 3040 psalmo
2616 2970 2886 3036 inseruit,
2923 2971 3110 3028 volens
3152 2974 3405 3030 videlicet
3435 2988 3534 3029 nos

1966 3061 2280 3130 frequenter
2348 3060 2453 3115 hoc
2519 3062 2786 3116 canticum
2852 3062 3147 3127 meditari.
3216 3075 3277 3119 ut
3344 3067 3535 3123 memi-

1970 3154 2212 3209 nerimus
2263 3153 2385 3224 quis
2438 3154 2583 3210 salus
2633 3165 2819 3210 nostra
2848 3158 3143 3221 exstiterit,
3197 3171 3370 3227 neque
3416 3173 3536 3212 am-

1971 3245 2115 3317 plius
2160 3246 2227 3301 ad
2276 3246 2553 3301 inimicum
2610 3260 2963 3304 recurramus
3014 3249 3110 3321 qui
3160 3248 3314 3305 nobis
3366 3251 3534 3308 exitio

1973 3337 2096 3393 fuit.

2450 3518 2776 3578 PSALMUS
2820 3519 3047 3577 CXVIII.

2044 3612 2214 3669 Vens.
2253 3612 2297 3667 I.
2336 3611 2483 3667 Beati
2516 3615 2846 3667 immaculali
2892 3615 2948 3666 in
2980 3615 3083 3677 via,
3112 3620 3217 3667 etc.
3253 3610 3536 3668 Elementa

1966 3706 2217 3778 principii
2249 3720 2561 3760 sermonum
2604 3705 2696 3761 Dei
2727 3706 2944 3760 divinus
2973 3714 3058 3760 est
3098 3704 3246 3759 locus
3279 3704 3386 3759 :de
3414 3705 3534 3773 qui-

1966 3799 2066 3851 bus
2122 3797 2285 3851 etiam
2335 3796 2559 3852 disserit
2616 3797 2948 3852 centesimus
3014 3795 3255 3850 decimus
3302 3802 3534 3849 octavus

1964 3891 2223 3961 psalmus,
2256 3892 2346 3961 qui
2387 3891 2685 3946 secundum
2729 3888 3080 3945 Hebraeorum
3103 3889 3370 3944 elementa
3394 3887 3531 3942 seri.

289 3977 430 4031 ὥστε
451 3980 573 4043 τοὺς
605 3979 700 4049 μὲν
749 3979 997 4052 πρώτους
1029 3979 1191 4034 αὐτοῦ
1253 3982 1469 4051 στίχους
1519 3978 1656 4034 εῖναι
1712 3980 1856 4035 ὀκτὼ

1969 3993 2086 4051 ptus
2110 3992 2218 4048 est,
2267 3982 2340 4036 ita
2371 3990 2430 4036 ut
2478 3982 2638 4052 primi
2683 3982 2801 4053 ejus
2840 3991 2965 4037 octo
3004 3980 3265 4038 versiculi
3300 3980 3411 4035 sint
3463 3978 3534 4034 ab

287 4069 396 4123 ἀπὸ
428 4069 520 4122 τοῦ
556 4070 754 4140 Ἀλεφ·
789 4072 817 4124 ὅ
841 4072 987 4125 ἐστιν
1022 4071 1164 4143 ἁρχὴ
1186 4071 1292 4126 τῶν
1324 4072 1452 4142 παρ’
1480 4071 1663 4135 αὐτοῖς
1717 4087 1859 4125 στοι-

288 4156 482 4229 χείων·
517 4160 643 4222 τοὺς
679 4159 736 4213 δὲ
778 4159 1060 4232 δευτέρους
1090 4160 1234 4215 ὀκτὼ
1268 4161 1375 4215 ἀπὸ
1409 4160 1539 4232 Βὴθ,
1586 4162 1679 4214 καὶ
1717 4160 1860 4216 οὕτω

1962 4075 2134 4144 Aleph
2170 4095 2182 4130 :
2217 4089 2340 4145 qua:
2368 4074 2550 4129 littera
2578 4074 2719 4143 apud
2771 4075 2921 4144 ipsos
2950 4072 3277 4143 principium
3303 4081 3388 4127 est
3413 4070 3529 4125 ele-

1966 4176 2265 4221 mentorum
2294 4181 2309 4231 ;
2336 4174 2631 4234 sequentes
2653 4178 2784 4219 vero
2818 4173 2942 4219 octo
2971 4163 3083 4216 sint
3111 4176 3140 4215 a
3167 4160 3323 4223 Beth,
3356 4167 3413 4215 et
3447 4158 3532 4214 sic

286 4248 540 4317 καθεξῆς.
574 4251 684 4305 Καὶ
723 4250 964 4323 περιέχει
1000 4269 1063 4322 γε
1093 4253 1369 4324 διψαλμὸς
1411 4246 1564 4317 οὗτος
1606 4253 1725 4307 ὅλον
1764 4252 1859 4307 τὸν

1969 4258 2236 4326 deinceps.
2265 4256 2444 4326 Atque
2468 4255 2556 4310 hic
2580 4255 2816 4326 psalmus
2839 4257 3153 4311 universum
3180 4253 3358 4309 locum
3409 4265 3531 4307 mo-

286 4338 449 4392 τόπον
486 4339 576 4394 τὸν
612 4341 799 4412 ἠθικὸν
833 4344 970 4415 μετὰ
1004 4344 1183 4417 πάσης
1212 4343 1444 4413 Θεωρίας
1472 4343 1571 4414 τῆς
1594 4342 1721 4415 περὶ
1749 4343 1857 4396 τῶν

287 4429 560 4504 διαφόρων
599 4435 657 4487 ὲν
685 4438 795 4499 τοῖς
839 4436 1049 4504 ἠθικοῖς
1085 4436 1272 4501 τόποις
1316 4436 1596 4507 ὀνομάτων
1628 4436 1686 4490 ὲν
1736 4438 1855 4501 ταῖς

288 4520 551 4592 Γραφαῖς.
600 4525 794 4582 ’ἰστέον
848 4527 903 4580 δὲ
953 4528 1029 4593 ὡς
1073 4528 1201 4585 ἄλλο
1256 4528 1355 4599 μὲν
1406 4527 1588 4599 νόμος,
1628 4526 1756 4584 ἄλλο
1800 4526 1857 4580 δὲ

284 4611 581 4686 δικαίωμα,
641 4616 768 4671 ἄλλο
825 4619 1173 4691 πρόσταγμα,
1215 4619 1344 4674 ἄλλο
1378 4622 1693 4694 μαρτύριον,
1730 4620 1857 4675 ἄλλο

287 4709 481 4779 κρῖμα.
519 4708 617 4763 Διὰ
647 4710 803 4765 τοῦτο
847 4711 903 4765 δὲ
941 4711 1173 4766 ἐνταῦθα
1210 4712 1278 4767 τὰ
1320 4718 1558 4786 στοιχεῖα
1598 4714 1857 4787 προτέτα-

287 4815 431 4861 κται,
468 4800 554 4854 ἵνα
573 4801 784 4874 δηλωθῇ
812 4805 923 4868 τοῖς
955 4805 1388 4876 ἐντυγχάνουσιν,
1423 4806 1506 4860 δτι
1528 4805 1596 4859 τὰ
1620 4806 1858 4876 στοιχεῖά

285 4889 432 4943 ἐστιν
459 4893 492 4961 ή
528 4892 728 4960 γνῶσις
759 4893 852 4947 τοῦ
889 4894 1080 4965 ἠθικοῦ
1120 4897 1307 4950 τόπου.
1362 4897 1522 4955 Οὕτω
1552 4898 1646 4952 καὶ
1667 4898 1715 4951 οἱ
1750 4904 1854 4970 pta.’

285 4982 381 5035 καὶ
411 4983 512 5053 ρι6⁹
541 4984 774 5056 ψαλμοὶ,
809 4987 929 5041 τινὰ
958 4989 1156 5060 τρόπον
1184 4991 1431 5044 κάκεῖνοι
1470 4991 1649 5061 ἠθικοὶ¹
1683 4992 1853 5057 ὄντες,

284 5068 431 5144 εἶχον
454 5075 551 5146 τὴν
581 5076 757 5149 ἀρχὴν
782 5077 890 5130 τῶν
922 5080 1117 5151 στίχων
1149 5081 1255 5134 ἀπὸ
1284 5080 1394 5136 τῶν
1422 5084 1550 5154 παρ’
1591 5083 1856 5155 Ἑϐραίοις

287 5163 585 5234 στοιχείων.
631 5167 780 5220 Ἐκεῖ
812 5166 913 5238 μὲν
934 5163 1027 5223 οὖν
1056 5170 1089 5241 ἡ
1123 5170 1459 5240 στοιχείωσις
1506 5171 1607 5224 οὐκ
1638 5172 1857 5225 ἐκτέτα-

285 5273 395 5323 ται,
429 5257 562 5312 ἀλλὰ
588 5258 677 5313 διὰ
713 5258 957 5331 βραχέων
984 5260 1359 5331 παραδέδοται.
1407 5261 1604 5315 ’ἰστέον
1655 5262 1853 5329 τοίνυν,

288 5346 475 5421 ὥσπερ
507 5351 662 5415 ἄλλα,
714 5350 856 5406 οὕτω
908 5353 1001 5405 καὶ¹
1056 5351 1227 5406 ταῦτα
1272 5354 1329 5408 ὲν
1381 5354 1659 5427 Πνεύματι
1714 5357 1855 5429 ἁγίῳ

289 5439 614 5510 γεγράφθαι,
644 5440 798 5512 λόγον
824 5459 883 5496 τε
918 5442 1061 5515 ἔχειν
1093 5442 1702 5517 οὐκιεύκαταφρόνητον.
1745 5448 1854 5509 Καὶ

292 5531 326 5600 η
350 5531 498 5586 αἰτία
540 5533 632 5588 τοῦ
678 5532 907 5590 ἕκαστον
958 5533 1066 5588 τῶν
1119 5537 1395 5607 στοιχείων
1454 5537 1675 5604 ὀκτάκις
1723 5544 1851 5614 παρ’

376 5704 420 5734 ’⁸
450 5709 602 5762 Joan.
638 5723 697 5772 ι,
731 5708 820 5765 14.
899 5711 942 5744 ⁸⁸
986 5710 1127 5768 Psal.
1167 5726 1205 5768 ι.

1964 4349 2128 4404 ralem
2176 4347 2552 4419 complectitur
2584 4362 2706 4401 cum
2740 4347 2887 4401 omni
2938 4345 3395 4415 contemplatione
3424 4358 3525 4398 no-

1963 4439 2166 4493 minum
2213 4452 2333 4508 quae
2367 4439 2421 4492 in
2449 4438 2584 4493 locis
2630 4437 2926 4493 moralibus
2959 4436 3177 4492 adhibet
3221 4434 3524 4504 Scriptura.

1960 4528 2250 4585 Sciendum
2294 4537 2476 4584 autem
2524 4528 2795 4599 quomodo
2842 4528 2986 4583 aliud
3031 4528 3249 4597 quidem
3301 4530 3373 4581 sit
3412 4524 3527 4592 lex,

1961 4621 2105 4677 aliud
2136 4635 2264 4676 vero
2291 4620 2610 4691 justilicatio
2634 4661 2650 4686 ,
2680 4621 2829 4677 aliud
2871 4630 3222 4691 praeceptum,
3254 4616 3401 4674 aliud
3434 4627 3521 4675 te-

1961 4714 2296 4781 stimonium,
2328 4712 2472 4767 aliud
2504 4714 2787 4781 judicium.
2815 4711 3024 4768 Idcirco
3051 4719 3229 4766 autem
3250 4709 3524 4767 elementa

1964 4805 2053 4859 hic
2077 4803 2363 4874 praeposita
2391 4813 2538 4867 sunt,
2562 4814 2620 4857 ut
2644 4802 2943 4873 legentibus
2982 4802 3383 4857 demonstretur
3414 4799 3527 4856 ele-

1964 4905 2145 4952 menta
2175 4910 2297 4952 esse
2325 4896 2547 4953 moralis
2570 4895 2672 4951 loci
2705 4895 3017 4952 scientiam.
3059 4893 3154 4949 Sic
3183 4893 3348 4949 etiam
3376 4892 3526 4964 psal-

1960 4987 2036 5042 mi
2089 4988 2423 5044 ceutesimus
2465 4988 2782 5043 undecimus
2811 4995 2867 5042 et
2895 4985 3227 5043 centesimus
3269 4986 3526 5042 duodeci-

1962 5096 2102 5147 mus,
2130 5096 2252 5136 cum
2293 5090 2350 5136 et
2390 5081 2465 5136 illi
2503 5080 2900 5151 quodammodo
2944 5078 3178 5134 morales
3205 5078 3522 5148 sint,4trin-

1960 5174 2160 5244 cipium
2205 5174 2598 5230 versiculorum
2645 5173 2955 5228 habuerunt
2985 5171 3054 5226 ab
3097 5170 3381 5226 elementis
3415 5168 3520 5223 He.

1959 5267 2248 5323 braeorum.
2276 5266 2354 5325 Ibi
2400 5268 2564 5338 igitur
2584 5265 2936 5323 elementatio
2981 5280 3088 5320 non
3136 5272 3216 5319 est
3246 5262 3515 5332 exposita,

1960 5360 2057 5415 sed
2095 5361 2336 5416 breviter
2371 5362 2589 5431 quidem
2624 5360 2855 5415 tradita.-
2895 5356 3186 5413 Sciendum
3228 5355 3394 5429 igitur
3439 5356 3515 5410 uti

1959 5449 2067 5505 alia
2093 5489 2109 5517 ,
2153 5450 2233 5506 sic
2273 5461 2328 5506 ει
2354 5452 2467 5509 haec
2494 5451 2548 5507 in
2587 5449 2797 5521 Spiritu
2822 5456 3012 5505 sancto
3035 5446 3236 5516 scripta
3265 5460 3388 5503 esse
3414 5485 3431 5514 ,
3466 5455 3523 5502 et

1962 5544 2184 5600 minime
2233 5547 2679 5602 contemnendam
2743 5542 2944 5599 habere
2992 5539 3282 5597 rationem.
3342 5541 3520 5615 Atque
