3928 6158
523 312 661 369 1587

1864 296 1958 353 EX
1996 290 2300 354 ORIGENE

3592 280 3693 337 l588

523 435 638 493 hac
669 441 752 490 est
783 447 945 488 causa
990 447 1094 487 cur
1121 429 1330 501 singula
1377 427 1643 485 elementa
1674 424 1845 481 octies
1885 423 1954 478 ab
1984 422 2088 478 He-

2208 412 2479 485 Ἓὸραίοις
2499 409 2751 483 εἰρῆσθαι
2772 408 2828 462 ὲν
2848 406 3022 478 τούτῳ
3044 403 3120 477 τῷ
3148 399 3371 475 ψαλμῷ.
3399 398 3534 454 Ἐλθὲ
3559 402 3694 454 τοίνυν

530 534 686 591 erasis
725 532 871 587 dicta
895 530 1007 585 sint
1046 529 1101 584 in
1131 529 1232 584 hoc
1260 526 1490 596 psalmo.
1522 524 1658 579 Veni
1688 522 1856 593 igitur
1877 520 1947 575 ad
1977 533 2084 573 nu-

522 638 734 680 merum
786 620 1152 680 octonarium,
1192 624 1246 672 et
1291 616 1463 672 sicubi
1500 615 1551 669 in
1585 612 1869 682 Scriptura
1913 609 2088 665 nomi—

523 726 685 774 natus
727 724 831 784 est,
864 713 1211 786 apprehende
1242 712 1416 773 illum,
1439 718 1497 765 et
1519 709 1643 763 vide
1671 707 1737 761 ad
1767 704 1903 776 quid
1940 703 2089 760 dica-

520 815 633 874 tur,
662 816 824 877 atque
855 808 961 863 erit
993 805 1090 861 tibi
1134 804 1281 859 utilis
1326 804 1414 858 hic
1467 815 1650 857 sermo
1682 798 1753 853 ad
1779 794 2085 860 sciendum,

522 898 943 969 unumquodque
965 898 1291 952 elementum
1325 892 1721 965 perfectionem
1756 903 1878 944 esse
1923 886 2087 942 simul

523 1000 580 1046 et
627 1004 934 1046 numerum.
984 988 1213 1057 Quando
1243 995 1425 1042 autem
1473 983 1699 1054 perfecti
1753 979 2088 1037 evaserimus

523 1083 579 1137 in
609 1080 912 1146 elementis,
944 1079 1285 1150 septenarius
1314 1076 1473 1132 nobis
1501 1088 1762 1130 numerus
1789 1068 2087 1142 praeferen-

522 1174 651 1241 dus,
676 1173 804 1245 quia
825 1173 1083 1229 nimirum
1112 1172 1200 1227 hic
1228 1185 1323 1240 per
1350 1168 1635 1225 materiam
1663 1164 1977 1238 perficitur;
2012 1162 2090 1219 si-

524 1268 743 1343 quidem
773 1264 1113 1336 septenarius
1158 1264 1372 1334 signum
1414 1268 1498 1317 est
1530 1257 1803 1316 crassitiei
1828 1256 2091 1312 materia-

524 1358 628 1425 lis;
665 1355 978 1413 octonarius
1003 1369 1133 1410 vero
1180 1361 1357 1409 status
1396 1349 1774 1409 immaterialis
1800 1357 1962 1418 atque
1991 1360 2090 1416 po-

526 1448 682 1506 tioris
712 1445 1039 1519 principium
1082 1453 1187 1501 est.
1221 1442 1281 1500 Si
1332 1442 1480 1499 enim
1530 1449 1590 1495 ut
1623 1440 1913 1511 plurimum
1944 1437 2089 1493 dici-

527 1557 651 1599 mus
698 1539 1011 1597 sextenario
1057 1551 1283 1592 numero
1328 1533 1614 1590 materiam
1668 1530 1855 1587 mundi
1901 1528 2089 1584 habitu

525 1636 772 1702 indicari,
801 1644 859 1690 at
879 1635 1031 1689 illum
1066 1632 1285 1702 quidem
1314 1629 1382 1684 ad
1416 1629 1662 1685 materia:
1700 1626 2087 1697 integritatem,

523 1730 672 1786 hunc
708 1742 840 1785 vero
871 1726 937 1782 ad
967 1723 1297 1781 habitualem
1343 1720 1636 1778 referimus
1674 1717 2086 1790 perfectionem,

523 1819 822 1878 secundum
871 1832 1033 1889 quam
1064 1817 1187 1887 quis
1215 1815 1409 1870 anima:
1439 1811 1677 1867 maculas
1718 1809 1984 1878 abstergit
2032 1817 2090 1863 et

525 1914 839 1969 mandatur.
872 1900 1179 1979 'Antequam
1225 1906 1373 1962 enim
1417 1904 1629 1960 veniret
1653 1910 1850 1958 octava
1874 1899 2087 1957 Domini

522 2002 650 2060 Jesu
673 2000 873 2058 Christi
893 2000 1029 2064 dies,
1045 2008 1191 2053 totus
1214 1995 1449 2052 mundus
1481 1994 1728 2063 impurus
1741 1999 1858 2047 erat
1882 1999 1936 2046 et
1953 2004 2090 2059 pra:-

524 2092 786 2164 putiatus;
801 2091 1018 2160 quando
1033 2100 1212 2142 autem
1235 2096 1425 2142 octava
1443 2082 1859 2140 resurrectionis
1886 2079 2089 2135 Christi

529 2185 649 2241 dies
676 2183 919 2251 advenit,
970 2178 1258 2237 confestim
1306 2191 1497 2232 omnes
1527 2172 1772 2230 mundati
1803 2185 1990 2228 sumus
2034 2170 2089 2224 in

529 2276 943 2334 circumcisione
968 2273 1193 2337 Christi,
1225 2268 1530 2339 consepulti
1582 2274 1637 2323 et
1690 2279 2088 2334 conresurgen-

528 2379 610 2425 tes
636 2368 709 2435 ei,
737 2377 795 2422 ut
820 2365 1196 2437 aitApostolus
1222 2363 1286 2417 “.
1320 2360 1483 2432 797
1503 2358 1637 2415 Cum
1663 2357 1829 2428 igitur
1858 2370 1954 2426 per
1982 2354 2091 2409 ele-

530 2461 918 2518 mentationem
964 2458 1144 2512 anima
1193 2462 1382 2511 nostra
1426 2452 1707 2521 expietur,
1751 2450 1875 2505 dum
1908 2463 2091 2503 mora-

530 2553 636 2609 lem
666 2551 844 2608 locum
874 2548 1255 2620 perdiscimus,
1286 2554 1342 2601 et
1381 2544 1436 2599 in
1468 2542 1694 2600 scientia
1738 2541 1854 2612 ejus
1879 2540 2092 2612 pertici-

532 2659 674 2709 mur,
700 2642 909 2697 idcirco
959 2636 1453 2709 impraesentiarum
1498 2649 1756 2690 numerus
1779 2632 2091 2690 octonarius

528 2736 586 2791 in
612 2734 840 2805 singulis
859 2731 1148 2790 elementis
1175 2729 1506 2785 continetur.
1529 2726 1716 2798 Itaque
1739 2727 1793 2781 in
1825 2725 1927 2781 hoc
1950 2723 2091 2794 psal-

531 2842 620 2883 mo
648 2837 960 2884 sanctorum
990 2822 1207 2880 vivendi
1256 2821 1564 2877 institutum
1600 2818 1877 2883 describit,
1903 2829 2091 2872 eorum

527 2921 847 2985 certamina,
895 2916 1296 2979 alllictiones,et
1323 2920 1538 2971 caetera.
1570 2909 1672 2979 Qui
1712 2918 1894 2966 autem
1941 2907 2091 2964 nullo

502 3012 688 3082 modo
718 3023 956 3080 unquam
977 3016 1188 3077 peccat,
1218 3004 1268 3060 is
1293 3005 1481 3074 utique
1520 3001 1926 3067 immaculatus,
1956 3000 2086 3071 quin

528 3110 587 3158 et
610 3101 803 3158 beatus
828 3100 1063 3155 exsistit.

597 3192 871 3262 Ejusdem.
902 3188 1019 3245 Non
1060 3198 1279 3259 propter
1320 3186 1720 3242 immaculatam
1764 3185 1931 3240 vitam
1957 3185 2092 3240 bea-

531 3295 617 3340 tus
644 3286 806 3340 homo
835 3282 1166 3348 nominatur,
1199 3281 1295 3336 sed
1340 3289 1564 3350 propter
1591 3278 1686 3334 Dei
1725 3277 2090 3348 cognitionem

527 3386 692 3441 quam
725 3370 827 3425 sibi
882 3384 981 3440 per
1033 3369 1445 3424 immaculatam
1481 3367 1648 3422 vitam
1675 3375 2092 3435 comparaturus

525 3471 612 3520 est
645 3480 660 3518 :
692 3478 815 3517 nam
846 3480 865 3514 ‹
897 3463 1039 3519 beati
1068 3461 1266 3516 mundo
1286 3460 1472 3527 corde,
1500 3458 1754 3531 quoniam
1790 3457 1896 3528 ipsi
1922 3456 2089 3513 Deum

526 3554 786 3612 videbunt
814 3554 877 3609 ¹³.
902 3573 921 3606 ι

602 3650 764 3705 Vens.
794 3650 852 3705 5.
894 3644 1018 3703 Non
1056 3649 1193 3702 enim
1218 3648 1309 3718 qui
1336 3655 1621 3716 operantur
1665 3645 1996 3718 iniquitatem
2034 3646 2090 3700 in

527 3742 622 3796 viis
643 3740 756 3811 ejus
783 3739 1202 3802 ambulaverunt,
1231 3746 1339 3791 etc.
1373 3735 1430 3792 Si
1452 3735 1545 3806 qui
1572 3746 1868 3806 operantur
1890 3732 2090 3804 iniqui-

531 3842 719 3897 tatem,
744 3832 798 3887 in
822 3830 922 3886 viis
951 3830 1044 3886 Dei
1084 3844 1192 3883 non
1224 3826 1523 3891 ambulant,
1556 3834 1705 3882 certe
1729 3824 1820 3894 qui
1853 3838 2093 3893 operan-

531 3923 921 3992 turjustitiam,
946 3922 999 3977 in
1017 3922 1121 3976 viis
1146 3920 1238 3975 Dei
1262 3918 1634 3975 ambulabunt.
1672 3917 1784 3973 Via:
1806 3917 1966 3987 igitur
1997 3915 2091 3971 Dei

529 4025 660 4072 sunt
696 4029 876 4072 rerum
923 4029 1041 4083 qua:
1085 4013 1244 4068 factae
1288 4020 1414 4067 sunt
1444 4009 1971 4079 contemplationes,
2029 4010 2084 4065 in

528 4110 726 4180 quibus
766 4108 1164 4164 ambulabimus
1210 4106 1486 4178 operando
1520 4105 1811 4177 justitiam.
1846 4105 1905 4161 Si
1961 4118 2091 4161 vero

526 4202 735 4271 justitia
767 4211 953 4257 nostra
977 4210 1061 4257 est
1088 4200 1363 4268 Christus,
1393 4216 1517 4256 nam
1555 4219 1575 4253 ι
1618 4200 1794 4257 factus
1824 4208 1908 4257 est
1929 4198 2090 4256 nobis

528 4293 794 4363 sapientia
823 4308 852 4346 a
876 4292 1007 4356 Deo,
1029 4292 1235 4362 iustitia
1271 4285 1403 4347 item'
1435 4300 1491 4348 et
1519 4291 1880 4347 sanctificatio
1912 4307 1976 4347 ac
2003 4306 2091 4346 re-

529 4384 767 4456 demptio
812 4382 901 4450 ’⁸,
960 4402 980 4436 ι
1017 4383 1240 4453 pulchre
1275 4384 1328 4438 in
1379 4383 1686 4440 Proverbiis
1732 4385 1774 4417 "
1827 4384 2085 4440 Salomon

2189 509 2281 561 ἐπὶ
2301 506 2391 561 τὸν
2415 502 2559 559 όκτὼ
2588 502 2838 574 ἀριθμὸν,
2881 500 2976 554 καὶ
3027 500 3080 552 εί
3118 515 3219 551 που
3254 493 3526 566 ὠνομάσθη
3563 494 3610 547 ἐν
3645 498 3692 566 τῇ

2187 600 2399 672 Γραφῇ,
2423 594 2818 670 παραλάμϐανε
2838 592 3020 655 αὐτὸν,
3042 590 3135 644 καὶ
3158 589 3255 643 ἐπὶ
3278 587 3383 640 τίνι
3406 585 3608 656 εἴρηται,
3624 587 3693 640 καὶ

2187 693 2340 746 ἔσται
2366 708 2449 744 σοι
2480 690 2750 761 χρήσιμος
2786 689 2815 741 6
2854 685 3013 754 λόγος
3061 682 3196 753 πρὸς
3231 680 3295 733 τὸ
3327 679 3468 744 ίδεῖν,
3501 680 3573 732 ὅτι
3597 680 3693 732 ἕκα-

2191 801 2313 839 στον
2347 784 2607 853 στοιχεῖον
2626 779 2903 843 τελείωσίς
2928 780 3072 831 ἐστιν
3097 775 3211 847 ἅμα
3231 773 3311 844 τῷ
3332 772 3549 844 ἀριθμῷ.
3571 772 3695 827 Ὅταν

2186 875 2244 928 δὲ
2266 871 2598 945 τελειώμεθα
2627 873 2684 924 ὲν
2708 872 2819 932 τοῖς
2845 866 3146 938 στοιχείοις,
3171 867 3202 918 ό
3227 861 3369 918 ἑπτὰ
3393 861 3696 934 άριθμδςπρο-

2188 967 2442 1039 τιμητέος
2467 967 2619 1037 ἡμῖν,
2663 963 2746 1016 ὅτι
2792 961 2857 1033 δὴ
2907 960 3002 1014 καὶ
3053 962 3120 1030 τῇ
3171 957 3274 1029 ὕλῃ
3316 958 3512 1028 ἀνεῖται
3552 948 3695 1018 οὗτος·

2190 1059 2347 1131 εἴπερ
2371 1060 2518 1112 ἐστὶν
2549 1059 2578 1110 6
2612 1054 2751 1109 ἑπτὰ
2786 1054 3008 1123 σημεῖον
3035 1050 3227 1119 ὑλικῆς
3251 1046 3569 1119 παχύτητοςο
3594 1046 3618 1099 ό
3652 1045 3696 1100 ἃ

2189 1151 2332 1208 ὀκτὼ
2360 1150 2504 1224 ἁρχὴ
2527 1150 2627 1220 τῆς
2655 1146 2949 1218 ἀῦλοτέρας
2964 1145 3059 1198 καὶ
3087 1143 3335 1214 μείζονος
3357 1137 3694 1200 καταστάσεως.

2189 1245 2252 1298 Ei
2275 1242 2384 1315 γὰρ
2417 1240 2602 1296 καὶτὰ
2634 1239 2868 1310 μάλιστά
2898 1254 3079 1307 φαμεν
3115 1235 3210 1289 καὶ
3237 1235 3331 1287 τὸν
3354 1232 3413 1296 ἒξ
3434 1232 3523 1304 τὴν
3550 1248 3698 1302 map:-

2189 1336 2291 1407 κὴν
2321 1330 2585 1404 σχετικῶς
2624 1330 2755 1402 ὕλην
2784 1326 3116 1398 ύποδηλοῦν,
3151 1325 3269 1380 ἀλλ’
3297 1318 3387 1379 οὖν
3416 1341 3477 1392 γε
3514 1323 3593 1375 τὸν
3630 1320 3700 1391 μὲν

2190 1431 2270 1493 είς
2291 1413 2389 1499 τὴν
2422 1425 2566 1480 κατὰ
2599 1425 2763 1477 ποσὸν
2799 1422 3028 1492 όλότητα
3060 1419 3428 1491 ἀναφέρομεν,
3455 1416 3535 1470 τὸν
3574 1415 3620 1469 δὲ
3643 1415 3702 1478 εἰς

2187 1520 2286 1592 τὴν
2314 1519 2435 1572 καθ’
2456 1517 2569 1585 ἕξιν
2599 1515 2899 1577 τελείωσιν,
2921 1511 3041 1566 καθ’
3068 1512 3136 1583 ῆν
3163 1528 3250 1574 τις
3283 1508 3624 1579 ἁποσμήχεται
3652 1505 3704 1559 τὰ

2191 1611 2520 1683 ρυπάσματα
2552 1609 2652 1680 τῆς
2699 1606 2895 1677 ψυχῆς,
2924 1605 3019 1658 καὶ
3068 1602 3414 1673 καθαίρεται.
3452 1599 3572 1671 Πρὶν
3621 1599 3702 1669 γάρ

2190 1704 2319 1776 ἔλθῃ
2360 1707 2396 1777 ἡ
2428 1703 2587 1774 ὀγδόη
2615 1702 2706 1756 τοῦ
2727 1701 2931 1772 Κυρίου
2969 1697 3142 1771 Ἰησοῦ
3171 1691 3407 1766 Χριστοῦ
3429 1691 3704 1764 ἡμέρα,ὃλος

2189 1799 2218 1850 6
2240 1796 2440 1868 κόσμος
2469 1794 2906 1867 άπερικάθαρτος
2929 1786 2997 1862 ἦν
3035 1790 3129 1843 καὶ
3174 1785 3500 1858 άκρόόυστος
3518 1801 3531 1814 ·
3560 1785 3631 1837 ὅτε
3659 1782 3703 1835 δὲ

2188 1883 2348 1958 ἦλθεν
2395 1890 2429 1959 ἠ
2471 1888 2630 1959 ὀγδόη
2684 1888 2782 1958 τῆς
2838 1884 3190 1945 ἀναστάσεως
3250 1877 3478 1950 Χριστοῦ
3531 1875 3703 1947 ἡμέρας

2190 1979 2401 2051 ἀθρόως
2433 1979 2632 2042 πάντες
2661 1975 3100 2048 ὲκαθαρίσθημεν
3128 1974 3188 2026 ὲν
3232 1972 3300 2041 τῇ
3348 1970 3591 2041 περιτομῇ
3630 1963 3701 2019 τοῦ

2190 2066 2449 2142 Χριστοῦ,
2492 2068 2852 2136 συνταφέντες
2870 2067 2963 2120 καὶ
2999 2063 3445 2124 συναναστάντες,
3473 2058 3541 2122 ὥς
3579 2071 3702 2127 φησιν

2189 2161 2218 2212 ό
2255 2160 2593 2222 Ἀπόστολος.
2627 2158 2780 2210 Ἐπεὶ
2808 2152 2900 2210 οῦν
2920 2156 3008 2210 διὰ
3031 2153 3133 2223 τῆς
3171 2149 3540 2223 στοιχειώσεως
3553 2146 3701 2201 καθαί-

2193 2269 2342 2323 ρεται
2372 2249 2528 2322 ἡμῶν
2565 2252 2598 2320 ἡ
2622 2248 2791 2319 ψυχὴ,
2830 2244 3209 2319 μανθανόντων
3234 2244 3327 2297 τὸν
3357 2241 3529 2312 ἠθικὸν
3561 2238 3700 2297 τόπον.

2190 2344 2284 2396 καὶ
2319 2341 2704 2411 τελειουμὲνων
2748 2342 2804 2395 ὲν
2832 2341 2897 2412 τῇ
2926 2336 3126 2408 γνώσει
3172 2333 3363 2401 αὐτοῦ,
3392 2332 3475 2388 διὰ
3518 2330 3647 2384 τοῦτο
3680 2328 3703 2381 6

2189 2434 2332 2489 ὀκτὼ
2356 2434 2584 2507 ἀριθμὸς
2610 2432 2929 2506 παρελήφθη
2955 2433 3077 2487 καθ’
3102 2433 3336 2487 ἕκαστον
3362 2427 3463 2481 τῶν
3481 2422 3701 2493 στοιχείων

2191 2531 2249 2582 έν
2278 2527 2355 2599 τῷ
2390 2528 2759 2599 προκειμένῳ.
2801 2527 2890 2580 Ἕν
2936 2525 3113 2597 τούτῳ
3155 2524 3291 2596 γοῦν
3319 2521 3394 2593 τῷ
3432 2514 3603 2590 ψαλμῷ
3628 2512 3701 2583 τὴν

2189 2619 2299 2673 τῶν
2325 2619 2497 2689 ἁγίων
2526 2618 2816 2690 διαγράφει
2857 2617 3155 2683 πολιτείαν,
3209 2614 3334 2678 τοὺς
3383 2610 3591 2679 ἀγῶνας,
3627 2603 3700 2664 τᾶς

2193 2720 2421 2793 θλίψεις,
2453 2721 2634 2775 καὶτὰ
2663 2718 2809 2789 ὲξῆς.
2839 2719 2898 2772 '0
2927 2717 2985 2770 δὲ
3014 2716 3244 2789 μηδαμῆ
3283 2709 3528 2786 μηδαμῶς
3555 2708 3698 2776 ,ἁμαρ-

2189 2815 2386 2882 τάνων,
2417 2807 2571 2877 οὗτος
2620 2811 2687 2866 ἂν
2731 2811 2817 2881 εῐη
2846 2809 3096 2881 ἄμωμος,
3127 2809 3228 2863 καὶ
3289 2806 3391 2878 μὴν
3440 2801 3525 2856 καὶ
3561 2795 3697 2870 μακά-

2194 2924 2331 2980 ριος.

2275 3179 2383 3235 Τοῦ
2414 3168 2617 3234 αὐτοῦ.
2649 3176 2723 3232 ού
2749 3176 2838 3231 διὰ
2869 3176 2961 3249 τὴν
2992 3174 3332 3248 ἀμωμότητα
3366 3170 3602 3243 μακάριος
3626 3165 3695 3220 άν-

2199 3271 2415 3345 θρωπος
2460 3269 2814 3342 ὀνομάζεται,
2843 3267 2977 3323 ἀλλὰ
3010 3267 3099 3321 διά
3139 3265 3241 3338 τὴν
3284 3264 3472 3336 γνῶσιν
3509 3263 3591 3333 τὴν
3627 3256 3695 3312 τοῦ

2197 3364 2352 3431 Θεοῦ,
2380 3365 2449 3437 ἢν
2483 3363 2663 3436 μέλλει
2686 3362 2915 3416 κτᾶσθαι
2942 3359 3030 3413 διὰ
3060 3361 3158 3430 τῆς
3180 3359 3545 3431 ἀμωμότητος·
3574 3372 3591 3404 ι
3610 3353 3697 3406 M1-

2198 3457 2377 3530 κάριοι
2403 3455 2512 3529 γὰρ
2541 3455 2592 3509 οἱ
2615 3454 2843 3525 καθαροὶ
2872 3456 2940 3526 τῇ
2966 3451 3182 3522 καρδίᾳ,
3209 3453 3291 3506 ὅτι
3324 3448 3467 3504 αὐτοὶ
3502 3446 3579 3501 τὸν
3598 3442 3696 3498 Θεδν

2196 3548 2436 3619 ὄψονται.
2465 3567 2484 3600 ι

2272 3643 2354 3695 Οὐ
2392 3641 2503 3710 γὰρ
2547 3643 2600 3695 οι
2650 3636 3020 3709 ἐργαζόμενοι
3073 3634 3193 3706 τὴν
3239 3633 3478 3706 ἀνομίαν
3511 3630 3570 3684 ἐν
3599 3624 3696 3691 ταῖς

2197 3734 2358 3801 ὁδοῖς
2398 3731 2583 3788 αὐτοῦ
2635 3732 3071 3800 ἐπορεύθησαν,
3113 3748 3166 3784 κ.
3196 3747 3251 3784 τ.
3282 3730 3328 3782 ἑ.
3360 3729 3420 3781 Ei
3448 3727 3492 3779 oi
3520 3717 3695 3795 ἐργαζό-

2200 3843 2347 3898 μενοι
2376 3824 2473 3897 τὴν
2517 3823 2743 3894 ἀνομίαν
2772 3825 2830 3878 ὲν
2862 3826 2981 3886 ταῖς
3004 3821 3141 3885 ὁδοῖς
3165 3819 3265 3875 τοῦ
3303 3817 3429 3873 Θεοῦ
3459 3817 3512 3871 ού
3548 3809 3696 3885 πορεύ-

2195 3933 2379 3979 ονται,
2424 3915 2471 3967 οί
2506 3911 2856 3985 ἐργαζόμενοι
2900 3909 3142 3982 δηλονότι
3172 3908 3273 3980 τὴν
3315 3902 3616 3970 δικαιοσύνην
3651 3898 3695 3948 ὲν

2195 4013 2312 4074 ταῖς
2344 4009 2483 4072 ὁδοῖς
2512 4006 2605 4060 τοῦ
2632 4003 2764 4059 Θεοῦ
2806 4003 3253 4076 πορευθήσονται.
3285 3994 3477 4053 Οὐκοῦν
3506 3993 3598 4047 ὁδοὶ
3625 3986 3692 4043 τοῦ

2195 4100 2328 4155 Θεοῦ
2360 4102 2495 4153 εἰσιν
2520 4100 2575 4153 αἱ
2609 4096 2830 4169 θεωρίαι
2860 4094 2969 4148 τῶν
3006 4093 3328 4165 γεγονότων,
3356 4092 3410 4143 ὲν
3441 4082 3518 4150 αἷς
3551 4097 3695 4152 πορευ-

2196 4192 2399 4265 σόμεθα
2429 4187 2769 4258 δικαιοσύνην
2814 4183 3297 4258 κατεργαζόμενοι.
3320 4182 3380 4235 Ei
3414 4179 3467 4233 δὲ
3488 4177 3517 4248 ή
3540 4174 3701 4228 δικαιο-

2198 4285 2334 4355 σύνη
2364 4281 2522 4354 ἡμῶν
2547 4282 2692 4333 ἐστιν
2715 4281 2743 4333 6
2766 4276 3017 4350 Χριστὸς,
3060 4294 3079 4327 ι
3104 4273 3334 4345 ἐγενήθη
3368 4269 3463 4340 γὰρ
3489 4266 3600 4336 ἡμῖν
3635 4278 3699 4355 σος

2196 4376 2294 4447 φία
2514 4371 2670 4438 Θεοῦ,
2715 4349 3025 4439 δικαιοσύνη
3069 4383 3130 4419 τε
3178 4367 3275 4420 καὶ
3322 4356 3579 4447 ἁγιασμδςτ
3633 4349 3697 4447 καῖ

529 4477 660 4533 dicit
714 4477 928 4532 viarum
1000 4476 1093 4530 Dei
1152 4474 1478 4544 principium
1537 4490 1664 4532 esse
1722 4475 2087 4545 sapientiam,

2195 4437 2594 4537 ἀπολύτρωσις·
2622 4482 2641 4515 ι
2692 4460 2871 4524 καλῶς
2915 4437 3061 4527 λέγει
3102 4459 3162 4511 ὲν
3204 4457 3324 4518 ταῖς
3354 4437 3698 4545 Παροιμίαίςῧ

530 4584 651 4640 qua:
688 4578 773 4625 est
813 4568 1082 4625 Christus.
1138 4565 1415 4622 Christum
1465 4577 1645 4623 autem
1702 4568 1820 4622 dico
1850 4566 2088 4623 Verbum

528 4665 672 4737 quod
711 4678 834 4720 cum
872 4663 979 4718 Deo
1016 4670 1134 4718 erat
1203 4670 1258 4717 et
1299 4661 1355 4717 in
1404 4661 1548 4717 hunc
1598 4660 1861 4718 mundum
1919 4660 2087 4717 adve-

596 4849 872 4919 Ejusdem.
896 4848 954 4905 Si
981 4849 1105 4919 quis
1138 4847 1481 4919 iniquitatem
1507 4853 1781 4916 operetur,
1806 4844 1896 4900 illc
1924 4844 2088 4900 haud-

524 4954 794 5011 quaquam
821 4940 877 4994 in
899 4940 983 4993 via
1015 4938 1226 4993 Domini
1253 4937 1525 5002 ambulat;
1555 4944 1887 5005 quapropter
1910 4948 2087 5004 neque

524 5030 903 5111 immaculatus
924 5040 1009 5085 est
1037 5032 1089 5084 in
1121 5031 1228 5084 via.

597 5123 760 5179 Vens.
783 5121 839 5175 4.
892 5119 973 5175 Tu
1003 5120 1268 5176 mandasti
1307 5119 1559 5174 mandata
1595 5127 1686 5171 tua
1716 5117 1972 5171 custodiri
2002 5117 2086 5171 ni-

526 5217 649 5282 mis,
684 5225 793 5271 etc.
826 5213 926 5280 Qui
976 5227 1044 5268 ne
1075 5212 1401 5282 cogitatione
1425 5210 1646 5282 quidem
1674 5216 1882 5277 peccat,
1920 5206 2089 5261 vehe-

527 5317 738 5364 menter
770 5306 1003 5363 custodit
1034 5304 1284 5367 mandata
1308 5302 1426 5358 Dei.

595 5394 870 5468 Ejusdem.
920 5396 1015 5450 Est
1065 5395 1415 5449 vehementer
1459 5400 1513 5445 et
1551 5398 1633 5446 est
1665 5388 1874 5462 placide
1916 5394 2093 5444 custo-

528 5488 647 5544 dire
681 5490 930 5542 mandata
960 5488 1076 5542 Dei.
1131 5486 1225 5541 Vel
1260 5486 1611 5541 vehementer
1641 5482 1898 5555 praecepit
1946 5480 2086 5538 Deus

529 5577 787 5635 custodiri
820 5578 1069 5635 mandata
1098 5591 1216 5631 sua.

2197 4530 2444 4628 Σολομων
2471 4554 2570 4626 τὴν
2597 4552 2785 4623 σοφίαν
2817 4549 2993 4622 ἀρχὴν
3023 4542 3162 4601 εῖναι
3191 4546 3300 4599 τῶν
3334 4540 3459 4597 ὁδῶν
3495 4534 3575 4590 τοῦ
3604 4530 3688 4628 K0.-

2197 4617 2475 4723 ρίουξῆτις
2505 4617 2694 4700 ε’στὶνό
2719 4617 2969 4713 Χριστός.
2996 4639 3155 4708 Λέγω
3174 4638 3234 4692 δὲ
3258 4632 3473 4708 Χριστὸν
3490 4629 3567 4682 τὸν
3588 4617 3689 4695 μετὰ

2193 4740 2287 4795 τοῦ
2311 4740 2443 4793 Θεοῦ
2477 4738 2646 4808 Λόγον
2674 4734 3085 4807 ἐπιδημήσαντα
3116 4731 3338 4801 Κύριον.

2270 4830 2379 4886 Τοῦ
2409 4806 2616 4885 αὐτοῦ.
2664 4826 2733 4881 El
2776 4806 2860 4890 τις
2910 4824 3135 4894 ἀνομίαν
3189 4817 3490 4892 ἐργάζεται,
3530 4806 3684 4863 ἐκεῖνος

2192 4923 2292 4978 οὐκ
2318 4923 2375 4974 ὲν
2400 4917 2505 4991 όδῷ
2538 4918 2741 4990 Κυρίου
2772 4915 3092 4989 πορεύεται·
3121 4913 3202 4968 διὸ
3230 4909 3333 4965 οὐδ’
3358 4901 3558 4978 ἄμωμός
3576 4899 3683 4951 ἐστιν

2191 5016 2250 5071 ἐν
2273 5011 2399 5084 ὁδῷ.

2262 5078 2361 5161 Σο
2390 5103 2665 5158 ἐνετείλω
2725 5099 2832 5166 τὰς
2886 5098 3138 5166 ἐντολάς
3202 5110 3313 5151 σου
3374 5078 3680 5161 φυλάξασθαι

2194 5197 2448 5269 σφόδρα,
2482 5212 2537 5250 κ.
2564 5213 2615 5248 τ.
2654 5194 2701 5247 ὲ.
2746 5193 2805 5246 ’0
2841 5192 2917 5263 μὴ
2961 5190 3103 5245 κατὰ
3149 5188 3377 5243 διάνοιαν
3421 5169 3681 5249 ἁμαρτάνων

2197 5290 2399 5361 σφόδρα
2426 5287 2685 5358 φυλάσσει
2717 5284 2816 5350 τὰς
2844 5283 3064 5349 ἐντολάς
3092 5281 3184 5337 τοῦ
3215 5277 3363 5335 Θεοῦ.

2272 5360 2384 5438 Τοῦ
2417 5381 2626 5436 αὑτοῦ.
2660 5380 2814 5433 Ἔστι
2860 5378 3100 5450 σφόδρα,
3138 5374 3232 5429 καὶ
3270 5372 3405 5425 ἔστιν
3429 5360 3679 5450 light-af?

2193 5474 2484 5528 λάσσεσθαι
2515 5470 2734 5534 ἐντολὰς
2760 5438 2919 5523 Θεοῦί
2940 5438 3010 5522 Ἲί
3038 5438 3242 5540 σφόδρα
3265 5457 3527 5518 ἐνετείλατο
3544 5438 3676 5501 (58εᾶ

2197 5565 2565 5637 φυλάσσεσθαι
2590 5563 2688 5628 τὰς
2717 5561 2935 5625 ἐντολὰς
2963 5559 3150 5617 αὑτοῦ.

599 5742 642 5775 ι’
676 5738 832 5796 Rom.
867 5753 916 5794 vr
943 5777 959 5805 ,
990 5737 1065 5806 ις
1121 5735 1327 5794 Coloss.
1357 5751 1439 5805 Ill,
1473 5734 1524 5789 l.
1605 5732 1647 5765 ³³
1678 5729 1868 5788 Matth.
1908 5744 1960 5797 ν,
1998 5726 2051 5783 8.

2212 5724 2229 5780 1
2266 5724 2463 5797 ϐονιι,
2493 5721 2582 5777 50.
2663 5720 2704 5754 ¹¹
2734 5734 2853 5786 vui,
2881 5717 2973 5774 22.
