3928 6158
319 254 461 315 1589

1248 249 1559 306 SELECTA
1597 247 1663 302 IN
1700 243 2043 303 PSALMOS.
2078 275 2145 286 —-
2177 242 2369 299 PSAL.
2412 239 2642 299 CXVIII.

3406 234 3429 287 1
3444 232 3543 288 590

390 376 643 444 Ὄφελον
703 357 1249 440 κατευθυνθείησαν
1309 374 1368 426 at
1434 369 1562 424 ὁδοί
1607 386 1725 438 μου
1778 364 1878 422 τοῦ

2059 364 2221 420 Vens.
2258 363 2309 417 5.
2350 359 2560 416 Utinam
2606 359 2906 429 dirigantur
2941 358 3033 413 viae
3078 372 3208 410 mea:
3250 354 3318 409 ad
3370 369 3547 409 custo—

315 464 696 536 φυλάξασθαι
734 467 803 517 τὰ
842 462 1199 533 δικαιώματά
1241 476 1379 527 σου,
1415 478 1469 514 κ.
1496 478 1545 513 τ.
1587 462 1634 513 ὲ.
1670 458 1743 511 Οὐ
1776 457 1884 528 γὰρ

311 557 489 621 ἄλλως
521 556 589 611 τὰ
619 556 959 627 δικαιώματά
1004 572 1099 609 σου
1150 552 1389 625 φυλάξω,
1433 551 1527 605 saw
1585 551 1658 622 μὴ
1691 567 1886 603 κατευ-

311 647 579 704 θυνθῶσιν
606 648 710 701 ὑπὸ
759 647 851 701 σοῦ
887 649 942 700 αἱ
971 647 1080 701 ὁδοί
1114 663 1237 717 μου.
1266 645 1398 698 Τίνα
1427 639 1521 697 οὖν
1562 643 1632 697 τὰ
1667 641 1881 696 δικαιώ-

316 754 463 809 ματα
486 738 657 792 ταῦτα
674 738 711 792 ἃ
735 737 1062 810 παραθέσεις
1088 734 1316 789 ἐνώπιον
1348 733 1457 787 τῶν
1481 732 1611 787 υἱῶν
1639 730 1882 803 ’1σραὴλ;

319 848 341 883 s
383 830 507 886 Ἐάν
533 832 711 904 κτήσῃ
744 830 905 884 παῖδα
952 830 1219 900 Ἐϐραῖον,
1251 826 1312 891 ἓξ
1343 825 1436 898 ἔτη
1469 824 1741 878 δουλεύσει
1781 840 1882 887 σοι,

312 922 390 994 τῷ
427 923 638 994 ἑϐδόμῳ
669 921 1045 990 ὲξαποστελεῖς
1082 920 1241 975 αὐτὸν
1276 917 1579 990 ἐλεύθερον,
1623 936 1642 968 ι
1686 915 1779 970 καὶ
1818 913 1886 967 τὰ

313 1012 460 1084 ἑξῆς.
499 1032 517 1064 ι
551 1012 777 1082 Ὄφελον
811 1008 922 1075 οὖν,
958 1010 1119 1082 φησὶ,
1154 1006 1644 1076 κατευθυνθείησαν
1692 1006 1745 1058 αἱ
1775 1001 1884 1055 ὁδοί

316 1124 442 1177 μου,
474 1126 492 1160 ι
531 1106 618 1160 ἵνα
653 1107 753 1159 ὅσα
804 1105 1157 1172 ὲδικαίωσας,
1193 1103 1364 1159 ταῦτα
1396 1102 1611 1172 ἑκάστῳ
1644 1099 1785 1154 κατὰ
1824 1098 1885 1152 τὸ

320 1200 532 1271 πρέπον
556 1199 760 1253 ἀποδῶ.

394 1289 531 1343 Τότε
569 1290 640 1343 οὐ
679 1288 764 1359 μὴ
816 1288 1143 1358 αὶσχυνθῶ,
1182 1287 1252 1341 ἐν
1299 1285 1378 1353 τῷ
1418 1303 1494 1356 με
1542 1284 1885 1340 ἐπιϐλέπειν

315 1378 416 1432 ἐπὶ
465 1378 666 1446 πάσας
702 1381 807 1447 τὰς
854 1378 1107 1446 ἐντολάς
1152 1394 1298 1443 σου,
1355 1397 1408 1434 κ.
1454 1396 1504 1432 τ.
1547 1380 1592 1432 ἑ.
1634 1378 1747 1431 Οὐκ
1794 1376 1884 1429 ἐπί

312 1462 483 1534 τινας,
517 1471 629 1525 ἀλλ’
651 1472 743 1526 ἐπὶ
766 1472 973 1536 πάσας·
1002 1472 1120 1525 κατ’
1153 1472 1365 1534 ὲκείνας
1391 1470 1500 1542 γὰρ
1534 1469 1631 1535 τὰς
1665 1469 1885 1533 ἐντολὰς

312 1560 380 1624 ἃς
428 1562 503 1634 μὴ
563 1562 744 1633 βλέπω
804 1564 1254 1636 αἰσχυνθήσομαι.
1304 1565 1466 1636 Ἡμῖν
1517 1563 1576 1617 δὲ
1632 1563 1766 1633 πρὸς
1824 1562 1886 1617 τὸ

318 1654 544 1725 Πνεῦμα
565 1654 626 1706 τὸ
650 1651 790 1710 θεῖον
826 1655 1100 1729 ἀφορῶσιν
1140 1654 1289 1709 ἔσται
1319 1655 1381 1708 τὸ
1414 1654 1487 1726 μὴ
1511 1653 1882 1726 αἰσχύνεσθαι,

312 1746 534 1800 ἐπειδὰν
577 1747 1051 1819 συνηρμοσμένους
1087 1746 1235 1817 αὐτῷ
1267 1746 1558 1825 θεωρῶμεν
1605 1746 1753 1816 ἡμᾶς
1786 1746 1882 1800 αὐ·-

311 1840 437 1902 τούς
453 1839 758 1911 ἁπαπαχῆ,
787 1841 881 1894 καὶ
908 1840 1128 1912 μηδαμῆ
1156 1839 1607 1911 μετατιθεμένους
1632 1839 1767 1910 πρὸς
1788 1840 1884 1911 τὴν

314 1930 520 2000 σάρκα,
583 1932 719 2003 μηδὲ
769 1927 880 1987 οἷον
931 1936 996 1988 ὲκ
1053 1933 1328 2005 μετεώρου
1402 1934 1660 2000 πτώσεως
1719 1953 1882 1990 κατε-

312 2018 603 2089 νεχθέντας
630 2053 646 2069 .

390 2110 503 2166 Τοῦ
552 2112 757 2170 αὐτοῦ.
795 2115 857 2167 Εἰ
895 2115 924 2167 ὁ
972 2115 1151 2179 πάσας
1207 2117 1435 2189 ποιήσας
1485 2118 1584 2184 τὰς
1626 2118 1879 2188 ἐντολὰς,

310 2203 549 2270 πταίσας
593 2205 650 2258 δὲ
685 2207 742 2260 ὲν
785 2208 886 2278 μιᾷ
935 2206 1141 2276 γίνεται
1181 2211 1400 2265 πάντων
1453 2210 1653 2282 ἔνοχος,
1703 2212 1883 2278 καλῶς

309 2295 651 2369 γέγραπταν
689 2315 708 2348 ι
738 2298 871 2351 Τότε
916 2301 975 2353 οὐ
1013 2302 1088 2372 μὴ
1118 2301 1392 2373 αἰσχυνθῶ
1441 2305 1499 2357 ἐν
1529 2303 1605 2374 τῷ
1648 2323 1715 2376 με
1764 2307 1883 2360 ἐπι-

308 2386 531 2443 ϐλέπειν
561 2390 653 2444 ἐπὶ
693 2391 871 2456 πάσας
905 2391 1002 2456 τὰς
1043 2392 1259 2458 ἐντολάς
1306 2412 1429 2449 σουν
1458 2417 1477 2448 ι
1510 2394 1617 2450 οἶδε
1650 2398 1755 2470 γὰρ
1790 2401 1882 2453 καὶ

310 2479 413 2550 μία
457 2483 903 2555 παραμεληθεῖσα
936 2486 1121 2558 ἐντολὴ
1165 2487 1424 2560 αἰσχύνης
1465 2492 1595 2562 ἡμῖν
1637 2490 1881 2557 γίνεσθαι

312 2571 593 2645 πρόξενος.

393 2665 936 2738 Ἐξομολογήσομαί
965 2686 1064 2725 σοι
1103 2670 1173 2724 ἐν
1202 2672 1480 2740 εὐθύτητι
1524 2674 1786 2743 καρδίας,
1822 2694 1875 2730 κ.

307 2770 356 2806 τ.
399 2754 444 2809 ὲ.
487 2754 545 2809 '0
594 2758 864 2829 μηδέποτε
921 2760 1189 2831 εὐθύτητα
1242 2762 1467 2833 καρδίας
1541 2762 1876 2836 ἀνειληφὼς,

307 2846 428 2900 ἀλλ’
467 2847 545 2902 ἔτι
597 2850 764 2923 αὐτὴν
822 2851 961 2923 ἔχων
1007 2853 1245 2920 σκολιὰν,
1288 2856 1388 2907 οὐκ
1436 2855 1880 2929 ἐξωμολογήσατο

306 2936 541 3002 οὐδέπω,
577 2942 658 3004 εἰς
691 2941 753 2994 τὸ
815 2942 1216 3014 παραδεχθῖψαι
1268 2943 1344 3015 τῷ
1384 2944 1502 3016 Θεῷ
1547 2947 1644 3018 τὴν
1691 2947 1881 3020 ἐξομο-

306 3027 531 3123 λογησιν
583 3032 769 3087 αὐτοῦ.
825 3034 949 3100 Πῶς
1001 3031 1093 3092 οὖν
1125 3036 1283 3091 τοῦτο
1338 3036 1573 3106 γίνεται,
1616 3039 1766 3112 δηλοῖ
1810 3040 1878 3095 τὰ
1904 3065 1946 3123 C

308 3121 457 3193 ἑξῆς.

376 3215 474 3283 Μή
502 3234 579 3285 με
610 3217 1015 3292 ἐγκαταλίπῃς
1061 3222 1173 3289 ἕως
1214 3223 1468 3292 σφόδρα,
1515 3243 1567 3278 κ.
1598 3244 1647 3279 τ.
1679 3226 1725 3281 ὲ.
1766 3227 1877 3281 Μέ-

304 3321 411 3376 τρα
437 3305 549 3377 ἔχει
579 3309 616 3380 ή
642 3308 867 3381 δύναμίς
902 3330 1002 3383 μου
1027 3314 1085 3367 ὲν
1122 3314 1201 3386 τῷ
1232 3315 1620 3387 πειράζεσθαι·
1657 3319 1747 3389 Μή
1783 3335 1873 3390 με,

306 3399 462 3468 φησὶ,
492 3402 602 3465 τοῖς
629 3403 768 3474 ὑπὲρ
790 3403 1018 3476 δύναμιν
1044 3412 1366 3480 πειρασμοῖς
1401 3410 1697 3485 ὐποδάλῃς,
1742 3410 1874 3482 μηδὲ

306 3491 513 3563 σφόδρα
560 3494 926 3568 ἐγκαταλίπης
960 3516 1047 3569 με.
1087 3519 1106 3551 ι
1137 3500 1330 3565 Πιστὸς
1353 3501 1410 3554 δὲ
1439 3504 1468 3556 ὁ
1498 3502 1649 3567 Θεὸς,
1688 3504 1746 3567 ὃς
1777 3505 1876 3558 οὐκ

305 3584 458 3637 ἐάσει
501 3584 646 3656 ἡμᾶς
688 3588 1045 3661 πειρασθῆναι
1083 3592 1223 3665 ὑπὲρ
1255 3593 1284 3647 ὃ
1314 3593 1606 3664 δυνάμεθα,
1634 3616 1652 3646 ι
1690 3595 1876 3650 καὶτὰ

306 3674 456 3746 ἑξῆς-

393 3767 491 3821 Ἐν
522 3768 596 3837 τῇ
624 3772 834 3841 καρδίᾳ
855 3791 974 3843 μου
998 3774 1234 3844 ἔκρυψα
1260 3775 1330 3830 τὰ
1352 3778 1526 3847 λόγια
1552 3796 1687 3843 σου,
1718 3779 1876 3847 ὅπως

305 3857 382 3913 ἂν
402 3859 488 3930 μὴ
516 3861 753 3931 ἁμάρτω
796 3881 914 3930 σοι,
945 3885 992 3919 κ.
1020 3885 1069 3921 τ.
1104 3868 1149 3920 ὲ.
1191 3868 1517 3941 Ἅμαρτάνει
1566 3870 1644 3941 τῷ
1695 3870 1812 3943 Θεῷ
1847 3874 1876 3927 ὁ

302 3952 552 4018 ἀξιωθεὶς
581 3955 774 4025 λογίων
797 3959 1270 4035 ἀπορῤητοτέρων,
1298 3963 1390 4016 καὶ
1413 3963 1748 4034 κρύπτεσθαι
1766 3963 1875 4018 ἀπὸ

304 4044 514 4098 πολλῶν
547 4046 837 4114 κελευθεὶς,
864 4052 957 4104 καὶ
988 4052 1062 4123 μὴ
1094 4052 1353 4123 κρύπτων
1383 4054 1522 4109 αὐτὰ
1553 4056 1644 4125 ἀφ’
1670 4048 1745 4109 ὧν
1772 4055 1872 4109 δεῖ.

305 4136 564 4203 Κίνδυνος
594 4139 703 4212 γάρ
725 4142 786 4195 οὐ
816 4142 975 4212 μόνον
1008 4143 1069 4197 τὸ
1100 4143 1168 4197 τά
1198 4144 1370 4217 ψευδῆ
1395 4146 1593 4217 λέγειν,
1617 4147 1751 4202 ἀλλὰ
1778 4148 1874 4201 καὶ

301 4227 361 4281 τὸ
381 4228 607 4302 τάληθῆ,
637 4232 773 4287 ἐπὰν
801 4232 936 4298 ὅλως
967 4235 1040 4306 μὴ
1063 4235 1143 4289 δεῖ
1159 4237 1539 4306 ἀπαγγέλλειν.
1559 4238 1636 4293 Οὐ
1657 4238 1767 4311 γὰρ
1793 4239 1875 4293 δεῖ

301 4323 427 4387 τοὺς
462 4323 805 4396 μαργαρίτας
836 4324 1122 4396 βάλλεσθαι
1165 4328 1473 4401 ἔμπροσθεν
1509 4330 1618 4384 τῶν
1652 4330 1870 4403 χοίρων,

300 4413 421 4467 οὐδὲ
452 4413 650 4468 διδόναι
683 4415 753 4469 τὰ
781 4417 912 4485 ἅγια
938 4420 1050 4482 τοῖς
1077 4419 1222 4474 κυσί.

367 4617 710 4686 Εὐλογητὸς
741 4616 805 4675 εἷ
858 4619 1050 4688 Κύριε,
1088 4637 1142 4677 κ.
1166 4639 1212 4676 τ.
1238 4623 1284 4676 ἑ.
1327 4622 1386 4677 Ὁ
1412 4622 1734 4695 αἰσθόμενος
1764 4624 1866 4695 τῆς

300 4703 464 4760 αὐτοῦ
501 4709 798 4780 προκοπῆς,
836 4711 942 4764 άπὸ
970 4711 1063 4765 τοῦ
1102 4712 1158 4765 έν
1187 4712 1283 4785 ὅλῃ
1327 4715 1524 4787 καρδίᾳ.
1568 4715 1867 4788 ὲκζητῆσαι

298 4798 389 4853 τὸν
429 4799 847 4870 Θεὸν,“εὐλογεῖ
892 4803 1054 4857 αὐτὸν
1111 4806 1445 4878 εὐχαριστῶν
1507 4807 1607 4879 ἤδη
1655 4809 1739 4879 ἐφ’
1784 4806 1867 4874 οἷς

294 4889 520 4961 ἠξιώθη.
549 4892 725 4962 Ἔχων
768 4892 876 4966 γὰρ
921 4894 1078 4965 λόγια
1127 4898 1417 4971 ἀπόρρητα
1471 4899 1566 4953 καὶ
1614 4900 1867 4974 κρύψεως

297 4979 443 5047 ἀξια,
465 4982 678 5051 εὐλογεῖ
703 4985 794 5038 ἐπὶ
817 4985 1024 5051 τούτοις
1049 4988 1140 5043 τὸν
1167 4991 1388 5062 Κύριον.

378 5160 473 5217 Ἐν
509 5161 584 5233 τῇ
625 5163 743 5230 ὀδῷ
772 5165 891 5220 τῶν
915 5168 1249 5237 μαρτυρίων
1286 5182 1404 5224 σου
1441 5171 1753 5241 ἐτέρφθην,
1782 5172 1863 5241 ὡς

1986 458 2205 511 diendas
2237 454 2647 524 justiﬁcatioues
2704 461 2844 515 tuas,
2893 460 3000 505 etc.
3053 448 3170 504 Non
3212 452 3355 503 enim
3389 455 3548 503 aliter

1979 548 2395 618 justilicationes
2440 556 2558 600 tuas
2602 544 2927 609 custodiam,
2969 541 3070 597 nisi
3109 544 3209 596 vite
3242 556 3374 596 mea
3415 556 3448 596 a
3494 552 3548 596 te

1985 641 2204 695 directa:
2229 639 2447 693 fuerint.
2490 637 2749 705 Quaenam
2784 637 2951 705 igitur
2984 645 3111 690 sunt
3140 634 3549 703 iustiﬁcationes

1986 731 2089 786 illae
2116 746 2251 800 quas
2295 745 2561 800 propones
2587 743 2769 783 coram
2804 726 2929 782 ﬁliis
2955 725 3166 781 Israel?
3206 742 3226 777 ι
3276 724 3331 780 Si
3360 738 3551 795 posse-

1986 825 2129 879 deris
2172 837 2399 892 puerutn
2449 820 2728 874 Hebrarum
2756 859 2771 884 ,
2829 835 2923 873 se:
2956 819 3113 873 annis
3161 815 3361 873 serviet
3410 815 3549 884 tibi,

1985 914 2219 984 septimo
2255 898 2435 967 autem
2469 911 2713 967 dimittes
2739 928 2861 967 eum
2899 911 3151 975 liberum,
3185 929 3203 962 ι
3235 920 3289 964 et
3307 923 3430 980 quae
3457 923 3549 964 se-

1985 1013 2227 1075 quuntur
2260 1004 2325 1058 ¹⁶.
2362 1022 2381 1055 t
2422 1002 2639 1061 Utinam
2672 1004 2859 1074 igitur,
2893 1003 3092 1073 inquit,
3117 1002 3424 1072 dirigantur
3450 1002 3552 1057 vim

1986 1111 2140 1161 meae,
2186 1116 2206 1149 ι
2253 1107 2314 1151 ιιι
2344 1110 2681 1166 quaecunque
2733 1095 3085 1166 iustiﬁcasti,
3122 1110 3186 1151 ea
3234 1095 3548 1166 unicuique,

1984 1197 2145 1258 prout
2175 1189 2352 1254 decet,
2386 1190 2630 1244 reddam.

2054 1282 2216 1338 Vrsas.
2256 1284 2312 1342 6.
2349 1283 2495 1339 Tunc
2521 1301 2624 1340 non
2665 1284 2980 1354 confundar,
3007 1300 3124 1338 cum
3157 1299 3469 1354 perspexero
3494 1284 3551 1339 in

1984 1378 2220 1431 omnibus
2250 1377 2514 1433 mandatis
2543 1379 2672 1444 tuis,
2693 1387 2800 1434 etc.
2834 1377 2951 1434 Non
2979 1379 3034 1433 in
3061 1378 3354 1449 aliquibus,
3372 1377 3465 1433 sed
3493 1377 3549 1432 in

1985 1468 2278 1524 omnibus:
2311 1484 2436 1523 nam
2471 1484 2568 1540 per
2603 1469 2691 1525 illa
2736 1472 2989 1526 mandata
3021 1486 3141 1542 quae
3172 1486 3277 1526 non
3320 1471 3552 1540 inspicio

1985 1559 2303 1614 eonfundar.
2332 1559 2500 1616 Nobis
2531 1569 2711 1617 autem
2736 1564 2804 1618 ad
2846 1561 3111 1634 Spiritum
3141 1562 3382 1618 divinum
3407 1561 3550 1631 aspi-

1985 1652 2249 1709 cientibus
2298 1655 2575 1724 continget
2617 1663 2814 1710 utnon
2867 1655 3284 1722 conl'undamur,
3330 1653 3553 1725 quando

1987 1746 2349 1814 nosmetipsos
2386 1746 2437 1802 ei
2489 1747 2848 1816 undequaque
2896 1745 3211 1802 conformes
3253 1758 3376 1801 esse
3420 1757 3553 1800 con-

1984 1838 2346 1905 spexerimus,
2374 1853 2477 1894 nec
2499 1838 2569 1892 ad
2621 1854 2841 1894 carnem
2893 1838 3003 1894 ullo
3033 1839 3195 1894 modo
3236 1836 3550 1904 inclinatos,

1987 1946 2161 2002 neque
2196 1930 2351 2002 quasi
2386 1943 2417 1985 e
2448 1929 2666 1986 sublimi
2697 1929 2845 2002 lapsu
2871 1931 3133 2002 deiectos.

2055 2103 2223 2175 798
2255 2103 2531 2175 Ejusdem.
2571 2102 2628 2157 Si
2660 2102 2780 2174 quis
2816 2101 2944 2159 fecit
2968 2103 3154 2160 omnia
3189 2103 3463 2171 mandata,
3495 2103 3551 2159 in

1985 2212 2092 2251 uno
2134 2208 2314 2252 autem
2350 2197 2595 2260 oﬂ'endit,
2620 2196 2667 2252 is
2698 2197 2758 2251 [it
2798 2198 3039 2252 omnium
3071 2212 3200 2253 rcus
3224 2198 3291 2265 ",
3322 2199 3551 2269 pulchre

1984 2290 2241 2358 scriptum
2297 2301 2418 2345 est:
2449 2307 2468 2341 α
2509 2288 2662 2345 Tunc
2721 2304 2829 2345 non
2877 2289 3201 2357 confundar,
3236 2305 3359 2345 cunt
3420 2303 3549 2360 per-

1983 2396 2214 2452 spexero
2269 2383 2324 2437 in
2367 2382 2621 2439 omnibus
2677 2382 2947 2438 mandatis
2987 2382 3093 2438 tuis
3139 2398 3154 2436 :
3212 2399 3234 2434 ι
3289 2395 3416 2437 nam
3459 2380 3548 2437 vel

1983 2490 2148 2529 unum
2172 2474 2477 2545 neglectum
2505 2474 2819 2531 mandatum
2860 2473 3236 2533 confusionem
3262 2473 3423 2531 nobis
3446 2487 3547 2545 pa-

1982 2566 2074 2622 rit.

2054 2658 2223 2714 Vsus.
2255 2659 2307 2715 7.
2338 2658 2642 2727 Can/itebor
2678 2659 2771 2714 tibi
2809 2660 2865 2715 in
2896 2659 3184 2715 directione
3206 2659 3404 2727 cordis,
3437 2667 3544 2718 etc.

1981 2749 2083 2818 Qui
2136 2765 2410 2821 nunquam
2444 2752 2627 2807 cordis
2666 2751 3022 2808 directionem
3058 2752 3388 2821 assumpsit,
3444 2752 3545 2807 sed

1981 2844 2160 2899 adhuc
2195 2842 2326 2899 illud
2355 2859 2580 2900 curvum
2610 2845 2796 2909 habet,
2828 2845 2877 2901 is
2910 2858 3187 2915 nunquam
3219 2844 3292 2900 ita
3326 2843 3544 2903 confes-

1981 2950 2075 2993 sus
2104 2946 2209 3005 est,
2237 2944 2295 2991 ut
2335 2951 2366 2990 a
2394 2938 2504 2992 Deo
2528 2937 2894 3006 susciperetur
2929 2936 3045 3004 ejus
3070 2936 3368 2994 confessio.
3396 2937 3545 3006 Quo-

1981 3027 2141 3083 modo
2170 3026 2338 3098 igitur
2364 3027 2468 3083 hoc
2494 3027 2609 3096 ﬁat,
2639 3027 2925 3096 sequentia
2951 3027 3257 3084 declarant.

2047 3201 2211 3259 Vens.
2250 3203 2307 3260 8.
2339 3202 2464 3260 Non
2491 3220 2573 3259 me
2618 3206 2948 3276 derelinquas
2987 3222 3360 3279 usquequaque
3384 3247 3402 3275 ,
3428 3217 3538 3268 etc.

1977 3293 2256 3353 llensuras
2288 3297 2452 3352 habet
2482 3297 2657 3352 virtus
2700 3312 2817 3353 mea
2847 3297 2974 3352 dum
3017 3307 3256 3354 tentatur
3286 3296 3400 3356 :Ne
3428 3316 3539 3368 me,

1977 3389 2173 3459 inquit,
2207 3390 2348 3445 ultra
2377 3391 2524 3446 vires
2568 3406 2719 3446 meas
2746 3392 3133 3449 tentationibus
3159 3391 3409 3462 obiicias,
3441 3409 3542 3450 ne-

1977 3495 2086 3550 que
2115 3483 2466 3536 vehementer
2512 3481 2861 3552 derelinquas
2895 3497 3000 3540 me.
3052 3502 3074 3536 ί
3128 3482 3330 3542 Fidelis
3361 3495 3544 3542 autem

1976 3572 2119 3628 Deus
2164 3573 2258 3643 qui
2306 3588 2410 3626 non
2464 3573 2699 3645 patietur
2739 3587 2837 3629 nos
2883 3577 3079 3631 tentari
3116 3591 3279 3647 supra
3316 3578 3368 3632 id
3397 3580 3540 3649 quod

1974 3678 2280 3734 possumus,
2315 3682 2334 3716 ι
2370 3672 2427 3719 et
2463 3673 2663 3720 caetera
2701 3666 2769 3721 ιδ.

2049 3754 2213 3812 Vens.
2250 3757 2337 3812 11.
2369 3755 2438 3812 In
2470 3759 2628 3812 corde
2673 3773 2785 3812 meo
2811 3759 3066 3815 abscondi
3094 3760 3304 3831 eloquia
3333 3771 3447 3828 tua,
3485 3775 3541 3818 ut

1976 3863 2082 3902 non
2110 3863 2317 3918 peccem
2347 3849 2465 3915 tibi,
2500 3859 2609 3904 etc.
2648 3849 2847 3905 Peccat
2891 3851 2946 3906 in
2978 3851 3147 3909 Deum
3179 3855 3225 3909 is
3253 3856 3345 3925 qui
3385 3870 3544 3913 arca-

1977 3942 2188 3996 niorum
2232 3940 2351 4010 ejus
2403 3941 2744 4010 eloquiorum
2786 3942 3100 4014 particeps,
3153 3947 3451 4017 eademque
3510 3967 3541 4004 a

1974 4032 2121 4104 vulgi
2144 4033 2492 4090 multitudine
2524 4036 2858 4091 abscondere
2882 4035 3088 4105 jussus,
3113 4055 3143 4093 a
3166 4041 3363 4109 quibus
3384 4057 3544 4113 opor-

1977 4137 2055 4183 tet
2082 4126 2172 4182 illa
2195 4129 2416 4184 minime
2444 4129 2755 4185 abscondit.
2785 4130 2903 4187 Non
2943 4134 3123 4187 solum
3153 4135 3297 4189 enim
3325 4138 3541 4204 pericu-

1974 4217 2149 4274 losum
2206 4226 2290 4275 est
2343 4219 2626 4275 mendacia
2656 4259 2673 4286 ,
2722 4220 2821 4276 sed
2864 4223 3031 4278 etiam
3081 4238 3207 4279 vera
3255 4226 3538 4295 proferre,

1972 4312 2190 4381 quando
2218 4326 2322 4367 non
2348 4321 2476 4367 sunt
2503 4313 2856 4369 enuntianda.
2901 4314 3022 4372 Non
3050 4328 3179 4372 sunt
3219 4320 3363 4374 enim
3393 4336 3542 4376 mar-

1899 4401 1950 4461 D
1973 4403 2163 4474 garitae
2210 4403 2487 4458 mittendae
2532 4412 2661 4465 ante
2689 4419 2888 4475 porcos
2917 4446 2935 4473 ,
2977 4421 3154 4478 neque
3198 4410 3380 4466 danda
3409 4421 3538 4467 sunt

1969 4504 2159 4552 sancta
2188 4494 2411 4551 canibus
2442 4494 2531 4549 ⁸⁸⁸.

2045 4610 2207 4667 Vens.
2238 4611 2326 4666 12.
2351 4610 2666 4667 Benedictus
2692 4628 2767 4681 es,
2810 4612 3053 4681 Domine,
3082 4624 3190 4672 etc.
3234 4614 3336 4684 Qui
3370 4630 3533 4674 suum

1970 4704 2272 4775 profectum
2328 4704 2513 4769 sentit,
2572 4717 2637 4759 eo
2669 4705 2811 4775 quod
2846 4714 2967 4761 toto
3015 4709 3180 4763 corde
3230 4709 3398 4764 Deum
3439 4723 3507 4764 ex

1970 4796 2190 4865 quirat,
2244 4795 2516 4852 benedicit
2563 4796 2616 4851 ei
2664 4798 2867 4867 gratias
2917 4812 3083 4868 agens
3127 4812 3227 4870 pro
3276 4800 3362 4856 his
3415 4802 3536 4871 qni-

1973 4887 2076 4942 bus
2108 4888 2301 4958 dignus
2338 4888 2555 4945 habitus
2585 4899 2691 4946 est.
2737 4889 2872 4946 Cum
2903 4891 3049 4947 enim
3090 4892 3290 4948 habeat
3318 4893 3537 4963 eloquia

1970 4995 2172 5036 arcana
2199 4990 2255 5036 et
2274 4981 2631 5038 absconsione
2652 4983 2835 5054 digna,
2860 4999 2957 5056 pro
2993 4984 3079 5041 his
3109 4982 3335 5042 Domino
3364 4985 3528 5043 bene-

1969 5072 2119 5128 dicit.

2043 5165 2207 5224 Vuns.
2238 5166 2325 5223 14.
2361 5166 2532 5223 Invia
2563 5170 2982 5224 testimoniorum
3003 5180 3215 5224 tuorum
3241 5168 3532 5227 delectatus

291 5253 390 5309 ἐπὶ
437 5258 616 5311 παντὶ
653 5261 919 5325 πλούτῳ,
965 5278 1020 5316 κ.
1060 5279 1110 5316 τ.
1151 5264 1197 5317 ἐ.
1245 5264 1302 5317 '0
1344 5263 1420 5330 ὡς
1463 5266 1524 5319 ἐν
1573 5264 1651 5337 τῷ
1701 5268 1862 5322 παντὶ

1994 5275 2100 5323 um,
2129 5260 2264 5315 sicut
2299 5262 2355 5314 in
2398 5262 2640 5317 omnibus
2676 5263 2878 5318 divitiis
2903 5302 2918 5329 ,
2955 5272 3063 5318 et-c.
3104 5264 3206 5330 Qui
3245 5263 3297 5317 in
3324 5262 3408 5319 via
3451 5276 3534 5322 te-

294 5343 509 5418 πλούτῳ
559 5348 784 5421 χρυσοῦ,
827 5351 921 5405 καὶ
965 5351 1227 5424 ἀργύρου,
1273 5355 1367 5407 καὶ
1406 5354 1724 5426 ἱματισμοῦ,
1767 5357 1860 5411 καὶ

1991 5352 2338 5409 timoniorum
2411 5353 2869 5419 Deitdclectatur
2943 5355 3086 5410 sicut
3151 5359 3204 5411 in
3275 5357 3531 5418 omnibus

292 5434 604 5506 οίκοπέδων,
646 5442 739 5495 καὶ
790 5443 1024 5516 χωρίων,
1070 5444 1162 5498 καὶ
1214 5445 1446 5517 κτηνῶν,
1495 5447 1589 5502 καὶ
1631 5448 1856 5504 οἰκετῶν

1991 5447 2163 5504 livitiis
2226 5452 2364 5516 auri,
2412 5453 2661 5525 argenti,
2714 5451 3062 5519 vestimenti,
3112 5465 3404 5519 arearum,
3448 5450 3535 5512 Io-

367 5682 407 5714 “
437 5685 591 5743 Deut.
626 5704 711 5757 xv,
751 5689 836 5746 12.
909 5692 948 5724 ³⁷
978 5692 1164 5753 Jacob.
1193 5710 1253 5764 tt,
1287 5695 1374 5753 10.
1452 5699 1495 5733 ¹⁸
1528 5697 1548 5753 l
1576 5698 1699 5757 Cor.
1741 5717 1796 5767 χ,
1828 5700 1878 5755 ιε

1991 5700 2050 5734 ³³·
2082 5698 2271 5756 Matth.
2304 5715 2401 5766 vn,
2439 5700 2494 5756 6.
