3928 6158
461 259 598 314 ιεθι

1794 244 1887 300 EX
1924 240 2221 299 ORIGENE

3543 228 3659 288 559!

3140 311 3163 335 ο

460 395 675 446 eorum,
713 389 966 448 pecorum
1005 381 1060 427 et
1090 371 1545 435 domesticorum,
1598 369 1645 422 is
1697 368 1887 423 beatus
1918 372 2019 421 est.

2133 359 2544 433 εὐφραινόμενος
2581 360 2639 411 ἐν
2680 359 2746 428 τῇ
2779 354 2883 427 6δῷ
2918 353 3025 407 τῶν
3078 337 3397 424 μαίρτυρίων
3429 349 3523 404 τοῦ
3546 351 3660 406 Θεοῦ

532 556 699 612 Vens.
729 554 817 610 16.
844 552 911 607 1η
928 549 1402 623 justiﬁcationibus
1428 548 1530 602 tuis
1555 546 1871 611 meditabor,
1911 553 2016 601 etc.

462 647 522 704 In
567 645 1050 718 justiﬁeationibus
1106 643 1197 698 Dei
1244 641 1513 712 quispiam
1569 639 1865 694 meditatur
1915 653 2022 694 non

461 736 646 792 verbis
681 743 737 792 et
766 733 989 789 vocibus
1016 732 1366 795 adhterendo,
1393 729 1489 785 sed
1525 727 1646 784 illas
1676 728 2025 799 intelligendo

461 837 520 885 et
567 826 833 883 faciendo.
886 824 1003 881 Non
1048 824 1194 879 enim
1248 822 1527 877 auditores
1575 820 2022 889 justillcationum

464 919 561 974 Dei
597 919 727 989 justi
758 928 883 972 sunt
936 917 1077 987 apud
1109 917 1273 970 Deum
1296 954 1311 979 ,
1342 912 1437 968 sed
1473 909 1708 967 factores
1735 924 1946 975 earum,
1972 919 2028 965 et

464 1013 555 1084 qui
604 1010 861 1081 operibus
906 1023 1000 1062 eas
1050 1007 1385 1062 meditantur
1426 1022 1442 1059 :
1477 1003 1570 1073 qui
1615 1012 1813 1071 nempe
1855 1016 1923 1057 ex
1959 1015 2026 1056 eo

464 1103 609 1175 quod
659 1100 911 1157 similiter
958 1113 1052 1154 eas
1091 1098 1459 1162 meditentur,
1504 1109 1780 1164 nunquam
1824 1104 2028 1151 sermo-

464 1211 593 1251 num
620 1194 714 1249 Dei
750 1191 1165 1248 obliviscentur.

541 1287 703 1341 Vens.
735 1285 824 1340 l7.
880 1281 1132 1337 Retribue
1154 1296 1302 1336 servo
1331 1290 1443 1348 tuo,
1472 1281 1641 1335 vivam
1663 1290 1712 1334 et
1734 1277 2024 1332 custodiam

463 1390 731 1435 sermones
760 1387 878 1431 tuos
905 1415 922 1441 ,
953 1385 1059 1430 etc.
1095 1373 1197 1440 Qui
1246 1371 1377 1428 fecit
1418 1372 1598 1427 omnia
1648 1386 1768 1441 qua:
1806 1370 1873 1423 ad
1931 1367 2025 1424 Dei

463 1471 831 1540 cognitionem
865 1467 1155 1523 conferunt
1181 1504 1198 1528 ,
1238 1463 1328 1520 hic
1358 1462 1506 1520 dicat
1541 1462 1707 1518 etiam
1747 1458 1976 1515 Domino
2009 1476 2025 1512 :

470 1583 487 1614 ι
534 1558 794 1617 Retribue
817 1574 978 1616 servo
1010 1568 1122 1615 tuo.
1162 1577 1182 1611 ι

2125 455 2410 526 μακάριος.

2202 548 2299 599 Ἐν
2330 543 2454 610 τοῖς
2477 539 2825 611 δικαιώμασί
2848 554 2966 595 σου
2991 535 3328 608 μελετήσω,
3359 553 3419 591 κ.
3445 551 3494 589 τ.
3519 533 3563 590 ἐ.
3589 533 3661 591 Ἕν

2120 641 2233 701 τοῖς
2262 633 2586 706 δικαιώμασί
2618 650 2704 696 τις
2738 631 2937 702 μελετᾷ
2982 628 3076 683 τοῦ
3117 628 3250 682 Θεοῦ
3298 628 3362 681 οὐ
3411 627 3661 698 ῥηματίοις

2122 728 2217 782 καὶ
2253 725 2548 791 λεξειδίοις,
2578 721 2713 776 ἀλλά
2747 720 2826 792 τῷ
2851 719 3163 791 νενοηκέναι
3191 718 3289 771 καὶ
3320 718 3494 769 ποιεῖν
3533 717 3659 771 αὐτὰ.

2123 819 2199 872 Οὐ
2227 818 2336 889 γὰρ
2364 817 2414 868 οἱ
2439 812 2702 886 ἀκροαταὶ
2742 811 2849 865 τῶν
2877 810 3255 881 δικαιωμάτων
3288 805 3388 861 τοῦ
3433 806 3559 860 Θεοῦ
3598 807 3660 860 δί-

2124 926 2267 963 καιοι
2299 906 2450 979 παρά
2477 904 2553 976 τῷ
2583 902 2722 975 Θεῷ,
2750 901 2862 957 ἀλλ’
2899 903 2951 954 οἱ
2982 900 3200 971 ποιηταὶ
3235 898 3445 979 αὐτῶνἓ
3474 899 3563 950 καὶ
3589 913 3665 968 με-

2124 1001 2382 1063 λετῶντες
2422 996 2562 1051 αὐτὰ
2588 999 2703 1060 τοῖς
2733 994 2941 1067 ἔργοις·
2978 992 3174 1055 οἵτινες
3205 994 3272 1045 ἐκ
3302 990 3401 1045 τοῦ
3442 990 3663 1056 ὡσαύτως

2125 1093 2265 1148 αὐτά
2299 1092 2525 1163 μελετᾷν
2564 1088 2815 1143 οὐδέποτε
2852 1085 2961 1141 τῶν
2994 1085 3168 1153 λόγων
3202 1083 3300 1138 τοῦ
3343 1082 3479 1135 Θεοῦ
3506 1080 3665 1153 ἐπιλή-

2128 1202 2331 1238 σονται.

2210 1272 2557 1339 Ἆγταπόδος
2597 1270 2676 1337 τῷ
2705 1270 2901 1338 δούλῳ
2948 1284 3064 1323 σου
3084 1309 3098 1333 ,
3147 1265 3401 1337 ζήσομαι
3448 1264 3541 1318 καὶ
3584 1281 3672 1332 ρυ-

2124 1367 2291 1433 λάξω
2318 1366 2460 1432 τοὺς
2483 1365 2705 1435 λόγους
2740 1378 2878 1428 σου,
2906 1378 2961 1415 κ.
2995 1378 3047 1415 τ.
3076 1362 3123 1413 ἐ.
3158 1361 3220 1415 '0
3261 1359 3497 1430 ποιήσας
3522 1355 3672 1409 πάντα

2124 1460 2196 1516 τὰ
2241 1456 2592 1513 συντελοῦντα
2640 1456 2778 1527 πρὸς
2827 1453 2926 1525 τὴν
2969 1452 3171 1523 γνῶσιν
3230 1451 3336 1523 τὴν
3384 1448 3479 1503 τοῦ
3522 1447 3671 1511 Θεοῦ,

2126 1547 2278 1616 οὗτος
2298 1549 2502 1620 λεγέτω
2530 1547 2623 1602 καὶ
2649 1547 2727 1620 τῷ
2753 1546 2944 1619 Κυρίῳ
2962 1563 2976 1577 ·
3005 1563 3025 1597 ι
3063 1544 3394 1606 Ἀνταπόδος
3423 1540 3499 1613 τῷ
3528 1539 3672 1609 δούλῳ

2130 1658 2248 1697 σου.
2265 1661 2286 1695 ο

542 1732 817 1807 Ejusdem.
870 1736 1025 1791 Danti
1057 1735 1310 1791 retribuit
1352 1733 1493 1789 sicut
1530 1730 1840 1786 Abrahamo
1883 1728 2028 1786 Isaa-

2202 1732 2314 1790 Τοῦ
2332 1733 2541 1789 αὐτοῦ.
2569 1733 2771 1786 Διδὸντι
2792 1728 3210 1788 ἀνταποδίδωσιν
3235 1727 3316 1791 ὡς
3340 1725 3420 1797 τῷ
3453 1722 3673 1796 ’Δῦραάμ

470 1841 617 1895 cum,
643 1839 696 1882 et
723 1828 773 1882 ei
802 1827 893 1898 qui
930 1826 1109 1881 attulit
1139 1828 1324 1881 decem
1363 1839 1542 1894 muas,
1572 1822 1694 1879 illas
1725 1823 1865 1893 ipsas
1894 1837 2031 1894 prae-

473 1921 588 1975 buit
637 1917 905 1975 dominus.

544 2009 707 2064 Vens.
744 2007 832 2063 l8.
863 2006 1051 2062 Revela
1082 2007 1259 2062 oculos
1290 2022 1456 2071 meos,
1480 2015 1530 2061 et
1558 2005 1907 2060 considerabo
1930 2005 2028 2058 mi-

472 2101 665 2155 rabilia
702 2100 767 2156 de
798 2098 907 2169 lege
944 2109 1055 2166 tua,
1109 2108 1216 2155 etc.
1261 2098 1372 2154 Lex
1410 2097 1743 2154 revelatione
1783 2097 2027 2168 indiget:

474 2190 791 2247 mandatum
822 2189 968 2245 enim
997 2189 1211 2245 Domini
1233 2189 1472 2245 lucidum
1505 2197 1608 2245 est.
1640 2188 1804 2260 799
1832 2188 2030 2256 Legem

472 2294 654 2339 autem
701 2280 807 2338 hoc
852 2280 973 2338 loco
1005 2282 1220 2338 vocavit
1264 2279 1562 2349 Scriptura;
1588 2274 1880 2335 historiam
1909 2294 2033 2350 quas

473 2370 542 2427 ad
568 2370 866 2442 spiritalem
911 2370 1227 2443 allegoriam
1265 2371 1524 2425 trahitur.
1562 2369 1718 2437 Quod
1753 2377 1811 2424 et
1836 2368 2033 2425 Paulus

472 2461 628 2530 fecit,
657 2477 780 2518 cum
814 2463 868 2518 in
898 2462 1123 2532 epistola
1162 2462 1229 2517 ad
1262 2460 1488 2518 Galatas
1521 2462 1566 2494 ¹⁹
1593 2461 1784 2517 scribit
1818 2477 1834 2517 :
1886 2480 1906 2514 ι
1939 2462 2032 2520 Di.-

476 2553 583 2609 cite
612 2553 767 2620 mihi,
816 2553 1013 2623 inquit,
1047 2554 1139 2622 qui
1184 2554 1284 2609 sub
1329 2555 1444 2625 lege
1492 2552 1658 2610 vultis
1693 2568 1834 2617 esse,
1864 2554 2033 2626 legem

474 2658 581 2699 non
632 2642 887 2715 legistis!
937 2640 1209 2715 Scriptum
1252 2655 1336 2701 est
1373 2646 1537 2709 enim,
1590 2646 1715 2715 quia
1760 2645 2033 2701 Abraham

475 2734 610 2788 duos
658 2732 798 2788 lllios
824 2733 1032 2802 habuit,
1088 2749 1251 2789 unum
1290 2735 1357 2791 de
1406 2735 1624 2801 ancilla,
1672 2745 1730 2791 et
1774 2752 1940 2791 unum
1967 2736 2036 2794 de

475 2822 674 2879 libera.
714 2838 735 2877 ι
763 2823 828 2879 Ει
857 2825 911 2879 lu
930 2826 1183 2881 omnibus
1208 2825 1275 2880 ad
1300 2826 1599 2896 spiritalem
1630 2840 1844 2882 sensum
1870 2827 2036 2883 refert

479 2915 762 2970 historiam
801 2928 965 2986 quam
1020 2916 1307 2988 allegorice
1348 2918 1415 2974 de
1461 2932 1696 2989 superna
1732 2918 2034 2974 Jerusalem

479 3006 883 3076 interpretatur.

547 3097 715 3152 Vens.
754 3098 843 3153 20.
885 3098 1189 3169 Concupivit
1228 3102 1405 3155 anima
1439 3119 1554 3157 mea
1607 3103 1910 3158 desiderare
1941 3105 2040 3173 ,ἰασ-

476 3188 820 3257 etiﬁcationes
850 3198 968 3245 tuas
996 3191 1050 3244 in
1086 3193 1228 3246 omni
1260 3203 1510 3263 tempore,
1544 3204 1650 3250 etc.
1685 3194 1801 3249 Non
1828 3196 2041 3252 deside-

480 3280 640 3343 ravit,
673 3281 767 3336 sed
794 3281 1000 3352 optavit
1037 3282 1366 3351 desiderare,
1419 3294 1474 3340 et
1510 3287 1563 3340 in
1603 3288 1748 3342 omni
1796 3297 2040 3360 tempore

480 3369 812 3426 desiderare.

548 3461 716 3518 Vens.
754 3463 845 3521 21.
882 3462 1178 3535 Increpain
1212 3467 1464 3538 superbos
1490 3482 1509 3521 :
1539 3468 1806 3525 maledicti
1837 3472 1928 3541 qui
1947 3470 2040 3527 de-

476 3551 678 3609 clinant
713 3572 746 3610 a
774 3557 1043 3614 mandatis
1082 3561 1211 3628 tuis,
1243 3571 1351 3617 etc.
1383 3561 1485 3630 Qui
1515 3565 1765 3633 superbis
1811 3565 2036 3631 resistit,

480 3643 571 3700 ille
600 3655 656 3701 et
688 3649 948 3718 superbos
975 3651 1240 3721 increpat.
1269 3653 1532 3711 Dominus
1565 3666 1746 3711 autem
1791 3660 2040 3725 superbis

473 3738 709 3806 resistit,
742 3738 1003 3798 Dominus
1030 3756 1162 3815 ergo
1192 3746 1352 3801 etiam
1382 3748 1648 3818 superbos
1674 3749 1941 3820 increpat.

548 3918 712 3973 Vens.
736 3918 828 3974 25.
868 3916 1080 3977 Etenim
1105 3924 1350 3980 sederunt
1372 3927 1656 3998 principes,
1688 3941 1737 3985 et
1762 3931 2038 3990 adversum

477 4024 557 4062 me
583 4008 968 4078 loquebantur;
998 4028 1176 4067 servus
1215 4026 1389 4068 autem
1434 4024 1558 4070 tuus
1605 4021 1947 4074 exercebatur
1984 4023 2039 4076 in

474 4098 940 4168 iustiﬁcationibus
970 4104 1098 4172 tuis,
1130 4114 1237 4161 etc.
1266 4105 1361 4162 Sic
1392 4110 1725 4165 conveniunt
1772 4113 2036 4172 adversus

472 4191 697 4261 justum,
732 4192 1144 4250 considerantes
1170 4199 1439 4262 quomodo
1469 4199 1794 4256 insidientur
1819 4204 1892 4270 ei,
1943 4206 2037 4261 sed

477 4281 595 4350 ipse
626 4297 732 4337 non
757 4283 952 4338 desiuit
980 4283 1122 4355 loqui
1151 4287 1205 4341 in
1233 4286 1712 4359 iustiﬁcationibus
1742 4295 1855 4351 Dei.
1887 4295 2036 4352 Nihil

475 4375 621 4429 enim
661 4374 883 4430 humani
910 4387 1090 4432 sonat.

552 4465 830 4535 Ejusdem.
869 4468 1102 4524 Assidua
1133 4470 1281 4526 circa
1322 4488 1436 4529 rem
1466 4479 1776 4549 quampiam
1809 4495 1939 4537 cura
1979 4492 2035 4538 et

475 4559 714 4613 studium
744 4562 1065 4617 exercitatio
1094 4573 1340 4621 vocatur.

549 4649 713 4705 Vens.
737 4651 829 4706 25.
869 4653 1106 4709 Adhwsit
1132 4656 1425 4725 pavimento
1456 4660 1637 4717 anima
1664 4679 1800 4730 mea,
1829 4665 2036 4733 vivi/lca

474 4757 556 4794 me
576 4746 859 4795 secundant
888 4746 1095 4798 verbum
1128 4756 1297 4809 tuum,
1321 4759 1430 4804 etc.
1457 4748 1810 4808 Peccatorum
1838 4757 2037 4812 animae

474 4847 595 4900 qua:
621 4840 835 4889 terrena
863 4835 1100 4904 sapiunt,
1127 4836 1438 4906 pavimento
1462 4840 1777 4910 adhaerent;
1800 4859 1901 4900 nec
1927 4861 2034 4901 non

468 4920 738 4991 iustorum
770 4923 966 4981 animae
989 4941 1108 4997 quae
1144 4927 1228 4982 vel
1249 4930 1570 4998 corporibus
1600 4931 1928 5003 colligantur
1948 4938 2034 4993 vel

472 5014 527 5068 in
569 5014 636 5068 iis
665 5025 886 5084 propter
912 5017 1368 5086 dispensationem
1398 5031 1738 5089 permanent.

544 5105 817 5177 Ejusdem.
841 5107 993 5164 Nunc
1013 5111 1228 5181 quidem
1252 5113 1480 5169 adhesit
1505 5114 1810 5184 pavimento
1832 5117 2032 5185 anima,

471 5208 525 5253 et
555 5198 699 5255 facta
728 5211 814 5257 est
843 5218 972 5258 caro
998 5221 1012 5272 ;
1049 5206 1103 5259 in
1140 5207 1538 5264 resurrectione
1573 5223 1704 5267 vero
1734 5209 2036 5267 adhaerebit

470 5303 604 5346 caro
641 5291 859 5359 animm,
899 5294 1111 5363 eritque
1152 5296 1330 5350 anima
1368 5312 1487 5366 quae
1518 5298 1571 5353 in
1605 5298 1901 5356 universali
1942 5316 2033 5357 re-

472 5382 807 5439 surrectione
858 5385 1085 5441 Domino
1141 5388 1424 5446 adhzereus
1473 5391 1535 5445 ﬁt
1588 5408 1727 5448 unus
1780 5392 2029 5463 spiritus,

471 5470 640 5539 litque
679 5485 877 5542 corpus
921 5476 1188 5546 spiritale.
1244 5478 1337 5536 liis
1385 5480 1560 5540 simile
1585 5491 1668 5540 est
1694 5482 1825 5541 illud
1867 5502 1879 5539 :
1917 5503 1936 5537 ι
1968 5484 2025 5543 lu

544 5652 585 5683 ιο
619 5647 737 5708 Gal.
782 5666 857 5721 IV,
895 5652 1114 5724 21,22.

2128 1827 2219 1882 τὸν
2252 1825 2464 1892 Ἰσαὰκ,
2495 1825 2591 1879 καὶ
2623 1823 2701 1895 τῷ
2749 1821 3149 1895 προσαγαγόντι
3180 1819 3286 1883 τὰς
3316 1817 3448 1872 δέκα
3495 1818 3617 1888 μνᾶς
3650 1818 3675 1867 ὁ

2129 1919 2493 1991 χαρισάμενος
2518 1916 2686 1979 αὐτὰς
2708 1914 2857 1985 αὐτῷ
2885 1911 3171 1983 δεσπὰτης.

2213 2010 2627 2080 Ἀποκὰλυψον
2660 2008 2800 2076 τοὺς
2832 2006 3177 2076 ὀφθαλμούς
3213 2020 3357 2073 μου,
3390 2002 3485 2055 καὶ
3520 2015 3671 2053 κατο-

2126 2100 2331 2169 γοήσω
2358 2102 2432 2156 τὰ
2460 2100 2760 2172 θαυμάσια
2791 2100 2860 2153 ἐκ
2907 2097 3013 2152 τοῦ
3059 2096 3252 2166 νόμου
3286 2108 3424 2155 σου,
3475 2108 3525 2144 κ.
3554 2107 3599 2143 τ.
3627 2090 3668 2143 ἐ.

2140 2195 2201 2250 '0
2227 2193 2390 2266 νόμος
2423 2191 2814 2261 ἀποκαλύψεως
2842 2190 3046 2243 δεῖται·
3074 2191 3107 2259 ἡ
3142 2187 3255 2259 γὰρ
3285 2184 3471 2255 ἐντολὴ
3497 2181 3669 2252 Κυρίου

2130 2286 2403 2360 τηλαυγὴς
2436 2289 2602 2340 ἐστιν.
2652 2283 2831 2355 Νόμον
2882 2282 2941 2335 δέ
2998 2278 3234 2335 ἐνταῦθα
3285 2276 3529 2347 ὠνόμασε
3588 2273 3669 2344 τὴν

2132 2377 2517 2450 πνευματικῶς
2547 2373 3020 2448 ἀλληγορουμένην
3047 2372 3150 2442 τῆς
3180 2368 3413 2442 Γραφῆς
3442 2365 3667 2435 ἱστορίαν·

2125 2472 2267 2543 ὅπερ
2304 2471 2394 2524 καὶ
2447 2467 2657 2532 Παῦλος
2709 2466 3007 2536 πεποίηκεν
3050 2465 3109 2518 ἐν
3143 2466 3210 2534 τῇ
3270 2460 3411 2532 πρὸς
3459 2456 3667 2543 Γαλάτας

2132 2562 2389 2634 ἐπιστολῇ
2431 2561 2689 2633 γράφων·
2732 2578 2751 2611 ι
2777 2556 2977 2627 Λέγετὲ
3016 2572 3127 2627 μοι,
3158 2555 3349 2625 φησιν,
3376 2553 3425 2604 οἱ
3467 2548 3563 2603 ὑπὸ
3598 2548 3667 2600 νό-

2132 2670 2237 2727 μον
2278 2652 2518 2716 θέλοντες
2562 2648 2700 2705 εἶναι
2717 2690 2732 2715 ,
2773 2650 2862 2703 τὸν
2908 2648 3070 2720 νόμον
3113 2646 3215 2700 οὐκ
3270 2640 3662 2713 ἀναγινώσκετε;

2133 2747 2444 2819 Γέγραπται
2473 2743 2601 2816 γὰρ,
2624 2744 2705 2797 ὅτι
2737 2739 2984 2813 Ἀϐραὰμ
3010 2739 3103 2792 δύο
3128 2738 3284 2800 υἱοὺς
3312 2736 3484 2806 ἔσχεν,
3509 2734 3592 2787 ἕνα
3613 2733 3664 2783 ἐκ

2132 2840 2233 2912 τῆς
2265 2837 2570 2908 παιδίσκης,
2599 2834 2695 2889 καὶ
2721 2833 2818 2887 ἐνα
2853 2835 2917 2886 ἐκ
2946 2831 3047 2902 τῆς
3073 2829 3394 2901 ἐλευθέρας·
3417 2846 3435 2879 ι
3461 2826 3544 2879 καὶ
3567 2820 3665 2877 ave

2135 2950 2222 3003 γει
2262 2932 2395 2985 πᾶσι
2435 2928 2532 3001 τὴν
2566 2926 2804 2997 ἱστορίαν
2841 2921 3226 2996 πνευματικῶς
3268 2914 3565 2991 ἀλληγορῶν
3590 2913 3663 2966 ἐπὶ

2140 3023 2236 3097 τὴν
2260 3024 2371 3078 ἀνω
2410 3017 2788 3091 Ἰερουσαλήμ.

2222 3110 2624 3175 Ἐπεπόθησεν
2659 3107 2699 3174 ἡ
2739 3101 2908 3174 ψυχή
2938 3118 3058 3174 μου
3084 3100 3193 3155 τοῦ
3238 3097 3581 3168 ἐπιθυμῆσαι
3606 3092 3664 3147 τὰ

2139 3196 2388 3268 κρίματά
2419 3213 2533 3250 σου
2564 3194 2634 3248 ἐν
2664 3194 2840 3248 παντὶ
2877 3189 3077 3261 καιρῷ,
3106 3207 3163 3242 κ.
3201 3207 3258 3244 τ.
3292 3190 3340 3242 ἐ.
3370 3189 3476 3242 Οὐκ
3500 3182 3661 3239 ἐπεθύ-

2142 3305 2334 3361 μησεν,
2376 3286 2489 3341 ἀλλ’
2527 3286 2866 3357 ἐπεπόθησεν
2910 3281 3270 3355 ἐπιθυμῇσαι,
3301 3278 3396 3334 καὶ
3435 3279 3489 3331 ἐν
3530 3272 3662 3328 παντὶ

2120 3379 2318 3454 καιρῷ
2340 3377 2695 3450 ἐπιθυμῆσαι.

2222 3472 2614 3542 Ἐπετίμησας
2668 3465 3069 3537 ὑπερηφάνοις
3087 3481 3102 3496 ο
3175 3459 3571 3530 ἐπικατῲατοι
3618 3455 3661 3507 ol

2136 3565 2524 3629 ἐκκλίνοντες
2553 3561 2673 3617 ἀπὸ
2725 3561 2843 3616 τῶν
2887 3554 3150 3614 ἐντολῶν
3202 3575 3341 3621 σου,
3377 3573 3429 3608 κ.
3455 3570 3500 3606 τ.
3531 3552 3572 3603 ἐ.
3616 3548 3660 3601 '0

2140 3654 2586 3725 ἀντιτασσόμενος
2623 3655 2737 3716 τοῖς
2776 3651 3165 3723 ὑπερηφάνοις,
3196 3643 3352 3712 οὗτος
3376 3646 3464 3700 καὶ
3492 3644 3659 3710 ὕπερηο

2140 3747 2328 3819 φάνοις
2360 3746 2605 3816 ἐπιτιμᾷ.
2630 3744 2834 3815 Κύριος
2875 3743 2932 3796 δέ
2973 3743 3344 3814 ὑπερηφάνοις
3389 3735 3658 3793 ἀντιτάσσε-

2137 3853 2229 3892 ται
2244 3853 2258 3867 ·
2285 3836 2487 3909 Κύριος
2510 3836 2620 3907 ἄρα
2642 3836 2739 3889 κα)⁵
2764 3838 2875 3898 τοῖς
2896 3833 3267 3906 ὑπερηφάνοις
3287 3829 3512 3899 ἐπιτιμᾷ.

2207 3926 2319 3981 Καὶ
2529 3924 2816 3980 ἐκάθισαν
2865 3922 3184 3993 ἄρχοντες,
3237 3920 3336 3975 καί
3386 3916 3501 3973 κατ’
3539 3908 3657 3983 ἐμοῦ

2140 4018 2516 4074 καταλάλουν
2534 4035 2548 4049 ⁸
2578 4021 2611 4073 ό
2637 4016 2706 4071 δὲ
2746 4016 2967 4082 δοῦλός
2997 4029 3113 4069 σου
3146 4008 3537 4083 ἡδο.ῖεσχεῖὲν
3554 4000 3655 4067 τοῖς

2139 4107 2487 4179 δικαιώμασί
2527 4126 2665 4173 σου,
2693 4125 2747 4161 κ.
2776 4124 2826 4160 τ.
2857 4108 2903 4161 ἐ.
2941 4105 3124 4169 Οὕτως
3165 4105 3499 4176 συνέρχονται
3542 4089 3655 4148 κατὰ

2139 4200 2232 4255 τοῦ
2257 4200 2483 4265 δικαίου,
2515 4200 2842 4264 σκοποῦντες
2877 4199 3025 4262 ὅπως
3052 4196 3491 4252 ἐπιϐουλεύσωσιν
3517 4184 3651 4256 αὐτῷ,

2140 4295 2254 4351 ἀλλ’
2287 4294 2449 4358 αὐτὸς
2490 4294 2553 4347 οὔ
2605 4295 2839 4368 παύεται
2882 4289 3056 4345 λαλῶν
3092 4291 3150 4343 ἐν
3195 4291 3307 4352 τοῖς
3345 4281 3653 4352 δικαιώμασιν

2068 4407 2112 4461 ι)
2141 4388 2233 4442 τοῦ
2264 4387 2397 4441 Θεοῦ
2415 4404 2429 4417 ·
2458 4387 2610 4440 οὐδὲν
2635 4386 2742 4458 γὰρ
2773 4384 3111 4457 ἀνθρώπινον
3142 4381 3447 4451 φθέγγεται.

2215 4477 2324 4533 Τοῦ
2369 4477 2577 4533 αὑτοῦ.
2618 4477 2682 4530 Ἡ
2722 4476 2849 4549 περί
2889 4493 2942 4529 τι
2976 4473 3204 4546 συνεχὴς
3235 4470 3411 4543 ὁμιλία
3442 4464 3527 4520 καὶ
3557 4460 3650 4514 δια-

2140 4570 2297 4643 τριϐὴ
2329 4569 2612 4639 ἀδολεσχία
2636 4568 2902 4622 καλεῖται.

2223 4659 2551 4730 Ἐκολλήθη
2591 4658 2668 4725 τῷ
2702 4657 2906 4726 ἐδάφει
2951 4657 2989 4725 ἡ
3031 4653 3201 4726 ψυχή
3230 4671 3366 4726 μου,
3399 4647 3560 4717 ζῆσόν
3585 4656 3648 4711 με

2139 4750 2290 4806 κατὰ
2332 4751 2439 4805 τὸν
2479 4752 2665 4821 λόγον
2711 4766 2847 4811 σου,
2880 4764 2932 4800 κ.
2957 4765 3007 4800 τ.
3030 4748 3078 4802 ἐ.
3108 4747 3227 4800 Τῶν
3270 4735 3573 4815 ἁμαρτωλῶν
3602 4732 3644 4784 αἱ

2137 4844 2306 4915 ψυχαὶ
2342 4843 2419 4913 τῷ
2451 4843 2635 4912 ἐδάφει
2674 4840 2966 4895 κολλῶνται
3007 4838 3079 4893 τὰ
3122 4839 3335 4907 ἐπίγεια
3369 4828 3641 4915 φρονοῦσαις

2139 4936 2244 4990 τῶν
2295 4936 2351 4988 δὲ
2393 4935 2616 4989 δικαίων
2668 4934 2787 5004 ἦτοι
2842 4928 3302 5002 συνδεσμούμεναι
3349 4912 3639 4994 σώμασιννῆ

2139 5025 2479 5100 χρονίζουσαι
2506 5027 2572 5080 δι’
2598 5024 2905 5096 οἰκονομίαν
2928 5024 2985 5076 ἐν
3012 5022 3219 5084 αὐτοῖς.

2215 5118 2326 5173 Τοῦ
2348 5116 2552 5172 αὐτοῦ.
2594 5116 2708 5170 Νῦν
2734 5116 2834 5187 μὲν
2861 5112 3125 5185 ἐκολλήθη
3151 5110 3230 5182 τῷ
3255 5108 3425 5176 ἐδάφει
3454 5104 3483 5173 ἡ
3506 5096 3637 5187 ψυχὴ)

2141 5210 2236 5263 καὶ
2274 5208 2463 5278 γέγονε
2493 5206 2662 5279 σάρξ’
2698 5182 2756 5261 ἐν
2794 5205 2851 5258 δὲ
2884 5206 2950 5276 τῇ
2983 5182 3274 5258 ἀναστάσει
3308 5195 3582 5264 κολλήσεται
3606 5182 3636 5285 ξι

2143 5298 2277 5369 σὰρξ
2321 5302 2387 5370 τῇ
2428 5298 2595 5369 ψυχῇ,
2625 5298 2719 5352 καὶ
2755 5296 2904 5350 ἔσται
2935 5295 3078 5367 ψυχὴ
3108 5295 3228 5366 ἥτις
3274 5284 3553 5358 κολληθεωα
3574 5292 3633 5343 τῳ

2139 5391 2328 5462 Κυρίῳ
2360 5394 2418 5445 ἐν
2443 5393 2510 5462 τῇ
2541 5389 2799 5461 καθολικῇ
2830 5387 3118 5443 ἀναστάσει
3143 5386 3343 5455 γίνεται
3370 5381 3424 5433 ἓν
3440 5370 3631 5470 availpr

2138 5485 2231 5538 καὶ
2263 5484 2466 5553 γίνεται
2510 5483 2573 5538 τὸ
2628 5482 2789 5552 σῶμα
2840 5478 3222 5551 πνευματικόν.
3267 5478 3466 5545 Ὅμοιον
3509 5470 3631 5516 “=00”
