3928 6158
255 298 395 356 I595

1174 292 1485 350 SELEC'I‘A
1522 291 1589 348 IN
1622 289 1959 349 PSALMOS.
2000 318 2067 331 -—-
2106 287 2303 344 PSAL.
2340 286 2581 345 CXVIII.

3357 288 3493 346 1594

251 406 331 480 τῷ
352 424 368 439 ο
407 425 426 459 ι
457 404 552 470 Εἰς
600 403 729 477 χοῦν
764 404 993 460 θανάτου
1023 406 1335 478 κατήγαγές
1372 423 1472 477 με·
1498 424 1519 459 ι
1578 407 1675 461 καὶ
1716 407 1805 478 τῷε

1921 405 2199 475 pulverem
2228 404 2420 459 mortis
2453 399 2726 459 deduxisti
2758 412 2847 455 me
2878 401 2925 431 ²⁰
2956 418 2968 453 :
3011 420 3031 452 ι
3069 400 3219 466 item,
3259 421 3279 455 ι
3311 402 3490 461 Humi.

257 516 279 552 ι
323 495 691 568 Ἐταπεινώθη
722 499 801 562 εἰς
853 497 982 568 χοῦν
1012 500 1046 570 ἡ
1095 496 1241 568 ψυχὴ
1281 498 1437 569 ήμῶν
1458 515 1473 528 ·
1500 518 1518 550 ι
1553 498 1651 552 καὶ
1700 499 1778 569 τῷ
1801 517 1814 531 ο

257 606 277 641 t
305 587 377 640 Τὸ
410 585 570 657 σῶμα
603 586 703 658 τῆς
733 584 1114 650 ταπεινώσεως
1145 586 1331 657 ήμῶνο
1357 605 1376 638 ι
1411 587 1504 641 καὶ
1537 588 1635 659 τῷ,
1676 608 1695 641 ι
1724 589 1820 654 Τίς

252 694 322 750 με
351 677 575 750 ῥύσεται
618 678 682 731 ἐκ
717 677 812 731 τοῦ
858 675 1111 749 σώματος
1146 677 1241 732 τοῦ
1278 677 1510 733 θανάτου
1540 678 1769 748 τούτου;
1795 699 1814 733 ι

248 772 359 844 Τὴν
403 769 708 843 ὑπερϐολὴν
734 770 834 841 τῆς
860 769 1238 834 ταπεινώσεως
1269 770 1359 825 διὰ
1387 771 1590 827 τούτων
1622 772 1821 844 ἐδήλω-

247 880 359 917 σεν.
402 863 560 918 Οὕτω
612 862 721 935 γὰρ
753 866 811 917 ἐν
856 870 945 935 μγ¹
971 862 1204 934 ψαλμῷ·
1264 883 1284 916 ι
1308 864 1435 918 Ὅτι
1482 863 1817 938 ἐταπεινώθη

245 957 327 1019 εἰς
364 954 494 1025 χοῦν
536 955 571 1027 ἡ
613 955 759 1028 ψυχὴ
797 956 977 1028 ἡμῶν,
1006 955 1269 1027 ἐκολλήθη
1298 958 1381 1021 εἰς
1411 957 1514 1028 γῆν
1544 959 1577 1029 ἡ
1608 957 1817 1030 γαστὴρ

330 1064 425 1099 ων.
457 1064 473 1097 1

330 1064 425 1099 ων.
457 1064 473 1097 ι

244 1047 496 1193 Moser
545 1137 951 1208 δικαιωμάτων
1011 1153 1128 1192 σου
1174 1135 1500 1192 συνέτισόν
1549 1153 1657 1207 με,
1717 1138 1815 1193 καὶ

242 1228 644 1298 ἀδολεσχήσω
689 1229 760 1283 ἐν
809 1228 933 1295 τοῖς
990 1229 1344 1299 θαυμασίοις
1398 1245 1534 1297 σου,
1591 1246 1646 1284 κ.
1685 1248 1737 1285 τ.
1767 1232 1813 1285 ἐ.

243 1318 468 1376 Σύνεσιν
495 1322 603 1393 γὰρ
633 1320 743 1374 τῶν
784 1321 841 1376 ἐν
892 1321 1074 1385 αὐτοῖς
1123 1321 1437 1393 μυστηρίων
1493 1320 1694 1388 λαϐὼν,
1740 1322 1817 1386 ὡς

242 1416 343 1468 καὶ
380 1414 582 1485 ταύτην
611 1413 855 1478 ὁδεύσας,
889 1414 1188 1486 δυνήσομαι
1220 1414 1348 1486 περὶ
1392 1415 1501 1467 τῶν
1544 1417 1603 1470 ἐν
1633 1416 1818 1482 αὐτοῖς

243 1503 562 1576 θαυμασίων
586 1505 792 1577 ὁμιλεῖν
814 1523 875 1559 τε
904 1508 997 1560 καὶ
1020 1506 1180 1576 λόγον
1209 1506 1498 1561 ποιεῖσθαι.

315 1596 683 1660 Ἐνύσταξεν
727 1598 765 1666 ἡ
808 1597 978 1667 ψυχή
1026 1615 1145 1667 μου
1193 1597 1310 1653 ἀπὸ
1372 1596 1656 1665 ἀκηδίας·
1705 1599 1818 1665 βε-

238 1688 505 1743 ὅιιίωσόν
548 1706 625 1759 με
661 1690 731 1745 ἐν
759 1689 883 1757 τοῖς
927 1691 1130 1760 λόγοις
1160 1706 1297 1755 σου,
1332 1709 1383 1746 κ.
1414 1709 1465 1745 τ.
1493 1692 1541 1746 ἐ.
1593 1693 1816 1764 Ἀκηδία

1921 498 2049 552 liata
2075 507 2161 553 est
2183 497 2235 552 in
2258 497 2482 566 pulvere
2513 496 2693 549 anima
2723 506 2909 549 nostra
2935 490 3017 560 ἰς
3056 515 3075 547 ι
3109 496 3260 563 item,
3298 515 3319 551 ι
3354 498 3488 555 Cor-

1918 603 2019 658 pus
2048 587 2367 642 humilitatis
2383 594 2588 640 nostrae
2611 586 2679 648 υς
2715 603 2734 635 ι
2757 594 2832 647 ει,
2857 603 2875 636 ι
2902 586 3034 649 Quis
3052 588 3137 641 me
3158 585 3408 642 liberabit
3428 591 3490 644 de

1919 693 2145 748 corpore
2171 679 2363 733 mortis
2396 676 2555 745 hujus
2578 675 2664 730 ”?
2688 695 2707 726 ι
2747 677 2851 731 Ρει·
2875 678 2988 730 haec
3016 690 3298 731 excessum
3317 678 3471 733 humi-

1918 771 2083 825 litatis
2112 771 2368 825 ostendit.
2418 770 2511 825 Sic
2553 769 2700 824 enim
2753 769 2807 822 in
2843 768 3051 836 psalmo
3081 769 3490 838 quadragesimo

1921 863 2079 918 tertio
2108 864 2151 895 “
2184 863 2299 916 ait:
2339 880 2359 913 ι
2400 860 2668 926 Quoniam
2712 860 2995 915 humiliata
3045 869 3128 916 est
3180 860 3235 915 in
3271 860 3489 930 pulvere

1917 969 2097 1009 annna
2154 969 2363 1021 nosua,
2416 954 2823 1024 conglutinatus
2877 961 2961 1008 est
3010 952 3063 1006 in
3110 960 3256 1008 terra
3303 962 3488 1010 venter

1917 1058 2122 1101 ιιοειετ.
2158 1065 2178 1098 ι

1988 1137 2154 1194 Vens.
2194 1137 2286 1191 27.
2333 1135 2487 1191 Viam
2531 1136 2984 1208 justificationum
3035 1144 3245 1189 tuarum
3289 1136 3493 1190 instrue

1917 1245 2018 1295 me,
2051 1240 2098 1284 et
2122 1230 2400 1283 exercebar
2447 1230 2501 1281 in
2538 1228 2869 1281 mirabilibus
2902 1230 3031 1289 tuis,
3079 1240 3186 1282 etc.
3228 1227 3488 1297 Percepta

1916 1324 2059 1378 enim
2096 1322 2480 1393 mysteriorum
2517 1336 2640 1391 quae
2691 1323 2744 1375 in
2786 1323 2866 1376 eis
2915 1331 3063 1386 sunt,
3114 1320 3489 1390 intelligentia,

1914 1426 1969 1471 et
2002 1417 2140 1471 hanc
2184 1417 2325 1470 viain
2379 1430 2659 1479 emensus,
2695 1416 2761 1470 de
2795 1414 3150 1487 mirabilibus}
3174 1430 3292 1486 qua:
3327 1416 3380 1471 in
3409 1416 3490 1471 eis

1916 1517 2044 1561 sunt
2076 1517 2264 1577 potero
2292 1508 2604 1561 conversari
2638 1517 2694 1562 et
2716 1507 2880 1562 verba
2916 1506 3121 1566 facere.

1992 1599 2155 1655 Vens.
2195 1598 2284 1653 28.
2331 1599 2647 1653 Dormitavit
2676 1600 2853 1653 anima
2885 1615 3001 1653 mea
3025 1614 3136 1669 prie
3159 1601 3341 1666 tazdio,
3365 1616 3491 1656 con-

1916 1692 2073 1762 ﬁrma
2100 1708 2180 1745 me
2210 1693 2265 1745 in
2294 1692 2459 1747 verbis
2489 1693 2619 1757 tuis,
2655 1700 2762 1747 etc.
2798 1690 3041 1746 Taedium
3075 1704 3157 1748 est
3199 1695 3251 1747 in
3299 1696 3487 1749 eodem

237 1782 363 1835 ἐστὶ
415 1781 626 1855 κίνησις
671 1786 729 1839 ἐν
779 1782 858 1854 τῷ
899 1782 1053 1855 αύτῷ
1108 1783 1458 1857 πολυχρόνιος
1498 1785 1673 1858 θυμοῦ
1716 1789 1805 1843 καὶ

1917 1785 2005 1837 ditt
2055 1783 2354 1854 perdurans
2397 1791 2574 1837 motus
2620 1781 2824 1837 furoris
2872 1790 2928 1836 et
2978 1783 3483 1852 concupiscentiae;

236 1872 563 1945 ἐπιθυμίας·
595 1873 690 1928 τοῦ
724 1876 824 1946 μὲν
861 1880 972 1938 τοῖς
1011 1876 1275 1948 παροῦσιν
1299 1877 1674 1951 ὀργιζομένου,
1710 1879 1814 1951 τῆς

233 1962 295 2016 δὲ
347 1965 645 2038 ἐφιεμένης
688 1966 797 2020 τῶν
856 1965 931 2041 μὴ
968 1968 1273 2039 παρόντων.
1319 1968 1649 2040 Νυσταγμός
1694 1971 1840 2025 ἐστι·

228 2048 417 2127 ψυχῆς
445 2055 667 2128 λογικῆς
708 2056 937 2128 ἀμέλεια
984 2059 1093 2114 τῶν
1135 2059 1348 2130 ἀρετῶν
1384 2061 1477 2115 καὶ
1522 2061 1620 2131 τῆς
1669 2061 1812 2131 γνώ-

233 2165 379 2211 σεως
418 2147 519 2218 τῆς
556 2149 650 2203 τοῦ
688 2148 854 2204 Θεοῦο
892 2149 1058 2215 ῦπνος
1085 2152 1204 2205 ἐστὶ
1232 2150 1411 2223 ψυχῆς
1455 2152 1677 2224 λογικῆς
1707 2171 1813 2225 χω-

230 2237 431 2312 ρισμὸς
466 2239 710 2306 ἑκούσιος
731 2242 837 2297 ἀπὸ
859 2242 959 2315 τῆς
978 2243 1146 2309 ὅντως
1173 2243 1319 2315 ζωῆς
1334 2261 1347 2275 °
1371 2244 1452 2299 διὸ
1476 2244 1572 2298 καὶ
1594 2247 1622 2298 ὁ
1649 2245 1812 2314 σοφὸς

224 2324 490 2397 Σολομῶν
532 2332 789 2399 παραινεῖ
836 2330 910 2403 μὴ
961 2332 1143 2386 δοῦναι
1202 2332 1366 2387 ὕπνον
1417 2335 1531 2397 τοῖς
1576 2332 1808 2406 ὄμμασι,

230 2418 357 2490 μηδ’
379 2420 739 2487 ἐπινυστάξαι
767 2426 879 2487 τοῖς
911 2422 1221 2495 βλεφάροις.

314 2529 493 2584 Ὁδὸν
536 2531 771 2599 ἀδικίας
831 2534 1186 2602 ἀπόστησον
1224 2533 1325 2589 ἀπ’
1365 2532 1531 2603 ἐμοῦ,
1578 2535 1676 2591 καὶ
1730 2536 1810 2604 τῷ

224 2622 393 2693 νόμῳ
450 2639 566 2680 σου
602 2626 868 2696 ἐλέησόν
913 2645 1009 2698 με,
1042 2646 1094 2682 κ.
1135 2646 1183 2682 τ.
1213 2631 1261 2684 ἐ.
1293 2630 1406 2683 υύκ
1457 2631 1584 2702 ἐμὲ,
1620 2633 1805 2705 φησιν,

220 2715 543 2788 ἀπόστησον
573 2717 680 2771 ἀπὺ
714 2718 836 2773 ὀδοῦ
882 2720 1116 2787 ἀδικίας,
1144 2721 1260 2774 ἀλλ’
1301 2723 1469 2794 αὐτὴν
1512 2724 1608 2777 ἀπ’
1649 2725 1805 2797 ἐμοῦ,

221 2804 300 2871 ὡς
332 2808 750 2881 ἐνυπάρχουσαν
781 2811 903 2883 ήδη·
939 2812 1032 2865 καὶ
1071 2812 1330 2884 δεομένην
1363 2814 1461 2884 μὲν
1491 2813 1647 2886 ἡμῶν
1671 2816 1810 2889 πρὸς

216 2897 500 2967 ἐξέλασιν,
538 2901 771 2973 μάλιστα
805 2902 862 2957 δὲ
899 2903 997 2975 τῆς
1041 2904 1106 2956 ἐκ
1139 2904 1273 2958 Θεοῦ
1315 2904 1587 2976 βοηθείας,
1627 2906 1702 2972 ὡς
1741 2906 1809 2963 ἂν

217 2990 543 3064 ἐλεηθῶμεν
576 2994 725 3066 νόμῳ
756 2994 891 3049 Θεοῦ
911 3012 925 3027 ο
956 2997 1140 3068 ὅμοιον
1183 2997 1240 3051 δὲ
1272 2997 1350 3068 τῷ
1379 2997 1557 3068 λέγειν
1606 2999 1803 3075 ῑατρῷο

1913 1873 2057 1929 illius
2089 1873 2307 1942 quidem
2362 1873 2722 1941 praesentibus
2767 1872 2918 1937 irati,
2957 1871 3116 1940 hujus
3164 1888 3292 1927 vero
3322 1872 3491 1944 800

1911 1966 2155 2021 absentia
2189 1964 2568 2019 desiderantis.
2593 1963 2914 2018 Dormitatio
2934 1974 3019 2018 est
3048 1965 3241 2018 animae
3274 1967 3488 2019 ratione

1913 2056 2152 2125 praeditas
2176 2055 2502 2126 negligentia
2530 2057 2793 2110 virtutum
2829 2064 2882 2111 et
2909 2056 3152 2110 scientia'
3184 2056 3299 2111 Dei.
3331 2056 3487 2111 Som-

1910 2165 2014 2204 nus
2057 2157 2142 2205 est
2187 2149 2384 2203 anima:
2416 2148 2628 2202 ratione
2664 2147 2906 2217 praedita:
2960 2147 3269 2202 voluntaria
3315 2162 3487 2217 sepa-

1912 2241 2052 2297 ratio
2078 2256 2108 2294 a
2134 2255 2263 2296 vera
2305 2240 2441 2294 vita.
2483 2240 2828 2310 Quapropter
2867 2249 2921 2294 et
2954 2240 3178 2308 sapiens
3225 2239 3482 2295 Salomon

1910 2335 2163 2389 hortatur
2184 2333 2250 2396 ’⁸,
2280 2344 2337 2387 ιιι
2365 2349 2473 2386 ιιοιι
2506 2333 2662 2388 detur
2690 2348 2915 2388 sunmus
2940 2332 3112 2388 oculis
3147 2347 3324 2403 neque
3352 2333 3483 2388 dor-

1909 2426 2124 2481 mitatio
2156 2425 2445 2495 palpebris.

1980 2540 2145 2595 Vens.
2185 2539 2276 2597 29.
2331 2536 2480 2593 Viam
2525 2538 2820 2609 iniquitatis
2869 2556 3049 2595 amove
3087 2558 3120 2595 a
3173 2558 3275 2606 me,
3318 2550 3366 2594 et
3416 2541 3483 2597 de

1908 2639 2019 2702 tege
2048 2643 2139 2686 tua
2165 2633 2405 2686 miserere
2437 2632 2558 2696 mei,
2585 2641 2693 2688 etc.
2724 2630 2840 2685 Non
2890 2648 2998 2696 nte,
3046 2632 3248 2701 inquit,
3287 2648 3482 2688 amove

1909 2739 1938 2779 a
1967 2725 2052 2779 via
2083 2723 2408 2794 iniquitatis,
2434 2723 2526 2777 sed
2557 2723 2728 2791 ipsam
2763 2738 2792 2778 a
2821 2739 2925 2789 me,
2956 2734 3015 2777 ut
3038 2738 3160 2793 quae
3191 2722 3321 2778 tnibi
3352 2724 3481 2779 insit

1908 2827 1964 2871 et
2002 2815 2156 2869 nobis
2205 2812 2423 2884 quidem
2463 2821 2642 2883 egeat,
2693 2821 2756 2866 ut
2805 2798 3183 2877 removeatur,
3243 2815 3480 2869 maxime

1914 2924 2046 2962 vero
2074 2906 2166 2961 Dei
2200 2905 2425 2973 auxilio,
2471 2914 2529 2959 ut
2563 2909 2682 2976 lege
2730 2906 2820 2959 Dei
2867 2906 3295 2960 misericordiam
3348 2922 3480 2963 con-

1908 3008 2238 3063 sequamur:
2271 2994 2429 3064 quasi
2463 2993 2612 3048 dicat
2662 2996 2872 3049 medico
2918 3013 2931 3048 :
2987 2995 3118 3049 Arte
3166 2996 3478 3051 medicinali

233 3083 512 3156 ’ἰατρικῆς
542 3085 687 3157 λόγῳ
739 3088 875 3158 πρὸς
926 3087 1136 3157 ὑγίειάν
1180 3104 1247 3158 με
1286 3091 1532 3161 κόμισον,
1574 3092 1676 3147 κᾶν
1717 3110 1805 3149 το-

1917 3088 1974 3143 ad
1995 3088 2278 3143 sanitatem
2303 3100 2496 3140 revoca
2524 3101 2627 3148 me,
2650 3086 2766 3142 sive
2795 3086 2941 3143 ferro
2961 3089 3075 3143 sive
3102 3089 3316 3144 ustione
3342 3104 3476 3159 opus

214 3175 333 3248 μῆς
366 3177 467 3250 δέῃ
501 3178 596 3231 καὶ
630 3178 901 3244 καύσεως,
942 3180 1048 3235 κᾶν
1098 3180 1288 3253 ἐτέρου
1341 3182 1488 3247 τινὸς
1538 3183 1648 3238 τῶν
1686 3186 1806 3239 ἐπι-

214 3267 513 3338 σταμένων
553 3268 764 3325 λυπεῖν.
803 3271 1008 3325 Τούτου
1051 3271 1109 3325 δὲ
1139 3271 1232 3326 τοῦ
1283 3273 1450 3344 νόμου
1492 3273 1613 3328 ούδέ
1659 3275 1801 3350 ἀρχή

214 3358 337 3411 ἐστι
360 3361 479 3422 τοῖς
515 3361 738 3433 μηδέπω
767 3363 1275 3435 ὲπισκοπουμένοις,
1308 3363 1425 3417 ἀλλ’
1449 3363 1529 3418 ἔτι
1568 3366 1802 3439 παραδι-

213 3451 471 3524 δομένοις
502 3454 732 3510 πάθεσιν
781 3457 1025 3528 ἀτιμίας,
1071 3455 1104 3528 ἢ
1157 3455 1400 3529 ἀδοκίμῳ
1450 3457 1485 3530 ἦ
1531 3476 1638 3512 τινι
1696 3459 1803 3515 τῶν

212 3542 373 3598 οὔπω
416 3546 517 3617 τὴν
545 3547 832 3619 διόρθωσιν
880 3550 974 3602 καὶ
1023 3548 1319 3620 θεραπείαν
1352 3550 1799 3621 περιποιούντων.

223 3636 347 3708 Ἐφ’
369 3640 500 3693 ὅσον
530 3641 638 3713 γὰρ
671 3642 828 3713 ήμῶν
859 3645 892 3715 η
920 3643 1022 3715 τῆς
1050 3643 1264 3710 ἀδικίας
1306 3645 1422 3710 ὁδὸς
1446 3646 1545 3700 οὐκ
1572 3646 1803 3716 ἀφίστα-

209 3742 324 3795 ται,
361 3729 461 3783 ἐπὶ
495 3732 746 3786 τοσοῦτον
770 3733 898 3788 οὐδὲ
942 3736 1117 3808 ἀρχὴν
1163 3734 1359 3808 ἔχομεν
1399 3737 1492 3791 τοῦ
1536 3738 1801 3793 ἐλεεῖσθαι

211 3816 371 3891 νόμῳ
410 3819 571 3875 Θεοῦ.

296 3931 473 3987 Ὁδὸν
514 3933 779 3990 ἐντολῶν
818 3950 935 3991 σου
967 3935 1244 4008 ἔδραμον,
1275 3937 1420 3994 ὅταν
1458 3936 1802 4008 ἐπλάτυνας

207 4026 332 4094 τὴν
377 4027 636 4096 καρδίαν
671 4046 811 4099 μου,
848 4049 903 4087 κ.
948 4047 998 4085 τ.
1037 4032 1083 4087 ἐ.
1120 4033 1183 4086 Οἱ
1217 4032 1365 4102 λόγοι
1416 4033 1523 4086 τῶν
1570 4034 1800 4087 ἐντολῶν

206 4118 585 4184 πλατύνοντες
627 4120 723 4194 τὴν
755 4123 983 4196 καρδίαν
1024 4122 1244 4179 εὕκολον
1274 4125 1410 4197 αὐτῇ
1450 4124 1801 4197 παρασκευά-

205 4212 369 4279 ζουσι
398 4214 500 4285 τῆς
534 4218 845 4289 πρακτικῆς
872 4217 971 4290 τὴν
1001 4218 1140 4273 ὁδόν.

285 4330 404 4385 Τοῦ
441 4330 648 4385 αὐτοῦ.
686 4351 705 4385 ι
741 4333 889 4398 Ὁδὸς
929 4334 1028 4406 μὲν
1062 4332 1223 4406 στενὴ
1264 4333 1359 4386 καὶ
1387 4330 1720 4405 τεθλιμμένη
1761 4335 1795 4405 η

1907 3179 1999 3244 sit,
2025 3181 2141 3234 sive
2174 3177 2280 3232 alio
2316 3177 2559 3247 quolibet
2587 3179 2825 3231 remedio
2849 3182 2990 3248 quod
3013 3179 3251 3234 dolorem
3281 3181 3473 3250 pariat.

1907 3269 2081 3339 Ilujus
2120 3270 2253 3340 legis
2280 3283 2347 3324 ne
2385 3268 2605 3322 initium
2635 3271 2850 3337 quidem
2892 3269 3089 3326 habent
3129 3272 3167 3326 ii
3213 3273 3302 3341 qui
3337 3288 3476 3327 non-

1905 3363 2032 3418 dum
2086 3362 2287 3417 visitati
2334 3370 2482 3422 sunt,
2543 3363 2640 3415 sed
2696 3365 2874 3417 adhuc
2933 3363 3116 3419 traditi
3187 3362 3476 3420 aﬂ'ectibus

1899 3454 2252 3526 ignominiae;
2287 3453 2367 3508 vel
2415 3453 2700 3525 reprobus,
2734 3455 2815 3508 vel
2849 3455 3114 3524 quispiam
3145 3468 3330 3509 eorum
3381 3455 3474 3524 qui

1905 3546 2144 3601 nondum
2173 3548 2443 3601 emendati
2473 3558 2527 3601 et
2559 3548 2780 3602 sanitati
2829 3548 3062 3602 restituti
3113 3554 3262 3600 sunt.
3287 3547 3473 3611 Quan-

1905 3649 2015 3693 tum
2067 3640 2210 3694 enim
2263 3640 2346 3692 via
2394 3637 2701 3708 iniquitatis
2740 3653 2771 3692 a
2820 3639 2974 3692 nobis
3005 3652 3109 3691 non
3145 3648 3476 3703 removetur,

1902 3740 2108 3785 tantum
2139 3732 2397 3784 absumus
2428 3732 2495 3784 ab
2529 3729 2686 3783 initio
2734 3727 3128 3784 misericordiae
3162 3744 3263 3799 per
3298 3729 3472 3800 legem

1906 3822 1996 3878 Dei
2028 3823 2440 3891 consequentiae.

1978 3938 2139 3993 Vens.
2179 3938 2268 3992 32.
2338 3935 2490 3991 Viam
2529 3934 2910 3989 mandatorum
2964 3947 3173 3991 tuarum
3235 3939 3470 4006 cucurri,

1901 4047 2021 4085 cum
2071 4030 2311 4084 dilatasli
2343 4045 2434 4083 car
2481 4045 2676 4093 meum,
2726 4037 2832 4084 etc.
2881 4027 3259 4083 Mandatornm
3304 4030 3471 4085 verba

1900 4138 2020 4191 quae
2048 4137 2145 4177 cor
2174 4122 2427 4190 dilatant,
2458 4122 2675 4178 facilem
2705 4123 2753 4180 ei
2782 4131 2981 4193 parant
3011 4121 3077 4176 ad
3126 4137 3211 4178 res
3236 4123 3472 4194 agendas

1900 4229 2069 4269 utam.

1972 4326 2246 4399 Ejusdem.
2290 4346 2309 4380 ι
2344 4327 2440 4383 Via
2465 4326 2679 4397 quidem
2712 4337 2939 4398 angusta
2973 4336 3026 4382 et
3053 4337 3204 4383 arcta
3238 4336 3322 4383 est
3350 4343 3473 4399 qua:

200 4421 511 4491 ἀπάγουσα
561 4423 641 4487 εἰς
690 4425 789 4495 τὴν
830 4423 1009 4497 ζωήνσ
1040 4445 1059 4478 ι
1103 4425 1302 4498 καρδία
1333 4424 1390 4479 δέ
1423 4424 1653 4478 πλατεῖα
1699 4426 1794 4479 καὶ

1917 4418 2047 4473 lucit
2083 4419 2150 4474 ad
2187 4420 2351 4472 vitam
2379 4418 2464 4485 ²⁶;
2503 4437 2523 4470 ι
2562 4433 2658 4474 cor
2687 4429 2865 4473 autem
2890 4420 3053 4473 latum
3078 4429 3133 4474 et
3164 4420 3468 4489 spatiosum

201 4489 532 4588 εὐρύχωρος
565 4516 669 4570 ὑπὸ
710 4489 804 4571 τοῦ
855 4489 1014 4587 λόγου
1072 4489 1406 4589 εὐρυνομένη
1440 4518 1475 4587 ἡ
1510 4517 1660 4585 ἁγία,
1700 4518 1796 4573 καὶ

1917 4528 1929 4565 ι
1966 4510 2129 4566 verbo
2156 4509 2440 4565 dilatatutn
2470 4520 2720 4566 sanctum
2756 4521 2864 4575 est,
2896 4520 2951 4566 et
2991 4512 3157 4565 Deum
3190 4513 3360 4579 videt,
3405 4527 3472 4569 ac

200 4608 342 4663 Θεὸν
373 4608 647 4679 ὀψομένη,
693 4610 787 4663 καὶ
818 4610 908 4664 τὸν
940 4609 1100 4664 καλὸν
1146 4610 1344 4682 δρόμον
1382 4612 1648 4684 τρέχουσα
1691 4611 1793 4683 τῆς

1917 4603 2041 4658 tiam
2077 4602 2456 4657 mandatorum
2504 4603 2598 4659 Dei
2652 4603 2846 4658 currit.
2880 4602 2971 4659 Sic
3017 4605 3124 4659 lata
3164 4606 3382 4674 quidem
3413 4614 3471 4662 et

195 4699 325 4756 ὁδοῦ
356 4697 479 4752 τῶν
527 4698 754 4753 ἐντολῶν
801 4699 893 4754 τοῦ
943 4700 1098 4754 Θεοῦ.
1135 4701 1290 4755 Οὕτω
1336 4703 1437 4774 μὲν
1481 4705 1515 4775 ή
1564 4703 1791 4757 πλατεῖα

195 4791 296 4845 καὶ
326 4788 647 4862 εὐρύχωρος
673 4790 791 4854 ὁδὸς
821 4792 1025 4859 ἀπάγει
1060 4794 1154 4846 ἐπὶ
1198 4794 1297 4864 τὴν
1330 4792 1627 4859 ἀπώλειαν,
1654 4796 1690 4865 ἡ
1733 4793 1791 4848 δὲ

195 4882 372 4953 στενὴ
422 4881 639 4953 καρδία,
676 4884 770 4936 καὶ
805 4884 879 4954 μὴ
906 4883 1156 4954 χωροῦσα
1187 4887 1243 4938 ἐν
1273 4888 1439 4957 ἑαυτῇ
1477 4885 1642 4957 μονὴν
1676 4886 1790 4939 Πα-

191 4973 333 5047 τρὸς
380 4971 481 5024 καὶ
512 4971 641 5024 Υίοῦ
688 4971 909 5042 χωρίζει
944 4972 1051 5025 ἀπὸ
1093 4972 1226 5026 Θεοῦ
1266 4973 1356 5028 διὰ
1390 4974 1488 5045 τὴν
1528 4990 1791 5044 στενοχω-

193 5067 327 5140 ρίαν
356 5063 457 5118 τὸν
486 5062 746 5133 τοιαύτην
769 5065 836 5134 τῇ
868 5063 1063 5118 ἑαυτοῦ
1088 5065 1255 5135 κακίᾳ
1285 5064 1646 5137 πεποιηκότα.

266 5170 707 5244 Νομοθέτησόν
731 5188 828 5242 με,
855 5173 1054 5240 Κύριε,
1069 5171 1200 5245 ’τὴν
1230 5172 1374 5227 ὁδὸν
1407 5171 1527 5226 τῶν
1554 5173 1786 5227 δικαιω-

187 5266 413 5340 μάτων
461 5280 599 5329 σου,
633 5264 733 5318 καὶ
764 5262 1067 5331 ἐκζητήσω
1095 5262 1292 5331 αὐτὴν
1321 5263 1419 5317 διὰ
1453 5264 1700 5331 παντὸς,
1730 5281 1786 5319 κ.

190 5373 247 5411 τ.
279 5357 333 5411 ἐ.
373 5353 454 5407 Τὸ
490 5353 590 5424 μὲν
641 5354 753 5425 γὰρ
800 5354 951 5426 παρά
996 5352 1091 5408 τοῦ
1134 5352 1270 5407 Θεοῦ
1317 5355 1579 5420 αἰτεῖται,
1626 5355 1687 5408 τὸ
1730 5354 1788 5408 δὲ

189 5444 613 5518 ἐπαγγέλλεται
641 5444 703 5511 ἐξ
744 5445 941 5500 ἐαυτοῦ
988 5447 1381 5519 συνεισφέρειν.
1422 5448 1495 5502 Σὺ
1528 5448 1625 5520 μὲν
1655 5449 1783 5520 γὰρ,

192 5541 395 5615 φησιν,
428 5532 478 5591 ὦ
516 5539 707 5611 Κύριε,
749 5539 1113 5613 νομοθέτησόν
1148 5558 1239 5613 μοι
1282 5540 1381 5613 τὴν
1412 5541 1531 5595 ὁδὸν
1562 5541 1672 5597 τῶν
1708 5542 1786 5595 δι-

1898 4696 2137 4765 spatiosa
2183 4695 2266 4749 via
2315 4696 2465 4750 ducit
2518 4696 2585 4749 ad
2632 4696 3014 4764 perditionem,
3058 4714 3155 4753 cor
3193 4714 3324 4755 vero
3371 4714 3471 4754 art-

1899 4797 2114 4857 gustum
2140 4796 2196 4843 et
2234 4797 2470 4852 arctum,
2498 4796 2553 4842 et
2580 4789 2723 4857 quod
2758 4804 2865 4843 non
2896 4793 3044 4859 capit
3074 4791 3127 4844 iu
3174 4791 3470 4861 semetipso

1895 4878 2228 4933 mansionem
2259 4878 2437 4934 Patris
2458 4891 2513 4934 et
2544 4880 2690 4947 Filii,
2719 4891 2939 4950 propter
2962 4883 3273 4953 angustiam
3308 4898 3465 4941 suam

1892 4980 2109 5039 separat
2153 4987 2183 5026 a
2232 4972 2344 5027 Deo
2396 4973 2542 5027 illum
2595 4974 2688 5044 qui
2742 4974 2951 5029 malitia
2994 4990 3091 5032 sua
3132 4976 3311 5047 ipsum
3359 4974 3475 5031 tale

1896 5060 2147 5118 reddidit.

1971 5172 2128 5230 Vens.
2170 5175 2260 5232 55.
2299 5173 2485 5246 Legem
2514 5193 2648 5246 pone
2681 5179 2838 5243 mihi,
2870 5178 3112 5247 Domine,
3142 5181 3277 5235 viam
3298 5177 3465 5248 justi-

1893 5267 2197 5336 ﬁcatiouum
2238 5276 2483 5333 tuarum,
2525 5280 2572 5323 et
2606 5272 2877 5339 exquiram
2917 5288 3034 5326 eam
3078 5288 3300 5339 semper,
3350 5284 3464 5330 etc.

1895 5358 2024 5412 illud
2059 5360 2277 5429 quidem
2305 5375 2334 5413 a
2378 5361 2485 5415 Deo
2517 5362 2669 5431 petit,
2723 5364 2867 5417 aliud
2901 5379 3030 5418 vero
3076 5381 3141 5419 ex
3188 5375 3340 5434 parte
3365 5381 3466 5425 sua

1893 5451 2175 5517 pollicetur
2200 5465 2258 5505 se
2281 5450 2624 5509 collaturum.
2657 5453 2756 5519 Tu,
2787 5456 2978 5525 inquit,
3009 5457 3256 5525 Domine,
3287 5458 3463 5532 legem

1893 5559 2033 5611 pone
2067 5544 2199 5599 mihi
2230 5545 2370 5598 viam
2398 5544 2850 5614 jttstilicationum
2888 5560 3127 5613 tuarum,
3178 5566 3280 5623 ego
3335 5568 3466 5611 vero

374 5673 543 5760 ιξξειι.
569 5691 697 5760 χχιι
726 5676 812 5735 16.
886 5678 927 5711 ²¹
963 5675 1108 5735 Psal.
1132 5692 1281 5746 ιιιιι,
1312 5678 1402 5734 25.
1481 5680 1523 5712 “
1555 5677 1748 5751 Philip.
1776 5695 1805 5735 ιι

1917 5685 1979 5735 :l.
2056 5682 2282 5743 “Rom.
2327 5701 2424 5754 vn,
2467 5687 2557 5744 24.
2637 5684 2840 5742 “Vers.
2869 5686 2963 5745 25.
3037 5689 3083 5720 ³³
3113 5688 3275 5750 Prov.
3309 5693 3462 5760 νηί.

195 5748 244 5778 ’⁸
275 5744 483 5802 Matth.
516 5758 608 5814 ιίι,
640 5746 725 5802 14.
