3928 6158
618 228 756 288 1595
1946 231 2040 286 EX
2077 228 2169 287 ΟΒ

2197 226 2379 286 GENE
3666 226 3748 282 [596

609 362 775 406 amne
804 349 928 406 vitae
957 365 1091 406 meas
1120 360 1334 423 tempus
1380 353 1435 409 in
1468 352 1586 422 ejus
1635 352 2045 426 inquisitionem
2084 356 2160 410 im

2210 356 2260 415 Α
2289 347 2617 419 καιωμάτων
2652 365 2744 401 σου
2764 365 2776 377 ·
2810 346 2921 415 ἐγὼ
2954 347 3011 400 δὲ
3044 346 3132 401 τὸν
3160 345 3266 417 τῆς
3294 345 3438 418 ζωῆς
3482 363 3569 416 μου
3606 347 3748 402 ἃπαντα

608 442 863 513 pendam.
2280 442 2471 514 χρόνον
2498 440 2748 495 ἐπιδώσω
2770 443 2850 505 είς
2872 440 3205 511 ἀναζήτησιν
3238 437 3430 508 αὐτῆς.

682 530 850 586 Vens.
892 532 983 588 54.
1013 533 1092 587 Da
1121 536 1246 589 mihi
1272 538 1612 605 intellectum,
1639 551 1687 594 et
1714 541 1988 595 scrutabor
2017 541 2180 612 legem

2349 535 2679 590 Συνέτισόν
2703 552 2799 605 με,
2827 535 2923 588 καί
2955 531 3333 602 ἐξερευιηὶσω
3364 531 3467 584 τὸν
3491 532 3646 599 νόμον
3661 547 3747 595 σειν,

608 634 780 688 tuam.
809 637 858 680 et
883 630 1177 682 custodiam
1216 631 1360 684 illam
1395 632 1449 685 in
1478 640 1587 686 toto
1616 635 1774 689 corde
1801 652 1934 700 meo,
1965 646 2071 691 etc.
2098 634 2159 689 In

2278 627 2377 680 καὶ
2434 625 2684 695 φυλάξω
2720 626 2908 679 αὐτὸν
2941 625 3011 677 ἐν
3054 624 3169 692 ὅλῃ
3210 622 3423 690 καρδίᾳ
3457 639 3579 691 μου,
3606 640 3700 680 tu.
3718 626 3748 678 ί.

610 711 824 767 tellectu
855 730 989 782 opus
1020 716 1282 771 habemus
1314 721 1381 772 ad
1412 721 1815 789 intelligendam
1847 723 2043 794 legem,
2079 740 2161 781 ne-

2279 718 2551 782 Συνὲσεως
2581 718 2851 791 χρῄζομεν
2892 718 3030 789 πρὸς
3065 719 3127 771 τὸ
3164 718 3355 787 νοῆσαι
3384 716 3472 769 τὸν
3507 717 3661 786 νόμον·
3688 720 3750 772 oin

608 817 718 870 que
768 804 912 857 enim
950 806 1235 860 manifesta
1264 820 1347 862 est
1384 820 1440 865 et
1481 823 1642 879 captu
1696 812 1892 880 facilis,
1928 816 2024 869 sed
2053 831 2159 884 ege‘

2277 812 2393 866 ἔστι
2438 812 2545 884 γὰρ
2579 813 2754 882 σαφὴς
2795 810 2829 881 ἢ
2869 810 3371 880 εὐκαταφρόνητος·
3402 808 3557 861 δεῖται
3585 808 3629 861 δὲ
3663 809 3747 863 Θεοῦ

607 893 813 948 auxilio
853 894 945 949 Dei
978 908 1033 950 et
1061 908 1243 951 nostra
1279 914 1432 966 cura,
1469 912 1528 956 ut
1556 917 1623 956 ex
1663 904 1776 973 ipsa
1814 905 2158 973 percipiannn

2279 900 2596 972 συνεργείας
2632 900 2725 952 καὶ
2755 899 2857 968 τῆς
2887 899 3160 970 ἡμετέρας
3191 896 3446 967 σπουδῆς,
3478 896 3544 959 ὡς
3568 897 3616 961 ἐξ
3641 898 3744 950 αὐτοῦ

606 997 790 1037 rerum
844 988 1176 1056 agendarum
1226 1000 1282 1044 et
1331 993 1872 1062 contemplandarum
1921 1012 2074 1051 usum
2123 1014 2153 1051 e

2276 991 2461 1045 λαϐεῖν
2497 992 2596 1063 τήν
2627 1008 2688 1044 τε
2739 990 2934 1061 χρῆσιν
2982 991 3075 1043 καὶ
3125 990 3230 1060 τὴν
3278 989 3563 1061 κατάληψιν
3606 991 3682 1043 τῶν
3710 1009 3745 1044 τε

605 1072 916 1128 scientiam.
946 1074 1042 1129 Sic
1083 1077 1229 1132 enim
1261 1080 1471 1150 abjecta
1514 1084 1661 1136 omni
1694 1084 1864 1138 animi
1901 1088 2156 1138 anxietatt

2278 1082 2595 1153 πρακτικῶν
2638 1083 2733 1134 καὶ
2783 1079 3131 1151 θεωρητικῶν
3153 1097 3167 1109 ·
3204 1078 3350 1132 οὓτω
3388 1079 3492 1151 γάρ
3533 1080 3664 1148 μηδὲν
3695 1081 3748 1133 ὲν-

607 1161 663 1216 in
703 1171 817 1217 toto
867 1167 1033 1219 corde
1072 1171 1373 1223 custodiam
1425 1171 1597 1226 illam.
1648 1172 1705 1227 Si
1742 1190 1869 1227 vero
1901 1176 2155 1230 intellecti

2276 1172 2523 1238 δοιάζων,
2571 1174 2628 1227 ὲν
2675 1173 2772 1245 ὅλῃ
2827 1173 3025 1244 καρδίᾳ
3096 1168 3325 1242 φυλάξω
3371 1170 3539 1225 αὐτόν.
3579 1172 3629 1224 Εἰ
3666 1172 3747 1243 6H;

604 1267 730 1325 eget
777 1261 1171 1328 perscrutatio,
1225 1274 1434 1332 quanto
1485 1265 1680 1335 magis,
1735 1275 1794 1319 ut
1844 1266 1966 1322 linis
2023 1270 2155 1322 iuvet

2277 1265 2469 1336 ἔρευνα
2499 1266 2668 1319 δεῖται
2697 1265 2981 1333 συνέσεως,
3025 1266 3178 1335 πόσῳ
3225 1264 3445 1336 μᾶλλον,
3469 1265 3549 1318 ίνα
3580 1282 3646 1329 τις
3668 1265 3752 1336 εὕρῃ

605 1348 807 1403 Itiatttr.

2275 1359 2338 1411 τὸ
2364 1359 2518 1423 τέλος
2535 1376 2548 1425 ;

679 1442 839 1497 Vens.
878 1444 971 1499 40.
1017 1445 1149 1501 Ecce
1191 1450 1460 1517 concupiui
1484 1452 1736 1504 mandata
1774 1462 1866 1505 tua
1889 1469 1911 1506 :
1936 1454 1989 1506 in
2017 1454 2175 1525 tequi-

2359 1451 2503 1506 Ἰδοὺ
2550 1452 2903 1521 ἐπεθύμησα
2950 1450 3053 1517 τὰς
3081 1450 3344 1517 ἐντολάς
3377 1464 3505 1513 σου,
3531 1449 3590 1501 ἐν
3616 1448 3670 1516 τῇ
3697 1446 3750 1499 δί-

604 1541 713 1588 tate
741 1545 832 1589 tua
861 1537 1065 1606 vivi/ica
1093 1556 1195 1605 me,
1218 1549 1323 1595 etc.
1350 1541 1782 1597 Retributionem
1812 1546 1948 1614 petit
1971 1545 2155 1613 justan

2275 1549 2567 1616 καιοσύνῃ
2607 1564 2724 1602 σου
2764 1547 2950 1617 ζῆσόν
2985 1564 3082 1617 με,
3128 1564 3186 1600 κ.
3221 1563 3273 1598 τ.
3315 1547 3362 1598 ὲ.
3404 1543 3627 1615 ’Δμοιὸὴν
3665 1544 3752 1596 αἰτεῖ

602 1628 768 1681 vitam
822 1638 878 1682 et
928 1631 1118 1689 virtuti
1178 1644 1624 1703 consentaneam,
1672 1652 1775 1690 non
1817 1637 1993 1691 solum
2028 1653 2153 1707 quoi

2275 1639 2374 1711 τὴν
2416 1640 2631 1693 δικαίαν
2678 1638 2825 1711 ζωὴν
2870 1639 2965 1693 καὶ
3010 1642 3133 1693 κατ’
3177 1639 3401 1711 ἀρετὴν,
3447 1640 3504 1691 οὐ
3548 1638 3672 1708 μόνον
3706 1636 3750 1697 ὡς

602 1720 919 1774 custodierit
968 1723 1243 1790 mandata,
1286 1726 1447 1796 801
1495 1730 1591 1781 sed
1643 1731 1787 1797 quod
1831 1745 2014 1782 amore
2041 1745 2153 1799 erg:

2205 1728 2246 1785 Β
2275 1731 2514 1801 φυλάξας
2543 1732 2643 1795 τάς
2674 1730 2916 1796 ἐντολάς,
2956 1729 3093 1784 ἀλλά
3144 1732 3242 1784 καὶ
3271 1731 3348 1795 ὡς
3400 1729 3640 1802 ἐρωτικῶς
3672 1729 3748 1798 ποί

603 1809 696 1863 illa
741 1810 970 1869 allectus
1001 1816 1094 1878 sit.
1132 1831 1232 1870 nec
1278 1818 1500 1871 alterius
1531 1816 1829 1888 cujuspiam
1879 1822 1954 1873 tei
1984 1836 2145 1874 causa

2275 1825 2443 1887 αὐτάς
2480 1823 2817 1892 διακείμενος
2833 1839 2845 1852 ·
2884 1823 2981 1876 καὶ
3007 1823 3107 1875 οὐκ
3132 1822 3300 1875 ἄλλου
3333 1822 3505 1893 χάριν,
3526 1821 3619 1873 ἀλλ’
3642 1820 3749 1880 αὖτίς

602 1901 698 1953 sed
724 1916 788 1955 ea
820 1914 1045 1972 propter
1093 1906 1207 1975 ipsa
1249 1910 1574 1964 servaverit.
1623 1910 1691 1965 Et
1734 1911 2153 1982 quandoqniden

2273 1916 2366 1968 καὶ
2412 1916 2481 1969 δι’
2520 1914 2688 1978 αὑτὰς
2740 1913 2976 1968 ἐκτελῶν
2997 1930 3011 1943 ·
3074 1915 3175 1967 καὶ
3232 1914 3357 1967 ἐπεὶ
3406 1910 3667 1982 δικαιοσύνη
3692 1909 3746 1963 τοῦ

596 1992 810 2060 Iustitia
846 1996 1025 2052 Patris
1079 1998 1251 2057 Filius
1300 2011 1421 2071 est,
1475 2004 1568 2074 qui
1620 2005 1674 2059 iu
1728 2005 1949 2060 Christo
1989 2004 2147 2059 vivert

2272 2008 2483 2079 Πατρὸς
2523 2010 2552 2062 6
2594 2007 2740 2073 Υἱὸς,
2769 2010 2798 2061 6
2838 2008 2896 2061 ὲν
2936 2007 3050 2079 rat;
3094 2006 3265 2079 ζῆσαι
3321 2005 3611 2077 βουλόμενος
3647 2000 3746 2054 τοῦτό

601 2087 734 2148 vult,
768 2088 882 2143 haec
915 2090 1011 2149 ait.

873 2105 882 2142 ε
915 2090 1011 2149 ait.
2272 2117 2424 2172 φησι.

674 2176 834 2233 Vens.
864 2180 953 2235 42.
984 2182 1048 2234 Et
1074 2183 1389 2253 respondebo
1414 2188 1852 2254 exprobrantibus
1880 2192 2013 2244 mihi
2054 2211 2172 2248 ver-

2339 2191 2452 2246 Καὶ
2477 2191 2949 2261 ἀποκριθήσομαι
2983 2189 3109 2257 τοῖς
3139 2189 3493 2251 ὀνειδίζουσί
3519 2206 3585 2259 με
3607 2189 3743 2255 λόγον.

605 2272 750 2333 bum,
794 2274 922 2341 quia
964 2278 1171 2343 speravi
1213 2276 1268 2330 in
1301 2279 1629 2332 sermonibus
1669 2283 1775 2334 tuis
1805 2321 1821 2345 ,
1850 2293 1957 2337 ctc.
1988 2285 2156 2340 Dicam

2270 2283 2359 2337 ὅτι
2409 2283 2645 2352 ἤλπισα
2674 2284 2772 2337 ἐπὶ
2805 2283 2946 2350 τοὺς
2976 2285 3205 2353 λόγους
3235 2300 3375 2349 σου,
3420 2301 3470 2336 κ.
3511 2300 3553 2335 τ.
3582 2282 3621 2336 ὲ.
3659 2280 3742 2350 Ὲμὲ

600 2364 747 2418 enim
793 2366 1072 2435 indignum
1120 2384 1244 2424 esse
1286 2369 1552 2437 ejusmodi
1601 2372 1854 2441 dogmata
1899 2376 1949 2428 ei
1979 2377 2070 2445 qui
2102 2393 2151 2432 et

2269 2376 2399 2449 γὰρ,
2433 2376 2508 2441 ὡς
2535 2378 2635 2430 ούκ
2667 2376 2814 2442 ἀξιον
2844 2375 3205 2440 ὀνειδίζεσθαι
3231 2377 3323 2430 τὸν
3353 2376 3558 2430 τοιαῦτα
3579 2376 3742 2443 δόγματι

598 2464 861 2522 sectatur,
892 2458 1234 2527 exprobrari.
1264 2460 1356 2514 Illa
1382 2464 1631 2518 derident
1655 2479 1686 2517 a
1718 2465 1822 2520 lide
1858 2467 2021 2523 alieni
2045 2480 2149 2526 tan-

2267 2468 2481 2541 ἔχοντα.
2509 2469 2701 2522 ’Δτινα
2725 2468 2959 2537 γελῶσιν
2983 2470 3032 2521 οἱ
3056 2469 3161 2538 τῆς
3187 2468 3424 2531 πίστεως
3458 2466 3674 2537 ἀλλότριοι

595 2561 760 2617 quant
795 2550 961 2603 stulta
988 2591 1002 2613 ,
1038 2566 1142 2620 ego
1188 2568 1319 2607 vero
1347 2555 1632 2611 ostendam
1679 2556 1952 2611 intellectu
1995 2572 2051 2615 et
2081 2579 2141 2618 sa

2269 2562 2447 2634 μωρὰ,
2493 2544 2763 2625 συνέσεως
2793 2562 2852 2615 δὲ
2901 2561 3012 2631 ἐγὼ
3049 2559 3328 2625 ἀποδείξω
3369 2560 3460 2614 καὶ
3499 2559 3652 2627 σοφίας
3681 2574 3741 2608 τι·

596 2638 799 2707 pieutia
830 2638 1013 2709 plena.
1047 2642 1405 2714 Respondebo
1437 2646 1681 2712 verbum,
1708 2648 1834 2717 quia
1877 2649 1931 2704 in
1959 2667 2147 2710 sermo

2267 2653 2618 2726 πληρωμένα.
2664 2653 3130 2726 Ἀποκριθήσομαι
3163 2652 3222 2706 δὲ
3251 2652 3426 2722 λόγον,
3452 2652 3558 2705 ἐπεὶ
3582 2651 3645 2714 είς
3663 2648 3740 2709 τοὺς

594 2730 757 2785 nibus
794 2733 903 2788 tuis
928 2737 1334 2806 supersperavi.

2265 2746 2456 2815 λόγους
2487 2762 2580 2798 σου
2606 2745 2902 2817 ὲπήλπισα.

663 2821 823 2878 Vens.
851 2825 942 2879 45.
981 2824 1047 2880 Et
1071 2843 1134 2882 ne
1169 2828 1384 2898 auferas
1410 2830 1475 2885 de
1510 2847 1600 2887 ore
1628 2851 1745 2890 meo
1780 2837 1988 2892 verbum
2022 2839 2164 2894 veri-

2333 2839 2443 2894 Kal
2484 2837 2571 2907 μὴ
2611 2838 2893 2908 περιέλῃς
2921 2838 2992 2893 ἐκ
3021 2838 3131 2893 τοῦ
3169 2839 3465 2910 στόματός
3491 2854 3590 2907 μου
3617 2833 3740 2901 ,λόγον

591 2916 739 2981 tatis,
769 2926 874 2973 etc.
926 2915 994 2972 Et
1044 2933 1111 2974 ne
1161 2920 1380 2976 auferas
1409 2925 1477 2979 de
1525 2929 1690 2983 corde
1723 2943 1844 2984 meo
1876 2930 2142 2987 scientiatt

2263 2931 2568 2999 ἀληθείας,
2600 2950 2652 2986 κ.
2681 2950 2731 2985 τ.
2768 2934 2817 2985 ὲ.
2854 2933 2963 2986 Καὶ
2989 2932 3065 3004 μὴ
3097 2932 3362 3005 περιέλῃς
3387 2934 3449 2985 ὲκ
3478 2931 3563 3002 τῆς
3585 2927 3738 2998 καρδίαις

591 3022 801 3062 veram.

2194 3080 2231 3094 Α
2270 3039 2369 3093 μου
2401 3022 2600 3091 γνῶσιν
2631 3022 2827 3094 ἀληθῆ.

660 3102 823 3157 Vens.
853 3103 945 3159 45.
978 3104 1048 3158 Et
1076 3108 1411 3164 ambulabam
1445 3113 1502 3165 in
1527 3111 1830 3183 latitudine,
1847 3118 1976 3187 quia
2007 3133 2162 3173 man-
2189 3080 2211 3138 ί

2189 3080 2233 3139 C
2270 3080 2282 3093 ι
2334 3080 2445 3172 καί
2491 3080 2863 3187 ἐπορευόμην
2889 3118 2959 3173 ἐν
2999 3117 3359 3187 πλατυσμῷ,
3403 3118 3488 3171 ὅτι
3522 3116 3609 3181 τὰς
3632 3115 3736 3168 ἐντο-

588 3195 720 3247 data
772 3206 864 3249 tua
902 3200 1206 3268 exquisivi,
1256 3212 1364 3256 etc.
1416 3203 1668 3260 Ambulat
1724 3206 1776 3260 in
1827 3208 2113 3265 latitudine

2260 3209 2376 3277 λάς
2399 3226 2515 3264 σου
2545 3207 2893 3277 ἐξεζήτησα,
2931 3227 2985 3265 κ.
3030 3227 3084 3264 τ.
3119 3211 3169 3264 ἐ.
3211 3211 3496 3283 Πορεύεται
3529 3213 3578 3264 ὲν
3606 3208 3736 3261 πλαψ-

587 3291 959 3354 quamtumvis
993 3291 1300 3359 tribuletur,
1327 3294 1417 3363 qui
1443 3295 1576 3352 dicit
1610 3316 1625 3351 :
1660 3316 1680 3349 ι
1714 3298 1770 3353 In
1807 3300 2138 3358 tribulationt

2263 3302 2405 3375 σμῷ,
2430 3302 2531 3358 κᾶν
2552 3301 2821 3374 θλίόηται,
2849 3304 2878 3356 6
2901 3302 3078 3371 λέγων
3097 3321 3112 3334 ο
3150 3323 3173 3356 c
3219 3306 3310 3358 Ἑν
3336 3305 3500 3374 θλίψει
3520 3299 3736 3360 sm

588 3378 832 3436 dilatasti
859 3383 990 3437 mihi
1017 3384 1101 3450 '7;
1150 3403 1169 3436 ι
1200 3395 1254 3441 et
1280 3401 1468 3443 rursus
1501 3407 1514 3441 :
1554 3407 1574 3442 ι
1613 3390 1670 3444 In
1702 3393 1957 3448 omnibus
1989 3395 2139 3451 tribu.

2263 3411 2373 3468 μοι’
2413 3415 2433 3447 ι
2468 3396 2562 3448 καὶ
2594 3394 2776 3448 πάλιν·
2833 3414 2852 3447 ι
2901 3396 2989 3449 Ἐν
3030 3396 3199 3449 παντὶ
3230 3395 3539 3466 θλιϐόμενοι,
3578 3390 3665 3446 ἀλλ’
3699 3387 3735 3439 αὖ

585 3472 841 3528 lationem
866 3476 1125 3546 patimur,
1158 3479 1254 3534 sed
1286 3494 1392 3534 non
1424 3483 1804 3551 angustiamur
1826 3484 1894 3536 ’⁸.
1929 3505 1949 3538 s
1987 3486 2133 3543 Habe

2262 3486 2751 3559 στενοχωρούμενοι
2775 3503 2788 3515 ·
2835 3504 2853 3538 ι
2889 3485 3000 3557 ἔχει
3027 3485 3141 3558 γὰρ
3169 3487 3269 3557 τὴν
3298 3486 3403 3540 ἀπὸ
3428 3485 3513 3539 τοῦ
3532 3484 3658 3550 λόγου
3678 3495 3736 3545 γε·

585 3567 731 3623 enim
763 3582 882 3624 eam
913 3583 1074 3640 quam
1109 3572 1330 3628 verbum
1366 3573 1457 3628 dat
1486 3574 1846 3643 latitudinem,
1870 3593 2033 3648 quam
2064 3596 2132 3650 qu

2259 3576 2492 3648 νομένην
2536 3576 2895 3650 εὐρυχωρίαν,
2949 3577 3018 3647 ἣν
3056 3594 3143 3641 τις
3182 3576 3501 3649 ἁμαρτάνων
3535 3574 3617 3627 οὐκ
3646 3570 3734 3639 ἔχει.

586 3671 795 3729 peccat,
829 3676 936 3717 non
969 3662 1151 3718 habet.
1187 3664 1524 3736 Quapropter
1559 3667 1858 3725 Corinthiis
1891 3671 1969 3724 ait
2011 3671 2137 3726 Pau-

2258 3669 2349 3722 Διό
2383 3686 2513 3739 φησι
2556 3669 2862 3742 Κορινθίοις
2891 3671 2920 3722 6
2954 3668 3168 3733 Παῦλος
3210 3671 3339 3741 περὶ
3374 3669 3466 3739 μὲν
3492 3662 3733 3723 sebaciis:

586 3752 672 3808 lus
695 3753 764 3808 de
794 3768 855 3809 se
886 3756 1104 3824 quidem
1133 3774 1147 3811 :
1175 3776 1194 3809 ι
1220 3757 1336 3811 Non
1354 3760 1742 3830 angustiamini
1770 3761 1821 3815 in
1855 3763 2011 3818 nobis
2026 3764 2071 3796 "
2090 3781 2137 3831 ;t

2264 3779 2284 3813 ‹
2325 3760 2399 3813 Οὐ
2447 3760 2869 3832 στενοχωρεῖσθε
2918 3761 2977 3813 ὲν
3014 3762 3149 3832 ἡμῖν
3171 3780 3184 3792 ·
3236 3780 3255 3813 ι
3301 3761 3425 3833 περὶ
3470 3758 3520 3812 δὲ
3557 3752 3732 3808 ἐκείνων.

587 3844 656 3898 de
709 3844 817 3899 illis
855 3861 986 3900 vero
1041 3865 1055 3902 :
1111 3865 1131 3899 ι
1189 3849 1592 3920 Angustiamini
1644 3852 1698 3905 in
1731 3852 2034 3909 visceribus
2065 3870 2138 3910 ve

2256 3855 2360 3918 ὅτι,
2407 3873 2427 3906 ι
2449 3853 2874 3926 Στενοχωρεῖσθε
2909 3854 2970 3908 ὲν
3000 3856 3113 3918 τοῖς
3144 3854 3465 3924 σπλάγχνοις
3488 3849 3655 3920 ὑμῶν.»
3681 3841 3733 3894 Τά

583 3933 715 3987 stris
748 3933 815 3987 ³⁸.
860 3952 879 3986 ι
914 3934 1054 3990 Mala
1077 3939 1223 3992 enim
1255 3954 1419 4009 opera
1451 3942 1649 3996 malum
1687 3942 1742 3997 in
1772 3942 1957 4014 seipso
1988 3960 2134 4016 angui

2256 3948 2365 4019 γὰρ
2395 3948 2538 4001 κατά
2562 3949 2759 4002 κακίαν
2790 3947 2927 4020 ἔργα
2956 3948 3048 4001 τὸν
3072 3947 3279 4018 φαῦλον
3309 3943 3599 4015 στενοχωρΞί
3621 3935 3732 3993 αἰπὺν

585 4025 771 4080 stiant.

2257 4042 2317 4094 ὲν
2349 4039 2516 4109 αὐτῷ.

654 4115 931 4187 Ejusdem.
964 4117 1217 4176 Charitas
1251 4122 1344 4178 Dei
1375 4125 1662 4181 animabus
1708 4128 1986 4185 hominum
2015 4130 2157 4187 indit

2332 4133 2442 4187 Τοῦ
2465 4130 2671 4191 αὑτοῦ.
2709 4131 2772 4185 Ἦ
2801 4131 2936 4202 πρὸς
2963 4131 3097 4185 Θεὸν
3129 4132 3321 4203 ἀγάπη
3351 4131 3462 4194 ταῖς
3487 4124 3731 4197 ψδχαῖςτωτ

581 4206 947 4263 latitudinem.
973 4209 1221 4267 Charitas
1240 4214 1412 4281 enim,
1443 4216 1642 4285 inquit,
1675 4233 1783 4273 non
1817 4230 2131 4277 coarctatur

2255 4224 2558 4297 ἀνθρώπων
2595 4224 2933 4297 εὐρυχωρίαν
2965 4225 3280 4295 ἐργάζεται.
3344 4224 3407 4277 Ἥ
3444 4221 3604 4289 ἀγάπη
3641 4215 3729 4282 γὰρ.

585 4300 812 4356 Dilectio
878 4312 1059 4356 autem
1110 4303 1205 4359 Dei
1254 4314 1341 4359 est
1394 4309 1767 4364 mandatorum
1810 4311 1927 4381 ejus
1981 4314 2136 4383 inquit

2256 4319 2440 4389 φησὶν,
2489 4318 2550 4371 οὐ
2599 4319 3027 4388 στενοχωρεῖται.
3089 4317 3154 4371 Ἡ
3201 4316 3386 4387 ἀγάπη
3436 4312 3488 4367 δὲ
3528 4308 3638 4381 πρὸς
3670 4304 3728 4356 τὸν

585 4394 716 4448 sitio
746 4403 801 4449 et
850 4396 1155 4450 exsecutio.
1187 4394 1323 4451 Nam
1357 4399 1618 4456 Dominus
1645 4400 1726 4456 ait
1751 4401 1794 4433 ³¹
1826 4420 1842 4458 :
1877 4421 1896 4455 ι
1932 4402 1989 4458 Si
2029 4405 2136 4461 dili-

2186 4423 2229 4479 ι)
2256 4404 2387 4458 Θεὸν
2413 4407 2446 4476 ἠ
2481 4404 2589 4458 τῶν
2616 4403 2845 4457 ἐντολῶν
2875 4402 3038 4457 αὐτοῦ
3072 4402 3302 4476 ζήτησις
3329 4404 3418 4457 καὶ
3439 4397 3725 4469 κατόρθωσις’

581 4487 710 4559 3itis
745 4503 831 4543 me
858 4527 873 4552 ,
904 4489 1156 4543 mandata
1183 4505 1302 4543 mea
1333 4502 1568 4551 servate.
1604 4513 1623 4546 ι
1657 4494 1851 4550 Merito
1894 4498 2078 4568 itaque
2106 4501 2132 4554 it

2256 4499 2389 4569 φησὶ
2419 4497 2528 4570 γὰρ
2561 4499 2589 4550 6
2622 4496 2855 4568 Κύριος·
2896 4514 2916 4548 ι
2969 4495 3093 4551 Ἐάν
3134 4496 3385 4566 ἀγαπᾶτέ
3417 4511 3497 4565 με,
3526 4490 3608 4553 τὰς
3628 4488 3725 4539 ἐντνι·

581 4580 675 4648 qui
720 4581 978 4637 mandata
1007 4580 1101 4636 Dei
1142 4583 1358 4651 quierit,
1398 4586 1451 4638 in
1483 4584 1770 4642 latitudine
1803 4591 2067 4655 ambulat,
2099 4594 2132 4647 it

2253 4589 2350 4651 λάς
2385 4605 2485 4660 μου
2530 4589 2826 4660 τηρήσατεο
2871 4607 2890 4640 ι
2944 4586 3083 4641 ὥστε
3127 4589 3350 4652 δικαίως
3388 4590 3415 4640 ὸ
3455 4584 3541 4647 τὰς
3572 4574 3724 4633 ἐντολὰς

583 4680 709 4739 est,
752 4673 803 4727 in
842 4673 1135 4730 latitudine
1188 4676 1356 4732 vitam
1408 4678 1684 4746 instituit;
1713 4683 2134 4754 quandoquiden

2252 4681 2344 4735 τοῦ
2388 4680 2523 4735 Θεοῦ
2555 4679 2735 4752 ζητῶν
2766 4682 2825 4734 ὲν
2858 4679 3159 4751 πλατυσμῷ
3193 4678 3487 4751 πορεύεται,
3525 4668 3723 4727 τουτέστιν

581 4765 628 4818 is
663 4766 753 4833 qui
786 4765 959 4836 diligit
1003 4767 1316 4834 Dominum,
1348 4772 1532 4826 omnia
1564 4773 1780 4841 sull‘ert,
1815 4778 1998 4831 omnia
2031 4792 2132 4833 sust

2253 4778 2311 4829 ἐν
2358 4775 2669 4847 εὐρυχωρίᾳ
2722 4774 3080 4830 πολιτεύεται·
3128 4774 3312 4846 ἐπειδὴ
3362 4775 3390 4826 6
3441 4767 3629 4836 ἀγαπῶν
3662 4759 3719 4847 ἣν

582 4857 738 4926 tinet,
775 4868 834 4913 et
861 4858 1089 4930 nullam,
1121 4862 1199 4916 uti
1235 4878 1336 4931 par
1364 4873 1470 4931 est,
1504 4867 1809 4936 angustiam
1843 4870 2009 4926 subit.

2252 4845 2454 4938 Κύριον
2488 4845 2666 4920 τιάντα
2694 4866 2895 4934 στέγει,
2926 4865 3104 4918 πάντα
3129 4845 3402 4934 ὑπομένει,
3434 4860 3515 4914 καὶ
3538 4845 3718 4920 οὐδεμία

2252 4960 2475 5023 εἰκότως
2508 4957 2868 5029 στενοχωρίαν
2894 4957 3204 5027 ὑφίσταται.

542 4994 553 5080 ί
648 5033 815 5092 Vens.
879 5036 969 5093 46.
1024 5037 1093 5093 Et
1141 5039 1391 5111 loquebar
1439 5041 1505 5095 de
1563 5042 1871 5097 testimoniis
1935 5048 2040 5100 tuis

2321 5054 2430 5107 Καί
2448 4994 2833 5107 ’ἐλὰλοενέψ
2870 4994 2994 5116 coit;
3015 5049 3357 5120 μαρτυρίοις
3379 5061 3483 5101 σου

578 5139 854 5198 conspectu
884 5145 1063 5199 regum
1092 5171 1107 5196 ,
1138 5142 1186 5186 et
1238 5147 1342 5186 non
1372 5132 1755 5201 con/nndebar,
1799 5145 1909 5191 etc.
1951 5136 2129 5195 Paulut

2247 5140 2579 5208 βασιλέων,
2632 5140 2731 5195 καί
2786 5142 2898 5195 οὐκ
2942 5117 3319 5210 ᾐσίχυνόμην,
3351 5155 3402 5189 κ.
3441 5151 3488 5189 τ.
3525 5132 3562 5183 ἑ.
3589 5117 3714 5210 Kell

575 5223 746 5277 etiam
779 5221 914 5278 dicit
935 5222 980 5255 ⁸⁸
1014 5241 1076 5277 :t
1117 5223 1233 5279 Non
1261 5226 1407 5280 enim
1446 5223 1710 5281 erubesco
1749 5227 2099 5296 Evangelium

2253 5233 2461 5297 Παῦλός
2491 5250 2654 5305 φησιν
2674 5250 2685 5265 ·
2739 5251 2758 5286 ι
2795 5233 2871 5287 Οὐ
2907 5232 3012 5305 γὰρ
3030 5209 3427 5301 ἐπαισχύνομαι
3459 5223 3510 5278 τδ

575 5314 751 5369 virtus
777 5314 922 5369 enim
961 5314 1057 5372 Dei
1093 5326 1175 5371 est
1208 5317 1260 5371 in
1292 5315 1525 5372 salutem
1551 5318 1699 5373 omni
1741 5319 1983 5374 credenti
2011 5362 2025 5385 ,
2051 5319 2126 5377 lu.

2251 5323 2363 5377 λιον
2385 5339 2398 5353 ’
2430 5322 2658 5393 δύναμις
2687 5321 2793 5394 γάρ
2815 5321 2949 5376 Θεοῦ
2982 5323 3129 5375 ἐστιν
3153 5322 3233 5384 είς
3259 5317 3505 5389 σωτηρίαν
3526 5306 3712 5369 παντὶὴ

576 5405 694 5460 ἀπο
723 5407 957 5475 primum
980 5417 1036 5463 et
1070 5407 1281 5465 Grieco.
1318 5427 1339 5461 ι

2254 5412 2581 5478 πιστεύοντι,
2624 5412 2863 5481 Ἰουδαίῳ
2893 5429 2953 5465 τε
2982 5411 3192 5481 πρῶτον
3219 5410 3311 5463 καί
3347 5404 3592 5474 Ἕλληνι.³

643 5474 811 5553 Vens.
838 5499 928 5553 47.
960 5498 1031 5554 Et
1058 5501 1353 5557 meditabar
1377 5503 1434 5556 in
1475 5503 1743 5559 mandatis
1776 5505 1879 5559 tuis
1908 5520 2025 5576 quae
2060 5508 2145 5562 di-

2321 5507 2429 5561 Καὶ
2471 5474 2763 5575 ἐμελέτων
2907 5474 3040 5570 ταῖς,ζ
3071 5501 3339 5567 ἐντολαῖς
3378 5514 3480 5552 σου
3511 5484 3588 5555 αἷς
3610 5474 3709 5553 τπδ’

644 5692 689 5725 ²⁷
722 5691 863 5751 Psal.
898 5709 970 5762 tv,
1012 5694 1067 5748 2.
1173 5696 1218 5727 ¹⁸
1247 5695 1290 5752 ll
1318 5696 1444 5757 Cor.
1482 5713 1556 5766 tv,
1588 5698 1639 5756 8.
1740 5700 1783 5732 ¹⁹
1812 5697 1854 5755 ll
1882 5698 2005 5757 Cor.
2040 5716 2090 5757 Vl
2116 5701 2195 5771 ,ίὲ

2003 5742 2005 5755 .
2040 5716 2090 5757 Vl
2116 5701 2227 5771 ΛΞ.
2319 5699 2362 5731 ⁸⁸
2391 5696 2522 5753 ibid.
2606 5696 2647 5729 ³¹
2677 5694 2833 5752 Joan.
2870 5708 2979 5763 xtv,
3019 5692 3102 5748 15.
3178 5690 3221 5724 ³⁸
3254 5688 3459 5751 Reum,
3485 5677 3554 5734 l6.
