3928 6158
227 332 392 392 1597

1181 330 1489 389 SELECTA
1524 327 1588 384 IN
1623 324 1961 384 PSALMOS.
2000 356 2067 365 ——
2100 324 2295 380 PSAL.
2332 320 2570 380 CXVIII.

3359 312 3500 376 l593

222 468 438 523 πησα,
472 472 528 512 κ.
562 472 614 511 τ.
650 455 698 510 ι.
725 454 891 520 Τέλος
914 454 1024 508 τῶν
1065 452 1297 509 ἐντολῶν
1328 453 1428 524 τῆς
1470 452 1702 524 μελέτης
1734 448 1807 503 τοί

1932 446 2036 502 1εωί
2062 487 2076 509 .
2124 455 2233 503 etc.
2282 443 2647 500 Meditationis
2690 440 3068 497 mandatorum
3111 437 3204 494 Dei
3251 436 3374 493 linis
3417 445 3503 493 est

217 543 384 599 Θεοῦ
406 546 557 600 ἐστιν
577 548 611 618 ἡ
643 546 785 601 κατά
810 545 910 610 τάς
943 546 1162 609 ἐντολὰς
1192 545 1463 616 ἐνέργεια.
1494 542 1605 596 Καὶ
1643 539 1822 602 καλῶς

224 637 647 709 προστετάχθαι
679 638 927 708 φαίνεται
951 637 1034 703 τὸ,
1062 656 1081 689 ι
1127 635 1425 707 Ἐμελέτων
1451 637 1508 688 ὲν
1529 635 1649 696 ταῖς
1677 634 1825 685 ἐντο-

212 724 363 794 λαῖς
401 745 494 783 σου
531 725 622 795 αἷς
655 731 938 800 ἠγάπησα.
977 749 996 781 ι
1027 729 1183 785 Μετὰ
1214 728 1323 801 γὰρ
1346 728 1446 799 τὴν
1473 726 1705 800 μελέτην
1727 725 1822 779 καὶ

216 816 515 889 ἀνάληψιν
563 819 656 873 τοῦ
693 819 801 873 τῶν
836 819 1066 873 ἐντολῶν
1094 819 1271 888 λόγου,
1307 818 1470 872 καλὸν
1515 817 1576 870 τὸ
1618 816 1822 886 ἐπᾶραι

218 908 334 971 τὰς
381 913 571 982 χεῖρας
602 912 695 965 ἐπὶ
726 911 826 975 τὰς
865 912 1005 965 κατὰ
1045 910 1145 975 τὰς
1178 909 1396 974 ἐντολὰς
1422 908 1668 981 πράξεις,
1698 907 1822 977 δίχα

218 999 325 1052 τοῦ
369 1002 434 1055 ὲκ
461 1002 638 1074 λύπης
670 1003 703 1075 ἦ
736 1004 794 1071 ἐξ
817 1005 1062 1076 ἀνάγκης
1089 1004 1149 1058 τὸ
1176 1003 1335 1075 ἔργον
1376 1002 1684 1058 ἀποδιδόναι
1710 999 1819 1054 τῶν

221 1089 365 1146 ιντο
376 1093 504 1148 λῶν.

303 1264 630 1336 Μνήσθητι
670 1265 789 1321 τῶν
831 1268 1033 1323 λόγων
1070 1284 1187 1321 σου
1225 1264 1304 1332 τῷ
1349 1265 1546 1330 δούλῳ
1587 1280 1703 1319 σου
1732 1257 1822 1316 ὧν

221 1352 595 1426 ἐπήλπισάς
613 1374 710 1427 με,
741 1375 797 1411 κ.
825 1376 877 1411 τ.
913 1359 959 1412 ἐ.
993 1359 1102 1411 Καὶ
1136 1361 1289 1421 ποῖος
1318 1358 1348 1411 ὁ
1378 1357 1554 1426 λόγος,
1584 1350 1644 1411 οὗ
1678 1373 1818 1427 μνη-

223 1445 438 1517 σθῆναι
466 1446 628 1503 αὐτὸν
671 1445 831 1513 ἀξιοῖ,
866 1447 899 1518 ἢ
932 1447 993 1500 τὸ
1026 1443 1164 1500 εἶναι
1211 1446 1328 1518 μετ’
1365 1444 1564 1510 αὐτῶν,
1597 1445 1716 1499 καθ’
1749 1444 1819 1515 ἢν

221 1534 475 1590 δέδωκεν
520 1538 700 1602 αὐτοῖς
743 1538 1091 1605 ἐπαγγελίαν,
1159 1538 1282 1609 ἥτις
1330 1536 1425 1591 καὶ
1473 1535 1818 1607 παράκλησις

221 1625 431 1689 αὐτοῖς
458 1626 514 1679 ὲν
547 1628 659 1690 τοῖς
682 1625 943 1697 διωγμοῖς
975 1626 1225 1695 ἐγένετο;

302 1807 476 1877 Αὕτη
512 1825 589 1877 με
635 1806 1051 1878 παρεκάλεσεν
1083 1807 1154 1863 ἐν
1182 1806 1260 1877 τῇ
1291 1804 1642 1863 ταπεινώσει
1668 1822 1810 1877 μου,
1844 1794 1888 1851 Β

217 1897 324 1954 ὅτι
358 1899 431 1954 τὸ
466 1899 674 1970 λόγιόν
698 1914 813 1952 σου
841 1897 1015 1966 ἕζὴσέ
1036 1914 1133 1966 με,
1163 1913 1218 1950 κ.
1244 1914 1294 1950 τ.
1342 1899 1390 1951 ὲ.
1416 1896 1566 1950 Πάνυ
1599 1898 1633 1968 ἡ
1660 1896 1816 1962 ἐλπὶς

218 1991 483 2062 πέφυκεν
523 1993 582 2045 ὲν
612 1992 725 2055 τοῖς
771 1991 1097 2061 πειρασμοῖς
1132 1988 1467 2060 παρακαλεῖν
1505 1986 1814 2061 τὴνκψυχὴν

216 2081 563 2137 προσδοκίαν
593 2079 811 2149 ἀγαθῶν
838 2079 1170 2150 παρέχουσα.

298 2260 426 2315 Τοῦ
476 2259 680 2314 αὑτοῦ.
702 2258 923 2322 ·Μόνον,
969 2256 1153 2327 φησὶν,
1206 2254 1388 2310 ίκανδν
1427 2256 1573 2328 ἡμᾶς
1604 2257 1671 2310 ὲν,
1692 2254 1813 2318 ταῖς

213 2351 514 2406 κακώσεσι
573 2348 1014 2423 παραμυθεῖσθαι
1068 2348 1130 2402 τὸ
1175 2346 1322 2418 ζωῆς
1364 2346 1623 2419 ἀληθινῆς
1668 2344 1811 2417 ἔχειν

211 2443 591 2513 ἐπαγγελίαν.
625 2442 790 2497 Ταῦτ’
832 2436 926 2495 οὖν
968 2442 1096 2515 ἡμῖν
1134 2440 1462 2494 ὲπιτέλεσον.
1511 2439 1574 2492 El
1612 2438 1723 2508 γὰρ
1751 2439 1810 2492 ὲν

216 2538 291 2607 τῇ
344 2535 468 2607 ζωῇ
510 2533 680 2605 ταύτῃ
728 2534 887 2605 μόνον
927 2540 986 2586 εν
1037 2530 1258 2605 Χριστῷ
1294 2531 1589 2601 ἠλπικότες
1617 2529 1806 2602 ἐσμὲν,

215 2627 586 2698 ἐλεεινότεροι
610 2625 826 2679 πάντων
849 2622 1148 2696 ἀνθρώπων
1171 2624 1356 2694 ἐσμὲν,
1381 2624 1462 2678 ὅτι
1491 2622 1809 2696 κακούμεθα

213 2718 317 2774 νῦν
358 2719 463 2773 καὶ
504 2717 603 2770 οὐκ
637 2716 723 2769 ἐπ’
757 2714 929 2769 ἑλπίδι
977 2714 1273 2787 μελλούσης
1305 2714 1469 2786 ζωῆς.
1520 2714 1643 2786 Ζωὴ
1683 2714 1741 2769 δὲ
1772 2715 1807 2786 ἠ

219 2807 509 2880 μέλλουσά
552 2808 699 2861 ἐστιν
742 2803 1077 2870 ἀναζὼωσις,
1114 2804 1251 2857 καθὸ
1292 2804 1392 2875 τὴν
1439 2803 1616 2876 ψυχὴν
1666 2804 1804 2858 ἰδίαν

214 2899 402 2971 ζωὴν,
436 2897 555 2951 οὐδὲ
587 2894 758 2969 ἀληθῆ
791 2891 928 2949 εἶναι
975 2894 1334 2967 μανθάνομεν·
1387 2896 1544 2966 εἴπερ
1577 2897 1677 2949 οὐκ
1708 2896 1793 2950 άν-

215 2990 451 3064 θρωπος
479 2992 512 3062 ἡ
538 2990 703 3061 ψυχή.
735 2990 798 3042 Εἰ
839 2989 947 3062 γὰρ
989 2989 1047 3041 ὲν
1086 2992 1153 3060 τῇ
1199 2989 1319 3042 καθ’
1351 2988 1546 3061 ἑαυτὴν
1586 2987 1699 3062 ζωῇ
1744 2990 1806 3044 τὸ

212 3083 429 3157 ἀληθὲς
470 3077 581 3154 εἶχε
615 3080 708 3136 τοῦ
748 3080 869 3153 ζῇν,
906 3081 1006 3134 οὐκ
1038 3080 1104 3134 ἂν
1146 3079 1514 3145 ἀναζωώσεως
1547 3083 1576 3135 ό
1608 3082 1801 3154 τεθνη-

1923 540 2199 595 exsecutio
2211 547 2265 593 et
2279 538 2526 607 operatio
2541 535 2856 591 eorumdem
2873 534 3065 589 manda
3076 541 3272 586 torum.
3287 530 3460 596 Quam
3471 558 3491 569 -

1921 632 2109 687 obrem
2146 630 2373 699 pulchre
2423 629 2590 684 etiam
2640 626 2954 697 adjunctum
2998 624 3231 686 videtur,
3270 640 3290 672 ι
3323 621 3495 676 Medi-

1923 722 2080 777 tabar
2131 723 2185 775 in
2244 720 2516 776 mandatis
2555 720 2662 773 tuis
2711 732 2831 787 quae
2881 716 3064 772 dilexi.
3119 733 3136 766 ι
3187 712 3324 768 Nam
3375 720 3498 783 post

1921 813 2327 867 meditationem
2354 819 2409 865 et
2439 810 2983 880 comprehensionem
3026 806 3178 861 verbi
3210 805 3497 859 mandato-

1921 921 2083 970 rum,
2131 904 2418 975 pulchrum
2465 911 2553 956 est
2601 916 2797 957 manus
2847 898 3096 955 attollere
3148 900 3215 952 ad
3252 898 3495 952 actiones

1918 994 2188 1049 mandatis
2210 1001 2629 1055 consentaneas,
2664 991 2820 1044 itaut
2848 1003 3020 1058 neque
3050 1003 3114 1041 ex
3148 987 3370 1042 tristitia
3396 1001 3495 1041 ne-

1916 1102 2025 1156 que
2056 1101 2122 1141 ex
2168 1085 2496 1141 necessitate
2538 1099 2678 1156 Opus
2724 1082 3106 1139 mandatorum
3149 1079 3488 1137 exsecutioui

1917 1180 2227 1234 mandetur.

1987 1270 2150 1324 Vsus.
2192 1269 2282 1325 49.
2312 1269 2518 1324 Memor
2548 1278 2657 1323 esto
2680 1269 2951 1323 verborum
2979 1278 3191 1323 tuorum
3226 1283 3371 1323 servo
3397 1275 3488 1321 tuo

1916 1365 1971 1416 iu
1993 1361 2182 1432 quibus
2209 1362 2334 1414 mihi
2364 1377 2504 1425 spem
2535 1361 2766 1427 dedisti,
2799 1372 2909 1422 etc.
2959 1362 3029 1416 At
3071 1360 3235 1431 quale
3262 1371 3347 1417 est
3368 1374 3490 1415 ver-

1916 1456 2043 1509 bum
2110 1452 2265 1520 cujus
2311 1453 2444 1522 petit
2490 1451 2638 1506 illum
2694 1466 2815 1507 esse
2889 1467 3223 1519 memorem,
3272 1451 3374 1506 nisi
3429 1460 3489 1506 ut

1915 1561 2037 1600 cum
2072 1545 2178 1601 illis
2221 1545 2328 1608 sit,
2356 1543 2509 1612 juxta
2540 1544 2958 1613 promissionem
3009 1559 3173 1613 quam
3209 1543 3341 1614 ipsis
3383 1543 3482 1598 de-

1915 1639 2086 1702 derat,
2131 1652 2249 1702 quae
2277 1646 2334 1692 et
2375 1636 2480 1692 illis
2512 1635 2869 1693 consolationi
2901 1647 3021 1692 erat
3049 1640 3104 1691 in
3138 1636 3480 1708 persecutio-

1918 1729 2113 1785 nibus?

1982 1823 2150 1894 802
2180 1819 2341 1876 Vens.
2378 1818 2467 1875 50.
2501 1817 2631 1874 Hac
2658 1835 2740 1874 me
2769 1819 3041 1874 consolata
3065 1828 3146 1874 est
3179 1820 3235 1874 in
3263 1816 3484 1874 humili-

1914 1921 2023 1969 tate
2068 1929 2203 1979 mea,
2243 1912 2370 1978 quia
2401 1911 2667 1981 eloquium
2710 1917 2858 1964 tuum
2904 1909 3177 1979 uiuiﬁcaoit
3214 1917 3480 1973 me,-etc.

1914 2006 1989 2061 Ea
2025 2013 2110 2062 est
2154 2004 2379 2059 omnino
2434 2003 2546 2074 spei
2595 2011 2828 2068 natura,
2878 2010 2939 2056 ut
2983 2002 3036 2056 in
3091 2000 3480 2056 tentationibus

1913 2095 2148 2150 animam
2196 2092 2507 2150 consoletur
2526 2092 2990 2164 exspectationem
3038 2092 3305 2148 honorum
3335 2107 3477 2164 prte-

1911 2186 2105 2242 bendo.

1982 2275 2259 2346 Ejusdem.
2289 2275 2403 2331 Hoc
2432 2274 2632 2341 solum,
2672 2273 2866 2344 inquit,
2916 2273 3051 2327 satis
3078 2278 3163 2327 est
3189 2271 3254 2325 ad
3289 2283 3386 2325 nos
3420 2270 3476 2324 in

1911 2368 2161 2424 omnibus
2191 2367 2570 2422 afﬂictionibus
2608 2365 3017 2429 consolandum,
3051 2364 3194 2434 quod
3229 2379 3374 2419 verat
3396 2364 3474 2419 vi-

1911 2469 1978 2513 tae
2011 2460 2424 2529 promissionem
2455 2461 2774 2515 habeamus.
2809 2458 2935 2513 Haec
2977 2458 3142 2528 igitur
3172 2457 3330 2511 nobis
3356 2470 3479 2525 per-

1910 2551 2030 2606 ﬁce.
2069 2549 2201 2605 Nam
2239 2552 2285 2606 si
2328 2552 2381 2605 in
2408 2550 2511 2605 hac
2541 2551 2651 2604 vita
2675 2548 2849 2604 solum
2887 2548 2938 2602 in
2967 2546 3183 2603 Christo
3212 2560 3473 2616 sperave-

1909 2640 2103 2705 rimus,
2139 2641 2570 2697 miserabiliores
2605 2654 2797 2694 sumus
2838 2639 3093 2694 omnibus
3144 2636 3475 2703 hominibus,

1907 2748 1974 2788 eo
2005 2734 2146 2804 quod
2178 2735 2340 2789 modo
2370 2732 2671 2804 aﬂligamur
2705 2740 2761 2787 et
2791 2746 2896 2785 non
2928 2746 3051 2786 cum
3086 2745 3182 2800 spe
3225 2729 3351 2785 vitae
3390 2727 3477 2784 fu-

1910 2832 2062 2880 turae.
2097 2824 2217 2880 Vita
2264 2835 2448 2881 autem
2485 2825 2662 2879 futura
2694 2835 2781 2878 est
2809 2823 3013 2879 reditus
3055 2824 3125 2879 ad
3169 2822 3337 2878 vitam
3362 2862 3380 2886 ,
3418 2820 3473 2876 in

1906 2924 2168 2986 quantum
2195 2913 2434 2970 animam
2466 2916 2632 2970 vitam
2663 2913 2964 2984 pmpriam,
3000 2928 3107 2969 non
3142 2926 3326 2968 veram
3353 2926 3477 2967 esse

1907 3009 2202 3076 discimus;
2236 3007 2278 3063 si
2302 3008 2522 3079 quidem
2564 3007 2745 3062 anima
2774 3023 2879 3062 non
2909 3016 2992 3063 est
3014 3008 3199 3062 homo.
3227 3005 3285 3060 Si
3325 3005 3471 3060 enim

1910 3101 1962 3156 in
2000 3116 2098 3156 sua
2145 3100 2314 3171 ipsius
2346 3101 2458 3155 vita
2490 3101 2716 3156 haberet
2763 3101 2889 3155 vita:
2921 3101 3229 3162 veritatem,
3286 3100 3331 3155 is
3368 3099 3463 3169 qui

216 3145 336 3239 κὼς
390 3145 589 3229 ἐδεῖτοσ
626 3173 708 3228 διὸ
737 3145 829 3227 καλ.
870 3172 899 3224 ὁ
942 3172 1146 3243 Κύριος
1185 3174 1312 3236 τοὺς
1357 3171 1657 3236 τεθνεῶτας
1688 3145 1805 3244 Θεῷ

1916 3145 2261 3248 mortuusest
2295 3206 2635 3262 nequaquam
2668 3206 2805 3261 Opus
2829 3192 3055 3247 haberet
3087 3191 3265 3246 reditu
3298 3145 3478 3245 adavi-

217 3260 323 3337 ζῇν
360 3260 544 3330 εἶπεν,
576 3263 652 3327 ὡς
685 3264 836 3317 οὔπω
873 3267 934 3315 τὸ
980 3261 1077 3334 ζῇν
1126 3261 1368 3334 ἔχοντας,
1418 3263 1556 3334 πλὴν
1593 3265 1715 3319 ὅσον
1747 3267 1805 3321 ἐν

216 3357 457 3429 δυνάμει
502 3355 635 3411 Θεοῦ
679 3355 774 3409 τοῦ
823 3356 1274 3426 ζωοποιήσαντος,
1330 3357 1426 3410 καὶ
1470 3357 1804 3414 ἀπολωλέναι

218 3446 398 3507 φησὶν
420 3446 635 3510 αὐτοὺς,
671 3447 719 3499 εί
759 3445 833 3517 μὴ
861 3445 959 3517 τῆς
987 3445 1334 3510 ἀναστάσεως
1364 3445 1597 3517 τύχοιεν.

304 3636 700 3707 Ὑπερήφανοι
732 3636 1125 3706 παρηνόμουν
1155 3635 1266 3703 ἕως
1298 3635 1554 3706 σφόδρα,
1588 3637 1707 3692 ἀπὸ
1734 3637 1803 3692 δὲ

219 3729 333 3787 τοῦ
386 3729 575 3799 νόμου
619 3744 734 3782 σου
772 3730 883 3783 οὐκ
909 3727 1211 3793 ἐξέκλινα,
1259 3746 1313 3782 κ.
1356 3745 1407 3783 τ.
1444 3730 1492 3782 ἐ.
1537 3729 1625 3783 Ἐν
1650 3729 1802 3802 αὐτῷ

220 3822 334 3895 γὰρ
359 3820 754 3890 ἐπολιτευόμην
780 3818 963 3891 τηρῶν
1002 3819 1062 3872 τὸ
1089 3819 1414 3890 ἡγεμονικόν
1444 3837 1565 3892 μου,
1607 3820 1694 3875 ἵνα
1725 3821 1800 3895 μὴ

220 3915 451 3985 γένηται
484 3913 632 3984 ῥῆμα
665 3911 904 3983 κρυπτὸν
934 3913 991 3965 ὲν
1023 3913 1088 3983 τῇ
1123 3911 1320 3983 καρδίᾳ
1366 3928 1466 3982 μου
1501 3911 1796 3983 ἀνόμημα·

221 4006 453 4062 ἐκείνων
478 4004 588 4073 γὰρ
625 4005 746 4057 λίαν
769 4002 1251 4075 παρανομούντων,
1277 4003 1397 4056 οὐδὲ
1423 4004 1565 4058 κατὰ
1603 4005 1798 4076 μικρὸν

221 4097 337 4169 ἐγὼ
360 4097 453 4151 τὸν
482 4096 645 4167 νόμον
676 4097 1028 4168 παρέϐαινον.

305 4211 544 4279 Ἆθυμία
569 4208 824 4276 κατέσχε
843 4225 919 4276 με
953 4206 1070 4261 ἀπὸ
1103 4206 1464 4276 ἁμαρτωλῶν
1484 4207 1603 4261 τῶν
1621 4208 1797 4278 ἐγκα-

218 4303 719 4372 ταλιμπανόιιτων
743 4299 849 4353 τὸν
879 4301 1067 4368 νόμον
1101 4315 1238 4365 σου,
1266 4317 1319 4352 κ.
1351 4317 1404 4353 τ.
1433 4301 1479 4352 ὲ.
1529 4301 1652 4354 Ἐπὶ
1686 4300 1797 4353 τῶν

220 4387 564 4461 ἁμαρτωλῶν
604 4390 651 4441 οἱ
703 4387 802 4458 μὲν
845 4386 1059 4456 ἀνόμως
1105 4387 1495 4457 ἁμαρτάνουσι,
1536 4387 1615 4459 τῷ
1661 4388 1797 4460 μηδὲ

1909 3292 2036 3337 tam.
2071 3284 2420 3354 Quapropter
2446 3283 2613 3338 etiam
2650 3282 2913 3338 Dominus
2939 3283 3222 3338 defunctos
3249 3284 3362 3338 Deo
3390 3281 3476 3337 vi-

1905 3390 2031 3430 vere
2076 3375 2240 3441 dixit,
2297 3387 2552 3445 tauquam
2602 3376 2693 3443 qui
2745 3376 2979 3431 nondum
3013 3375 3178 3429 vitam
3214 3374 3473 3438 habeant,

1902 3468 2008 3522 nisi
2043 3469 2096 3523 in
2126 3466 2329 3521 virtute
2365 3467 2458 3522 Dei
2493 3467 3042 3539 viviﬁcantis,aitque
3075 3467 3198 3524 illos
3223 3467 3471 3537 periisse,

1901 3558 2005 3613 nisi
2032 3568 2309 3628 compotes
2337 3560 2471 3613 llant
2497 3561 2945 3615 resurrectionis.

1972 3650 2139 3706 Vens.
2170 3651 2260 3707 5!.
2286 3650 2510 3720 Superbi
2552 3652 2728 3724 inique
2753 3653 2976 3723 agebant
3006 3666 3397 3722 usquequaque,
3434 3666 3470 3703 a

1900 3741 2011 3814 lege
2039 3754 2214 3797 autem
2251 3754 2344 3798 tua
2380 3761 2484 3799 non
2518 3745 2803 3810 declinavi,
2841 3754 2951 3800 etc;
2987 3742 3044 3798 In
3074 3743 3189 3814 ipsa
3232 3744 3377 3798 enim
3404 3757 3470 3798 ea

1902 3845 2022 3892 erat
2067 3837 2194 3891 vitae
2240 3851 2373 3892 mea:
2429 3838 2568 3892 ratio
2620 3847 2680 3893 ut
2741 3837 3071 3894 custodirem
3130 3836 3462 3890 intellectum

1902 3941 2102 3991 meum,
2136 3943 2206 3982 ne
2237 3943 2343 3998 qua
2378 3938 2525 3985 esset
2557 3930 2610 3984 in
2643 3931 2809 3986 corde
2860 3944 2984 3985 meo
3015 3927 3223 3984 occulta
3266 3925 3468 3996 iniqui-

1901 4028 2006 4073 tas.
2040 4019 2149 4076 lllis
2176 4021 2321 4076 enim
2367 4036 2627 4092 perquam
2683 4021 2870 4093 inique
2903 4019 3210 4092 agentibus,
3243 4033 3312 4074 ne
3334 4025 3466 4074 tan-

1901 4112 2075 4167 tillum
2111 4113 2328 4182 quidem
2362 4112 2533 4184 legem
2557 4112 2776 4169 violavi.

1970 4204 2131 4259 Vsus.
2163 4203 2253 4259 55.
2285 4202 2521 4272 Defectio
2558 4205 2725 4258 tenuit
2750 4219 2832 4257 me
2858 4219 2955 4271 pro
2987 4201 3348 4271 peccatoribus
3375 4201 3466 4254 dc-

1898 4295 2308 4367 relinquentibus
2356 4295 2521 4366 legem
2570 4306 2760 4363 tuam,
2791 4304 2897 4350 etc.
2950 4296 3098 4350 Inter
3151 4303 3465 4365 peccatores

1897 4387 1988 4441 alii
2019 4388 2238 4455 quidem
2286 4388 2405 4443 sine
2438 4387 2555 4458 lege
2604 4399 2874 4458 peccant,
2928 4387 3073 4459 quod
3113 4386 3337 4442 omnino
3389 4384 3467 4440 le-

216 4480 319 4552 τὴν
367 4479 540 4551 ἀρχὴν
572 4478 905 4552 πειραθῆναι
934 4478 1148 4549 νόμων’
1197 4479 1247 4531 οί
1291 4478 1348 4532 δὲ
1398 4481 1457 4534 ὲν
1502 4479 1672 4551 νόμῳ,
1716 4479 1794 4551 τῷ

1916 4495 2023 4549 gum
2066 4488 2319 4550 expertes
2347 4478 2593 4546 iuerint;
2629 4478 2720 4534 alii
2753 4494 2887 4536 vero
2916 4480 2968 4533 in
3006 4479 3143 4549 lege,
3180 4477 3326 4532 illam
3356 4477 3468 4534 vio-

216 4590 297 4627 πα
305 4571 582 4641 ραϐαίνειν
612 4570 793 4624 αὐτόν.

296 4663 508 4718 Ψαλτὰ
546 4659 710 4733 ἦσάν
746 4681 847 4732 μοι
878 4662 951 4717 τὰ
986 4662 1344 4733 δικαιώματά
1374 4679 1512 4730 σου,
1540 4665 1610 4718 ἐν
1639 4666 1800 4737 τόπῳ

215 4754 533 4823 παροικίας
557 4771 700 4823 μου,
738 4772 792 4808 κ.
827 4773 878 4808 τ.
925 4757 972 4808 ἐ.
1006 4757 1181 4813 Τόπον
1221 4758 1511 4827 παροικίας
1539 4757 1631 4811 τὸν
1660 4775 1800 4830 παρ-

213 4843 346 4897 όντα
395 4843 507 4912 βίον
552 4843 705 4914 φησὶ,
751 4845 891 4898 κατὰ
936 4845 1020 4909 τὸ,
1078 4866 1095 4897 ι
1168 4848 1633 4919 Ὀμολογήσαντες
1656 4890 1671 4913 ,
1716 4851 1797 4903 ὅτι

217 4931 362 4996 ξένοι
394 4934 486 4985 καὶ
514 4932 884 5004 παρεπίδημοί
914 4937 1051 4989 είσιν
1094 4938 1188 4991 ἐπὶ
1213 4939 1310 5009 τῆς
1342 4941 1464 5010 γῆς.
1504 4958 1523 4992 ι
1563 4940 1795 4995 Ψάλλων

214 5021 309 5076 οὖν
335 5022 405 5075 τὰ
430 5022 774 5093 δικαιώματά
804 5042 896 5078 σου
925 5027 1323 5101 ηὐφραινόμην,
1351 5032 1502 5104 καὶὴ
1533 5031 1799 5104 ἐπιθυμία

211 5114 315 5184 τῆς
348 5113 568 5186 ὲντολῆς
602 5115 724 5168 οὐδὲ
747 5115 827 5187 τῷ
856 5115 1009 5187 ὕπνῳ
1034 5117 1218 5190 χώραν
1249 5121 1443 5175 ἐδίδου.

303 5291 650 5361 Ἐμνήσθην
676 5292 746 5346 ὲν
770 5294 944 5348 νυκτὶ
966 5294 1074 5349 τοῦ
1099 5297 1391 5367 ὀνόματός
1415 5316 1553 5364 σου,
1583 5318 1636 5354 κ.
1665 5317 1717 5354 τ.
1742 5301 1790 5357 ἑ.

218 5383 391 5438 Παντὶ¹
425 5384 521 5454 μὲν
557 5383 734 5455 καιρῷ
767 5384 1039 5457 χρῄζομεν
1062 5387 1164 5458 τῆς
1203 5390 1423 5461 μνήμης
1457 5390 1566 5445 τῶν
1597 5390 1794 5461 λογίων

217 5473 313 5528 τοῦ
347 5473 504 5538 Θεοῦ,
545 5475 777 5546 μάλιστα
820 5475 877 5528 δὲ
902 5478 992 5530 ὅτε
1027 5479 1216 5542 σκότος
1247 5479 1432 5552 κύκλῳ
1464 5499 1586 5552 μου,
1616 5485 1710 5537 καὶ
1740 5485 1791 5537 οἱ

217 5561 387 5631 τοῖχοί
430 5579 497 5633 με
528 5564 910 5632 καλύπτουσιν,
949 5568 1039 5622 ὅτε
1079 5569 1382 5641 εἰσέρχεται
1418 5573 1451 5644 ἡ
1484 5574 1793 5647 ἀκάθαρτος

220 5650 503 5718 δπιθυιιία,
553 5656 647 5709 καὶ
688 5660 949 5731 ταράσσει
1000 5662 1063 5716 τὸ
1103 5664 1450 5735 ἡγεμονικόν.
1503 5668 1635 5722 Τότε
1683 5670 1790 5743 γὰρ

292 5768 337 5800 ³³
365 5768 529 5828 Hebr.
556 5790 637 5840 ιι.
665 5776 751 5831 15.

1895 4570 2079 4625 laudo.

1977 4662 2143 4720 Vsus.
2188 4663 2278 4719 54.
2320 4663 2623 4719 Cantabiles
2674 4663 2806 4717 mihi
2861 4671 3007 4718 erant
3053 4660 3466 4731 justiﬁcationes

1895 4766 2002 4811 tua:
2030 4756 2099 4809 in
2124 4754 2239 4809 loco
2272 4755 2713 4826 peregrinationis
2753 4770 2901 4818 mem,
2930 4763 3039 4810 etc.
3069 4752 3271 4808 Locum
3308 4767 3467 4818 pere—

1894 4846 2221 4916 grinationis
2264 4847 2501 4917 appellat
2548 4846 2743 4901 vitam.
2777 4854 3142 4915 praesentem,
3194 4842 3349 4913 juxta
3394 4842 3462 4896 il-

1894 4936 1985 4991 lud
2037 4936 2129 4990 ”:
2171 4955 2192 4990 ι
2245 4937 2578 4992 Conﬁtentes
2614 4937 2744 5008 quia
2791 4936 3065 5008 peregrini
3116 4946 3173 4990 et
3224 4934 3466 5004 hospites

1893 5035 2018 5081 sunt
2061 5040 2227 5095 super
2257 5038 2486 5083 terram.
2531 5046 2552 5080 ι
2598 5028 2845 5083 Psallens
2874 5029 3060 5099 itaque
3110 5024 3461 5095 iustiﬁcatio-

1891 5132 1990 5174 nes
2032 5128 2170 5182 tuas,
2224 5120 2555 5187 recreabar,
2621 5129 2677 5176 et
2726 5121 2966 5176 mandati
3012 5118 3343 5176 desiderium
3392 5130 3464 5174 ne

1889 5229 2080 5271 somno
2112 5215 2332 5285 quidem
2370 5208 2544 5272 locum
2583 5217 2769 5274 dabat.

1964 5305 2132 5360 Vens.
2167 5305 2257 5362 55.
2311 5305 2517 5360 Memor
2552 5307 2634 5376 fui
2666 5307 2721 5360 in
2764 5315 2915 5362 nocte
2942 5304 3171 5361 nominis
3216 5302 3317 5366 tui.
3346 5307 3458 5358 etc.

1891 5395 2049 5453 Omni
2096 5398 2315 5468 quidem
2376 5406 2620 5469 tempore
2671 5398 2979 5469 indigemus
3026 5395 3290 5450 memoria
3346 5392 3463 5450 elo-

1883 5489 2140 5559 ‘quiorum
2182 5489 2298 5556 Dei,
2337 5492 2571 5547 maxime
2618 5506 2748 5547 vero
2793 5506 2917 5547 cum
2970 5488 3210 5545 tenebrae
3259 5490 3316 5546 in
3350 5489 3461 5545 cir-

1889 5581 2035 5636 cuitu
2071 5596 2191 5637 meo
2223 5592 2375 5648 sunt,
2402 5594 2457 5639 et
2498 5583 2639 5638 muri
2675 5596 2762 5638 me
2789 5589 3107 5653 contegunt,
3131 5584 3352 5653 quando
3377 5583 3460 5639 iu-

1890 5674 2034 5745 gruit
2067 5674 2277 5744 impura
2315 5676 2777 5747 concupiscentia,
2801 5684 2858 5732 et
2898 5674 3234 5746 superiorem
3267 5677 3459 5735 anima:
