3928 6158
610 262 750 320 1599

2003 256 2096 313 EX
2133 253 2438 312 ORIGENE
3661 264 3742 318 {GM

607 388 818 449 partem
852 378 1159 436 conturbat.
1210 377 1362 435 Tunc
1390 377 1535 434 enim
1588 391 1815 435 necesse
1848 384 1930 435 est
1975 377 2170 433 memi—

2279 372 2571 443 ἀναγκαῖόν
2604 374 2720 428 ἐστι
2761 373 3062 445 μεμνῆσθαι
3092 375 3205 428 τῶν
3234 374 3425 443 λογίων
3447 372 3528 427 τοῦ
3553 373 3672 439 Θεοῦ,
3692 377 3743 430 iu

605 474 758 532 uisse
782 472 1121 541 eloquiorum
1153 470 1249 527 Dei
1276 511 1295 538 ,
1330 480 1389 527 ut
1426 487 1709 530 servemus
1750 470 1868 541 ejus
1904 470 2081 541 legem
2112 472 2180 528 de

608 564 987 632 temperantia.

676 656 843 712 Vens.
876 655 966 712 56.
1007 653 1139 710 Ilwc
1169 656 1313 725 facta
1360 664 1439 712 est
1472 657 1600 711 mihi
1627 697 1641 721 ,
1681 667 1790 714 etc.
1831 656 2176 726 Seripturam

608 747 865 819 intelligit
897 747 1164 803 divinitus
1197 746 1538 817 inspiratam.
1565 747 1689 803 Haec
1730 748 1872 803 enim
1894 746 2042 818 justo
2073 763 2178 804 non

605 841 780 895 solum
823 840 1053 903 dicitur,
1090 840 1187 895 sed
1216 840 1381 895 etiam
1415 840 1507 907 fit,
1539 842 1662 910 quia
1719 841 2060 896 meditationi
2092 842 2181 894 ad-

599 931 782 1003 jungit
809 933 1245 999 exsecutionem;
1292 934 1434 987 unde
1469 934 1633 988 etiam
1671 932 1791 1001 ejus
1828 932 2181 1001 justilicatio-

606 1040 704 1081 nes
754 1025 1043 1095 exquirere
1077 1026 1309 1092 dicitur,
1347 1035 1405 1079 ut
1454 1026 1547 1095 qui
1596 1026 1819 1079 minime
1846 1026 2025 1081 obiter
2060 1024 2180 1078 illas

607 1118 916 1172 meditetur.
963 1116 1174 1173 Etenim
1211 1118 1406 1187 reliqui
1448 1118 1775 1188 interpretes
1797 1132 1898 1187 pro
1931 1137 1949 1170 ι
1980 1117 2178 1188 exqui-

604 1210 710 1267 sivi
750 1228 770 1261 ι
806 1210 1054 1265 scribunt
1089 1229 1108 1262 ι
1144 1210 1453 1266 observavi.
1486 1228 1506 1262 ι

681 1298 843 1357 Vens.
878 1303 966 1358 57.
1002 1301 1188 1357 Porlio
1227 1319 1366 1367 mea,
1390 1302 1631 1369 Domine,
1660 1303 1775 1356 dixi
1801 1305 2066 1358 custodire
2099 1304 2178 1358 le-

606 1406 720 1463 gem
746 1402 916 1456 tuam,
939 1400 1046 1449 etc.
1075 1392 1541 1458 Quemadmodum
1573 1391 1882 1461 insipientis
1922 1394 2183 1463 insipien-

609 1483 705 1545 tia,
744 1481 909 1553 803
943 1483 1017 1536 ita
1044 1481 1328 1552 prudentis
1372 1482 1658 1552 prudentia
1684 1521 1699 1546 ,
1735 1490 1788 1535 et
1809 1480 1941 1549 justi
1967 1481 2178 1550 justitia

582 1632 585 1635 _
609 1575 791 1645 portio
824 1586 933 1630 est.

683 1667 848 1722 Vens.
878 1667 968 1721 58.
1009 1665 1329 1734 Deprecatus
1369 1681 1487 1720 sum
1543 1663 1735 1733 faciem
1784 1675 1932 1719 tuam
1974 1666 2031 1718 in
2075 1673 2181 1718 toto

607 1761 763 1814 corde
788 1776 903 1813 meo
935 1776 954 1815 ς
985 1759 1233 1815 miserere
1265 1759 1362 1815 mei
1388 1758 1673 1814 secundum
1711 1758 1980 1828 eloquium
2008 1768 2181 1826 tuum,

599 1863 714 1909 etc.
761 1851 955 1908 Facies
986 1852 1080 1906 Dei
1111 1860 1195 1905 est
1237 1851 1404 1922 ﬁgura
1435 1852 1756 1907 substantia:
1789 1849 1929 1918 ejus,
1968 1851 2046 1905 uti
2089 1866 2184 1906 sae-

609 1945 732 2014 pius
778 1945 982 1999 dictum
1020 1952 1131 2000 est.
1177 1943 1280 2011 Qui
1320 1943 1486 2014 igitur
1535 1951 1647 1998 toto
1696 1944 1865 1999 corde
1897 1944 2180 1998 Dominum

608 2037 929 2102 desiderat,
958 2047 1019 2092 ut
1064 2052 1130 2093 eo
1157 2037 1271 2106 jam
1328 2050 1465 2106 puro
1510 2034 1705 2091 eﬂ‘ecto
1731 2037 1909 2107 ipsum
1943 2044 2184 2092 contem-

611 2128 790 2197 pletur
814 2168 829 2193 ,
885 2137 938 2182 et
988 2144 1051 2182 cx
1083 2128 1254 2197 ipsius
1287 2128 1484 2184 intuitu
1520 2129 1949 2184 misericordiam
1981 2143 2177 2184 conse-

608 2229 808 2290 quatur
833 2259 849 2283 ,
900 2221 1194 2275 secundum
1229 2220 1844 2291 disciplime,rationem
1894 2221 2175 2291 proposita

607 2313 774 2369 verba
818 2314 1004 2368 dicere
1035 2315 1255 2384 poterit.
1288 2314 1587 2370 Considera
1642 2326 1821 2370 autem
1849 2327 2089 2386 quantus
2111 2317 2181 2371 sit

578 2406 701 2477 .qui
756 2406 959 2461 videbit
993 2406 1190 2461 faciem
1225 2405 1343 2461 Dei.
1375 2405 1536 2462 Iesus
1592 2407 1709 2477 ipse
1757 2416 1810 2463 te
1857 2408 2052 2463 doceat
2099 2409 2182 2463 di-

604 2513 740 2556 cens
765 2499 809 2532 ⁸⁵
841 2517 855 2554 :
894 2517 915 2552 ι
955 2498 1106 2555 Beati
1144 2501 1344 2557 mundo
1373 2501 1558 2569 corde.
1591 2501 1850 2571 quoniam
1881 2502 1983 2572 ipsi
2014 2501 2178 2561 Deum

580 2642 587 2649 .
608 2591 887 2649 videbunt.
926 2610 945 2643 ι
1530 2650 1539 2655 ἢ

682 2680 845 2738 Vens.
878 2682 969 2739 59.
1010 2683 1251 2754 Cogitavi
1299 2685 1414 2740 vias
1451 2694 1608 2750 tuas,
1652 2695 1699 2740 et
1745 2688 1979 2741 conuerti
2023 2688 2179 2756 pedes

603 2789 747 2831 meos
778 2776 834 2829 in
864 2777 1162 2831 testimonia
1194 2787 1321 2844 tua,
1363 2786 1470 2833 etc.
1528 2777 1680 2845 Quod
1728 2779 1863 2835 dicit
1897 2788 1985 2833 est
2032 2778 2180 2847 ejus-

606 2868 753 2923 modi
789 2869 1115 2935 :Nunquam
1161 2877 1366 2924 temere
1408 2869 1621 2926 locutus
1662 2887 1787 2929 sum
1815 2912 1831 2935 ,
1874 2887 1973 2927 nec
2018 2882 2181 2926 ante-

605 2976 769 3029 quam
802 2962 942 3031 apud
994 2978 1080 3017 tne
1114 2964 1476 3033 reputaverint
1506 2963 1911 3033 loquendumne
1945 2965 2078 3019 mihi
2107 2980 2175 3018 an

2280 464 2605 537 φυλάξωμεν
2654 467 2746 520 τὸν
2791 468 2953 538 νόμον
2985 466 3075 520 τοῦ
3130 466 3269 520 Θεοῦ
3319 465 3409 519 τὸν
3452 465 3564 538 περὶ
3606 484 3743 540 σωφρο-

2282 553 2465 625 σύνης.

2341 647 2501 716 Αὕτη
2556 648 2809 719 ἐγενήθη
2844 668 2966 719 μοι,
3008 668 3062 707 κ.
3101 669 3156 705 τ.
3205 650 3252 705 ἐ.
3294 647 3405 720 Τὴν
3446 648 3632 722 Γραοὴν
3656 650 3747 718 λέγει

2278 738 2378 811 τὴν
2410 739 2786 797 θεόπνευστον.
2819 744 2966 816 Αὕτη
2994 744 3103 816 γὰρ
3123 742 3206 813 τῷ
3230 742 3418 812 δικαίῳ
3439 742 3495 794 οὐ
3513 742 3748 814 λέγεταιμὸ-

2279 850 2391 897 νον,
2421 832 2555 886 ἀλλά
2581 833 2676 888 καὶ
2720 833 2949 903 γίνεται,
2979 836 3169 906 ἐπειδὴ
3202 838 3268 907 τῇ
3307 836 3495 908 μελέτῃ
3526 835 3751 908 προστίθησι

2280 923 2379 995 τὴν
2404 924 2759 997 κατόρθωσιν
2793 927 2914 980 ὅθεν
2948 927 3113 981 αὐτοῦ
3150 929 3246 981 καὶ
3272 926 3509 998 ὲκζητείν
3530 927 3586 981 τὰ
3606 928 3750 981 δικαιόν

2286 1034 2433 1087 ματα
2457 1017 2693 1085 λέγεται,
2717 1019 2793 1083 ὡς
2821 1019 2896 1091 μὴ
2926 1020 3227 1092 παρὲρςιος
3260 1020 3399 1075 αὒτά
3422 1020 3654 1091 μελετῶν.
3677 1023 3751 1076 Te:-

2282 1108 2481 1180 γαροῦν
2514 1111 2563 1161 oi
2596 1108 2769 1163 λοιποὶ
2798 1109 2907 1162 τῶν
2950 1111 3310 1182 ἐρμηνευτῶν
3343 1112 3457 1164 ἀντὶ
3481 1110 3563 1163 τοῦ
3601 1111 3750 1185 «ἐξεζή-

2282 1216 2425 1271 τησα
2452 1220 2472 1253 ›
2498 1201 2824 1271 διετήρησα
2850 1204 3176 1275 γράφουσιν.

2354 1294 2535 1361 Μερίς
2554 1312 2674 1363 μου
2702 1296 2776 1361 εἷ,
2806 1298 3000 1365 Κύριε,
3034 1294 3178 1350 εἶπα
3203 1297 3312 1351 τοῦ
3341 1298 3669 1367 φυλάξασθαι
3692 1300 3753 1352 τίγ

2282 1384 2471 1453 νόμον
2498 1399 2635 1451 σου,
2666 1404 2722 1440 κ.
2758 1404 2810 1440 τ.
2846 1388 2892 1440 ἐ.
2926 1389 3141 1460 Ὥσπερ
3168 1391 3290 1443 ἐστὶ
3329 1390 3479 1462 μερὶς
3507 1393 3535 1462 ἡ
3561 1388 3752 1463 dar/asini

2283 1475 2376 1528 τοῦ
2424 1478 2678 1551 ἄφρονος,
2725 1480 2867 1534 οὕτω
2913 1483 3006 1535 καὶ
3041 1483 3138 1536 τοῦ
3191 1483 3450 1555 φρονίμου
3491 1487 3521 1554 ἡ
3562 1486 3753 1556 φρόνῃτξ,

2282 1570 2377 1622 καὶ
2403 1571 2497 1624 τοῦ
2531 1572 2740 1626 δικαίου
2773 1576 2806 1646 ἡ
2839 1574 3173 1649 δικαιοσύνη.

2373 1663 2662 1733 Ἐδεήθην
2710 1667 2819 1721 τοῦ
2857 1668 3188 1735 προσώπου
3220 1686 3338 1724 σου
3384 1671 3452 1724 ἐν
3487 1670 3583 1739 ὅλῃ
3618 1672 3754 1738 παιδίᾳ

2279 1775 2422 1827 μου,
2469 1757 2734 1825 ἐλέησόν
2773 1776 2852 1829 με
2895 1760 3054 1815 κατὰ
3089 1762 3157 1814 τὸ
3194 1764 3402 1831 λόγιόν
3430 1778 3553 1827 σου,
3594 1780 3635 1816 κ.
3664 1780 3698 1815 τ.
3726 1764 3752 1814 ἐ.

2286 1848 2579 1919 Πρόσωπον
2612 1848 2748 1902 Θεοῦ
2788 1851 2817 1902 ὁ
2846 1853 3132 1925 χαρακτὴρ
3166 1853 3265 1924 τῆς
3295 1855 3613 1916 ὑποστάσεως
3634 1853 3751 1916 αὑτοῦ,

2284 1940 2359 2005 ὡς
2405 1940 2663 2005 πολλάκις
2685 1943 2918 2014 εἴρηται.
2963 1946 3021 1998 '0
3052 1945 3245 2000 τοίνυν
3271 1945 3369 2019 ὅλῃ
3394 1946 3456 2016 τῆ
3486 1947 3645 2017 καρδίᾳ
3664 1947 3751 2015 ἐφιέ-

2287 2050 2447 2103 μενος
2473 2034 2564 2087 τοῦ
2592 2037 2818 2109 Κυρίου,
2849 2039 2999 2101 ὅπως
3030 2038 3253 2111 καθαρᾷ
3275 2040 3408 2109 αὐτῇ
3437 2046 3657 2112 γενομένη
3679 2041 3751 2091 θεωι

2285 2127 2405 2198 ροίη
2430 2128 2611 2195 αὑτὸν,
2643 2131 2739 2184 καὶ
2768 2132 2832 2184 ἐκ
2854 2116 2948 2184 τοῦ
2983 2131 3256 2197 ἀτενίζειν
3280 2133 3440 2186 αὐτοῦ
3467 2131 3645 2203 ἐλεηθῇ,
3667 2132 3748 2184 κατὰ

2284 2220 2374 2273 τὸν
2422 2220 2579 2290 λόγον
2611 2223 2710 2295 τῆς
2751 2223 3103 2291 διδασκαλίας
3135 2227 3282 2280 εἴποι
3320 2227 3384 2280 ἂν
3425 2228 3488 2281 τὰ
3519 2225 3749 2293 συγκείμενα

2285 2313 2444 2385 ῥητά.
2485 2315 2626 2386 Ὅρα
2670 2315 2729 2368 δέ
2763 2317 2991 2387 πηλίκος
3023 2319 3174 2372 ἐστὶν
3204 2322 3234 2373 ὁ
3266 2319 3513 2390 ὀψόμενος
3537 2318 3589 2371 τὸ
3613 2318 3747 2389 προσω-

2285 2426 2384 2461 πον
2415 2406 2508 2461 τοῦ
2539 2406 2694 2461 Θεοῦ·
2740 2409 2943 2482 Ἰησοῦς
2975 2428 3034 2465 σε
3066 2412 3338 2478 διδαξάτω
3362 2413 3548 2480 λέγων·
3594 2410 3748 2463 inlexi-

2286 2515 2391 2569 ριοι
2452 2501 2500 2552 οἰ
2550 2497 2783 2570 καθαροὶ
2836 2504 2901 2573 τῇ
2958 2502 3182 2576 καρδίᾳ,
3239 2504 3321 2558 ὅτι
3377 2503 3517 2557 αὐτοὶ
3558 2501 3628 2555 τὸν
3669 2500 3746 2552 est

2281 2591 2521 2662 ὄψονται.
2560 2611 2578 2643 ι

2351 2686 2785 2758 Διελογισάμην
2811 2688 2920 2755 τὰς
2957 2689 3140 2755 ὁδούς
3180 2703 3320 2752 σου,
3378 2687 3472 2743 καί
3504 2685 3745 2752 tamen

2281 2778 2424 2845 τοὺς
2452 2779 2643 2846 πόδας
2663 2798 2783 2851 μου
2807 2784 2895 2847 είς
2929 2781 3004 2836 τὰ
3024 2782 3327 2852 μαρτύριά
3360 2798 3488 2845 σου,
3511 2798 3558 2834 κ.
3585 2797 3621 2831 τ.
3651 2778 3682 2829 ὲ.
3708 2775 3746 2825 ’ῡ

2281 2869 2427 2939 λέγει
2458 2871 2699 2927 τοιοῦτόν
2732 2875 2909 2927 ἐστιν’
2954 2875 3228 2928 Οὐδέποτε
3273 2874 3538 2947 προπετῶς
3573 2871 3743 2939 ἐλάλησεν

2284 2964 2359 3035 μὴ
2392 2964 2749 3038 λογισάμενος
2790 2966 3027 3038 πρῶτον,
3076 2971 3128 3022 εἰ
3182 2967 3435 3037 λαλητέον
3480 2966 3556 3036 μοί
3581 2961 3742 3031 ἐστιν,ῆ

608 3052 898 3107 tacendum
929 3062 1097 3107 esset.
1132 3052 1419 3121 Nunquam
1474 3063 1678 3108 temere
1710 3053 1990 3122 quidpiam
2047 3054 2174 3123 egi,

2286 3057 2604 3129 σιωπητέον.
2635 3058 2904 3112 Οὐδέποτε
2946 3062 3239 3131 προπετῶς
3268 3080 3319 3115 τι
3342 3060 3550 3133 ἔπραξα,
3585 3058 3639 3128 μὴ
3655 3054 3743 3118 λιτὶ·

606 3159 709 3201 nec
741 3157 1033 3215 antequam
1075 3146 1454 3217 perpenderim
1510 3158 1729 3203 essetne
1777 3149 1863 3203 illa
1910 3152 2058 3206 actio
2092 3151 2181 3206 de-

605 3252 777 3293 cens:
814 3254 935 3291 nam
972 3238 1071 3293 viae
1099 3247 1294 3293 nostra:
1342 3248 1468 3293 sunt
1513 3240 1566 3294 in
1614 3241 2045 3308 cogitationibus
2093 3254 2177 3297 at-

605 3344 711 3400 que
756 3331 1061 3385 actionibus
1115 3329 1324 3399 positae.
1387 3329 1731 3400 Quapropter
1776 3334 1854 3388 ait
1907 3348 1922 3388 :
1979 3334 2179 3389 Omnia

584 3422 951 3481 considerate
973 3420 1096 3487 feci,
1123 3422 1192 3476 ob
1224 3421 1387 3492 idque
1412 3424 1699 3479 ambulans
1738 3426 1985 3479 converti
2014 3426 2179 3495 pedes

605 3530 758 3569 turos
794 3515 845 3569 in
877 3515 1187 3573 testimonia
1236 3526 1325 3569 tua
1356 3554 1373 3582 ,
1416 3530 1488 3571 ne
1517 3524 1673 3569 extra
1717 3517 2027 3572 testimonia
2080 3518 2174 3572 Dei

604 3607 943 3667 ambularem
972 3649 987 3669 ,
1035 3610 1130 3663 sed
1177 3620 1342 3665 oinue
1391 3608 1677 3665 consilium
1709 3623 1888 3665 meum
1916 3611 1992 3666 ad
2021 3625 2177 3666 man-

604 3702 732 3756 data
764 3710 852 3755 tua
880 3700 1165 3755 referrem.
1940 3692 1951 3704 ’

681 3790 848 3849 Vens.
886 3791 978 3847 60.
1010 3790 1242 3847 Paratus
1281 3807 1421 3857 sum,
1456 3800 1505 3847 et
1534 3808 1637 3845 non
1682 3794 2088 3861 oumturbatus,
2122 3808 2177 3851 ut

604 3885 903 3941 custodiam
953 3887 1205 3938 mandata
1246 3894 1344 3938 tua
1371 3924 1386 3950 ,
1443 3894 1554 3938 etc.
1588 3885 1893 3942 All‘ectuum
1932 3893 2177 3946 carentia

588 3976 746 4032 solet
801 3976 1254 4044 imperturbatum
1308 3991 1406 4031 cor
1454 3979 1765 4043 custodire;
1826 3981 1971 4047 quod
2020 3982 2176 4039 nobis

605 4066 806 4121 accidit
832 4081 896 4119 ex
923 4069 1343 4123 conversatione
1363 4083 1513 4124 recta
1539 4078 1592 4125 et
1625 4071 1898 4140 dogmatis
1937 4074 2101 4128 veris.

680 4158 845 4212 Vens.
877 4157 964 4211 61.
1000 4156 1175 4211 Ιίίιιιεδ
1202 4170 1537 4228 peccatorum
1564 4162 1905 4231 circumplexi
1933 4175 2172 4228 suntme,

602 4260 654 4306 et
694 4250 858 4320 legem
886 4262 1034 4304 mam
1083 4266 1188 4305 non
1229 4268 1344 4305 sum
1380 4252 1595 4317 oblitus,
1641 4264 1746 4309 etc.
1785 4255 1965 4312 Fuues
1992 4259 2177 4327 appel-

605 4344 784 4399 lantur
818 4352 1035 4413 pccrata
1071 4359 1188 4413 quae
1205 4344 1307 4400 sibi
1339 4345 1568 4400 invicem
1599 4345 1832 4417 implexa
1863 4359 2011 4405 sunt.
2035 4350 2170 4405 Nam

2285 3146 2540 3217 σάμενος,
2576 3149 2623 3200 εί
2653 3148 2971 3220 καθήκουσά
2999 3152 3150 3204 ἐστιν
3194 3154 3227 3222 ή
3264 3152 3468 3224 πρᾶξις·
3498 3149 3546 3202 at
3580 3146 3661 3216 γὰρ

2280 3237 2438 3308 ἡμῶν
2472 3241 2529 3291 ἐν
2574 3238 2943 3311 διαλογισμοῖς
2986 3243 3092 3295 εἱσι
3143 3245 3241 3298 καὶ
3284 3246 3341 3297 ἐν
3387 3240 3604 3314 πράξεσι,
3637 3233 3741 3303 ﬁcii

2280 3325 2392 3383 οὖν·
2426 3330 2609 3383 Πάντα
2650 3331 3137 3402 περιεσκεμμένως
3164 3335 3410 3404 ἐποίησα,
3445 3330 3527 3385 καὶ
3549 3328 3621 3383 διά
3643 3324 3741 3378 τοῦτο

2282 3420 2590 3491 ἐπέστρεψα
2630 3420 2829 3475 ὁδεύων
2866 3422 2993 3486 τοὺς
3023 3423 3193 3488 πόδας
3222 3441 3322 3494 μου
3353 3425 3427 3487 εἰς
3452 3422 3512 3476 τά
3551 3413 3740 3491 μαρτύριά

2283 3527 2396 3574 σου,
2428 3510 2513 3563 ἵνα
2545 3509 2618 3582 μὴ
2653 3510 2851 3577 ἔξωθεν
2875 3511 2983 3565 τῶν
3027 3514 3340 3585 μαρτυρίων
3370 3511 3455 3565 τοῦ
3481 3509 3593 3562 Θεοῦ
3615 3504 3737 3562 ὁδεύων

2280 3602 2461 3656 πᾶσαν
2481 3602 2578 3673 τὴν
2599 3603 2736 3674 ἐμὴν
2759 3602 2983 3675 γνώμην
3008 3606 3088 3669 είς
3112 3605 3214 3669 τὰς
3244 3605 3340 3669 σάς
3365 3601 3559 3664 ἀναθεὶς
3577 3594 3737 3653 ἐντολάςο

2360 3781 2770 3851 Ἠτοιμάσθην,
2801 3784 2897 3837 καὶ
2923 3785 3038 3838 οὐκ
3072 3785 3403 3856 ἐταράχθην
3435 3780 3527 3837 τοῦ
3547 3774 3737 3849 φυλάξω

2279 3877 2420 3929 σθαι
2441 3874 2548 3941 τὰς
2571 3873 2825 3941 ἐντολάς
2846 3890 2982 3939 σου,
3024 3893 3078 3929 κ.
3113 3894 3175 3929 τ-
3195 3879 3243 3930 ὲ.
3283 3876 3345 3929 Ἠ
3368 3873 3572 3928 ἀπάθεια
3597 3867 3737 3933 tri-gat:

2276 3967 2375 4040 τὴν
2407 3967 2631 4039 καρδίαν
2655 3967 2925 4039 ἀτάραχον
2953 3968 3351 4038 διαφυλάττειν,
3376 3967 3484 4037 ἥτις
3497 3963 3604 4033 ἡμῖν
3626 3971 3738 4027 προσ-

2277 4057 2482 4126 γίνεται
2512 4060 2576 4111 ὲκ
2618 4057 2890 4121 πολιτείας
2927 4057 3093 4130 ὀρθῆς
3122 4059 3219 4113 καὶ
3245 4057 3504 4128 δογμάτων
3530 4044 3735 4120 ἀληθινῶν-

2346 4150 2591 4218 Σχοινέα
2625 4149 2990 4219 ἁμαρτωλῶν
3038 4145 3507 4219 περιεπλάκησάν
3543 4158 3637 4213 μοι,
3673 4134 3733 4190 καὶ

2276 4239 2380 4294 τοῦ
2412 4241 2599 4309 νόμου
2629 4255 2746 4294 σου
2777 4245 2889 4295 οὐκ
2931 4242 3331 4312 ἐπελαθόμην,
3370 4258 3420 4294 κ.
3456 4256 3501 4292 τ.
3525 4239 3565 4289 ὲ.
3589 4228 3735 4303 Σχοινέα

2276 4333 2345 4387 τὰ
2390 4332 2668 4403 ἐπάλληλα
2710 4332 2804 4385 καὶ
2849 4333 2915 4387 τὰ
2961 4332 3412 4405 συμπεπλεγμένα
3453 4326 3731 4399 ἁμαρτήματα

603 4439 695 4504 qui
744 4445 1024 4504 peccatum
1060 4436 1162 4490 sibi
1222 4451 1552 4506 proponunt,
1591 4450 1815 4510 propter
1850 4442 1978 4498 illud
2003 4443 2168 4499 etiam

2279 4425 2513 4495 λέγεται.
2563 4427 2627 4477 Οἱ
2674 4425 2784 4497 γάρ
2826 4426 3098 4498 ἁμαρτίαν
3146 4426 3455 4498 προθέμενοι

604 4529 749 4583 aliud
775 4538 1023 4583 attexere
1052 4530 1479 4599 compelluntur,
1505 4534 1979 4602 quemadmodum.
1998 4535 2170 4590 David

602 4631 823 4692 propter
865 4621 1284 4677 fornicationem
1312 4623 1479 4678 etiam
1511 4625 1716 4680 caedem
1764 4625 1961 4695 adjecit
1986 4667 2000 4692 ,
2032 4627 2169 4682 Cain

584 4722 823 4784 propter
877 4713 1239 4769 fratricidium
1276 4715 1525 4786 adjunxit
1559 4719 1926 4774 mendacium.
1970 4718 2168 4775 Verum

604 4807 687 4861 bis
719 4821 842 4861 cum
880 4806 1311 4877 implecteretur,
1356 4808 1431 4862 ait
1462 4823 1520 4863 se
1560 4810 1696 4878 legis
1724 4826 1830 4865 non
1861 4812 2172 4867 omnimode

600 4901 829 4955 oblitum
857 4899 1026 4955 fuisse
1053 4941 1069 4966 ,
1101 4901 1541 4970 quandoquidem
1582 4902 1650 4956 ad
1681 4903 2054 4970 posuitentiam
2082 4918 2171 4959 re—

592 4993 832 5064 spiciens
859 5000 915 5047 et
942 5007 1256 5054 conversus.
1290 4991 1473 5047 funem
1504 4994 1715 5061 peccati
1745 4994 1984 5062 abrupit.

674 5085 842 5139 Vnus.
874 5083 964 5137 62.
1007 5082 1189 5137 Media
1212 5092 1361 5137 nocte
1383 5085 1661 5152 surgebam
1708 5084 1775 5136 ad
1808 5086 2165 5152 can/iteminnt

598 5179 692 5231 tibi
726 5193 882 5245 super
925 5176 1135 5247 judicia
1181 5176 1738 5246 justiﬁcationislw,
1784 5184 1892 5232 etc.
1937 5177 2050 5234 Hoc
2085 5183 2164 5236 di-

594 5271 827 5325 cendum
857 5272 1117 5325 adversus
1145 5284 1238 5325 eos
1263 5269 1359 5340 qui
1410 5284 1600 5338 preces
1650 5279 1811 5324 noctu
1860 5272 2159 5342 negligunt.

665 5448 833 5503 Vens.
860 5447 950 5502 70.
995 5445 1349 5518 Coagulatum
1396 5456 1468 5499 est
1511 5443 1646 5500 sicut
1692 5444 1776 5500 (ac
1815 5463 1906 5501 cor
1951 5464 2163 5518 meum;

594 5558 687 5611 ego
720 5557 838 5594 vero
881 5542 1043 5611 tegent
1075 5552 1222 5596 tuam
1253 5540 1536 5596 meditatus
1565 5555 1705 5608 sum,
1747 5549 1855 5597 etc.
1893 5540 2163 5611 Quemad-

671 5708 714 5740 3‘
742 5707 930 5768 Matth.
968 5727 1020 5778 ν,
1048 5708 1102 5765 8.

2278 4517 2446 4588 αὐτὴν
2482 4516 2577 4570 καὶ
2609 4495 2775 4587 ἄλλην
2809 4495 3227 4585 ἀναγκάζονται·
3262 4495 3434 4584 ὥσπερ
3467 4511 3492 4563 ὁ
3524 4501 3652 4559 Δαῡὶδ

2274 4610 2371 4683 τὴν
2404 4586 2659 4683 πορνείαν
2698 4586 2791 4663 καὶ
2820 4609 2911 4663 τὸν
2940 4609 3097 4679 φόνον
3125 4607 3460 4681 προσέθηκεν·
3486 4603 3511 4653 ὁ
3542 4595 3647 4650 Κὰἰν
3670 4586 3727 4683 at

2271 4678 2370 4776 την
2400 4678 2814 4772 ἀδελφοκτονίαν
2858 4678 3255 4773 ἐπισυνῆψεντὸ
3285 4698 3476 4771 ψεῦδος.
3518 4688 3624 4744 ’ω’

2278 4796 2481 4850 τούτων
2526 4795 2972 4866 περιπλακέντων
3007 4792 3157 4865 αὑτῷ
3197 4792 3286 4846 τοῦ
3315 4787 3435 4844 Θεοῦ
3464 4784 3595 4855 νόμον
3617 4773 3721 4866 φηῖὶν

2277 4863 2726 4942 ἐπιλανθάνεσθαι
2766 4887 3002 4952 πάντως·
3054 4863 3156 4953 ὅτι,
3204 4886 3333 4959 πρὸς
3380 4879 3611 4954 μετάνοιαν
3642 4863 3718 4921 ἰδὼν

2275 4982 2367 5035 καὶ
2395 4980 2745 5054 ἐπιστρέψας,
2769 4981 2830 5034 τὸ
2856 4980 3086 5051 σχοινίον
3121 4980 3217 5051 τῆς
3244 4974 3487 5049 ἁμαρτίας
3520 4963 3694 5041 ἔρρηξεν·

2343 5047 2756 5130 Μεσονῦκινιον
2792 5047 3185 5144 ἐξεῆνειρόμην⁷
3216 5047 3318 5127 toi":
3345 5047 3716 5144 etfopolom'addl

2274 5186 2374 5223 σοι
2402 5169 2501 5222 ἐπὶ
2529 5169 2601 5222 τὰ
2628 5168 2881 5236 κρίματα
2902 5140 3016 5235 τῆς
3042 5140 3412 5229 δικαιοσύνης
3438 5171 3549 5218 σου,
3568 5140 3712 5243 1.7.}-

2270 5261 2502 5317 Λεκτέον
2554 5260 2711 5315 τοῦτο
2755 5261 2892 5334 πρὸς
2932 5261 3059 5325 τοὺς
3104 5256 3417 5332 ἀμελοῦντας
3453 5248 3617 5313 νύκτωρ
3641 5246 3710 5288 των

2273 5354 2610 5429 προσευχῶν.
3546 5427 3558 5438 θ
3597 5420 3606 5438 ι

2350 5414 2640 5517 Ἕτυὲώθη
2690 5447 2770 5512 ὡς
2804 5447 2960 5516 τάλα
3002 5445 3041 5514 ἦ
3093 5443 3299 5514 καρδία
3330 5420 3619 5496 αὐτῶνέῗὼ
3639 5414 3707 5517 τίν

2271 5544 2459 5614 νόμον
2478 5505 2603 5597 ονου
2625 5505 2996 5611 έμεζὶέτησα,
3027 5505 3097 5597 at.
3232 5538 3278 5592 ἐ.
3331 5533 3507 5598 Ὥσπερ
3542 5522 3564 5573 ὁ
3599 5505 3705 5580 “Pb;
