3928 6158
150 180 341 240 160!
1127 186 1431 242 SEI.E(ZTA
1467 187 1535 241 IN
1569 186 1905 245 PSALMOS.
1938 223 2006 231 —
2043 190 2236 247 PSAL.
2262 191 2495 249 CXVIII.
3322 195 3509 254 i602"

143 292 241 368 ἦν
283 302 391 353 ὅτε
427 300 527 354 οὐκ
553 296 620 373 ἦν
651 302 832 375 τυρὸς,
870 303 1043 368 οὕτως
1081 306 1128 358 οἰ
1169 306 1423 377 δαιμονες
1461 301 1603 377 ἦσάν
1629 323 1758 361 ποτε

1889 308 2107 361 modum
2155 324 2347 364 caseus
2388 317 2528 378 erat,
2560 308 2778 379 quando
2813 325 2920 366 non
2953 320 3073 367 erat
3111 327 3329 379 caseus,
3379 319 3459 371 sic

144 390 270 443 ὅτε
316 393 423 445 οὐκ
458 388 597 462 ἦσαν
632 396 877 467 πονηροί.
910 397 973 449 Εἰ
1012 397 1070 450 δὲ
1121 398 1184 449 τὸ
1224 397 1365 466 γάλα
1412 397 1758 471 πρεσϐύτερά

1888 398 2162 453 ila-mones
2199 400 2492 469 aliquando
2519 410 2697 468 erant,
2730 403 2947 471 quando
2970 419 3078 458 non
3102 416 3266 460 erant
3301 407 3454 462 mali.

143 477 308 535 ἐπι
368 482 462 536 τοῦ
494 484 682 555 τυροῦ,
727 486 967 556 δηλονότι
1012 490 1105 542 καὶ
1145 490 1176 560 ή
1221 489 1388 561 ἁρετὴ
1439 490 1758 564 πρεσϐυτέρι

1887 487 1943 540 Si
1976 504 2105 544 vero
2130 489 2212 543 lac
2240 491 2515 560 antiquius
2544 501 2625 544 est
2658 505 2851 556 caseo,
2884 493 2962 548 ita
2983 493 3236 550 videlicet
3258 505 3314 551 et
3345 497 3455 550 vir-

142 573 283 644 τῆς
328 576 532 642 κακίας
561 579 727 633 ἐστίν’
763 580 915 653 τυρῷ
944 582 1053 653 γὰρ
1086 582 1250 637 Δαυῖδ
1272 584 1372 656 τὴν
1403 585 1601 639 κακίαν
1625 585 1758 638 ἀπείι

1888 587 1976 634 tus
2004 581 2280 650 antiquior
2312 591 2397 636 est
2444 582 2675 636 malitia.
2709 582 2881 639 Caseo
2924 587 3065 644 enim
3104 586 3271 642 David
3295 588 3457 643 mali-

145 680 243 718 κα
259 684 393 724 σεν.

1888 672 2015 724 tiam
2044 672 2390 726 assimilavit.

268 758 531 829 Ἀγαθόν
546 779 649 831 μοι
677 762 765 816 ὅτι
794 763 1201 834 ἐταπείνωσάς
1217 785 1312 837 με,
1340 768 1498 836 ὅπως
1526 770 1604 826 ἂν
1615 770 1758 839 μάθε

1958 761 2123 816 Vens.
2152 760 2239 817 7i.
2269 760 2477 816 Bonum
2503 761 2630 815 mihi
2659 764 2782 833 quia
2812 765 3108 821 humiliasti
3131 784 3212 823 me
3239 809 3254 835 ,
3280 779 3336 824 ut
3369 772 3454 826 di-

152 848 255 904 τὰ
299 851 673 923 δικαιώματά
698 871 836 919 σου,
869 875 926 912 κ.
958 877 1007 912 τ.
1045 862 1091 912 ὲ.
1138 861 1282 915 Ὡσεὶ
1311 862 1514 931 ἔλεγεψ
1562 864 1758 917 Εὐδοκὸ

1883 870 2025 908 scum
2051 852 2463 923 justiﬁrationes
2508 870 2651 920 tuas,
2679 867 2786 913 ctc.
2816 858 2981 925 Quasi
3010 861 3214 915 diceret
3244 879 3258 915 :
3291 862 3457 918 Com-

157 938 239 996 ὲν
270 943 614 1012 ἀσθενείαις,
642 950 699 1002 ἐν
724 948 967 1021 ὕϐρεσιν,
998 955 1054 1007 ὲν
1088 954 1375 1023 ἀνάγκαις,
1413 958 1470 1010 ὲν
1498 956 1757 1028 διωγμοῖς

1883 942 2070 1013 placeo
2102 944 2232 998 mihi
2262 944 2316 997 in
2346 945 2774 1005 inﬁrmitatibus.
2800 948 2854 1002 iu
2890 952 3254 1017 contumeliis,
3274 953 3325 1006 in
3358 966 3430 1010 ne

161 1036 242 1087 ὲν
277 1039 694 1110 στενοχωρίαις.
734 1041 916 1107 ’Ἄξιος
942 1044 1173 1116 ὀφθῆναι
1204 1047 1313 1101 τῶν
1338 1048 1448 1101 σῶν
1478 1049 1758 1121 δικαιωμάι

1882 1034 2253 1099 cessitatibus,
2291 1036 2343 1090 in
2369 1039 2854 1105 persecutionibus,
2884 1039 3050 1111 804
3079 1041 3131 1093 in
3161 1043 3447 1111 angustiis.

162 1145 307 1185 των
337 1132 494 1197 αἰτῶ,
528 1132 677 1205 ἅπερ
698 1133 799 1187 οὐκ
826 1134 973 1189 ἐστιν
995 1137 1169 1202 ἄλλως
1196 1140 1407 1211 μαθεῖν.

1882 1124 2081 1180 Precor
2114 1135 2174 1180 ut
2207 1127 2313 1182 tuis
2363 1143 2653 1196 appaream
2687 1129 2882 1197 dignus
2927 1128 3448 1197 iustiﬁcationibus,

559 1265 566 1272 ,
1882 1232 2017 1287 quas
2044 1218 2264 1287 quidem
2303 1234 2406 1273 non
2432 1220 2592 1273 aliter
2626 1220 2836 1273 discere
2865 1230 2967 1277 est.

246 1306 783 1375 Αἱσχυνθήτωσαν
824 1312 1218 1383 ὑπερήφανοι,
1261 1315 1349 1369 ὅτι
1379 1316 1597 1383 ἀδίκως
1635 1319 1758 1387 ἠνό¹

1949 1311 2113 1366 \’£ns.
2143 1311 2231 1365 78.
2272 1310 2684 1382 Confundanlur
2711 1317 2941 1383 superbi,
2974 1316 3099 1385 quia
3128 1315 3321 1387 injuste
3343 1319 3451 1373 ini-

158 1414 412 1465 μησαν
431 1402 521 1466 εἰς
547 1402 672 1471 ἐμὲ,
701 1421 755 1458 κ.
786 1421 838 1457 τ.
877 1406 923 1459 ὲ.
968 1407 1033 1460 Ἡ
1056 1408 1284 1479 αἰσχύνη
1318 1410 1397 1473 εἰς
1427 1410 1758 1482 συναίσθησιε

1879 1406 2134 1474 quitatem
2175 1405 2409 1470 fecerunt
2461 1406 2517 1459 in
2547 1422 2647 1470 me,
2698 1417 2806 1462 etc.
2839 1407 3099 1464 Confusio
3126 1420 3450 1479 peccantem

165 1487 450 1557 πέφυκεν
478 1489 633 1559 ἄγειν
664 1493 753 1546 τὸν
777 1495 1178 1567 ἁμαρτάνοντα.

1881 1495 1947 1549 ad
1985 1494 2067 1550 sui
2100 1512 2318 1550 sensum
2350 1496 2486 1551 solet
2511 1499 2803 1553 adducere.

273 1580 853 1651 Ἐπιστρεψ-άτωσάν
894 1606 995 1657 μοι
1062 1591 1116 1643 οἱ
1159 1590 1519 1661 φοϐούμενοί
1552 1604 1626 1646 σε
1679 1607 1758 1645 κα

1955 1588 2118 1643 Vnus.
2145 1588 2232 1642 79.
2280 1589 2666 1643 Convertuntur
2706 1590 2835 1643 mihi
2890 1592 3130 1647 timentes
3163 1600 3235 1658 te,
3274 1603 3323 1647 et
3358 1594 3449 1664 qui

167 1671 236 1723 οἱ
284 1671 692 1741 γινώσκοντες
724 1677 796 1731 τὰ
838 1679 1131 1748 μαρτύριά
1164 1696 1301 1745 σου,
1335 1698 1388 1736 κ.
1441 1701 1490 1736 τ.
1522 1684 1571 1738 ἑ.
1629 1685 1758 1738 Ἑπιι

1882 1689 2135 1731 noverunt
2165 1679 2467 1732 testimonia
2502 1687 2593 1732 tua
2622 1720 2636 1744 ,
2681 1690 2792 1735 etc.
2827 1679 2926 1746 Qui
2958 1680 3226 1749 ejusmodi
3270 1694 3398 1740 sunt
3428 1723 3446 1751 ,

174 1762 431 1833 στρέψαι
465 1766 600 1838 πρὸς
618 1769 779 1823 αὐτὸν
806 1772 899 1824 καὶ
929 1773 1330 1845 παραγενέσθαι
1356 1775 1483 1840 τοὺς
1506 1776 1758 1841 τοιούτους

1881 1782 1976 1823 eos
2004 1770 2071 1823 ad
2117 1784 2177 1824 se
2208 1770 2460 1824 converti
2492 1779 2545 1825 et
2583 1771 2846 1826 accedere
2893 1773 3053 1840 petit,
3100 1785 3446 1847 uteamquae

172 1854 361 1919 αἰτεῖ,
390 1854 467 1918 ὡς
486 1855 556 1909 ἂν
585 1858 768 1923 αὐτοῖς
789 1860 889 1931 τῆς
915 1864 974 1914 ὲν
999 1861 1147 1934 αὐτῷ
1175 1864 1426 1939 μεταδοίη
1464 1866 1701 1938 χάριτος.

1878 1861 1978 1916 sibi
2010 1861 2172 1926 inest,
2203 1864 2432 1932 gratiam
2463 1878 2586 1917 cum
2617 1864 2748 1932 ipsis
2774 1866 3159 1920 communicet.

252 1944 588 2014 Γενηθήτω
617 1949 656 2017 ἠ
707 1951 922 2016 καρδία
968 1971 1089 2022 μου
1136 1952 1374 2025 ἄμωμος
1418 1958 1487 2011 ἐν
1516 1957 1640 2025 τοῖς
1685 1958 1773 2012 δι-

171 2037 494 2109 καιώμασί
526 2054 663 2105 σου,
703 2041 862 2109 ὅπως
901 2043 979 2099 ἂν
1010 2044 1096 2115 μὴ
1149 2048 1475 2117 αἰσχυνθῶ,
1524 2067 1577 2103 κ.
1620 2067 1671 2103 τ.
1722 2052 1769 2106 ὲ.

188 2129 291 2192 Ὧς
334 2131 504 2202 μήπω
532 2131 672 2203 ἔχων
706 2135 853 2188 αἰτεῖ
881 2137 1020 2190 κατὰ
1047 2138 1128 2201 τὸ,
1176 2157 1195 2190 ι
1250 2139 1491 2210 Καρδίαν
1530 2140 1773 2212 καθαρὰν

174 2222 383 2277 κτίσον
413 2226 469 2278 ὲν
502 2227 645 2297 ἐμοὶ,
668 2229 698 2281 ὁ
725 2227 875 2292 Θεός.
913 2248 933 2280 ι
963 2230 1073 2283 Καὶ
1106 2232 1222 2296 πῶς
1259 2251 1278 2283 ‹
1310 2231 1538 2304 ἄμωμος
1568 2254 1587 2287 ι
1621 2235 1773 2289 ἔσται

174 2314 214 2386 ἢ
255 2317 411 2371 κατὰ
455 2318 582 2383 τοὺς
621 2319 838 2385 λοιποὺς
885 2341 903 2373 ι
943 2322 1153 2389 τελεία;
1195 2343 1214 2376 ι
1279 2326 1607 2398 Ἐπήγαγεν,
1634 2345 1679 2397 ,ι
1716 2330 1773 2381 ἐν

175 2410 303 2471 τοῖς
336 2408 672 2481 δικαιώμασί
705 2429 818 2467 σου.
857 2433 876 2466 ι
910 2415 1096 2487 Τούτῳ
1122 2417 1177 2470 δὲ
1203 2417 1264 2471 τὸ
1297 2419 1371 2489 μὴ
1417 2419 1772 2491 αἰσχυνθῆναι

182 2498 504 2554 ἀκολουθεί’
529 2503 792 2576 αἰσχύνης
815 2505 922 2577 γὰρ
950 2506 1097 2574 ἄξιον
1123 2510 1231 2562 πᾶν
1260 2511 1563 2583 ἁμάρτημα
1588 2553 1601 2566 .

1943 1952 2110 2008 Vens.
2137 1955 2225 2010 80.
2260 1952 2387 2008 Fiat
2412 1971 2502 2009 cor
2530 1971 2701 2009 meum
2724 1956 3121 2011 immaculatum
3150 1958 3206 2012 in
3237 1957 3444 2030 justiﬁ-

1876 2044 2171 2097 cationibus
2201 2044 2387 2105 tuis,ut
2416 2058 2518 2097 non
2545 2040 2863 2112 confundar,
2895 2054 3008 2100 etc.
3038 2044 3322 2115 Tanquam
3349 2048 3443 2116 qui

1876 2137 2115 2190 nondum
2146 2136 2276 2189 illud
2307 2135 2525 2200 habeat,
2571 2134 3023 2205 precatur,juxta
3059 2137 3234 2193 illud:
3275 2154 3295 2189 ι
3334 2136 3443 2194 Cor

1875 2229 2132 2282 mundum
2167 2242 2290 2283 crea
2320 2227 2374 2281 in
2406 2241 2512 2293 me,
2542 2226 2682 2282 Deus
2708 2227 2773 2280 ⁸⁸.
2811 2246 2830 2279 ›
2870 2228 2937 2283 Et
2968 2231 3240 2298 quomodo
3275 2249 3294 2282 ι
3334 2231 3440 2285 im»

1874 2318 2207 2372 maculatum
2262 2335 2282 2369 ι
2327 2316 2457 2381 erit,
2491 2317 2572 2371 vel
2612 2318 2766 2387 juxta
2815 2318 3053 2389 reliquos
3082 2321 3438 2392 interpretes,

1878 2426 1898 2459 ι
1964 2406 2319 2478 perfectum?
2382 2426 2402 2460 ι
2449 2406 2716 2473 Addidit,
2771 2426 2790 2460 ι
2856 2409 2911 2463 in
2959 2409 3441 2478 justiﬁeationibus

1875 2498 2005 2553 tuis.
2059 2516 2079 2551 ι
2135 2498 2273 2555 Hinc
2316 2501 2377 2553 tit
2423 2510 2483 2555 ut
2510 2498 2754 2555 confusio
2787 2516 2892 2555 non
2924 2511 3204 2572 sequatur.
3238 2503 3442 2560 Confu-

1872 2593 2024 2648 sioue
2054 2593 2198 2647 enim
2224 2593 2444 2663 dignum
2476 2602 2561 2649 est
2593 2610 2755 2651 omne
2787 2605 3071 2666 peccatum

271 2672 600 2738 Ἔξέλιπον
625 2679 679 2730 οἱ
705 2679 1000 2750 ὀφθαλμοί
1020 2699 1141 2751 μου
1169 2685 1259 2750 εἰς
1295 2684 1361 2738 τὸ
1383 2686 1594 2756 λόγιόν
1629 2704 1758 2756 σου,

1942 2684 2107 2740 Vsus.
2138 2685 2230 2741 82.
2273 2685 2586 2754 Defecerunt
2618 2686 2755 2741 oculi
2780 2688 2881 2742 mei
2904 2689 2961 2744 in
2997 2688 3260 2756 eloquium
3282 2697 3433 2745 tuum

182 2762 498 2833 λέγοντες·
544 2769 698 2823 Πότε
735 2771 1176 2840 παρακαλέσας
1194 2790 1306 2843 ac;
1337 2793 1391 2830 κ.
1419 2793 1470 2830 τ.
1503 2780 1548 2830 ὲ.
1586 2780 1772 2853 Παρά-

184 2857 389 2929 κλησίς
420 2860 566 2914 ἐστιν
589 2863 623 2932 ἡ
657 2862 958 2928 ἀνάπαυσις
979 2864 1155 2935 ψυχῆς
1182 2867 1289 2920 ἀπὸ
1313 2869 1508 2924 πόνων.

1871 2776 2126 2840 dicentes,
2146 2776 2374 2844 Quando
2401 2778 2755 2835 consolaberi;
2782 2797 2862 2836 me
2890 2781 2916 2836 7
2964 2789 3073 2837 etc.
3121 2780 3435 2839 Consolatio

1870 2879 1955 2923 εει
1983 2868 2199 2938 requies
2224 2870 2419 2923 animae
2440 2885 2471 2923 a
2503 2870 2798 2927 laboribus.

260 2948 389 3002 Ὅτι
416 2950 712 3021 ἐγενήθην
740 2955 820 3020 ὠς
842 2955 1034 3022 ἀσκὸς
1062 2956 1133 3009 ἐν
1159 2957 1381 3029 πάχνη,
1414 2977 1467 3015 κ.
1504 2979 1555 3016 τ.
1592 2964 1637 3017 ἑ.
1664 2964 1768 3018 Εὐ-

188 3041 385 3113 ρήσεις
434 3042 702 3116 πολλαχοῦ
741 3047 840 3118 τῆς
890 3049 1114 3120 Γραφῆς
1163 3050 1660 3124 τροπολογουμενον
1703 3058 1765 3111 τὸ

186 3132 355 3204 σῶμα
377 3133 457 3197 είς
478 3136 665 3192 ἀσκόν.
697 3139 762 3190 Ὃ
785 3134 878 3192 οὖν
899 3138 1046 3207 λέγει
1069 3142 1097 3193 ὁ
1119 3140 1322 3206 δίκαιος
1336 3143 1572 3199 τοιοῦτόν
1595 3148 1761 3203 ἐστιν⁸

197 3224 517 3296 Ἐνὲκρωσά
542 3244 642 3297 μου
670 3227 738 3282 τὰ
769 3228 906 3300 μέλη
937 3231 1029 3284 ἐπὶ
1058 3232 1160 3301 τῆς
1180 3234 1303 3304 γῆς’
1327 3234 1425 3306 τὴν
1455 3236 1765 3310 θερμότητα

183 3317 281 3370 τοῦ
317 3316 571 3389 σώματος
611 3319 780 3389 ἕψυξα
816 3322 895 3393 τῷ
926 3322 1054 3395 θείῳ
1083 3324 1247 3397 λόγῳ’
1277 3328 1457 3381 οὐκέτι
1489 3330 1605 3401 εἰμί
1639 3331 1763 3405 θερ-

189 3408 290 3477 μὸς
328 3411 470 3481 πρὸς
513 3409 689 3482 ὄρεξιν
732 3413 840 3467 τῶν
886 3416 1027 3470 κατὰ
1076 3416 1174 3489 τὴν
1214 3419 1485 3495 κοιλίανῆ
1533 3423 1670 3496 πρὸς
1694 3425 1764 3479 τὰ

186 3499 503 3570 σωματικάθ
518 3501 799 3560 ὲνέκοωσα
822 3507 916 3559 καί
940 3507 1111 3578 ἕψυξα
1136 3510 1207 3565 τὰ
1234 3510 1370 3584 μέλη
1398 3513 1491 3567 ἐπὶ
1513 3515 1611 3586 τῆς
1635 3516 1761 3586 γῆς.

258 3680 453 3735 Πόσαι
482 3684 643 3739 εἰσὶν
673 3688 734 3740 αἱ
772 3687 985 3756 ἡμέραι
1022 3690 1130 3745 τοῦ
1157 3689 1384 3748 δούλου
1420 3709 1574 3760 σου;
1617 3699 1763 3752 πότε

186 3771 462 3841 ποιήσεις
475 3793 577 3844 μοι
596 3777 665 3831 ἐκ
696 3778 815 3833 τῶν
838 3780 1173 3837 διωκόντων
1193 3802 1271 3853 με
1293 3786 1515 3854 κρίσιν,
1552 3806 1606 3842 κ.
1629 3806 1680 3842 τ.
1709 3791 1756 3845 ἑ.

198 3859 409 3952 Ὀλίγαι
436 3867 544 3939 γὰρ
580 3870 634 3922 αἱ
666 3871 774 3925 τῶν
803 3873 1106 3946 ἀνθρώπων
1137 3877 1343 3949 ἡμέραι
1381 3878 1476 3931 ἐπὶ
1506 3879 1607 3950 τῆς
1634 3882 1757 3952 γῆς,

186 3953 246 4008 ἒν
272 3951 362 4022 αἷς
391 3958 606 4030 εὔχεται
631 3964 840 4034 ταχέως
871 3968 1218 4041 συντριϐῆναι
1250 3970 1341 4026 τὸν
1369 3972 1615 4026 Σατανᾶν
1654 3951 1760 4029 ὑπὸ

185 4050 310 4113 τοὺς
342 4051 509 4117 πόδας
531 4055 715 4111 αὐτοῦ.

260 4143 374 4198 Τοῦ
410 4148 614 4202 αὐτοῦ.
649 4151 828 4204 Πᾶσαι
852 4152 1374 4227 ἀνθρώπωνήμέραι
1390 4156 1568 4227 ὀλίγαι
1596 4157 1753 4212 εἰσίν.

198 4231 348 4289 Ἐπεὶ
374 4231 469 4290 οὖν
495 4238 674 4308 ὀλίγον
714 4242 906 4313 χρόνον
937 4244 1014 4309 ζῶ
1042 4246 1136 4300 ἐπὶ
1163 4248 1285 4319 γῆς,
1332 4248 1590 4321 βούλομαι
1628 4250 1756 4305 ἰδεῖν

1945 2963 2111 3018 Vens.
2137 2962 2227 3019 85.
2260 2962 2400 3029 Quia
2433 2964 2609 3033 factus
2646 2981 2763 3019 sum
2794 2965 2928 3019 sicut
2968 2975 3084 3019 uter
3111 2965 3168 3020 in
3199 2967 3392 3034 pruina
3412 3005 3432 3034 ,

1865 3064 1974 3113 etc.
2003 3054 2250 3110 invenies
2278 3056 2593 3125 frequenter
2639 3057 2691 3110 iu
2739 3057 3027 3125 Scriptura
3069 3058 3277 3128 tropice
3304 3074 3432 3114 cor-

1865 3162 1964 3219 pus
1987 3148 2092 3202 dici
2122 3156 2320 3202 utrem.
2352 3147 2503 3215 Quod
2530 3148 2695 3218 igitur
2718 3147 2806 3205 hic
2832 3148 3014 3219 justus
3039 3149 3138 3215 ait,
3162 3159 3248 3205 est
3279 3148 3432 3219 eius-

1865 3239 2008 3295 modi
2047 3257 2061 3292 :
2111 3236 2429 3294 Mortiﬁcavi
2478 3238 2716 3293 membra
2762 3254 2879 3293 mea
2907 3279 2925 3307 ,
2954 3255 3074 3309 quae
3118 3250 3246 3295 sunt
3271 3255 3435 3310 super

1866 3340 2112 3396 terram;
2147 3331 2393 3399 corporis
2416 3329 2652 3385 calorem
2692 3330 2876 3384 divino
2928 3331 3093 3386 verbo
3144 3331 3436 3401 refrigera-

1862 3425 1950 3492 vi;
1989 3440 2094 3479 non
2126 3424 2359 3494 amplius
2394 3425 2549 3478 caleo
2599 3420 2668 3476 ad
2715 3422 2961 3487 ventris,
3008 3423 3090 3476 vel
3124 3423 3192 3477 ad
3246 3437 3432 3478 rerum

1861 3518 2170 3573 carnalium
2232 3515 2567 3588 appetitum;
2617 3513 2943 3569 mortiﬁcavi
3005 3522 3062 3568 et
3112 3512 3431 3584 refrigeravi

1863 3611 2106 3665 memhra
2143 3624 2263 3664 mea
2294 3623 2415 3680 qua:
2437 3617 2563 3663 sunt
2590 3622 2752 3676 super
2787 3616 3008 3660 terram.

1933 3701 2097 3757 Vsus.
2129 3699 2218 3755 84.
2253 3699 2396 3765 Quot
2418 3707 2539 3753 sunt
2562 3698 2673 3752 dies
2702 3697 2838 3751 servi
2864 3696 2943 3749 tui
2970 3697 2996 3750 ἵ
3020 3695 3235 3766 quando
3265 3694 3428 3764 facies

1859 3792 1924 3848 de
1972 3789 2404 3862 persequentibus
2450 3803 2534 3842 me
2572 3786 2889 3856 judicium?
2928 3796 3035 3842 etc.
3064 3784 3233 3840 Pauci
3280 3786 3426 3839 enim

1859 3884 2143 3939 hominum
2173 3885 2291 3940 dies
2327 3893 2455 3939 sunt
2476 3896 2640 3952 super
2669 3890 2889 3941 terram,
2921 3878 2975 3933 iu
3004 3877 3202 3947 quibus
3232 3890 3425 3945 preca-

1860 3988 1950 4035 tur
1981 3980 2238 4035 Satanam
2269 3979 2382 4035 cito
2413 3976 2626 4034 conteri
2656 3976 2758 4030 sub
2781 3972 3007 4046 pedibus
3049 3973 3187 4043 ejus.

1925 4157 2202 4228 Ejusdem.
2236 4156 2439 4214 Omnes
2466 4155 2584 4211 dies
2637 4152 2858 4209 humani
2902 4150 3065 4222 pauci
3106 4157 3256 4206 sunt.
3278 4147 3421 4205 Cum

1856 4250 2022 4321 igitur
2051 4251 2245 4320 exiguo
2276 4258 2522 4319 tempore
2564 4247 2741 4302 vivam
2776 4260 2942 4317 supra
2991 4253 3192 4300 terram
3217 4282 3234 4305 ,
3260 4243 3423 4313 cupio

185 4326 310 4391 τοὺς
344 4330 780 4398 καταδιώκοντάς
812 4353 879 4406 με
908 4339 1282 4409 κρινομένους,
1317 4342 1412 4395 καὶ
1449 4341 1754 4415 παρακαλῶ

1872 4347 2041 4402 ridere
2076 4354 2456 4415 persecutores
2486 4355 2635 4397 meos
2660 4339 2958 4411 iudicatos,
2995 4346 3050 4393 et
3096 4350 3226 4407 rogo
3269 4342 3323 4390 te
3351 4349 3420 4390 nc

189 4431 247 4469 σε
282 4418 356 4490 μὴ
387 4419 740 4493 ὑπερθέσθαι.
773 4426 930 4491 Τίνες
954 4428 1011 4482 δέ
1039 4429 1178 4484 εἰσιν
1202 4432 1251 4486 oi
1280 4432 1412 4504 περὶ
1429 4425 1505 4487 ὧν
1535 4432 1752 4505 εὔχεται

185 4505 271 4561 ἵνα
323 4509 545 4582 γένηται
591 4516 679 4568 ἐπ’
721 4517 919 4581 αὐτοὺς
955 4520 1171 4592 κρίσις;
1214 4522 1276 4577 Οί
1325 4522 1752 4590 καταδιώκοντες

184 4603 328 4673 ἡμᾶς
359 4605 603 4672 Σατανᾶς
640 4626 700 4662 τε
723 4612 818 4664 καὶ
846 4612 917 4665 τὰ
957 4606 1300 4687 πνευματικὰ
1328 4616 1427 4689 τῆς
1463 4618 1748 4691 πονηρίας.

188 4694 350 4753 Ὅταν
381 4700 440 4755 δὲ
472 4703 620 4774 ἡμᾶς
645 4704 740 4787 καὶ
779 4704 1062 4778 ἄνθρωπος
1092 4709 1223 4782 δοκῇ
1259 4708 1636 4777 καταδιώκειν,
1670 4711 1748 4782 τῷ

186 4789 409 4861 πρώτως
439 4794 793 4849 καταδιώκειν
822 4798 922 4851 οὐκ
950 4798 1234 4872 ἄνθρωπός
1271 4803 1440 4867 ἐστιν,
1471 4800 1609 4856 ἀλλὰ
1631 4802 1746 4857 διά-

184 4877 363 4955 δολος,⁹
376 4876 438 4936 οὗ
467 4888 708 4958 μιμητής
736 4891 871 4941 ἐστι.

250 4974 621 5045 Διηγήσαντό
653 4996 755 5048 μοι
817 4981 1148 5053 παράνομοι
1187 4985 1574 5057 ἀδολεσχίας,
1607 4990 1745 5045 ἀλλ’

185 5068 292 5136 οὐκ
319 5065 399 5133 ὡς
443 5070 478 5122 ό
514 5071 699 5138 νόμος
735 5085 872 5136 σου,
914 5088 971 5125 κ.
1011 5090 1063 5127 τ.
1108 5075 1154 5128 ὲ.
1209 5077 1279 5129 Ἢ
1314 5078 1442 5141 τοὺς
1479 5077 1747 5149 γραῴδεις

189 5157 378 5228 μύθους
400 5160 509 5215 τῶν
534 5162 800 5217 Ἰουδαίων
821 5164 954 5235 φησὶ
984 5166 1082 5231 τὰς
1101 5168 1462 5236 διδασκαλίας,
1493 5171 1525 5243 ἢ
1554 5172 1648 5225 καὶ
1676 5171 1746 5225 τὰ

185 5249 483 5321 ὶντάλματα
528 5253 637 5309 τῶν
679 5255 1003 5328 ἀνθρώπων,
1046 5259 1141 5313 καὶ
1189 5259 1291 5324 τὰς
1334 5260 1603 5333 φλυαρίας
1634 5262 1744 5317 τῶν

188 5342 352 5410 σοφῶν
394 5344 491 5400 τοῦ
532 5346 728 5413 αἰῶνος
771 5347 980 5402 τούτου.
1028 5349 1220 5404 Πολλοὶ
1271 5352 1379 5425 γὰρ
1418 5354 1741 5427 ἑρμηνεύειν

187 5431 505 5508 ἐπιχειροῦσι
533 5439 633 5506 τὰς
667 5440 818 5506 θείας
848 5443 887 5496 Γ
892 5443 1070 5514 ραφάς
1108 5444 1203 5499 καὶ
1228 5444 1338 5502 τῶν
1372 5446 1470 5520 τῆς
1510 5449 1740 5527 Ἐκκλη-

234 5636 275 5669 ⁸⁸
314 5638 451 5697 Psal.
485 5659 540 5711 ι..
583 5644 673 5703 12.

1856 4437 2096 4493 differas.
2123 4436 2353 4504 Quinam
2385 4449 2518 4489 vero
2551 4432 2628 4489 illi
2657 4441 2783 4487 sunt
2807 4432 2874 4494 de
2898 4429 3096 4499 quibus
3123 4437 3276 4498 optat
3299 4426 3416 4481 ﬁeri

1849 4530 2158 4601 judicium?
2207 4528 2405 4598 Utique
2438 4527 2514 4581 illi
2545 4525 2637 4596 qui
2671 4539 2770 4579 nos
2801 4528 3225 4593 persequuntur,
3257 4516 3416 4574 Sata-

1853 4638 1954 4678 nas
2008 4637 2204 4691 nempe
2254 4630 2310 4675 et
2355 4618 2624 4690 spiritalia
2667 4614 2943 4686 nequitiae.
2979 4612 3205 4679 Quando
3236 4618 3417 4665 autem

1855 4716 2021 4769 etiam
2074 4714 2240 4769 homo
2289 4727 2390 4769 nos
2421 4710 2667 4781 persequi
2721 4709 2869 4762 visus
2909 4704 3115 4770 fuerit,
3168 4704 3270 4758 hoc
3302 4702 3418 4772 ipso

1852 4806 1995 4876 quod
2028 4806 2176 4874 prior
2199 4805 2563 4874 persequitur,
2583 4804 2824 4871 jam‘nou
2864 4807 2947 4854 est
2977 4797 3159 4864 homo,
3186 4796 3282 4851 sed
3306 4794 3420 4849 dia-

1850 4898 2026 4964 bolus,
2055 4898 2211 4965 cujus
2241 4895 2528 4951 aemulator
2561 4903 2663 4949 est.

1932 4990 2099 5045 Vens.
2124 4991 2216 5047 85.
2258 4988 2620 5043 Narrauerunt
2666 4986 2796 5040 mihi
2836 4983 3000 5055 iniqui
3034 4978 3411 5051 fabulationes,

1846 5085 1940 5138 sed
1970 5098 2076 5137 non
2108 5091 2166 5136 ut
2200 5084 2288 5136 lea:
2316 5090 2408 5135 tua
2434 5117 2452 5145 ,
2489 5090 2599 5134 etc.
2637 5077 2732 5131 Vel
2778 5075 2950 5130 aniles
2992 5072 3205 5129 fabulas
3254 5077 3415 5125 vocat

1847 5173 2124 5228 doctrinas
2151 5170 2484 5236 Judaeorum,
2505 5170 2587 5226 vel
2616 5168 2779 5225 etiam
2810 5178 3076 5238 praecepta
3107 5165 3408 5228 hominum,

1846 5272 1902 5318 et
1930 5276 2100 5335 nugas
2125 5264 2433 5334 sapientum
2467 5260 2629 5333 huius
2656 5260 2865 5316 srecnli.
2894 5257 3047 5312 Multi
3097 5256 3245 5312 enim
3299 5263 3409 5310 tam

1846 5356 1940 5426 qui
1975 5359 2029 5411 in
2081 5356 2323 5413 Ecclesia
2370 5364 2518 5419 sunt,
2552 5368 2719 5424 quam
2753 5350 2847 5422 qui
2871 5359 3049 5416 extra,
3078 5356 3139 5402 ut
3165 5347 3409 5404 haeretici

1846 5462 1903 5509 et
1937 5449 2129 5517 Judaei,
2169 5448 2255 5506 vel
2278 5449 2445 5506 etiam
2479 5443 2832 5510 Samaritani,
2860 5441 3071 5499 divinas
3100 5438 3415 5513 Scripturas
