3928 6158
544 192 569 248 Ι
580 194 685 250 603

1943 199 2039 255 EX
2079 198 2382 257 ORIGENE

3622 211 3721 270 ίθθι

543 317 889 386 interpretari
933 319 1327 390 aggrediuntur
1355 358 1373 386 ,
1413 322 1506 377 sed
1560 337 1665 377 non
1720 337 1912 378 omnes
1945 333 2107 379 recte.

2223 324 2365 388 σίας,
2388 324 2481 376 καὶ
2505 321 2614 376 τῶν
2635 322 2739 388 ἔξω
2759 322 2963 393 ταύτης
2976 320 3268 394 αἱρετικῶν
3290 338 3351 375 τε
3373 323 3463 375 καὶ
3496 326 3721 393 Ἰουδαίων,

543 406 720 464 Rarus
756 411 900 464 enim
933 418 1019 466 est
1049 412 1141 481 qni
1192 426 1221 465 a
1269 411 1379 467 Deo
1402 414 1469 467 ad
1500 414 1602 468 hoc
1628 415 1863 483 gratiam
1891 416 2113 479 habeat,

542 518 667 559 cum
694 502 858 574 805
891 503 1107 573 plurimi
1158 504 1379 575 quidem
1420 506 1745 575 promittant
1781 524 2114 571 sermonem,

542 594 635 650 sed
667 611 772 650 non
811 605 993 660 recte,
1032 606 1129 650 aut
1177 598 1341 651 etiam
1395 597 1581 668 inique
1630 601 1836 655 vivant.
1889 599 1948 655 Si
1982 601 2114 669 quid

541 685 708 756 igitur
741 686 1010 753 dixerint,
1045 687 1238 743 fabula:
1266 697 1321 744 et
1354 705 1510 760 nugae
1549 700 1694 746 sunt.
1734 691 1935 761 Nequit
1961 693 2109 747 enim

542 793 725 833 sermo
767 789 1032 835 constans
1067 790 1123 834 et
1176 780 1433 837 robustus
1475 798 1540 838 ac
1588 784 1842 839 salutaris
1895 799 2015 839 esse
2061 786 2115 838 in

542 868 724 922 anima
757 869 950 938 iniqui.

612 1047 892 1119 Ejusdem.
943 1046 1056 1105 Hac
1099 1050 1365 1105 sententia
1417 1053 1674 1108 utendum
1710 1057 1969 1115 adversus
2017 1075 2112 1118 eos

542 1142 636 1212 qui
686 1157 752 1195 ex
779 1136 1031 1197 exlerna'
1053 1143 1320 1212 sapientia
1348 1144 1415 1199 de
1447 1146 1756 1214 cognitione
1796 1148 1889 1205 Dei
1933 1166 1992 1207 se
2018 1157 2113 1209 do-

540 1241 729 1289 cturos
760 1234 1107 1304 pollicentur.

506 1330 520 1401 έ
600 1324 761 1381 Vens.
780 1326 868 1380 87.
893 1323 1064 1380 Paulo
1083 1327 1255 1379 minus
1273 1342 1758 1385 consummaverunt
1775 1349 1853 1386 me
1876 1334 1932 1388 in
1953 1346 2113 1405 terra,

539 1433 634 1487 ego
664 1426 838 1471 autem
867 1434 969 1471 non
1001 1418 1251 1487 dereliqui
1281 1421 1538 1475 mandata
1563 1437 1675 1487 tua,
1706 1434 1814 1481 etc.
1847 1425 1923 1478 Ac
1951 1427 1995 1481 si
2029 1428 2114 1482 di-

540 1520 718 1567 ceret:
754 1511 1160 1582 Aliquantulum
1200 1513 1374 1570 factus
1400 1529 1517 1570 sum
1548 1524 1818 1584 terrenus,
1857 1521 2118 1574 lentanti-

537 1604 640 1657 bus
672 1617 757 1657 me
787 1602 1042 1657 inimicis.

2217 412 2249 481 ἦ
2295 412 2389 465 καὶ
2422 411 2799 483 Σαμαρειτῶν,
2834 412 2947 465 ἀλλ’
2984 412 3046 463 οὐ
3089 412 3288 474 πάντες
3325 411 3535 480 λέγουσι
3567 414 3720 481 καλῶς.

2217 504 2450 566 Σπάνιος
2477 504 2587 575 γὰρ
2614 505 2643 556 ὁ
2684 502 2822 573 ἔχων
2851 504 2957 556 ἀπὸ
2985 501 3079 556 τοῦ
3123 503 3256 556 Θεοῦ
3298 506 3381 568 εἰς
3413 504 3558 559 τοῦτο
3590 508 3721 577 χάριν,

2219 592 2426 646 πολλῶν
2468 592 2566 662 μὲν
2597 591 3083 663 ἐπαγγελλομένων
3109 591 3311 660 λέγειν,
3352 594 3412 645 οὐ
3452 593 3609 659 καλῶς
3638 595 3680 648 δὲ

2218 685 2311 738 καὶ
2340 683 2671 757 παρανόμως
2697 683 2975 754 βιούντων.
3011 686 3080 738 Εἴ
3102 703 3156 740 τι
3184 682 3281 739 οῦν
3307 685 3562 753 λέγουσιν,
3586 686 3721 740 ἀδολε-

2220 778 2344 849 σχία
2371 779 2466 832 καὶ
2498 776 2754 849 φλυαρία·
2783 779 2843 831 οὐ
2867 777 2975 852 γὰρ
3011 778 3233 832 δύναται
3264 778 3421 847 λόγος
3449 778 3632 843 εὔτονος
3657 782 3723 836 καὶ

2220 871 2531 944 ἐρρωμένος
2575 870 2669 924 καὶ
2711 872 2982 942 σωτήριος
3029 867 3167 923 εἶναι
3219 873 3281 924 ἐν
3327 874 3393 942 τῇ
3434 870 3565 945 ψυχῇ
3596 890 3723 945 πρα-

2217 963 2405 1034 νόμου.
3416 1032 3423 1037 ,

2301 1054 2413 1108 Τοῦ
2444 1055 2651 1110 αὐτοῦ.
2676 1055 2954 1127 Χρηστὲον
2997 1052 3172 1124 τούτῳ
3210 1052 3292 1124 τῷ
3325 1052 3470 1125 ῥητῷ
3496 1053 3612 1123 πρὸς
3634 1054 3720 1119 τοίας

2217 1145 2281 1198 ἐκ
2308 1144 2408 1214 τῆς
2435 1144 2631 1211 ἔξωθεν
2681 1145 2873 1215 σοφίας
2905 1144 3034 1215 περὶ¹
3062 1141 3318 1213 γνώσεως
3358 1142 3487 1195 Θεοῦ
3518 1144 3721 1212 ἐπαγγῑλο

2216 1237 2476 1309 λομένους
2510 1238 2803 1293 διδάσκειν.

2284 1330 2451 1399 Παρὰ
2491 1331 2694 1401 ,βραχὺ
2734 1327 3148 1384 συνετέλεσάν
3189 1345 3271 1398 με
3315 1329 3387 1382 ἐν
3425 1325 3499 1395 τῇ
3528 1325 3611 1397 γῇ,
3648 1325 3724 1397 ἐγὼ

2214 1424 2283 1478 δὲ
2313 1427 2424 1479 οὐκ
2460 1424 2855 1494 ἐγκατέλιπον
2901 1424 3006 1489 τὰς
3054 1421 3316 1487 ἐντολάς
3363 1437 3503 1485 σου,
3540 1439 3586 1475 κ.
3621 1438 3660 1473 τ.
3691 1423 3721 1473 ἐ.

2232 1517 2380 1571 Ἀντὶ
2403 1516 2520 1569 τοῦ·
2554 1518 2690 1588 Παρ’
2746 1515 2924 1585 ὀλίγον
2974 1515 3246 1584 ἐγενόμην
3283 1512 3484 1585 γήϊνος,
3530 1510 3617 1564 ὑπὸ
3650 1512 3724 1564 τῶν

2217 1607 2425 1679 ἐχθρῶν
2454 1606 2865 1680 πειραζόμενος.

611 1694 773 1749 Vnus.
809 1693 897 1750 88.
934 1693 1232 1750 Secundum
1262 1698 1680 1752 misertcordt'am
1732 1707 1878 1754 tuam
1910 1702 2107 1770 vivi/ica

2285 1701 2448 1755 Κατὰ
2477 1700 2543 1754 τὸ
2587 1700 2757 1766 ἔλεός
2790 1715 2907 1757 σου
2945 1695 3133 1766 (ﬂeor
3158 1713 3269 1767 με,
3319 1694 3417 1749 καὶ
3449 1692 3723 1764 puriﬁed

537 1800 641 1851 me,
675 1794 724 1839 et
753 1787 1054 1840 custodiam
1083 1789 1382 1843 testimonia
1421 1791 1528 1843 oris
1559 1792 1657 1855 tui,
1690 1800 1795 1846 etc.
1825 1792 1903 1848 Ne
1936 1796 2113 1848 mani-

538 1879 643 1933 bus
675 1880 1046 1937 insidiantium
1083 1884 1332 1938 tradatur
1369 1885 1420 1938 in
1454 1896 1682 1941 mortem
1717 1895 1869 1958 rogat
1894 1929 1910 1951 ,
1946 1889 2111 1944 vitam

536 1969 820 2040 postulans
856 1987 962 2027 non
1009 1985 1290 2041 :eternam,
1325 1976 1419 2031 sed
1450 1988 1791 2045 praesentem.
1837 1978 1988 2034 Hanc
2015 1996 2114 2035 au-

540 2070 648 2115 tem
678 2077 784 2117 non
815 2072 1075 2135 tanquam
1107 2065 1268 2120 linem
1296 2069 1557 2137 postulat,
1589 2071 1682 2125 sed
1712 2079 1961 2142 tanquam
1987 2075 2110 2127 boni

537 2153 662 2207 linis
691 2167 937 2209 causam.
980 2155 1118 2221 Quia
1144 2155 1272 2211 dum
1304 2161 1493 2215 vixero
1516 2199 1532 2227 ,
1565 2160 1779 2233 inquit,
1811 2165 2110 2219 custodiam

537 2245 793 2300 mandata
843 2245 960 2313 Dei,
993 2248 1194 2317 quibus
1230 2252 1397 2306 etiam
1433 2252 1603 2308 vitam
1632 2265 1889 2311 aeternam
1921 2272 2114 2313 conse-

534 2335 626 2407 qui
657 2336 883 2405 possim.

610 2428 888 2499 Ejusdem.
935 2431 1010 2489 0s
1042 2433 1133 2489 Dei
1164 2435 1436 2504 prophetze
1465 2448 1592 2492 sunt
1622 2439 1712 2509 qui
1746 2440 2071 2496 testimoniis
2093 2481 2111 2510 ,

533 2522 806 2579 mandatis
838 2532 892 2581 et
915 2525 1395 2593 iustiﬁcationibus
1436 2530 1527 2586 Dei
1559 2532 1958 2590 ministrarunt.

604 2696 770 2755 Vsus.
796 2699 886 2756 89.
920 2699 989 2754 1η
1014 2712 1288 2773 aeternum,
1318 2704 1557 2774 Domine,
1581 2709 1793 2764 verbum
1816 2719 1963 2767 tuum
1996 2731 2117 2784 per-

535 2800 711 2855 manet
742 2793 795 2846 in
827 2794 961 2848 caelo
983 2833 999 2858 ,
1045 2805 1153 2850 etc.
1194 2815 1213 2847 ι
1245 2796 1300 2851 In
1329 2798 1490 2863 caelo,
1520 2818 1540 2852 ι
1577 2800 1628 2854 id
1663 2811 1769 2866 est,
1811 2804 1867 2858 in
1911 2808 2115 2864 sanctis

534 2884 653 2955 ejus
678 2886 991 2942 virtutibus.
1020 2887 1217 2943 Omnia
1242 2889 1388 2944 enim
1419 2906 1539 2946 cum
1567 2892 1679 2949 illic
1702 2896 1951 2951 ordinata
1978 2899 2108 2965 sint,

533 2976 678 3031 nulla
730 2989 819 3034 est
845 2982 1000 3035 verbi
1041 2984 1418 3052 transgressio.
1453 3002 1473 3037 ι
1501 2984 1557 3039 In
1584 2985 1743 3051 coelo,
1774 3007 1793 3040 ι
1833 3004 1937 3043 non
1967 2991 2110 3060 quod

530 3070 797 3138 praeterit,
828 3074 1082 3140 quamvis
1111 3074 1164 3128 in
1190 3090 1258 3130 eo
1282 3087 1475 3132 cuncta
1502 3079 1748 3134 ordinate
1769 3093 2109 3151 moveantur,

538 3159 634 3214 sed
672 3162 818 3231 quod
851 3162 1053 3217 dictum
1079 3174 1162 3219 est
1190 3165 1349 3222 sedes
1376 3166 1493 3222 Dei.
1525 3168 1583 3222 In
1616 3179 1762 3225 terra
1793 3183 1974 3227 autem
2002 3188 2109 3229 non

531 3261 714 3306 manet
740 3254 964 3308 verbum
993 3273 1006 3308 :
1059 3270 1238 3325 neque
1268 3259 1411 3313 enim
1460 3260 1639 3315 locum
1670 3262 1867 3329 habet,
1911 3266 2001 3320 ubi
2028 3276 2112 3321 est

530 3340 843 3409 fornicatio,
870 3345 1210 3400 immunditia
1235 3356 1292 3403 et
1313 3350 1508 3420 reliqui
1537 3350 1786 3408 affectus.
1811 3355 1942 3420 Quae
1963 3357 2107 3412 enim

531 3433 950 3487 communicatio
988 3433 1217 3502 iustitia:
1249 3451 1374 3491 cum
1423 3438 1758 3509 iniquitate?
1805 3439 1922 3497 Non
1973 3444 2109 3500 dixit

530 3536 665 3579 vero
712 3541 732 3576 ι
763 3524 1018 3580 saeculum
1066 3525 1386 3580 saeculorum
1417 3545 1437 3578 ι
1473 3527 1557 3582 vel
1609 3546 1629 3581 ι
1658 3530 1841 3585 saeculi
1872 3548 1891 3582 ι
1936 3531 2107 3603 (nam

530 3623 654 3684 post
672 3616 926 3670 saeculum
943 3615 1141 3673 celum
1164 3626 1219 3674 et
1246 3627 1392 3674 terra
1418 3622 1770 3693 transibunt),
1797 3625 1890 3679 sed
1918 3625 1970 3678 in
1999 3641 2107 3694 quo

539 3724 558 3758 ι
586 3717 874 3777 permanet
897 3709 1147 3764 verbum.
1168 3728 1187 3762 ι
1213 3709 1356 3767 Fieri
1386 3712 1531 3767 enim
1554 3723 1731 3783 potest
1755 3727 1813 3771 ut
1836 3718 2108 3788 perfectus

529 3797 603 3851 sit
626 3799 716 3866 qui
751 3799 962 3854 videtur
989 3802 1204 3871 quidem
1237 3803 1294 3857 in
1327 3813 1469 3859 terra
1513 3807 1780 3863 exsistere
1803 3850 1819 3876 ,
1853 3811 1947 3866 sed
1978 3827 2107 3867 con-

530 3893 899 3947 versationem
942 3895 1106 3950 habet
1138 3895 1191 3950 in
1237 3896 1399 3953 coelo.
1433 3895 1527 3953 Sic
1570 3911 1655 3955 est
1697 3900 1751 3955 in
1785 3901 1901 3971 ipso
1940 3904 2105 3960 etiam

532 3997 753 4052 semper
796 3985 1018 4039 veritas.

602 4073 771 4131 Vens.
802 4076 892 4131 90.
920 4076 990 4132 In
1012 4081 1398 4149 generationem
1422 4092 1471 4137 et
1495 4095 1888 4154 generattonem
1917 4091 2105 4145 veritas

2209 1794 2500 1863 μαρτύρια
2532 1791 2636 1846 τοῦ
2662 1793 2962 1861 στόματός
2984 1806 3123 1854 σου,
3148 1806 3204 1842 κ.
3232 1806 3283 1841 τ.
3311 1786 3356 1841 ἐ.
3391 1786 3476 1857 Μὴ
3504 1784 3723 1855 ἐκδοθῆναι

2213 1890 2331 1951 ταῖς
2363 1885 2472 1939 τῶν
2515 1884 2971 1938 ἐπιϐουλευόντων
3015 1883 3204 1954 χερσὶν
3250 1882 3331 1944 εἰς
3369 1879 3575 1934 θάνατον
3608 1875 3720 1941 ἀξιοί,

2213 1976 2356 2050 ζωὴν
2385 1976 2550 2031 αἰτῶν
2586 1974 2738 2030 οὔπω
2765 1976 2862 2048 τὴν
2905 1974 3143 2039 αἰώνιον,
3171 1971 3312 2026 ἀλλὰ
3342 1971 3436 2042 τὴν
3471 1968 3717 2042 παροῦσαν·

2212 2073 2310 2143 οὐχ
2334 2072 2408 2135 ὡς
2444 2071 2597 2135 τέλος
2624 2071 2682 2124 δὲ
2709 2071 2878 2141 αὐτὴν
2920 2071 3083 2132 αἰτεῖ,
3124 2068 3242 2121 ἀλλ’
3277 2066 3353 2130 ὼς
3381 2063 3569 2134 ἀγαθοῦ
3590 2062 3720 2123 τέλους

2212 2163 2481 2217 συναίτιον
2507 2163 2794 2235 ἐσομένην.
2833 2163 2955 2215 Ὅτι
2981 2161 3153 2233 ζήσας
3183 2200 3197 2224 ,
3257 2158 3424 2231 φησὶ,
3474 2156 3655 2226 φυλάξω
3675 2154 3718 2206 τὰ

2210 2255 2304 2311 τοῦ
2330 2255 2467 2310 Θεοῦ
2495 2255 2915 2328 προστάγματα,
2942 2253 3010 2306 δι’
3049 2246 3126 2307 ὧν
3154 2252 3254 2306 καὶ
3284 2250 3382 2322 τὴν
3421 2248 3610 2303 αἰώνιον
3639 2247 3716 2300 ἔστι

2212 2346 2671 2419 περιποιήσασθαι
2695 2344 2861 2419 ζωήν.

2287 2441 2398 2495 Τοῦ
2438 2440 2646 2495 αὐτοῦ.
2694 2439 2878 2509 Στόμα
2930 2435 3067 2491 Θεοῦ
3101 2438 3150 2491 oi
3191 2437 3589 2508 διακονήσαντες
3625 2445 3717 2503 τρο-

2214 2533 2381 2605 φῆται
2424 2535 2535 2597 τοῖς
2575 2531 2911 2605 μαρτυρίοις,
2940 2533 3061 2594 ταῖς
3096 2530 3364 2594 ἐντολαῖς,
3409 2529 3514 2591 τοῖς
3560 2521 3714 2579 δικαιώ-

2214 2642 2378 2697 μασιν
2405 2624 2588 2679 αὐτοῦ.
2610 2650 2614 2657 ·

2276 2718 2382 2783 Εἰς
2408 2716 2516 2771 τὸν
2539 2717 2745 2781 αἰῶνα,
2769 2715 2967 2784 Κύριε,
2997 2717 3031 2768 ὀ
3051 2715 3240 2784 λόγος
3276 2727 3392 2768 σου
3418 2712 3635 2782 διαμένει
3665 2707 3713 2760 ἐν

2209 2806 2290 2874 τῷ
2327 2808 2581 2877 οὐρανῷ,
2608 2826 2664 2862 κ.
2699 2827 2748 2862 τ.
2778 2811 2826 2863 ἐ.
2872 2825 2893 2858 ι
2924 2808 3012 2861 Ἐν
3041 2806 3119 2878 τῷ
3146 2805 3388 2878 οὐρανῷ,
3407 2823 3427 2857 ι
3457 2805 3561 2858 ἀντὶ
3583 2800 3651 2855 τοῦ
3672 2801 3712 2852 ὲν

2210 2903 2332 2964 ταῖς
2356 2901 2538 2970 ἁγίαις
2569 2900 2733 2955 αὐτοῦ
2764 2900 3077 2970 δυνάμεσιν.
3120 2899 3352 2953 Πάντων
3388 2896 3490 2969 γὰρ
3529 2897 3619 2948 ἐκεῖ
3652 2911 3711 2946 τε·

2211 2992 2496 3062 ταγμένων
2528 2990 2757 3062 οὐδεμία
2792 2990 2954 3059 λόγου
3000 2988 3349 3060 παράϐασις·
3394 3006 3413 3039 ‹
3438 2982 3647 3056 οὐρανῷ»
3672 2980 3711 3033 ἃ

2211 3089 2270 3143 οὐ
2303 3088 2383 3159 τῷ
2426 3087 2838 3159 παρερχομένῳ,
2882 3086 2932 3138 εί
2986 3085 3084 3138 καὶ
3116 3084 3177 3138 ἐν
3228 3081 3376 3153 αὐτῷ
3417 3081 3575 3136 πάντα
3604 3093 3711 3131 τετα-

2212 3180 2428 3251 γμένως
2456 3182 2704 3233 κινεῖται·
2737 3178 2850 3231 ἀλλ’
2884 3178 3037 3241 ὅστις
3068 3177 3290 3248 εἴρηται
3320 3174 3495 3246 θρόνος
3522 3166 3710 3224 aluums?

2210 3270 2365 3326 Θεοῦ.
2408 3271 2496 3323 Ἐν
2537 3270 2595 3324 δὲ
2626 3271 2692 3340 τῇ
2738 3271 2808 3340 γῇ
2856 3268 2978 3322 οὐδὲ
3021 3268 3175 3339 μένει
3223 3271 3253 3322 ὁ
3283 3266 3459 3335 λόγος·
3504 3262 3603 3317 οὐδὲ
3638 3258 3711 3328 γὰρ

2211 3362 2324 3435 ἔχει
2363 3361 2547 3433 χώραν
2576 3363 2709 3415 ὅπου
2739 3359 2965 3433 πορνεία
2993 3360 3088 3414 καὶ
3132 3357 3440 3430 ἀκαθαρσία
3468 3355 3552 3409 καὶ
3570 3351 3625 3406 τὰ
3642 3351 3712 3402 λοι-

2210 3454 2289 3510 πὰ
2342 3455 2507 3526 πάθη.
2550 3455 2648 3517 Τίς
2677 3453 2785 3525 γὰρ
2827 3452 3028 3523 μετοχὴ
3063 3451 3377 3523 δικαιοσύνῃ
3409 3450 3495 3503 καὶ
3532 3444 3709 3515 avom;

2209 3546 2322 3601 οὐκ
2354 3541 2476 3599 εἶπε
2500 3545 2557 3598 δὲ
2583 3564 2601 3595 ί
2635 3544 2726 3597 τὸν
2773 3543 2947 3597 αίῶνα
2979 3543 3087 3596 τῶν
3117 3543 3352 3609 αἰώνων,
3380 3561 3398 3593 ι
3422 3541 3453 3612 ἢ
3479 3559 3496 3591 ι
3522 3536 3600 3591 τοῦ
3621 3533 3711 3588 altit-

2208 3653 2317 3700 νος·
2351 3655 2370 3688 ι
2403 3634 2568 3707 (μετὰ
2596 3634 2707 3707 γὰρ
2731 3634 2821 3688 τὸν
2842 3634 3012 3688 αἰῶνα
3042 3636 3070 3688 ό
3102 3635 3164 3687 οὐ
3175 3632 3335 3707 ρανὸς
3355 3633 3493 3703 καὶὴ
3517 3628 3578 3698 γῆ
3596 3638 3709 3694 rape

2207 3728 2528 3800 λεύσονται·)
2561 3729 2618 3782 ἐν
2648 3720 2692 3796 ᾧ
2719 3727 2778 3781 δέ
2827 3745 2846 3778 ι
2870 3728 3020 3781 ἐστιν
3043 3728 3071 3780 ό
3109 3726 3270 3795 λόγος
3319 3722 3576 3794 διαμένων.
3604 3718 3708 3768 »Δυ-

2206 3822 2366 3877 νατδν
2403 3821 2512 3893 γὰρ
2555 3820 2761 3874 τέλειον
2790 3815 2931 3874 εἶναι
2972 3819 3237 3874 δοκοῦντα
3271 3818 3367 3889 μὲν
3394 3815 3479 3869 ἐπὶ
3503 3811 3591 3881 γῆς
3616 3822 3707 3873 τυγ-

2208 3912 2411 3982 χάνειν,
2433 3910 2494 3963 τὸ
2525 3909 2828 3980 πολίτευμα
2854 3908 2911 3962 δὲ
2938 3908 3131 3979 ἔχοντα
3157 3910 3216 3961 ἐν
3241 3907 3318 3979 τῷ
3343 3902 3551 3976 οὐρανῷ.
3571 3897 3707 3957 οὕτως

2206 4003 2353 4058 ἐστὶν
2378 4004 2434 4055 ἐν
2461 4001 2611 4073 αὐτῷ
2637 4001 2733 4055 καὶ
2759 4001 2844 4055 ἀεὶ
2867 4002 2900 4071 ἡ
2925 4000 3175 4072 ἀλήθεια.

2277 4096 2384 4160 Εὶς
2420 4092 2636 4162 γενεὰν
2678 4092 2779 4146 καὶ
2825 4091 3039 4162 γενεὰν
3078 4093 3117 4161 ἡ
3151 4088 3401 4173 ἀλήθειά
3433 4101 3553 4140 σου.
3592 4079 3705 4173 Ἐθξς

529 4173 642 4219 tua.
674 4162 942 4221 Fundam
970 4175 1173 4223 terram
1194 4182 1244 4224 et
1278 4188 1569 4243 permanet,
1599 4186 1707 4235 etc.
1736 4178 1851 4235 Hac
1875 4181 2106 4238 veritate

2210 4187 2504 4254 μελίωσας
2533 4183 2647 4252 τὴν
2675 4183 2793 4253 γῆν
2818 4184 2916 4237 καὶ
2946 4162 3314 4252 διαμένειξκ.
3349 4199 3397 4233 τ.
3430 4180 3471 4233 ἐ.
3502 4167 3705 4244 Ταύτῃδὲ

529 4262 676 4308 terra
708 4253 935 4310 fundata
971 4266 1074 4313 est.
1124 4257 1239 4315 Hoc
1286 4265 1430 4319 enim
1461 4267 1709 4337 angulari
1760 4270 1939 4340 lapide
1985 4282 2096 4327 tan-

2204 4280 2270 4348 τῇ
2301 4274 2527 4347 ἀληθείᾳ
2557 4278 2593 4345 ἡ
2628 4275 2700 4344 γῆ
2742 4274 3150 4346 τεθεμελίωται.
3206 4274 3325 4328 Ἐπὶ
3354 4274 3510 4339 τούτῳ
3543 4264 3629 4335 γὰρ
3651 4258 3704 4327 τῷ

526 4362 689 4418 quam
714 4348 1067 4407 fundamento
1089 4354 1428 4414 aedificantur
1454 4363 1547 4430 qui
1568 4378 1598 4417 e
1623 4374 1775 4419 terra.
1789 4367 2100 4422 salvantur:

2210 4366 2579 4440 ἀκρογωνιαίῳ
2624 4366 2758 4438 λίθῳ
2808 4365 3270 4436 καταδεδλημένῳ
3314 4361 3527 4433 θεμελίῳ
3550 4351 3701 4410 οίκοὸοι

527 4440 671 4495 unde
700 4441 864 4495 etiam
908 4453 1195 4513 permanet
1224 4456 1397 4514 terra,
1431 4452 1627 4521 quippe
1656 4469 1775 4521 quae
1809 4456 2096 4513 infractam

526 4541 578 4583 et
615 4539 784 4584 tutam
815 4531 989 4588 basim
1020 4543 1075 4589 et
1109 4533 1519 4594 fundamentum
1547 4543 1767 4600 habeat.
1808 4545 1914 4602 Sed
1944 4558 1999 4604 et
2030 4549 2097 4604 il-

526 4619 801 4678 luminans
829 4625 1030 4680 veritas
1053 4626 1192 4681 diem
1211 4641 1370 4696 quam
1396 4628 1545 4700 fecit,
1571 4633 1683 4690 Deo
1706 4639 1753 4691 ei
1782 4638 2093 4711 aﬂ‘ulgente,

526 4710 580 4764 in
615 4712 802 4768 eadem
829 4715 1172 4774 ordinatione
1201 4732 1697 4796 permanet,neque
1726 4710 1986 4787 mutatur.

595 4883 762 4942 Vsus.
805 4889 894 4945 9|.
948 4889 1212 4958 Quoniam
1251 4900 1427 4953 omnia
1473 4904 1707 4958 serviunt
1737 4910 1866 4973 tibi,
1895 4919 2002 4967 etc.
2038 4911 2098 4969 Si

525 4977 704 5029 omnia
735 4979 981 5035 serviunt
1007 4983 1121 5038 Deo
1146 5023 1161 5048 ,
1195 4990 1468 5056 quomodo
1499 4991 1552 5046 in
1583 4992 1892 5054 Proverbiis
1921 5001 1966 5033 “
1998 5001 2099 5057 Sa-

523 5066 707 5124 lomon
738 5069 806 5125 de
844 5069 1074 5130 formica
1105 5078 1218 5132 ait:
1273 5099 1292 5131 ‹
1324 5080 1439 5148 Illa,
1481 5098 1604 5139 cum
1638 5088 1687 5143 ei
1726 5105 1835 5146 non
1864 5094 1935 5148 sit
1957 5098 2101 5165 agel-

522 5161 645 5231 lus,
692 5179 866 5235 neque
897 5168 1096 5224 habeat
1128 5173 1222 5242 qui
1275 5186 1479 5247 cogat,
1513 5193 1691 5249 neque
1737 5183 1838 5238 sub
1867 5161 2095 5244 Domino

522 5256 631 5324 sit,
663 5266 823 5326 parat
870 5269 1058 5317 testate
1099 5262 1439 5324 alimentum.
1470 5288 1491 5322 ι
1531 5270 1672 5326 Deus
1704 5274 1901 5344 duplici
1933 5277 2095 5333 modo

525 5347 783 5405 Dominus
812 5351 1034 5419 dicitur,
1062 5356 1145 5411 vel
1170 5368 1440 5427 quatenus
1469 5364 1636 5438 806
1661 5368 1839 5437 opifex
1872 5382 1982 5436 est,
2006 5373 2093 5428 vel

520 5445 789 5509 quatenus
842 5448 1217 5516 cognoscitur.
1269 5451 1610 5526 Quapropter
1677 5461 1839 5518 etiam
1890 5462 2090 5523 Paulus

588 5620 635 5652 ⁸⁸
666 5634 738 5687 vr,
773 5621 823 5676 7.

2208 4459 2434 4531 μοῦνται
2464 4459 2663 4522 πάντες
2685 4460 2734 4511 οἱ
2762 4459 2826 4511 ἐκ
2862 4457 2964 4528 γῆς
2994 4456 3307 4526 σωζόμενοι·
3350 4453 3461 4506 ὅθεν
3501 4446 3580 4500 καὶ
3614 4443 3700 4495 δια.

2207 4549 2410 4621 μένειή
2439 4548 2509 4618 γῆ
2535 4547 2755 4618 ὰρῤαγῆ
2782 4548 2877 4600 καὶ
2905 4545 3122 4616 ἀσφαλῆ
3148 4542 3382 4617 κρηπῖδα
3407 4539 3491 4594 καὶ
3513 4532 3697 4605 θεμέλιον

2206 4641 2423 4713 ἔχουσα.
2469 4639 2631 4693 Ἀλλά
2673 4639 2769 4692 καὶ
2803 4638 3085 4707 φωτίσασα
3117 4640 3149 4709 ἡ
3186 4635 3405 4708 ἀλήθεια
3443 4631 3620 4723 ήμέρξιν
3648 4623 3697 4723 ii“

2206 4732 2450 4802 ἐποίησε,
2475 4727 2610 4783 Θεοῦ
2637 4726 3044 4798 ἐπιλάμψαντος
3064 4728 3224 4799 αὐτῇ,
3255 4727 3311 4778 ἐν
3335 4725 3397 4794 τῇ
3423 4721 3541 4788 αὐτῇ
3559 4715 3693 4767 6mi-

2208 4822 2286 4888 ξει
2313 4824 2486 4895 μένει,
2514 4823 2614 4876 οὐκ
2640 4819 3038 4892 ἀλλασσομένη.
3292 4808 3299 4817 ’

2279 4887 2398 4969 "Dn
2442 4913 2516 4968 τὰ
2571 4887 2894 4982 σύμπαντα
2948 4887 3142 4966 δοῦλα
3186 4909 3299 4974 σὰ,
3341 4925 3393 4960 κ.
3426 4922 3472 4958 τ.
3510 4902 3550 4953 ἐ.
3577 4887 3690 4950 Etsi

2206 5007 2496 5078 σύμπαντα
2517 5004 2683 5061 δοῦλα
2702 5004 2797 5058 τοῦ
2824 5003 2982 5060 Θεοῦ.
3007 5004 3123 5068 πῶς
3147 5006 3202 5057 ἐν
3228 5003 3343 5064 ταῖς
3430 4987 3684 5095 Ila-pupil};

2201 5097 2451 5168 Σολομὼν
2512 5098 2641 5168 περὶ
2695 5095 2789 5149 τοῦ
2849 5096 3136 5168 μύρμηκός
3190 5106 3380 5164 φησιν’
3433 5106 3449 5139 ι
3482 5085 3659 5138 Ἐκεῖνος
3671 5108 3683 5134 ν

2198 5190 2465 5263 γεωργίου
2524 5189 2599 5263 μὴ
2638 5190 2975 5263 ὑπάρχοντος
2994 5228 3011 5254 ,
3050 5188 3187 5260 μηδὲ
3244 5186 3332 5239 τὸν
3389 5173 3687 5245 ἀναγκάζοντα

2201 5282 2361 5354 ἔχων,
2399 5282 2533 5353 μηδὲ
2576 5282 2681 5336 ὑπὸ
2716 5280 3037 5336 δεσποτείαν
3071 5278 3167 5343 ὢν,
3198 5272 3517 5370 ὲτριμάίξεταξ
3543 5263 3681 5370 ei???

2198 5349 2300 5446 τῆν
2328 5349 2553 5448 τρὸφῆν.
2580 5393 2600 5427 ι
2640 5375 2697 5427 ὀ
2722 5373 2851 5436 Θεὸς
2872 5371 3088 5440 λέγεται
3115 5367 3369 5437 δεσπότης
3386 5356 3561 5451 WE
3586 5349 3682 5451 1“

2199 5440 2530 5539 δομιοῖιρλτὸς
2558 5507 2576 5534 ν
2631 5466 2666 5538 ἢ
2707 5466 2782 5529 ὡς
2823 5462 3220 5536 γινωσκόμενος
3239 5500 3257 5517 .
3293 5457 3378 5513 Διὸ
3410 5452 3492 5510 καὶ
3523 5440 3678 5501 Παῦλος
