3928 6158
178 220 206 273 1
222 222 344 277 605

172 341 431 410 γράφει·
453 360 470 390 ι
508 339 1048 413 Ἐξελευθερωθέντες
1074 342 1183 396 ἀπὸ
1204 342 1302 413 τῆς
1326 345 1597 415 ἁμαρτίας
1623 344 1771 397 ὲδου-
1799 346 1847 402 Α

171 428 408 503 λώθητε
441 431 518 502 τῷ
548 432 686 503 Θεῷ,
714 452 731 484 ι
763 433 1003 505 δηλονότι
1032 436 1151 487 κατ’
1193 435 1393 506 ἀρετὴν
1425 437 1517 489 καί
1551 436 1767 503 γνῶσιν.

176 540 205 573 e
243 524 446 593 Ἔχετε
478 522 568 575 τὸν
607 522 817 595 καρπὸν
846 524 1000 594 ὑμῶν
1032 526 1111 589 εἰς
1145 526 1435 596 ἁγιασμὸν,
1458 526 1517 578 τὸ
1545 525 1601 578 δὲ
1622 526 1772 590 τέλος

173 612 345 685 ζωὴν
370 612 603 668 αἰώνιον.
632 633 649 665 ι
674 616 736 667 Εἰ
760 614 815 668 δὲ
840 615 1081 669 τοιούτου
1105 617 1291 682 τέλους
1324 618 1552 689 ἄμοιρός
1577 621 1723 673 ἐστιν
1744 623 1773 673 6

175 701 459 775 μύρμηξ,
492 703 736 775 δηλονότι
776 706 869 760 καὶ
906 705 1111 775 ταύτης
1145 707 1241 777 τῆς
1275 707 1539 773 δουλείας.
1576 709 1773 774 Καλῶς

167 789 290 847 οὖν
315 794 532 864 λέγεται
552 798 580 849 6
604 796 826 868 μύρμηξ
861 798 934 868 μὴ
966 792 1104 852 εἶναι
1135 798 1239 852 ὑπὸ
1265 798 1602 865 δεσποτείαν,
1631 800 1771 855 κατὰ

162 885 401 957 ταύτην
431 887 527 958 τὴν
556 886 890 942 δεσποτείαν.

256 979 335 1030 Et
355 976 442 1045 μὴ
490 976 580 1031 ὅτι
617 982 650 1031 d
689 981 873 1048 νόμος
907 995 1023 1035 σου
1052 981 1275 1051 μελέτη
1300 983 1420 1052 μοηῦ
1455 984 1606 1048 ἐστι,
1639 986 1770 1039 τότε

159 1063 268 1119 ἄν
294 1069 624 1137 ἀπωλόμην
646 1070 717 1122 ἐν
745 1069 817 1138 τῇ
851 1071 1199 1126 ταπεινώσει
1227 1091 1368 1143 μου,
1399 1092 1455 1129 κ.
1483 1093 1534 1128 τ.
1571 1076 1617 1129 ὲ.
1652 1077 1772 1130 Μα-

170 1158 389 1230 κάριον
419 1160 588 1225 ὅντως
611 1162 671 1215 τὸ
694 1162 768 1233 μὴ
788 1164 1085 1219 ἀπολέσθαι
1106 1166 1397 1235 γεγονότας
1429 1168 1486 1221 ἐν
1514 1169 1771 1240 περιστά-

169 1267 366 1317 σεσιν,
400 1249 510 1308 οἷον
542 1256 634 1310 ἐπὶ
670 1258 990 1330 μαρτυρίου.
1027 1260 1089 1311 Εἰ
1123 1262 1196 1331 μή
1241 1279 1327 1325 τις
1374 1262 1769 1336 προμελετήσει

168 1342 283 1398 τὸν
318 1346 481 1417 νόμον
510 1346 604 1400 τοῦ
630 1347 788 1411 Θεοῦ,
825 1350 1139 1405 ἀπόλλυται.

258 1437 476 1506 Πάσης
499 1443 853 1508 συντελείας
871 1439 1035 1497 εἶδον
1049 1442 1253 1512 πέρας·
1278 1446 1529 1500 πλατεῖα
1550 1447 1767 1517 ἐντολή

170 1537 311 1578 σου
358 1526 630 1597 σφόδρα,
675 1547 728 1583 κ.
768 1548 815 1583 τ.
855 1532 901 1585 ἐ.
941 1532 1114 1605 ’Υπὲρ
1164 1536 1372 1599 πάντας
1412 1536 1540 1601 τοὺς
1572 1538 1771 1605 ἔξωθεν

170 1613 386 1683 λόγους
417 1620 464 1671 οἱ
520 1619 665 1689 λόγοι
723 1622 830 1678 τῶν
880 1623 1106 1679 ἐντολῶν
1143 1625 1238 1680 τοῦ
1272 1626 1408 1681 Θεοῦ
1443 1629 1769 1687 πλατύνουσι

168 1706 548 1777 καθαίροντες
577 1713 676 1786 τὴν
712 1714 909 1788 ψυχήν.

271 1799 376 1866 Ὡς
408 1801 693 1872 ἠγάπησα
726 1806 835 1860 τὸν
864 1810 1053 1878 νόμον
1077 1826 1214 1875 σου,
1241 1813 1438 1880 Ktjpts‘
1476 1813 1628 1883 ὅλην
1659 1816 1774 1885 τὴν

169 1890 424 1960 ἡμέραν
445 1895 667 1965 μελέτη
700 1916 820 1968 μου
850 1901 1040 1965 ἐστίν,
1089 1920 1141 1956 κ.
1174 1920 1225 1955 τ.
1262 1904 1307 1955 ὲ.
1337 1904 1641 1964 Μελετᾶται
1684 1910 1772 1963 νό-

174 2001 291 2055 μος
328 1986 428 2039 οὐκ
463 1987 520 2039 ὲν
560 1987 735 2055 λέξεσι
782 1992 877 2045 καὶ
916 1997 1121 2062 φωναῖς
1157 1995 1349 2065 μόνον,
1391 1998 1526 2052 ἀλλὰ
1566 2000 1661 2054 καὶ
1715 2004 1773 2056 ὲν

170 2070 480 2143 πράξεσιν.
513 2076 642 2129 Ὅτε
667 2077 777 2149 γὰρ
807 2081 1171 2149 ἀναγινώσκει
1200 2101 1305 2152 τις,
1334 2088 1470 2143 νοῶν
1507 2090 1576 2145 τὰ
1621 2091 1773 2162 λεγό-

174 2182 358 2255 μενα,
388 2167 481 2221 καὶ¹
503 2168 754 2239 πράττων
777 2172 934 2237 αὐτὰ,
962 2174 1035 2246 μὴ
1057 2178 1383 2249 παραλιπὼν
1415 2180 1473 2235 ἐν
1504 2200 1607 2237 τινι
1633 2184 1773 2255 πρά-

172 2253 261 2321 ξει
286 2298 303 2322 ,
372 2258 509 2313 ἀλλὰ
552 2262 612 2314 ὲν
648 2264 783 2316 πᾶσι
813 2265 980 2320 ποιῶν
1010 2266 1039 2320 ὃ
1064 2268 1313 2339 βούλεται
1340 2274 1368 2325 ό
1399 2275 1583 2345 νόμος,
1616 2253 1772 2342 οὗτος

170 2351 276 2441 καὶ
316 2350 496 2420 λέγων
528 2353 622 2408 καὶ
659 2355 1048 2425 ἀναγινώσκων
1107 2364 1202 2417 καὶ
1264 2365 1521 2421 πράττων
1573 2369 1771 2441 μελετᾷ

168 2440 271 2494 τὸν
289 2442 394 2496 τοῦ
418 2444 553 2499 Θεοῦ
581 2447 760 2519 νόμον.
804 2450 1018 2506 Ἐνθάδε
1054 2455 1152 2525 μὲν
1175 2453 1268 2510 οὖν
1289 2458 1524 2527 λέγεται,
1546 2480 1565 2512 ι
1602 2440 1770 2534 Ὀλην

312 2538 530 2629 ἡμέραν
570 2540 766 2613 μελέτη
816 2542 919 2613 μοῦ
969 2547 1136 2613 ἐστιν,
1172 2568 1190 2601 ι
1257 2553 1314 2604 ἐν
1358 2552 1416 2606 δὲ
1457 2553 1536 2625 τῷ
1571 2555 1770 2629 πρώτῳ

167 2626 390 2699 ψαλμῷ
423 2630 484 2682 οὐ
521 2631 679 2702 μόνον
710 2636 807 2706 τὴν
835 2635 1076 2707 ἡμέραν,
1129 2640 1265 2694 ἀλλὰ
1318 2644 1409 2697 καὶ
1465 2647 1564 2718 τὴν
1600 2626 1770 2704 νύκτα

174 2723 328 2813 φησι
357 2723 449 2777 τὸν
475 2725 732 2797 ἐσόμενον
767 2731 1035 2803 μακάριον
1067 2731 1175 2786 δεῖν
1209 2734 1436 2808 μελετᾷν
1460 2741 1553 2792 τὸν
1583 2741 1765 2813 νόμον.

176 2811 247 2867 Τί
274 2813 483 2886 δήποτε
508 2816 740 2871 ἐνταῦθα
772 2820 1041 2892 παρέλιπε
1063 2821 1159 2894 τὴν
1193 2824 1397 2892 νύκτα;
1431 2828 1550 2882 Ὅτι
1580 2811 1770 2900 μικτός

180 2904 338 2956 ἐστιν
374 2904 612 2959 ἐνταῦθα
644 2907 753 2961 τῶν
796 2909 1099 2980 ἀνῦρώπων
1126 2916 1156 2966 ό
1185 2914 1319 2984 βίος,
1361 2916 1448 2971 διὰ
1488 2919 1646 2974 τοῦτο
1674 2922 1768 2976 καὶ

181 2995 406 3067 ἡμέραν
430 2995 524 3050 νῦν
564 2998 757 3071 ἔχομεν
804 3002 899 3055 καὶ
930 3002 1119 3058 νύκτα·
1149 3006 1277 3060 ὃταν
1308 3007 1364 3060 δὲ
1396 3008 1541 3079 ἅγιοι
1596 3013 1765 3082 γενὼο
1796 3028 1839 3087 C

185 3088 332 3159 μεθα
361 3090 456 3143 καὶ
496 3093 775 3165 μακάριοι,
811 3096 906 3162 νὺξ
954 3099 1101 3169 ἡμᾶς
1130 3101 1192 3153 οὐ
1219 3100 1537 3169 διαδέξεται,
1569 3105 1681 3159 ἀλλ’
1707 3109 1766 3161 ὲν

183 3179 329 3253 μόνῃ
353 3183 590 3253 ἐσόμεθα
620 3189 684 3257 τῇ
720 3189 921 3261 ἡμέρᾳ.
954 3190 1093 3262 Ὅρα
1121 3188 1216 3246 οῦν
1241 3193 1316 3258 ὡς
1343 3196 1442 3266 μὲν
1472 3197 1501 3249 6
1531 3198 1767 3253 ἐνταῦθα

182 3271 575 3342 πορευόμενος,
602 3276 719 3346 ἦτοι
755 3279 827 3349 μὴ
857 3279 998 3333 κατά
1025 3281 1137 3351 βίον
1171 3282 1375 3348 τέλειος
1405 3284 1620 3359 (πορεία
1658 3291 1767 3362 γάρ

180 3363 334 3417 ἐστιν
361 3365 395 3435 ἡ
426 3366 567 3420 κατὰ
612 3369 814 3439 κόσμον
852 3372 1213 3445 ὰναστροφὴ·)
1257 3376 1469 3431 οὐδέπω
1511 3379 1767 3453 καθαρῶς

184 3456 517 3527 πορεύεται,
550 3458 665 3512 ἀλλ’
714 3461 802 3515 ότὲ
841 3463 939 3534 μὲν
970 3466 1027 3517 ἐν
1058 3466 1243 3539 ἡμέρᾳ
1282 3469 1450 3534 ἐστὶν,
1501 3471 1592 3524 ὁτὲ
1621 3472 1677 3525 δὲ
1708 3475 1766 3527 ὲν

180 3549 362 3602 νυκτί·
405 3551 463 3603 ὲν
495 3553 677 3625 ἡμέρᾳ
710 3555 828 3625 μὲν,
858 3557 949 3609 ὅτε
976 3556 1044 3611 τὰ
1077 3559 1217 3613 κατὰ
1247 3561 1338 3615 τὸν
1382 3564 1544 3635 νόμον
1602 3565 1768 3638 καθὴ-

184 3656 356 3696 κοντα
389 3647 547 3696 ποιεῖ·
568 3648 624 3699 ἐν
648 3647 801 3700 νυκτὶ
827 3648 905 3714 δὲ,
936 3650 1023 3704 ὅτε
1046 3652 1258 3707 οὐδέπω
1285 3653 1379 3726 ὅλῃ
1410 3656 1607 3729 καρδίᾳ
1640 3657 1764 3729 (κᾶν

188 3731 395 3805 μελετᾷ
422 3734 514 3787 τὸν
540 3737 751 3808 νόμον,)
779 3742 923 3793 ποιεῖ
964 3741 1053 3795 τὸν
1095 3743 1278 3814 νόμον,
1318 3745 1349 3816 ἢ
1380 3748 1472 3800 καὶ
1498 3748 1586 3801 ὅτε
1614 3748 1765 3821 παρὰ

185 3822 255 3876 τὰ
288 3822 601 3894 καθήκοντα
637 3827 882 3899 πράττει.
925 3831 981 3883 Ὀ
1010 3833 1107 3902 μὲν
1134 3829 1229 3887 οὖν
1252 3835 1571 3905 ἀρχόμενος,
1606 3839 1639 3909 ἢ
1668 3840 1764 3894 καὶ

187 3916 538 3987 προκόπτων,
570 3920 767 3993 μελετᾷ
788 3923 880 3977 τὸν
912 3924 1075 3995 νόμον
1105 3926 1319 3999 ἡμέρας
1342 3930 1436 3983 καὶ
1466 3932 1658 3996 νυκτός
1684 3949 1696 3962 ·
1734 3934 1763 3986 6

185 4009 243 4100 δὲ
271 4011 689 4084 τετελειωμένος
716 4017 815 4070 οὐκ
847 4018 995 4073 ἐστιν
1028 4021 1087 4074 ὲν
1119 4025 1294 4086 νυκτὶ,
1330 4023 1442 4078 ἀλλ’
1476 4027 1535 4079 ἐν
1560 4027 1759 4100 ἡμέρᾳ,

184 4098 261 4163 ὡς
295 4100 325 4152 ό
362 4101 573 4167 Παῦλός
604 4122 786 4176 φησιν’
813 4125 831 4157 ι
867 4108 931 4161 Ἡ
959 4109 1053 4176 νὺξ
1083 4111 1407 4184 προέκοψεν,
1437 4116 1470 4186 ἡ
1497 4115 1552 4169 δὲ
1582 4098 1763 4189 ἡμέρα

184 4191 438 4262 ἡγγικεν’
461 4195 538 4259 ὡς
564 4197 621 4250 ὲν
653 4199 837 4272 ἡμέρᾳ
865 4201 1214 4272 εὐσχημόνως
1239 4209 1721 4280 περιπατήσωμεν.
1737 4230 1755 4261 ι

188 4284 301 4337 Καὶ
346 4284 540 4339 πάλιν
587 4307 606 4340 ι
641 4290 782 4361 Ἀρα
831 4287 922 4345 οὖν
963 4293 1147 4347 οὐκέτι
1193 4297 1358 4367 ἐσμὲν
1403 4300 1595 4364 νυκτὸς
1642 4302 1761 4356 οὐδὲ

190 4373 437 4440 σκότους,
474 4377 591 4432 ἀλλ’
626 4380 792 4451 ἐσμὲν
819 4383 983 4438 τέκνα
1009 4385 1186 4455 φωτὸς
1212 4388 1307 4441 καὶ
1339 4389 1572 4461 ἡμέρας.
1600 4410 1619 4443 ›

1801 1686 1844 1741 Β

1796 4370 1837 4425 D

270 4555 438 4626 Ὑπὲρ
469 4559 611 4627 τοὺς
652 4561 903 4631 ἐχθρούς
935 4582 1054 4633 μου
1091 4565 1386 4637 ἐσόφισάς
1412 4587 1490 4639 με
1521 4569 1637 4640 τὴν
1666 4573 1764 4627 ὲν-

183 4647 379 4716 τολήν
419 4664 535 4706 σου
554 4693 569 4716 ,
603 4652 693 4706 ὅτι
716 4656 803 4720 εὶς
830 4653 936 4708 τόν
973 4656 1156 4712 αἰῶνα
1180 4659 1291 4729 ἐμή
1330 4661 1518 4727 ἐστιν,
1548 4681 1599 4716 κ.
1630 4682 1679 4717 τ.
1711 4665 1758 4716 ὲ.

186 4738 333 4803 Νοῦς
372 4741 558 4797 παθῶν
580 4744 887 4815 γυμνωθεὶς
927 4748 1020 4801 καὶ⁹
1052 4747 1304 4817 γνώσεως
1346 4752 1571 4823 μέτοχος
1601 4770 1761 4823 γεγο-

188 4830 296 4896 νὼς
349 4838 781 4911 πανουργότερος
839 4839 1046 4906 γίνεται
1082 4842 1188 4897 τῶν
1242 4843 1529 4916 δαιμόνων,
1584 4847 1760 4917 λέγων

188 4923 451 4990 πολλάκις
479 4928 541 4980 τὸ
570 4928 663 4981 τοῦ
695 4929 930 4998 Παύλου,
952 4932 1033 4998 τὸ,
1072 4953 1090 4985 ι
1111 4935 1186 4988 Οὐ
1214 4934 1323 5007 γὰρ
1348 4937 1514 4991 αὐτοῦ
1539 4937 1609 4993 τὰ
1632 4941 1760 5012 νοή-

191 5033 340 5088 ματα
365 5017 684 5090 ἀγνοοῦμεν.
722 5041 739 5073 ι

262 5110 375 5165 Τοῦ
404 5108 609 5167 αὑτοῦ.
647 5112 906 5186 Ἐχθροὺς
937 5114 1032 5169 νῦν
1071 5133 1233 5189 φησιν
1276 5119 1758 5194 ὲπιδικαζομένους

187 5202 296 5258 τῶν
343 5203 602 5268 ἐντολῶν,
650 5206 746 5259 καὶ
792 5205 1084 5277 μισοῦντας
1123 5211 1270 5279 ἡμᾶς
1289 5228 1303 5241 ο
1353 5209 1435 5278 οἷς
1463 5216 1627 5285 ἡμεῖς
1657 5216 1758 5270 οὐκ

190 5294 562 5367 ὲχθραίνομεν.
596 5296 859 5367 Σημαίνει
878 5300 1005 5363 τοὺς
1025 5302 1089 5354 ὲκ
1116 5303 1417 5375 περιτομῆς
1450 5305 1753 5372 Ἰουδαίους·

191 5385 327 5458 ὑπὲρ
358 5387 576 5452 τούτους
601 5389 710 5462 γὰρ
736 5392 765 5444 6
787 5389 1110 5461 Χριστιανὸς
1140 5395 1400 5467 ὲσοφίσθη
1423 5396 1521 5469 τὴν
1538 5398 1755 5472 ἐντολὴν

190 5476 281 5531 τοῦ
318 5476 476 5546 Θεοῦ,
520 5482 905 5552 πνευματικῶς
929 5483 1022 5539 τὸν
1056 5484 1218 5557 νόμον
1252 5486 1387 5541 νοῶν
1433 5489 1527 5542 καὶ
1556 5490 1758 5560 φυλάτ-

181 5662 194 5689 ί
260 5650 301 5683 ³⁷
332 5652 485 5711 Rom.
520 5670 596 5725 vr,
634 5658 721 5717 18.
795 5660 839 5694 ³³
865 5661 997 5720 ibid.
1031 5661 1120 5718 22.
1199 5664 1242 5699 '9
1270 5663 1430 5723 Rom.
1473 5683 1591 5737 xm,
1624 5669 1709 5743 l2,
1742 5673 1827 5731 ιδ.

1119 220 1431 278 SELECTA
1467 220 1533 275 IN
1568 218 1914 277 PSALMOS.
1946 250 2013 263 -—
2047 217 2242 275 PSAL.
2291 218 2529 276 CXVIII.

3312 223 3451 278 1605

1876 339 1953 392 ait
1976 338 2051 392 ’ἐ
2090 356 2108 389 ι
2133 337 2369 393 Liberali
2400 354 2428 391 a
2474 346 2699 407 peccato
2740 339 2882 393 servi
2915 339 3076 395 factis
3104 341 3238 395 estis
3267 341 3397 403 Deo,
3426 360 3444 392 ι

1875 431 2130 486 videlicet
2152 432 2451 485 secundum
2479 431 2736 485 virtutem
2759 443 2815 486 et
2843 431 3148 487 scientiam.
3185 450 3205 483 ι
3228 432 3450 489 Habetis

1878 521 2110 576 fructum
2144 530 2385 575 vestrum
2407 521 2460 575 in
2487 520 2993 588 sanctificationem,
3031 522 3189 577 finem
3223 538 3351 578 vero
3379 526 3450 580 vi-

1875 623 1983 668 tam
2011 621 2268 668 aeternam
2292 613 2359 669 ³⁸.
2386 631 2405 666 ι
2435 612 2493 667 Si
2523 623 2704 668 autem
2735 613 2997 683 ejusmodi
3029 612 3153 668 linis
3175 616 3449 685 particeps

1873 720 1980 759 non
2008 714 2092 760 est
2116 704 2366 769 formica,
2392 703 2647 760 videlicet
2676 720 2776 759 nec
2805 704 2963 759 istius
2986 704 3287 760 servitutis.
3322 703 3449 760 Pul-

1872 797 2005 852 chre
2050 811 2181 865 ergo
2224 795 2427 850 dicitur
2459 795 2689 849 formica
2728 812 2833 851 non
2883 810 3004 853 esse
3058 796 3158 851 sub
3207 798 3450 855 dominio

1873 889 1977 942 hoc
2010 902 2171 942 sensu
2217 895 2460 955 accepto.

1946 977 2111 1032 Vens.
2148 976 2240 1033 9‘2.
2289 976 2415 1031 Nisi
2448 979 2589 1047 quod
2615 977 2701 1033 lea:
2725 987 2819 1032 tua
2856 979 3130 1034 meditatio
3175 994 3291 1034 mea
3327 990 3446 1048 est,

1872 1078 1998 1122 tunc
2051 1068 2188 1137 forte
2217 1067 2486 1134 periissem
2518 1069 2573 1122 in
2607 1066 2907 1121 humilitate
2955 1084 3070 1122 mea
3092 1110 3107 1135 ,
3159 1078 3265 1123 etc.
3304 1067 3446 1123 Vere

1874 1161 2089 1214 beatum
2123 1168 2207 1214 est
2237 1174 2342 1214 non
2374 1160 2552 1230 perire
2583 1173 2678 1214 eos
2704 1158 2796 1228 qui
2843 1167 2970 1213 sunt
2999 1159 3053 1213 in
3083 1159 3446 1216 tribulationi-

1872 1251 1991 1316 bus,
2024 1252 2172 1305 verbi
2205 1250 2377 1321 gratia
2408 1251 2461 1304 in
2493 1251 2774 1321 martyrio.
2803 1249 2916 1305 Nisi
2947 1250 3070 1320 quis
3096 1252 3247 1320 prius
3273 1252 3446 1307 medi-

1876 1355 2020 1400 tatus
2050 1342 2214 1399 fuerit
2238 1343 2408 1414 legem
2434 1343 2552 1409 Dei,
2583 1344 2744 1412 perit.

1945 1436 2110 1491 Vsus.
2145 1435 2234 1490 96.
2265 1434 2449 1490 Omnis
2499 1435 2965 1489 consummationis
3004 1435 3108 1490 vidi
3139 1434 3316 1505 ﬁnem,
3365 1433 3447 1487 la-

1874 1536 1985 1582 tum
2028 1530 2334 1581 mandatum
2366 1539 2514 1580 tuum
2556 1526 2731 1589 nimis,
2766 1537 2874 1580 etc.
2915 1525 3091 1595 Super
3129 1539 3317 1579 omnes
3340 1538 3443 1579 ex-

1878 1629 2094 1674 traneos
2124 1632 2400 1673 sermones
2433 1619 2599 1673 verba
2635 1619 3014 1672 mandatorum
3045 1617 3140 1671 Dei
3168 1629 3445 1687 expurga-

1876 1722 1983 1765 tam
2014 1711 2247 1765 animum
2275 1710 2524 1764 dilatant.

1941 1800 2107 1857 Vsus.
2131 1801 2220 1857 97.
2272 1800 2545 1867 Quomodo
2575 1802 2736 1856 dilexi
2766 1802 2928 1873 legem
2962 1812 3136 1871 tuam,
3181 1802 3400 1858 Domine
3421 1819 3443 1858 :

1872 1906 1981 1951 tota
2014 1897 2100 1950 die
2129 1894 2402 1949 meditatio
2444 1909 2562 1947 mea
2599 1902 2711 1956 est,
2746 1903 2852 1948 etc.
2899 1892 3203 1949 Meditanda
3240 1894 3323 1948 lex
3360 1903 3445 1948 est

1873 2004 1978 2044 non
2010 1987 2183 2043 solum
2214 1987 2269 2040 in
2297 1985 2478 2041 verbis
2508 1994 2565 2041 et
2595 1986 2843 2051 vocibus,
2875 1987 2971 2042 sed
3001 1985 3167 2042 etiam
3198 1987 3250 2041 in
3278 1986 3444 2042 actio—

1871 2081 2049 2135 nibus.
2085 2078 2314 2146 Quando
2339 2078 2483 2133 enim
2520 2078 2643 2148 quis
2675 2077 2842 2149 legit,
2878 2079 3181 2150 intelligens
3212 2093 3331 2154 qua:
3357 2078 3440 2134 di-

1871 2181 2092 2233 cuntur,
2115 2180 2173 2225 et
2201 2170 2414 2224 faciens
2439 2184 2525 2234 ea,
2554 2169 2684 2224 nihil
2705 2171 2757 2224 in
2786 2170 3028 2240 qualibet
3045 2171 3257 2226 actione
3281 2171 3443 2227 omit-

1871 2273 2013 2329 tens,
2046 2264 2139 2318 sed
2168 2262 2221 2316 in
2255 2261 2506 2318 omnibus
2531 2261 2738 2316 faciens
2776 2262 2826 2315 id
2855 2263 2998 2331 quod
3031 2263 3119 2318 lex
3150 2264 3282 2328 vult,
3317 2263 3362 2318 is
3385 2270 3442 2318 et

1868 2355 2057 2411 dicens
2087 2363 2143 2411 et
2185 2353 2374 2426 legens
2413 2364 2467 2409 et
2507 2352 2713 2408 faciens
2761 2356 3054 2410 meditatur
3098 2354 3269 2425 legem
3320 2355 3440 2410 Dei.

1868 2443 1985 2502 Hoc
2011 2446 2130 2502 loco
2175 2448 2359 2518 itaque
2399 2447 2630 2503 dicitur:
2670 2466 2690 2501 ι
2720 2448 2856 2503 Tota
2891 2448 2979 2503 die
3016 2448 3293 2503 meditatio
3321 2462 3440 2502 mea

1868 2547 1976 2604 est,
2004 2557 2024 2592 ι
2058 2539 2115 2593 in
2147 2540 2324 2610 primo
2356 2554 2488 2594 vero
2525 2540 2734 2609 psalmo
2762 2541 2841 2594 ait
2867 2555 2972 2595 non
3005 2538 3178 2596 solum
3208 2539 3318 2600 die.
3347 2540 3443 2594 sed

1869 2633 2035 2687 etiam
2068 2642 2226 2689 nocte
2252 2634 2618 2690 meditandam
2646 2647 2768 2689 esse
2792 2634 2965 2703 legem
3000 2632 3077 2687 illi
3106 2633 3195 2701 qui
3227 2632 3442 2687 futurus

1869 2724 1943 2781 sit
1968 2726 2177 2781 beatus.
2207 2725 2318 2782 Cur
2349 2727 2514 2797 igitur
2544 2728 2645 2782 hoc
2674 2726 2795 2781 loco
2824 2736 3036 2781 noctem
3060 2724 3277 2780 omisit?
3302 2724 3440 2792 Quia

1870 2817 1960 2872 hic
2004 2818 2163 2872 mista
2202 2828 2285 2874 est
2321 2819 2431 2873 vita
2461 2818 2762 2881 hominum,
2800 2818 3003 2874 idcirco
3035 2833 3180 2873 nunc
3213 2827 3268 2873 et
3296 2817 3441 2871 diem

1868 2908 2130 2964 habemus
2169 2918 2230 2963 et
2255 2917 2509 2975 noctem;
2559 2909 2774 2978 quando
2822 2923 2954 2964 vero
2999 2909 3065 2963 ad
3098 2908 3439 2963 sanctitatem

1871 3014 1935 3054 ac
1963 2999 2351 3055 beatitudinem
2382 3001 2812 3070 pervenerimus,
2837 2999 2982 3054 nulla
3018 3014 3125 3053 nox
3154 2998 3308 3053 nobis
3338 2998 3440 3052 ob-

1869 3092 2071 3157 veniet,
2099 3091 2191 3146 sed
2219 3092 2273 3145 in
2299 3093 2413 3146 sola
2443 3095 2527 3149 die
2548 3094 2909 3149 versabimur.
2935 3091 3230 3146 Considera
3278 3091 3442 3161 igitur

1869 3182 2142 3251 quomodo
2177 3182 2224 3238 is
2252 3183 2342 3251 qui
2377 3183 2465 3239 hic
2496 3183 2782 3247 ambulat,
2817 3197 2915 3238 nec
2947 3182 3244 3237 secundum
3272 3182 3442 3235 vitam

1866 3275 2138 3344 perfectus
2159 3285 2241 3331 est
2262 3276 2576 3344 (ambulatio
2594 3276 2741 3329 enim
2765 3284 2851 3329 est
2876 3273 3034 3342 hujus
3059 3274 3185 3327 vine
3211 3288 3436 3329 conver-

1867 3364 2026 3437 satio)
2054 3406 2069 3430 ,
2099 3368 2337 3421 nondum
2366 3380 2500 3436 pure
2528 3365 2770 3429 incedit,
2804 3364 2912 3420 sed
2944 3365 3235 3434 aliquando
3266 3365 3318 3419 in
3350 3365 3441 3419 die

1867 3467 1998 3523 est,
2035 3459 2358 3528 quandoque
2409 3472 2542 3512 vero
2590 3459 2643 3512 in
2697 3468 2911 3520 nocte;
2966 3458 3018 3512 in
3066 3457 3154 3511 die
3196 3456 3437 3525 quidem,

1867 3551 2086 3620 quando
2114 3560 2185 3605 ea‘
2210 3565 2332 3620 qua:
2362 3550 2480 3620 lege
2515 3552 2816 3620 perscripta
2859 3562 2986 3604 sunt
3015 3550 3162 3619 agit;
3196 3550 3250 3602 in
3282 3558 3441 3604 nocte

1866 3657 2018 3707 vero,
2073 3644 2289 3713 quando
2333 3643 2573 3697 nondum
2613 3653 2725 3698 toto
2771 3643 2937 3696 corde
2979 3641 3229 3711 (tametsi
3264 3640 3436 3711 legem

1867 3732 2180 3806 meditetur)
2230 3732 2361 3788 facit
2397 3733 2568 3804 legem
2594 3773 2610 3797 ,
2662 3734 2746 3788 vel
2789 3734 2953 3787 etiam
3003 3732 3219 3801 quando
3247 3743 3436 3785 contra

1865 3842 2026 3898 quam
2055 3827 2263 3892 deceat,
2295 3828 2426 3896 agit.
2454 3826 2555 3893 Qui
2586 3827 2748 3896 igitur
2776 3826 2986 3894 incipit,
3011 3825 3095 3878 vel
3125 3823 3285 3878 etiam
3320 3837 3438 3891 pro-

1865 3919 2000 3983 ﬁcit,
2048 3920 2094 3975 is
2139 3919 2434 3974 meditatur
2472 3919 2647 3988 legem
2693 3918 2782 3972 die
2825 3931 2889 3970 ac
2933 3926 3132 3970 nocte:
3175 3914 3266 3984 qui
3308 3927 3438 3968 vero

1864 4010 2137 4082 perlectus
2162 4021 2268 4077 est,
2317 4011 2363 4066 is
2393 4026 2498 4064 non
2528 4010 2703 4065 solum
2753 4016 3005 4063 versatur
3034 4007 3088 4059 in
3129 4015 3311 4072 nocte,
3339 4008 3437 4064 sed

1863 4107 1919 4161 in
1944 4106 2064 4170 die,
2112 4104 2563 4175 quemadmodum
2598 4102 2794 4156 Paulus
2826 4101 2902 4154 ait
2944 4101 3027 4155 '9:
3080 4118 3098 4151 ι
3129 4099 3244 4154 Nox
3296 4115 3439 4171 pra-

1864 4203 2060 4268 eessit,
2087 4202 2204 4258 dies
2225 4212 2405 4257 autem
2438 4200 2933 4270 appropinquavit:
2963 4201 3105 4254 sicut
3137 4201 3190 4254 in
3223 4201 3310 4255 die
3339 4202 3436 4254 ho-

1867 4313 2016 4356 neste
2037 4299 2394 4355 ambulemus.
2430 4314 2450 4349 ι
2488 4297 2553 4351 Et
2586 4296 2777 4350 iterum
2809 4296 2889 4348 “:
2937 4315 2954 4346 ι
2986 4296 3154 4366 Igitur
3183 4312 3286 4349 non
3320 4310 3436 4349 ant-

1864 4393 2005 4463 plius
2035 4373 2224 4446 sunius
2255 4392 2448 4456 noctis,
2497 4405 2672 4462 neque
2702 4390 3049 4445 tenebrarum
3075 4429 3091 4456 ,
3125 4390 3218 4443 sed
3248 4403 3435 4443 sumus

1865 4485 1958 4540 filii
1989 4484 2124 4539 lucis
2151 4492 2207 4538 et
2237 4484 2364 4539 diei.
2399 4505 2418 4537 ι

1936 4577 2099 4633 Vens.
2115 4577 2206 4634 98.
2227 4576 2653 4646 Superinimicos
2677 4591 2815 4629 meos
2836 4573 3141 4643 prudentem
3167 4587 3246 4625 me
3264 4570 3433 4639 fecisti

1866 4672 2118 4725 mandato
2157 4679 2245 4723 tuo
2274 4710 2290 4734 ,
2325 4669 2449 4740 quia
2476 4671 2532 4721 in
2564 4679 2818 4721 wternum
2846 4666 2975 4719 mihi
3013 4675 3108 4728 est,
3138 4673 3245 4719 etc.
3283 4662 3435 4715 Mens

1861 4760 2141 4817 adfectibus
2174 4761 2396 4824 nudata,
2426 4768 2481 4814 et
2528 4759 2770 4814 scientiae
2798 4757 3066 4827 particeps
3093 4755 3254 4817 facta,
3304 4768 3434 4824 pru-

1861 4854 2074 4909 dentior
2095 4855 2155 4908 lit
2177 4853 2534 4917 daemonibus,
2559 4851 2846 4920 proferens
2868 4864 3009 4920 saepe
3026 4849 3153 4904 illud
3172 4846 3327 4903 Pauli
3346 4845 3431 4902 δίε

1866 4964 1885 5000 ι
1912 4945 2031 5002 Non
2062 4946 2206 5002 enim
2238 4945 2355 5016 ejus
2384 4945 2745 5016 cogitationes
2781 4943 3113 5013 ignoramus.
3154 4959 3175 4994 ι

1933 5124 2096 5195 807
2152 5122 2432 5194 Ejusdem.
2478 5120 2737 5176 Inimicos
2783 5136 2926 5176 nunc
2981 5130 3137 5177 vocat
3190 5133 3285 5175 eos
3338 5118 3432 5190 qui

1862 5218 2238 5271 mandatorum
2294 5217 2373 5272 rei
2415 5226 2564 5283 sunt,
2596 5226 2651 5272 et
2689 5231 2788 5273 nos
2816 5217 3083 5271 oderunt:
3110 5214 3309 5283 quibus
3329 5229 3435 5274 nos

1862 5308 2082 5364 minime
2102 5307 2465 5378 indignamur.
2491 5309 2740 5382 lntelligit
2757 5307 2970 5365 Iudaeos
2992 5310 3082 5378 qui
3099 5321 3164 5362 ex
3186 5307 3433 5361 circum-

1861 5400 2065 5457 cisione
2086 5411 2231 5456 sunt.
2257 5401 2432 5474 Super
2470 5403 2570 5459 hos
2614 5404 2757 5457 enim
2804 5401 3142 5457 Christianus
3190 5401 3434 5470 prudens

1861 5491 2039 5550 factus
2064 5504 2150 5550 est
2194 5494 2249 5550 in
2293 5495 2549 5552 mandato
2578 5495 2710 5563 Dei,
2747 5508 2869 5549 cum
2901 5490 3223 5564 spiritaliter
3250 5494 3430 5567 legem

1902 5674 1948 5708 ⁸ο
1976 5675 1997 5733 I
2025 5675 2216 5736 Thess.
2249 5692 2303 5748 v,
2341 5676 2395 5734 5.
2469 5676 2514 5711 ἰι
2544 5675 2586 5733 ll
2619 5674 2743 5734 Cor.
2783 5690 2846 5745 tt,
2878 5673 2964 5731 ll.
