3928 6158
493 138 632 193 16οῗ
1895 130 1986 186 EX
2020 130 2044 187 (

2197 130 2321 184 ENE
2610 186 2627 204 ,
3616 129 3748 186 tam

492 255 757 322 intelligat
789 264 949 321 atque
987 250 1277 307 custodiat.
1307 249 1648 320 Quapropter
1677 248 1855 302 altiori
1888 262 2043 303 sensu

2203 265 2279 300 ov.
2328 246 2429 302 Διὰ
2458 248 2616 303 τοῦτο
2645 247 2880 320 δύναμαι
2929 249 3118 320 νοῆσαι
3147 247 3459 320 βαθύτερον
3496 247 3562 301 τὸ
3606 250 3754 319 εἰρη-

493 346 739 415 aceipere
786 357 1003 411 possum
1052 341 1194 411 quod
1249 340 1452 395 dictum
1494 349 1578 393 est
1625 354 1655 393 a
1704 338 1931 393 Domino
1973 336 2044 387 ":

2205 343 2320 406 ἑνογ
2377 342 2483 396 ὑπὸ
2522 342 2617 396 τοῦ
2654 343 2860 415 Κυρίου
2891 359 2905 371 ·
2956 360 2974 391 ι
3011 341 3286 409 Ἀγαπᾶτε
3336 342 3474 404 τοὺς
3522 338 3756 411 ἐχθροὺς

498 454 518 488 ι
551 435 763 505 Diligite
809 433 1054 487 inimicos
1089 442 1321 486 vestros.
1356 450 1375 483 ι
1435 428 1513 483 llli
1542 430 1686 485 enim
1739 428 1904 483 nostri
1935 438 2049 483 sunt

2207 434 2332 503 μῶν.
2362 452 2379 484 ι
2428 433 2644 505 Ἐχθροὶ
2672 433 2780 507 γὰρ
2810 432 2968 504 ἡμῶν
2999 432 3134 486 εἰσιν
3161 435 3370 486 ἐκεῖνοι
3399 473 3415 495 ,
3463 448 3485 482 ι
3519 433 3576 484 οἱ
3616 432 3758 504 ἔχον-

493 525 736 589 inimiei,
766 522 859 590 qui
910 540 930 575 ι
965 521 1138 576 zelum
1167 521 1385 590 quidem
1420 520 1513 574 Dei
1560 519 1799 585 habent,
1831 518 1924 572 sed
1953 532 2041 572 nor

1843 518 1924 572 sed
1953 532 2058 572 non
2158 542 2247 588 τες
2277 525 2434 596 ζῆλον
2468 524 2623 587 Θεοῦ,
2650 524 2760 578 ἀλλ’
2788 527 2850 578 ού
2885 526 3002 578 κατ’
3024 524 3344 593 ἐπίγνωσιν.
3374 542 3394 575 ι

496 618 793 673 secundum
823 614 1107 668 scientiam
1140 610 1206 666 ⁸³.
1239 630 1259 664 ι

572 706 733 761 Vens.
761 705 848 761 99.
876 703 1047 773 Super
1075 719 1252 757 omnes
1270 703 1511 756 docentes
1541 718 1624 756 me
1652 700 1908 765 intellexi,
1937 702 2060 771 quia

2242 700 2408 768 Ὑπὲρ
2446 698 2675 766 πάντας
2712 700 2852 767 τοὺς
2886 700 3287 769 διδάσκοντάς
3327 718 3416 771 με
3460 700 3751 770 συνῆκε.

492 801 793 856 testimonia
847 809 939 851 tua
996 797 1270 850 meditatio
1331 812 1446 851 mea
1503 804 1602 856 est,
1672 804 1779 850 etc.
1845 794 2043 847 llloruu

2198 808 2247 843 τι
2279 792 2352 844 τὰ
2389 792 2678 860 μαρτύριά
2722 806 2838 847 σου
2870 792 3094 861 μελέτη
3122 810 3243 862 μου
3279 794 3491 859 ἐστίν,
3519 811 3574 847 κ.
3610 812 3664 848 τ.
3706 798 3748 849 ὲ.

496 892 788 960 Scriptura:
831 891 1020 959 prima:
1064 888 1279 942 fuerant
1308 930 1323 954 ,
1356 888 1436 942 eis
1465 887 1665 941 credita
1693 896 1819 940 sunt
1850 887 2047 956 eloquia

2209 883 2225 933 ί
2255 883 2467 954 Γραφαὶ
2498 884 2721 937 ἐκείνων
2763 880 2904 955 ἦσαν
2947 883 3187 956 πρῶται⁸
3228 885 3650 957 ἐπιστεύθησαν
3685 889 3752 942 τὰ

495 984 610 1038 Dei.
646 983 723 1036 Illi
770 984 1024 1036 doctores
1069 994 1127 1035 se
1166 981 1510 1049 prolitentur,
1557 989 1742 1048 utpote
1772 978 1860 1047 qui
1904 978 2046 1047 prim

2197 972 2316 1041 όγια
2354 972 2448 1026 τοῦ
2489 973 2640 1028 Θεοῦ.
2691 976 2915 1029 Ἐκεῖνοι
2958 977 3281 1032 διδάσκαλοι-
3303 979 3748 1049 ἐπαγγέλλονται

495 1074 669 1142 legem
713 1080 768 1126 et
809 1073 1103 1141 prophetas
1142 1071 1472 1140 acceperint.
1523 1068 1630 1124 Nos
1662 1071 1825 1138 igitur
1869 1069 1957 1138 qui
1996 1069 2046 1123 de

2196 1064 2456 1132 εγονέναι,
2487 1064 2583 1119 ἆτε
2615 1065 2819 1138 πρῶτοι
2860 1067 3268 1139 παραλαϐόντες
3287 1069 3465 1139 νόμον
3496 1069 3599 1123 καὶ
3620 1088 3747 1142 προ-

496 1165 744 1237 gentibus
776 1179 984 1229 sumus,
1015 1163 1247 1218 dicimus
1275 1180 1288 1217 :
1336 1182 1354 1215 ι
1385 1162 1560 1231 Super
1585 1177 1775 1217 omnes
1804 1162 2047 1216 docentes

2196 1161 2353 1229 huc.
2395 1160 2583 1231 Ἡμεῖς
2603 1156 2693 1214 οὖν
2715 1163 2763 1213 οἱ
2782 1162 2887 1214 ἀπὸ
2922 1162 3029 1215 τῶν
3053 1162 3219 1215 ἐθνῶν
3244 1161 3514 1232 λέγομεν·
3539 1182 3561 1215 ι
3584 1162 3747 1235 Ὑπὲρ

497 1273 583 1311 me
632 1256 892 1310 intellexi.
926 1275 945 1308 ι
981 1254 1090 1310 Cur
1134 1254 1332 1324 porro?
1389 1272 1408 1306 ι
1443 1253 1576 1321 Quia
1632 1254 1936 1308 testimonia
1972 1262 2048 1306 tua

2195 1251 2369 1314 πάντας
2420 1253 2545 1316 τοὺς
2591 1252 2939 1316 διδάσκοντας
2986 1270 3053 1324 με
3102 1255 3331 1325 συνῆκα.
3363 1274 3384 1304 ι
3418 1255 3530 1307 Διὰ
3562 1255 3619 1308 τε
3661 1254 3746 1319 δές

496 1350 776 1403 meditatio
828 1364 946 1403 mea
1007 1357 1155 1402 est.»
1208 1345 1355 1401 Nova
1431 1348 1641 1417 reperio
1709 1346 2047 1411 testimonia,

2209 1342 2332 1397 Ὅτι
2360 1343 2430 1396 τὰ
2469 1344 2744 1415 μαρτύριά
2788 1362 2880 1399 σου
2934 1345 3131 1417 μελέτη
3169 1363 3269 1416 μου
3311 1347 3460 1401 ἐστί.
3499 1366 3521 1396 ι
3573 1349 3751 1400 Καινὰ

494 1450 692 1511 praeter
722 1441 810 1494 illa
840 1440 1144 1496 testimonia
1171 1457 1288 1510 qua:
1312 1439 1630 1509 frequenter
1656 1440 1882 1493 recitata
1912 1447 2045 1493 sunt.

2197 1435 2394 1508 ὕρίσκω
2423 1434 2692 1507 μαρτύρια
2723 1438 2872 1510 παρὰ
2909 1438 2976 1491 τά
2998 1438 3256 1503 πολλάκις
3286 1438 3576 1512 εἰρημένα
3608 1457 3748 1510 pap-

495 1533 775 1589 Meditatio
802 1532 946 1587 enim
979 1545 1098 1587 mea
1140 1541 1264 1587 sunt
1302 1531 1608 1586 testimonia
1640 1528 1767 1585 Iesu
1812 1527 2046 1583 Christi:

2196 1528 2337 1601 ύρια.
2383 1528 2594 1601 Μελέτη
2649 1547 2748 1600 μου
2797 1529 2904 1602 γάρ
2955 1532 3069 1583 ἐστι
3108 1529 3178 1584 τά
3212 1529 3501 1602 μαρτύρια
3573 1532 3747 1602 Ἰησοῦ

495 1624 542 1679 si
588 1625 805 1693 quidem
854 1623 967 1677 haec
1017 1623 1326 1677 testimonia
1370 1620 1578 1689 accepi,
1611 1629 1665 1675 et
1712 1619 1918 1674 idcirco
1951 1632 2046 1690 ego

2197 1620 2431 1694 ἱριστοῦθ
2474 1619 2854 1692 παρεδεξάμην
2887 1621 2996 1694 γὰρ
3023 1621 3162 1675 αύτά
3185 1622 3253 1675 τὰ
3293 1621 3616 1693 μαρτύρια,
3658 1626 3748 1675 καὶ

496 1730 659 1785 super
681 1729 870 1768 omnes
891 1714 1140 1767 docentes
1189 1730 1276 1772 me
1326 1715 1585 1773 intellexi.
1640 1712 2047 1770 Eeclesiastieus

2197 1714 2247 1768 ιὰ
2297 1712 2456 1767 τοῦτο
2488 1712 2598 1782 ἐγὼ
2643 1714 2783 1784 ὑπὲρ
2827 1714 3033 1778 πάντας
3083 1712 3208 1776 τοὺς
3262 1713 3643 1777 διδάσκοντάς
3684 1732 3748 1785 με

497 1800 858 1877 appellaverat
901 1806 1021 1861 illos
1048 1804 1329 1871 inimicos;
1365 1806 1580 1859 dixerat
1624 1802 1746 1858 illos
1782 1801 2048 1867 docentes,

2187 1804 2389 1874 ωνῆκα.
2419 1798 2587 1856 Εἶπεν
2606 1804 2803 1867 αὐτοὺς
2834 1802 3060 1875 ἐχθροὺς
3121 1802 3151 1854 ό
3196 1802 3699 1874 Ἐκκλησιαστικὸς
3722 1846 3738 1867 ,

498 1915 641 1955 nunc
665 1908 821 1957 vocat
851 1898 1116 1955 seniores.

2193 1891 2313 1945 ἱπεν
2363 1892 2559 1955 αὐτοὺς
2612 1889 2960 1955 διδάσκοντας
2987 1908 3001 1921 ·
3052 1891 3145 1946 νῦν
3187 1890 3336 1959 λέγει
3382 1891 3601 1954 αὐτοὺς
3657 1889 3744 1944 καὶ

2161 1985 2583 2058 πρεσϐυτέρους.

570 2079 735 2135 Vens.
768 2078 890 2133 100.
937 2077 1110 2147 Super
1140 2094 1284 2133 senes
1329 2076 1601 2141 intellexi,
1640 2078 1762 2148 quia
1808 2077 2061 2131 mandata

2240 2074 2409 2143 Ὑπὲρ
2449 2074 2885 2144 πρεσϐυτέρους
2917 2073 3174 2143 συνῆκα,
3216 2074 3303 2128 ὅτι
3335 2073 3450 2141 τὰς
3486 2073 3744 2140 ἐντολάς

499 2182 589 2225 tua
627 2171 860 2242 qua'st'vt',
911 2181 1017 2226 etc.
1052 2168 1185 2225 Utor
1213 2170 1298 2224 his
1329 2169 1513 2223 verbis
1544 2178 1732 2222 contra
1776 2183 1935 2223 senes
1966 2167 2050 2239 qui

2190 2179 2279 2219 που
2315 2162 2662 2232 ἐξεζῆτησα,
2688 2183 2742 2218 κ.
2772 2182 2824 2218 τ.
2852 2166 2899 2217 ὲ.
2931 2162 3219 2236 Χρήζομαι
3241 2163 3424 2234 τούτῳ
3461 2164 3549 2234 τῷ
3602 2164 3741 2234 ῥητῷ

501 2263 659 2334 longo
699 2274 940 2332 tempore
969 2272 1024 2317 et
1058 2260 1346 2316 all‘ectuum
1377 2260 1620 2315 carentia
1649 2258 1935 2315 scientiam
1963 2259 2052 2315 Dei

2189 2256 2298 2329 πρὸς
2317 2258 2442 2321 τοὺς
2465 2258 2724 2330 γέροντας
2748 2260 2872 2322 τοὺς
2907 2259 3114 2329 μακρὸν
3137 2258 3330 2328 χρόνον
3355 2256 3455 2310 καὶ
3474 2257 3585 2328 τὴν
3607 2257 3740 2309 ἀπά-

499 2354 807 2415 comparari
838 2353 1188 2409 arbitrantur.

2188 2359 2311 2400 ιειαν
2355 2349 2673 2417 νομίζοντας
2717 2342 2856 2402 εἶναι
2903 2349 3158 2420 πρόξενον
3198 2348 3302 2418 τῆς
3334 2347 3607 2417 γνώσεως
3653 2346 3739 2399 τοῦ

2161 2438 2317 2493 Θεοῦ.

569 2528 735 2586 Vens.
763 2529 885 2585 101.
909 2530 987 2583 Ab
1009 2529 1151 2584 omni
1173 2530 1255 2585 uia
1283 2528 1425 2583 mala
1453 2530 1697 2600 prohibui
1722 2529 1875 2599 pedes
1902 2546 2060 2599 meos,

2244 2533 2340 2587 Ἐκ
2373 2531 2576 2601 πάσης
2603 2533 2744 2589 ὀδοῦ
2771 2531 3037 2602 πονηρᾶς
3062 2531 3344 2587 ἐκώλυσα
3368 2530 3521 2598 τοὺς
3550 2530 3739 2596 πόδας

501 2633 558 2676 ut
575 2623 866 2677 custodiant
883 2625 1033 2676 verba
1054 2631 1165 2686 tua,
1185 2631 1292 2676 etc.
1313 2620 1478 2676 Malas
1498 2622 1613 2676 vias
1631 2620 2052 2687 ambulabamus,

2183 2641 2297 2688 ιου,
2332 2623 2492 2691 ὅπως
2530 2623 2608 2680 ἂν
2626 2624 2874 2694 φυλάξω
2914 2625 3058 2691 τοὺς
3093 2626 3316 2693 λόγους
3345 2638 3496 2686 σου,
3527 2640 3585 2676 κ.
3615 2639 3667 2675 τ.
3690 2624 3734 2674 ὲ.

501 2727 626 2769 eum
656 2727 901 2768 essemus
935 2712 1226 2783 aliquando
1271 2729 1290 2763 ι
1326 2711 1649 2782 insipientes
1680 2724 1736 2766 et
1768 2713 2052 2779 increduli,

2184 2717 2411 2789 Ιονηρὰς
2438 2718 2589 2781 ὀδοὺς
2608 2717 2895 2789 ὡδεύομεν,
2917 2735 2938 2769 ι
2962 2717 3178 2789 ἀνόητοι
3198 2734 3221 2770 ο
3251 2716 3405 2780 ὅντες
3433 2716 3571 2768 ποτὲ
3594 2733 3618 2766 ι
3647 2714 3735 2768 καὶ

501 2814 784 2869 errantes,
834 2805 1134 2859 servientes
1166 2803 1449 2859 desideriis
1477 2814 1531 2858 et
1573 2804 1939 2874 voluptatibus
1967 2819 2052 2858 va-

2187 2809 2438 2875 ιπειθεῖς,
2500 2810 2869 2883 πλανώμενοι,
2911 2808 3247 2873 δουλεύοντες
3278 2808 3611 2881 ἐπιθυμίαις
3645 2807 3738 2861 καὶ

504 2895 622 2959 riis,
640 2912 659 2947 ι
680 2902 787 2952 etc.
808 2894 897 2951 Hae
913 2906 1070 2952 erant
1089 2896 1188 2950 vite
1216 2911 1344 2951 mea:
1361 2910 1560 2966 pravae.
1590 2894 1830 2951 Perfecta
1853 2895 1939 2949 illa
1958 2909 2055 2949 vox

2188 2902 2376 2973 ,60vai’;
2407 2900 2696 2966 ποικίλαις,
2734 2920 2753 2953 ι
2779 2897 2968 2952 καὶτὰ
2990 2897 3138 2969 ἑξῆς.
3184 2902 3419 2954 Ἐκεῖναι
3459 2902 3563 2973 μὲν
3600 2897 3739 2972 ἦσαν

501 2998 588 3042 est
612 2987 1008 3043 Eeelesiastici.
1043 2986 1178 3042 Dum
1216 2989 1360 3043 enim
1387 2989 1563 3044 adhuc
1598 3003 1901 3058 peccamus,
1947 2990 2052 3043 haec

2184 2993 2270 3046 »δοῖ
2306 2991 2559 3063 πονηραί.
2600 2991 2839 3062 Τελείαὴ
2872 2990 3020 3063 φωνὴ
3050 2990 3187 3062 αὕτη
3219 2990 3735 3062 Ἐκκλησιαστικοῦ.

501 3079 686 3135 dicere
717 3094 822 3134 non
876 3079 1157 3147 valemus;
1197 3080 1359 3150 pedes
1385 3081 1528 3135 enim
1575 3090 1787 3135 nostros
1820 3081 1888 3135 ab
1913 3081 2052 3135 omni

2189 3088 2327 3138 Οσον
2360 3083 2465 3157 γάρ
2493 3083 2573 3137 ἔτι
2598 3083 2981 3155 ἁμαρτάνομεν
2999 3122 3015 3148 ,
3063 3083 3239 3153 λέγειν
3284 3082 3467 3137 ταῦτα
3493 3084 3557 3136 ού
3583 3083 3740 3137 δυνά-

501 3170 592 3224 via
635 3168 775 3224 mala
825 3169 1168 3238 prohibendo
1199 3184 1481 3225 sermones
1534 3169 1625 3224 Dei
1672 3170 2052 3225 custodiemus.

2186 3176 2332 3229 ιεοα·
2370 3178 2434 3229 ὲκ
2460 3175 2554 3228 τοῦ
2585 3175 2691 3246 γὰρ
2721 3174 2949 3229 κωλύειν
2977 3176 3104 3239 τοὺς
3150 3175 3317 3239 πόδας
3344 3175 3512 3247 ἡμῶν
3537 3176 3605 3228 ἐκ
3635 3177 3737 3229 πά-

501 3257 651 3324 Quos
687 3259 1014 3314 sermones?
1059 3258 1182 3315 Illos
1211 3260 1305 3328 qui
1338 3259 1391 3314 in
1421 3259 1538 3329 lege
1582 3269 1728 3320 sunt.
1767 3260 2052 3329 spirituali-

2183 3284 2262 3338 της
2286 3265 2405 3320 ὀδοῦ
2445 3269 2686 3339 πονηρᾶς
2716 3266 3020 3337 φυλάξομεν
3051 3268 3176 3331 τοὺς
3208 3266 3400 3336 λόγους
3435 3267 3535 3320 τοῦ
3577 3265 3734 3319 Θεοῦ.

505 3359 585 3404 ter
616 3364 709 3406 eos
767 3350 1136 3421 intelligendo,
1178 3359 1235 3406 et
1282 3350 1463 3407 Jesum
1512 3351 1786 3406 Christum
1838 3353 1930 3422 qui
1966 3366 2056 3421 per

2185 3358 2354 3421 Ιοίους
2376 3357 2563 3426 λόγους
2582 3375 2595 3424 ;
2616 3358 2741 3420 τοὺς
2766 3359 2823 3411 ὲν
2843 3360 3008 3429 νόμῳ,
3035 3359 3322 3431 νοήσαντες
3343 3360 3550 3422 αὐτοὺς
3574 3375 3736 3411 πνευ·

502 3439 650 3509 ipsos
694 3440 1023 3510 prmdicatur
1081 3441 1446 3510 agnoscendo.
1500 3438 1671 3494 Porro
1719 3440 1809 3494 illa
1856 3442 2053 3506 verba,

2186 3450 2427 3517 ιατικῶς,
2461 3452 2554 3503 καὶ
2579 3448 3023 3519 ἐπιγινώσκοντες
3051 3451 3140 3504 τὸν
3162 3452 3229 3504 δι’
3249 3452 3429 3505 αὐτῶν
3467 3452 3737 3523 κηρυττό-

508 3550 528 3583 σ
554 3532 807 3603 prohibui
844 3533 1011 3603 pedes
1058 3547 1229 3598 meos,
1259 3551 1278 3585 ι
1309 3533 1585 3587 declarant
1610 3531 1819 3587 arbitrii
1847 3532 2059 3587 liberta-

2184 3559 2323 3596 ιενον
2362 3540 2566 3613 Ἰησοῦν
2601 3540 2854 3613 Χριστόν.
2894 3541 3174 3612 Ἐμφαίνει
3221 3542 3279 3595 δὲ
3336 3543 3400 3596 τὸ
3447 3544 3735 3616 ἐλεύθερον

501 3633 633 3681 tem.
674 3624 787 3680 Hoc
817 3626 966 3680 enim
997 3623 1154 3690 dixit,
1187 3632 1442 3695 tanquam
1477 3623 1530 3677 in
1558 3623 1674 3694 ejus
1706 3632 1971 3693 potestate
1993 3623 2052 3678 sit

2183 3632 2261 3703 τῆς
2292 3632 2661 3705 προαιρέσεως
2691 3631 2771 3695 τὸ,
2813 3649 2833 3682 ι
2869 3632 3141 3685 Ἐκιῦλυσα
3193 3634 3316 3697 τοὺς
3346 3634 3540 3698 πόδας.
3573 3655 3593 3687 ι
3647 3637 3734 3700 Ὧς

505 3718 671 3785 pedes
726 3716 795 3775 ad
834 3716 1215 3773 ambulandum
1263 3729 1481 3772 movere
1517 3717 1601 3770 vel
1636 3717 1801 3771 etiam
1840 3716 2056 3771 eosdem

2183 3724 2271 3796 γὰρ
2302 3725 2387 3777 ἐπ’
2417 3722 2564 3794 αύτῷ
2594 3721 2743 3786 ὄντος
2795 3721 2886 3775 τοῦ
2944 3725 3113 3776 κινεῖν
3170 3725 3297 3786 τοὺς
3346 3726 3517 3789 πόδας
3563 3729 3644 3789 εἰς
3675 3727 3734 3780 τὸ

502 3812 812 3883 prohibere.
2164 3815 2437 3887 βαδίζειν,
2479 3815 2512 3886 ἢ
2552 3814 2646 3868 καὶ
2693 3813 2923 3869 κωλύειν
2966 3815 3197 3879 αὐτοὺς,
3253 3815 3315 3868 τὸ
3365 3817 3735 3889 προκείμενον

2163 3901 2335 3959 εἶπεν.

574 3990 741 4045 Vens.
777 3987 902 4043 102.
931 3987 975 4040 Α
1005 3987 1225 4057 judiciis
1255 3987 1359 4042 tuis
1394 4001 1499 4042 non
1525 3985 1802 4053 declinavi,
1840 3987 1967 4056 quia
2008 3997 2065 4040 tu

2248 3997 2382 4051 Ἀπὸ
2410 3995 2528 4051 τῶν
2547 3995 2843 4067 χριμάτων
2879 4014 2997 4052 σου
3042 4000 3149 4052 οὐκ
3178 3996 3483 4063 ἐξέκλινα,
3516 3998 3612 4053 ὅτι
3647 3998 3731 4053 σὺ

503 4082 669 4152 legem
696 4079 917 4149 posuisti
947 4079 1098 4146 mihi,
1127 4089 1234 4134 etc.
1260 4076 1455 4134 iudicii
1485 4079 1558 4133 tui
1589 4092 1803 4149 semper
1822 4078 2054 4132 memini.

2181 4089 2601 4158 ἓνομοθέτησάς
2635 4106 2712 4159 με
2734 4130 2749 4154 ,
2776 4106 2830 4143 κ.
2855 4107 2906 4143 τ.
2941 4091 2986 4143 ὲ.
3012 4090 3121 4144 Τοῦ
3162 4090 3254 4144 σοῦ
3274 4091 3572 4155 διαπαντὸς
3599 4094 3732 4161 ἐμε-

505 4174 563 4227 In
591 4185 734 4225 nono
762 4180 939 4239 autem
966 4170 1173 4240 psalmo
1194 4170 1242 4203 “
1268 4171 1439 4226 dicit:
1494 4188 1514 4223 ι
1542 4169 1821 4226 Constitue
1853 4169 2056 4241 legisla~

2175 4181 2387 4250 μνήμην
2437 4179 2806 4249 δικαστηρίου.
2854 4179 2940 4232 Ἐν
2990 4178 3161 4249 ὲνάτῳ
3208 4178 3263 4231 δὲ
3309 4177 3460 4246 λέγει
3506 4178 3726 4249 ψαλμῷ.

506 4273 679 4319 torem
707 4275 870 4331 super
908 4275 1021 4318 eos.
1060 4260 1249 4315 Sciant
1296 4269 1483 4326 gentes
1511 4261 1769 4331 quoniam
1817 4261 2057 4317 homines

2177 4289 2190 4321 ι
2224 4269 2574 4340 Κατάστησον
2596 4268 2887 4341 νομοθέτην
2907 4270 2992 4322 ἐπ’
3021 4269 3235 4334 αὐτούς.
3254 4269 3555 4325 Γνώτωσαν
3581 4271 3728 4341 ἔθνη,

504 4361 651 4410 sunt.
680 4370 698 4406 ι
734 4352 946 4423 Moyses
971 4351 1186 4421 quidem
1212 4350 1346 4421 legis
1380 4352 1612 4408 litteram
1642 4352 1967 4421 praescripsit
1994 4352 2055 4409 iis

2174 4361 2243 4414 ὅτι
2279 4361 2553 4433 ἄνθρωποί
2581 4364 2733 4416 εἰσιν.
2771 4381 2790 4414 ι
2827 4363 3064 4434 Μωῡοῆς
3097 4362 3194 4433 μὲν
3224 4363 3332 4434 γὰρ
3369 4364 3725 4435 ἐνομοθέτησε

504 4447 597 4519 qui
646 4447 770 4502 novi
817 4444 1151 4501 Testamenti
1188 4446 1477 4498 adventum
1512 4458 1708 4514 capere
1760 4460 1866 4499 non
1913 4453 2055 4513 pote-

2173 4451 2232 4504 τά
2283 4451 2376 4505 τοῦ
2422 4452 2748 4524 γράμματος
2797 4455 2909 4516 τοῖς
2951 4452 3025 4524 μὴ
3057 4452 3366 4522 δυναμένοις
3394 4457 3599 4524 χωρεῖν
3631 4454 3724 4525 τὴν

505 4547 664 4605 rant;
714 4537 872 4593 Jesus
925 4551 1055 4592 vero
1101 4534 1348 4591 Christus
1395 4535 1686 4590 adveniens
1733 4536 2056 4605 prazscripsit

2171 4541 2452 4613 ἐπιδημίαν
2479 4542 2576 4613 τῆς
2589 4543 2800 4614 Καινῆς
2833 4542 3124 4614 Διαθήκης·
3173 4541 3377 4615 Ἰησοῦς
3402 4544 3463 4596 δὲ
3495 4544 3722 4616 Χριστὸς

504 4631 637 4687 mihi
680 4629 1027 4701 Evangelium
1068 4636 1125 4684 et
1151 4628 1451 4699 spiritalem
1502 4628 1635 4685 mihi
1663 4628 1860 4700 Moysis
1889 4628 2055 4698 legem

2169 4633 2505 4705 ἐπιδημήσας
2562 4634 2917 4706 ὲνομοθέτησέ
2968 4651 3057 4704 μοι
3104 4634 3165 4688 τὸ
3206 4634 3539 4704 Εύαγγέλιον
3560 4677 3578 4702 ,
3635 4637 3720 4689 καὶ

504 4722 765 4778 ostendit.
2162 4725 2530 4797 πνευματικόν
2559 4743 2649 4796 μοι
2680 4726 2768 4779 τὸν
2794 4726 3071 4790 Μωῦσέως
3092 4726 3258 4794 ἔδειξε
3286 4726 3471 4798 νόμον.

570 4812 740 4883 808
759 4811 924 4867 Vnus.
959 4809 1082 4865 105.
1119 4808 1288 4874 Quam
1320 4807 1498 4861 dulcia
1526 4806 1765 4875 faucibus
1794 4807 1922 4863 meis
1950 4805 2062 4862 cla-

2245 4816 2340 4884 Ὠς
2379 4818 2603 4888 γλυκέα
2660 4817 2740 4883 τῷ
2787 4816 3043 4887 λάρυττί
3081 4837 3199 4888 μου
3232 4818 3305 4873 τὰ
3338 4818 3520 4889 λόγγά
3561 4836 3675 4877 σου
3699 4859 3714 4883 ,

500 4908 627 4974 quia
651 4915 767 4971 tua,
794 4919 952 4971 super
969 4903 1071 4957 mel
1107 4904 1185 4957 ori
1211 4918 1343 4965 meo,
1373 4910 1478 4954 etc.
1512 4899 1660 4955 Mens
1683 4914 1802 4969 quae
1831 4899 2051 4955 delecta-

2165 4907 2314 4977 ὐπὲρ
2340 4909 2480 4980 μέλι
2516 4908 2597 4975 τῷ
2623 4909 2874 4978 στόματί
2907 4926 3060 4977 μου,
3104 4927 3156 4963 κ.
3196 4927 3247 4963 τ.
3291 4911 3337 4963 ἑ.
3381 4910 3441 4965 '0
3467 4911 3716 4982 ἡδόμενος

503 5010 592 5055 tur
620 5007 675 5052 et
703 4997 993 5051 innutritur
1020 4996 1265 5059 scientia,
1298 5008 1359 5048 os
1392 5003 1633 5047 vocatur.

2162 5002 2255 5055 ml.
2280 5003 2603 5073 τρεφόμενος
2620 5003 2711 5056 ἐπὶ
2734 5004 2798 5073 τῇ
2825 5001 3017 5070 γνώσει
3039 5001 3161 5066 νοῦς
3185 5002 3511 5074 ὀνομάζεται
3535 5006 3710 5075 στόμα.

566 5090 732 5145 Vens.
783 5087 907 5141 104.
962 5088 1005 5139 Α
1044 5085 1437 5139 maudatistus’s
1470 5083 1740 5139 intellexi:
1788 5091 2059 5150 propterea

2247 5092 2378 5147 Ἀπὸ
2409 5092 2529 5147 τῶν
2557 5093 2820 5148 ἐντολῶν
2848 5110 2963 5148 σου
2987 5094 3249 5164 συνῆκαο
3271 5095 3372 5150 διὰ
3394 5097 3576 5151 τοῦτο
3598 5096 3713 5167 ἐμί-

501 5181 646 5238 odivi
674 5194 877 5234 omnem
906 5179 1046 5232 uiam
1077 5177 1392 5247 iniquitatis,
1424 5185 1531 5230 ete.
1570 5174 1629 5229 In
1655 5172 1923 5228 mandatis
1955 5172 2052 5227 tuis

2164 5196 2330 5252 σησα
2355 5183 2561 5239 πᾶσαν
2587 5184 2732 5239 ὁδὸν
2758 5184 2993 5252 ἀδικίας
3011 5225 3026 5251 ,
3065 5204 3120 5240 κ.
3163 5203 3215 5243 τ.
3240 5187 3287 5242 ὲ.
3332 5189 3422 5241 Ἐν
3447 5190 3573 5254 ταῖς
3594 5190 3714 5252 ’σαῖς

503 5273 635 5328 mihi
675 5284 795 5342 quae
840 5271 1047 5340 agenda
1077 5276 1203 5324 sunt
1235 5266 1598 5323 dividentibus
1641 5262 1951 5335 intelligens
1975 5262 2054 5318 fa-

2167 5275 2382 5339 συνετὸς
2409 5275 2695 5346 γενόμενος
2725 5275 2961 5341 ἐντολαῖς
2988 5276 3319 5349 διαιρούσαις
3363 5295 3456 5347 μοι
3485 5277 3557 5332 τὰ
3584 5293 3715 5349 πριι-

500 5374 622 5418 ctus
651 5378 791 5427 sum,
825 5371 881 5416 et
912 5376 1016 5416 non
1043 5360 1218 5416 solum
1248 5359 1316 5415 ab
1345 5359 1491 5416 omni
1519 5359 1609 5414 via
1636 5356 1936 5428 iniquitatis
1964 5356 2051 5414 ab-

2164 5365 2320 5419 κτέα·
2346 5367 2441 5420 καὶ
2470 5365 2575 5438 μὴν
2597 5367 2661 5420 ού
2699 5367 2855 5439 μόνον
2879 5367 3074 5439 ἄπειμι
3108 5369 3290 5442 πάσης
3333 5368 3461 5425 ὁδοῦ
3492 5370 3715 5432 ἀδικίας,

497 5465 643 5518 sum,
668 5453 763 5507 sed
791 5461 846 5506 et
876 5451 1021 5506 illam
1049 5451 1215 5507 odivi.

1198 5489 1215 5505 .
2162 5454 2295 5510 ἀλλὰ
2327 5456 2419 5510 καὶ
2453 5455 2746 5527 μεμίσηκά.

562 5545 608 5582 η
654 5542 843 5596 Matth.
874 5543 1043 5611 ν,44.
1120 5544 1163 5576 ⁸⁵³
1195 5544 1350 5600 Rom.
1402 5559 1457 5612 Χ,
1497 5543 1549 5598 2.
1624 5544 1669 5576 ’⁵⁸
1699 5542 1849 5600 Vers.
1897 5543 1982 5597 21.
