3928 6158
218 227 245 278 1
256 226 366 282 009

1140 223 1450 280 SELECTA
1485 222 1550 276 IN
1591 221 1924 277 PSALMOS.
1966 253 2034 264 —
2071 221 2263 276 PSAL.
2307 221 2541 278 CXVIII.

3323 228 3458 284 Nilo

298 347 529 413 Ὤμοσα
554 343 650 398 καί
679 343 913 412 ἐστησιι
931 344 1035 398 τοῦ
1050 344 1431 413 φυλάξασθαι
1455 345 1524 399 τὰ
1542 345 1782 413 κρίματα

1964 339 2124 394 Vens.
2157 339 2278 395 I06.
2309 340 2496 396 λιιι-αυὶ
2523 353 2573 396 et
2597 347 2761 396 statui
2792 346 3056 399 custodire
3067 347 3276 415 judicia
3298 351 3462 420 justi.

220 433 340 502 τῆς
388 435 780 502 δικαιοσύνης
808 450 945 500 σου,
977 453 1031 489 κ.
1058 453 1107 489 τ.
1135 438 1180 489 ἐ.
1211 437 1282 488 Τὸ
1320 435 1650 507 ἀμετάθετον
1698 435 1790 488 τοῦ

219 526 434 580 σκοποῦ
467 527 626 598 ὅρκον
649 526 950 596 ὠνόμασεν.

298 621 413 676 Τοῦ
440 620 646 675 αὐτοῦ.
691 621 756 672 Τί
791 624 939 674 ποιεῖ
971 620 1156 674 ἐνθάδε
1198 621 1258 673 τὸ
1306 640 1323 670 ι
1344 619 1530 690 ὤμοσα
1551 639 1568 672 ›
1627 621 1792 691 ζητη-

213 710 364 765 τέον.
402 731 420 763 ι
457 711 670 765 Διέθετο
719 711 984 784 διαθήκην
1021 713 1156 783 πρὸς
1193 715 1317 776 τοὺς
1364 713 1647 776 ἐκλεκτοὺς
1697 715 1792 766 αύ-

212 804 339 859 τοῦ.
377 825 394 857 ι
422 807 530 859 Καὶ
554 806 756 877 ταύτην
778 807 876 878 τήν
909 806 1170 878 διαθήκην
1199 807 1333 878 πρὸς
1359 808 1484 870 τοὺς
1507 807 1790 872 ἐκλεκτοὺς

212 897 390 950 αὐτοῦ
422 897 739 966 διαθεμένου
772 897 865 950 τοῦ
909 897 1041 950 Θεοῦ
1075 901 1103 950 ό
1133 896 1400 950 πιστεύων
1440 898 1786 968 παρεδέξατο,

211 989 318 1042 καὶ
351 990 516 1044 οίονεὶ
542 991 726 1061 ὅρκοις
765 991 966 1062 μεταξὺ
997 990 1090 1042 τοῦ
1122 990 1256 1043 Θεοῦ
1290 992 1582 1062 ἐποιήσατο
1614 1010 1790 1064 παρα-

246 1082 512 1153 εξάμενος
535 1084 698 1137 αὑτοῦ
719 1085 816 1156 τὴν
856 1083 1138 1155 διαθήκην,
1165 1084 1305 1137 ὥστε
1335 1086 1527 1156 στῆσαι
1568 1087 1661 1140 καὶ
1689 1105 1789 1155 φυ-

210 1173 482 1240 λάξασθαι
505 1176 574 1228 τὰ
596 1178 836 1248 κρίματα
863 1177 959 1246 τῆς
985 1177 1328 1248 δικαιοσύνης
1355 1179 1537 1231 αὑτοῦ.
1571 1181 1787 1250 ’Ίστημι

209 1265 295 1328 δὲ,
336 1268 518 1337 φησιν,
553 1269 692 1322 αὐτὰ
721 1272 786 1339 τῇ
817 1271 921 1340 ἐμῇ
953 1269 1117 1341 ψυχῇο
1148 1272 1240 1324 καὶ
1261 1274 1389 1326 ὃταν
1418 1273 1557 1326 αὐτὰ
1586 1275 1785 1344 στήσω,

210 1362 429 1424 γίνεται
463 1361 638 1412 ἐκεῖνο
684 1358 744 1413 τὸ
773 1359 1057 1431 εἰρημένον
1092 1363 1241 1435 παρά
1271 1363 1349 1433 τῷ
1381 1363 1680 1434 Σολομῶντι
1729 1365 1788 1418 ὲν

213 1452 581 1523 Παροιμίαιςσ
623 1471 640 1503 ι
675 1454 938 1523 Λογισμοὶ
972 1454 1193 1508 δικαίων
1216 1456 1476 1525 κρίματα.
1518 1477 1536 1507 ι
1577 1457 1788 1510 Ἐκεῖνα

216 1563 237 1595 ί
273 1545 347 1598 τὰ
375 1547 616 1616 κρίματά
654 1566 670 1598 ι
703 1550 817 1600 ἐστι
861 1566 878 1598 ι
906 1548 1003 1618 τῆς
1035 1548 1375 1620 δικαιοσύνης
1412 1568 1430 1601 ι
1485 1549 1582 1603 τοῦ
1628 1550 1782 1603 Θεοῦ·

209 1634 341 1686 τότε
389 1634 445 1688 δὲ
476 1636 762 1706 γενόμενα,
799 1636 888 1689 ὅτε
919 1634 1108 1707 ὤμοσα
1161 1637 1255 1690 καὶ
1303 1636 1504 1706 ἔστησα
1557 1636 1693 1690 αὐτὰ
1727 1639 1784 1690 ἐν

209 1726 458 1797 ἐμαυτῷ.
492 1728 564 1780 Τὸ
593 1728 650 1781 δὲ
679 1748 696 1779 ι
722 1729 914 1799 στῆσαι
934 1749 952 1780 ι
991 1727 1223 1782 ἐνταῦθα
1258 1729 1319 1781 τὸ
1349 1728 1577 1798 βεϐαίως
1608 1729 1785 1798 ὁρίσαι

208 1817 395 1888 δηλοῖ·
461 1819 553 1871 καὶ
597 1817 659 1871 τὸ
702 1839 719 1870 ι
747 1819 980 1890 ὀμόσαι»
1026 1819 1274 1872 τουτέστι
1324 1819 1384 1872 τὸ
1436 1818 1786 1888 ἀμεταθέτως

208 1909 375 1963 τοῦτο
406 1909 719 1982 προθέσθαι,
743 1913 837 1965 καὶ
864 1912 1213 1983 ἀπαράϐατον
1238 1911 1522 1980 φυλάττειν
1544 1911 1604 1966 τὸ
1628 1913 1787 1983 ἔργον

206 2001 308 2054 τοῦ
337 2002 500 2071 ὅρκου
535 2001 671 2072 μετά
699 2001 1036 2072 βεϐαιώσεως
1063 2003 1400 2074 προελέσθαι.

290 2093 369 2145 Τὰ
414 2093 663 2147 ἑκούσια
699 2094 804 2148 τοῦ
841 2095 1138 2163 στόματός
1165 2113 1284 2164 μου
1317 2095 1658 2163 εὐδόκησον
1683 2096 1782 2163 δὴ,

208 2187 416 2254 Κύριε,
458 2187 554 2240 καὶ
589 2186 660 2239 τὰ
702 2187 953 2257 χρίματὰ
989 2204 1106 2241 σου
1153 2187 1401 2253 δίδαξόν
1431 2206 1526 2258 με,
1575 2206 1626 2241 κ.
1656 2207 1707 2242 τ.
1735 2191 1782 2242 ἐ.

210 2279 353 2351 Περὶ
385 2273 460 2332 ὧν
514 2280 574 2332 οὐ
620 2280 978 2351 διετάχθημεν
1029 2284 1240 2344 ποιεῖν,
1291 2280 1426 2334 ἀλλά
1473 2281 1786 2352 προαιρέσει

209 2368 502 2440 ποιοῦμεν,
532 2370 705 2424 ταῦτά
733 2387 892 2439 φησιν
926 2370 1143 2422 ἑκούσια
1185 2369 1280 2421 τοῦ
1318 2368 1582 2439 στόματος
1608 2369 1782 2439 ἡμῶν⁸

208 2457 346 2525 οἷον,
381 2464 430 2514 εί
459 2461 749 2534 παρθενίαν
779 2463 1022 2533 ἀσκήσω,
1053 2462 1118 2533 ἢν
1146 2463 1206 2514 ού
1260 2460 1636 2532 προσετάχθην
1667 2460 1786 2514 οὐδὲ

209 2553 541 2628 ἐκελεύσθην
567 2594 581 2617 ,
616 2553 731 2607 ἀλλ’
773 2554 1035 2616 ἑκουσίως
1069 2553 1224 2606 τοῦτο
1269 2554 1489 2624 ποιῆσαι
1535 2555 1787 2622 κρεῖσσον

209 2648 498 2719 αἱροῦμαι.
521 2646 690 2701 Τοῦτο
721 2642 813 2701 οὖν
848 2646 1156 2716 εὐδόκησον,
1187 2647 1381 2716 Κύριε.
1416 2644 1527 2698 Καὶ
1560 2646 1652 2696 ἐπὶ
1689 2643 1785 2696 άλ-

211 2740 322 2796 λων
350 2741 409 2794 δὲ
434 2741 633 2812 ὁμοίως
679 2739 786 2793 τῶν
833 2739 972 2792 κατά
1003 2738 1092 2791 τὸν
1123 2738 1236 2808 βίον
1263 2737 1421 2808 ἡμῶν
1447 2736 1667 2790 τοιαῦτα
1696 2736 1780 2791 εύ-

217 2832 482 2902 ρήσομεν,
517 2824 590 2884 ὧν
617 2831 736 2882 τινὰ
771 2831 868 2901 μὲν
907 2829 1166 2900 ποιοῦμεν
1214 2827 1290 2893 ὡς
1326 2827 1784 2899 προστεταγμένοι

211 2923 411 2987 δοῦλοι,
435 2921 555 2976 τινὰ
587 2922 643 2976 δὲ
679 2921 986 2993 πράττομεν
1013 2921 1290 2984 ἑκουσίως.

298 3017 364 3071 Ἡ
384 3014 552 3084 ψυχή
579 3033 697 3084 μου
728 3015 798 3068 ἐν
824 3013 954 3081 ταῖς
977 3015 1151 3083 χερσί
1171 3032 1286 3069 σου
1301 3013 1643 3081 διαπαντὸς,
1680 3014 1779 3068 καί
1807 3032 1849 3090 c

211 3107 319 3161 τοῦ
357 3110 546 3176 νόμου
574 3125 688 3162 σου
713 3109 822 3160 οὐκ
855 3108 1248 3176 ἐπελαθόμην,
1280 3125 1333 3162 κ.
1365 3125 1415 3163 τ.
1448 3109 1494 3161 ἐ.
1521 3109 1782 3179 Ζητήσεις

213 3198 332 3261 πῶς
363 3201 396 3268 ἡ
423 3198 567 3268 ψυχὴ
599 3197 692 3251 τοῦ
725 3197 884 3250 Δαυῒδ
926 3200 983 3252 ὲν
1024 3202 1142 3262 ταῖς
1185 3199 1340 3270 χερσὶ
1375 3200 1468 3252 τοῦ
1500 3198 1634 3252 Θεοῦ
1666 3199 1782 3253 δια-

213 3290 418 3352 παντός
439 3307 451 3320 °
487 3291 712 3362 πότερον
743 3291 817 3354 ὡς
847 3292 903 3343 ἐν
928 3278 1238 3365 δικαιοσύνῃ
1257 3333 1270 3356 ,
1302 3292 1336 3362 ἢ
1367 3291 1443 3355 ὡς
1477 3294 1535 3345 ἐν
1565 3290 1778 3360 γνώσει.

213 3381 324 3433 Καὶ
356 3381 496 3451 τάχα
540 3382 599 3433 τὸ
641 3383 908 3454 πρότερον
932 3398 944 3410 ·
981 3382 1224 3450 ἀγγέλων
1252 3382 1350 3452 μὲν
1393 3383 1502 3453 γάρ
1558 3384 1672 3435 ἐστι
1721 3384 1783 3436 τὸ

210 3473 500 3535 διαπαντὸς
551 3473 766 3543 βλέπειν
802 3473 863 3526 τὸ
909 3473 1194 3545 πρόσωπον
1221 3473 1314 3526 τοῦ
1346 3473 1501 3538 Θεοῦ,
1535 3475 1780 3529 τουτέστι

210 3565 312 3637 τὴν
345 3567 576 3638 θεωρίαν
618 3569 813 3631 αὐτοῦ,
871 3566 1173 3639 ἀνθρώπων
1205 3567 1262 3621 δὲ
1296 3569 1358 3622 τὸ
1385 3568 1640 3622 δύνασθαι
1669 3568 1782 3621 δια-

215 3657 415 3720 παντὸς
444 3657 849 3730 δικαιοπραγεῖν
893 3661 1014 3712 κατ’
1051 3661 1350 3732 ἐνέργειαν
1384 3662 1521 3733 ὅπερ
1575 3662 1690 3715 ἐστὶ
1722 3661 1782 3714 τὸ

213 3744 354 3804 εἶναι
384 3752 442 3803 ὲν
489 3755 608 3814 ταῖς
646 3752 800 3822 χερσὶ
841 3752 935 3804 τοῦ
968 3752 1123 3806 Θεοῦ·
1160 3756 1193 3824 ἡ
1227 3753 1334 3824 γὰρ
1369 3753 1508 3808 κατά
1545 3754 1781 3807 διάνοιαν

213 3841 595 3914 δικαιοπραγία
632 3843 776 3913 μόνῳ
809 3844 1015 3914 προσῆν
1047 3845 1126 3915 τῷ
1163 3845 1401 3917 Χριστῷ,
1432 3846 1490 3909 ὃς
1514 3847 1781 3917 ἁμαρτίαν

213 3933 313 3986 ούκ
342 3934 583 4005 ἐποίησε,
606 3933 842 4003 δηλονότι
864 3935 983 3986 κατ’
1013 3935 1311 4006 ἐνέργειαν,
1339 3937 1432 3989 καὶ
1457 3936 1552 4005 οὐχ
1583 3934 1778 4007 εὑρέθη

213 4021 362 4085 δόλος
393 4025 448 4077 ἐν
485 4022 561 4092 τῷ
599 4025 822 4094 στόματι
875 4023 1037 4078 αὐτοῦ
1061 4041 1075 4054 ·
1118 4026 1318 4094 σαφὲς,
1367 4025 1449 4078 ὃτι
1492 4024 1632 4079 κατά
1668 4025 1781 4078 διά-

215 4131 382 4179 νοιαν,
420 4117 511 4183 ἀφ’
552 4106 622 4184 ἧς
649 4115 1002 4187 προέρχονται
1033 4117 1101 4170 τὰ
1132 4117 1361 4188 περιττά
1399 4118 1499 4188 τῆς
1532 4118 1775 4189 καρδίας.

217 4203 326 4275 Τὴν
356 4205 533 4276 ψυχήν
573 4224 670 4277 μου
708 4207 790 4258 σο)⁸
823 4205 1109 4276 ἐγχειρίζω
1162 4207 1388 4260 πάντοτε
1409 4247 1423 4272 ,
1455 4208 1514 4260 σὲ
1547 4209 1779 4281 φρουρὸν

217 4297 475 4366 ποιοῦμαι
510 4299 601 4351 καὶ
634 4298 1044 4370 ὑπερασπιστὴν
1091 4299 1185 4352 καὶ
1214 4299 1550 4371 κυϐερνήτην
1583 4302 1773 4372 αὐτῆς·

216 4391 311 4440 καὶ
332 4389 420 4442 διὰ
448 4387 603 4459 τοῦτο
628 4387 721 4441 τοῦ
746 4388 910 4458 νόμου
945 4404 1038 4440 σου
1069 4389 1168 4441 οὐκ
1188 4387 1552 4459 ἐπελαθόμην,
1581 4389 1666 4444 ἵνα
1700 4391 1773 4463 μὴ

215 4480 491 4533 ἁποπέσω.
528 4479 642 4543 Πᾶς
679 4481 709 4532 ὁ
741 4479 1173 4552 ἀναθεὶίὲαυτὸν
1200 4480 1278 4550 τῷ
1310 4481 1446 4551 Θεῷ,
1475 4481 1572 4553 τὴν
1598 4481 1775 4553 ψυχὴν

214 4571 378 4624 αὑτοῦ
413 4571 765 4641 παρατίθεται
803 4573 882 4634 εἰς
924 4571 1020 4634 τὰς
1051 4575 1236 4644 χεῖρας
1258 4572 1440 4638 αὐτοῦ,
1471 4573 1652 4638 καθὼς
1683 4576 1776 4628 καὶ

214 4662 445 4735 ἀλλαχοῦ
499 4661 674 4718 εἶπεν·
730 4682 749 4714 ι
790 4665 910 4717 Ὅτι
943 4665 1008 4718 σὺ
1051 4662 1100 4717 εῐ
1131 4667 1158 4718 ό
1192 4665 1603 4736 ὑπερασπιστής
1649 4684 1772 4736 μου,

215 4753 406 4826 Κύριε,
441 4758 518 4819 εἰς
549 4756 734 4826 χεῖράς
767 4773 860 4808 σου
894 4755 1355 4827 παραθήσομαιτδ
1377 4757 1594 4828 πνεῦμά
1617 4776 1769 4828 μου.»

216 4849 278 4901 Εἰ
307 4851 363 4903 δέ
399 4849 608 4921 μερίζει
653 4849 840 4902 ἑαυτὸν
870 4850 947 4911 είς
977 4849 1166 4918 ἡδονὰς
1194 4851 1285 4902 καὶ
1316 4850 1459 4921 πάθη
1492 4850 1776 4921 σωματικά

219 4943 310 4994 καὶ
341 4940 623 5011 φροντίδας
660 4940 946 5011 βιωτικὰς,
982 4941 1042 4993 ού
1077 4941 1430 5012 παρατίθεται
1462 4942 1558 5013 τὴν
1600 4943 1774 5014 ψυχὴν

216 5033 380 5086 αὐτοῦ
409 5035 488 5095 εἰς
523 5035 705 5103 χεῖρας
741 5033 896 5086 Θεοῦ.
1261 5090 1263 5093 ,

292 5122 402 5176 Τοῦ
437 5121 641 5175 αὐτοῦ.
690 5122 746 5175 ’0
789 5122 846 5174 δὲ
883 5121 1110 5185 Ἀκύλας
1139 5121 1297 5175 οὕτω·
1335 5142 1354 5174 ι
1394 5123 1552 5193 Ψυχή
1586 5140 1684 5193 μου
1715 5125 1774 5176 ἐν

215 5215 398 5285 ταρσῷ
423 5233 521 5286 μου
546 5213 834 5284 ἐνδελεχῶς
853 5215 944 5266 καὶ
962 5214 1242 5284 διηνεκῶς,
1268 5215 1361 5267 καὶ
1383 5216 1544 5285 νόμου
1566 5233 1657 5268 σου
1673 5216 1774 5267 ούκ

219 5305 573 5377 ἐπελαθόμην
615 5327 631 5357 ι
657 5309 685 5359 ὁ
721 5307 776 5359 δὲ
823 5306 1130 5376 Σύμμαχος·
1171 5325 1189 5356 ι
1240 5307 1303 5358 'II
1333 5307 1475 5377 ψυχή
1511 5323 1606 5375 μου
1638 5306 1772 5376 μετὰ

219 5397 402 5466 χεῖράς
438 5415 537 5467 μου
587 5397 892 5460 διαπαντός·
937 5418 956 5449 ι
989 5400 1022 5468 ἡ
1053 5397 1106 5450 δέ
1135 5397 1357 5468 πέμπτη
1404 5398 1602 5468 ὁμοίως
1662 5399 1772 5459 τοῖς

230 5489 648 5560 Ἐὕδομήκοντα.

289 5669 332 5699 ⁸⁵
361 5667 500 5722 PsaI.
530 5683 789 5730 Lxxxvm,
819 5668 871 5720 ι.
945 5669 991 5700 ⁸⁸
1022 5667 1181 5721 Prov.
1213 5685 1309 5736 xu,
1341 5669 1394 5723 5.
1472 5669 1514 5700 ⁸⁷
1545 5668 1559 5722 ι
1585 5669 1723 5724 I’etr.
1761 5683 1820 5735 tt,
1849 5666 1939 5722 2‘2.

579 5761 843 5824 Ριτιιοι.
882 5762 1000 5822 Gn.
1049 5760 1188 5823 XII.

1893 431 1981 484 tia:
2021 438 2148 495 tua',
2177 440 2283 487 etc.
2309 430 2534 487 Consilii
2575 432 3068 490 immutabilitatem
3088 437 3456 506 juramentum

1892 521 2200 590 appellavit.

1963 615 2235 684 Ejusdem.
2260 615 2398 682 Quid
2425 617 2525 672 sibi
2549 619 2651 672 hoc
2683 619 2800 675 loco
2820 622 2970 688 velit,
3003 643 3022 676 ι
3041 623 3238 693 iuravi,
3264 647 3282 679 ι
3311 645 3457 697 qna:-

1893 709 2118 762 rendum
2138 717 2237 762 est.
2263 728 2282 760 ι
2307 709 2577 778 Disposuit
2595 720 2973 769 testamentum
2995 717 3181 772 electis
3207 722 3318 775 suis
3341 721 3403 776 ⁸⁸.
3431 743 3450 775 ι

1891 797 2064 867 Atque
2113 798 2217 852 hoc
2249 807 2650 868 teetatnentnm,
2680 801 2790 858 Deo
2824 803 2952 860 illud
2985 806 3171 863 electis
3199 812 3309 866 suis
3341 815 3452 867 dis—

1893 901 2140 959 ponente,
2169 890 2341 947 fidelis
2361 892 2616 962 suscepit,
2647 902 2810 963 atque
2831 894 3157 962 iuramentis
3197 905 3454 971 quodam-

1893 984 2049 1036 modo
2069 999 2128 1037 se
2155 983 2264 1038 Deo
2282 987 2572 1042 obstrinxit
2597 990 2894 1057 suscipiens
2917 1001 3293 1050 testamentum
3316 997 3453 1066 ejus,

1893 1083 1949 1125 ut
1979 1083 2242 1129 statueret
2266 1085 2321 1130 et
2345 1077 2641 1132 custodiret
2655 1078 2860 1147 judicia
2881 1080 3108 1150 justitim
3142 1086 3300 1141 illius.
3326 1088 3448 1142 Sta-

1892 1175 2002 1228 tuo,
2035 1165 2232 1235 inquit,
2262 1165 2351 1218 illa
2378 1169 2572 1222 animm
2602 1186 2734 1225 mea:
2759 1188 2773 1226 :
2811 1186 2866 1228 et
2899 1189 3022 1229 cum
3053 1175 3143 1231 illa
3172 1187 3448 1244 statuero,

1891 1254 1948 1308 fit
1989 1254 2118 1309 illud
2152 1257 2296 1324 quod
2344 1258 2483 1324 apud
2518 1257 2862 1318 Salomonem
2906 1264 2961 1318 in
3011 1264 3323 1324 Proverbiis
3364 1272 3450 1324 di-

1888 1359 2036 1399 ctum
2071 1355 2156 1400 est
2180 1347 2265 1401 “z
2303 1365 2322 1398 ι
2354 1347 2722 1418 Cogitationes
2746 1354 3014 1422 iustorum
3040 1358 3264 1426 judicia.
3297 1380 3315 1412 ι
3353 1361 3447 1417 Illa

1893 1455 1913 1488 ι
1935 1438 2135 1506 judicia
2157 1459 2176 1491 ι
2219 1451 2343 1497 sunt
2387 1461 2406 1493 ‹
2429 1444 2652 1513 iustitiae
2681 1465 2698 1496 ι
2738 1446 2870 1502 Dei:
2909 1457 3036 1504 tunc
3066 1463 3244 1506 autem
3275 1453 3444 1521 fiunt,

1887 1530 2102 1596 quando
2137 1530 2314 1596 juravi
2361 1542 2416 1588 et
2461 1533 2624 1587 statui
2660 1533 2749 1588 illa
2798 1536 2850 1590 in
2899 1541 3236 1610 memetipso.
3279 1541 3450 1598 Porro

1893 1640 1911 1671 ι
1945 1629 2182 1676 statuere
2211 1642 2229 1674 ι
2267 1625 2366 1678 hoc
2398 1625 2519 1679 loco
2549 1626 2819 1694 significat
2852 1628 3078 1684 firmiter
3123 1637 3445 1700 decernere;

1887 1721 1942 1765 et
1991 1731 2008 1763 ι
2037 1711 2221 1782 iurare
2250 1734 2269 1767 ι
2314 1716 2450 1771 idem
2490 1729 2573 1772 est
2611 1735 2676 1774 ac
2711 1720 3121 1777 immutabiliter
3169 1725 3294 1778 illud
3326 1742 3454 1795 pro-

1887 1819 2105 1871 ponere,
2122 1816 2174 1860 et
2196 1823 2330 1877 opus
2342 1806 2694 1880 jurisjurandi
2716 1828 2837 1867 cum
2858 1815 3267 1872 confirmatione
3285 1819 3453 1875 invio-

1885 1898 2053 1954 latum
2085 1915 2304 1958 servare
2338 1904 2496 1959 velle.

1944 2081 2120 2158 ﬁ'ztts.
2165 2085 2288 2138 108.
2346 2082 2661 2139 Voluntaria
2697 2088 2804 2140 oris
2851 2089 2952 2142 mei
2995 2090 3309 2158 beneplacita
3339 2095 3446 2162 fac,

1884 2177 2105 2232 Domine
2130 2219 2146 2243 ,
2179 2189 2224 2230 et
2251 2177 2458 2246 judicia
2495 2186 2584 2229 tua
2615 2179 2740 2233 doce
2771 2197 2852 2232 me
2872 2218 2888 2243 ,
2919 2192 3025 2237 etc.
3056 2183 3187 2248 Quae
3214 2202 3320 2240 non
3353 2203 3450 2242 su-

1886 2286 2004 2323 mus
2027 2270 2164 2338 jussi
2197 2270 2402 2332 facere,
2436 2270 2527 2323 sed
2558 2271 2724 2323 libera
2758 2271 3035 2328 voluntate
3063 2275 3292 2331 facimus
3317 2317 3332 2341 ,
3380 2293 3442 2332 ea

1885 2358 2117 2427 appellat
2149 2357 2451 2412 voluntaria
2485 2359 2595 2411 uris
2630 2361 2834 2414 nostri:
2865 2361 3008 2415 verbi
3033 2365 3228 2432 gratia,
3259 2367 3305 2422 si
3337 2369 3447 2422 vir-

1885 2449 2164 2519 ginitatem
2196 2450 2417 2505 coluero
2442 2490 2460 2514 ,
2501 2466 2619 2520 qua:
2653 2453 2782 2506 mihi
2838 2468 3012 2522 neque
3052 2469 3313 2528 praecepta
3350 2476 3446 2514 ne-

1884 2559 1991 2610 que
2034 2542 2183 2612 jussa
2217 2553 2336 2608 est,
2372 2545 2466 2598 sed
2498 2556 2689 2612 sponte
2716 2547 2816 2601 hoc
2853 2549 3034 2604 facere
3063 2551 3254 2609 melius
3283 2553 3446 2623 eligo.

1887 2632 1999 2687 lloc
2041 2634 2204 2702 igitur
2235 2635 2629 2702 beneplacitum
2681 2637 2768 2692 fac
2799 2677 2816 2702 ,
2852 2638 3096 2696 Domine.
3129 2642 3223 2698 Sic
3253 2655 3309 2699 et
3340 2644 3450 2700 alia

1885 2725 2196 2780 istiusmodi
2239 2729 2292 2780 in
2327 2729 2436 2782 vita
2465 2740 2649 2783 nostra
2686 2733 3040 2800 reperiemus,
3069 2749 3298 2805 quorum
3341 2737 3445 2792 ali-

1884 2833 1987 2885 qua
2019 2817 2235 2885 quidem
2267 2819 2404 2887 jussi
2443 2820 2591 2876 velut
2619 2823 2764 2877 servi
2803 2822 3032 2880 facimus
3056 2865 3073 2892 ,
3104 2825 3284 2899 aliqua
3315 2845 3442 2885 vero

1885 2908 2116 2965 facimus
2167 2911 2355 2965 libere.

1955 2998 2117 3056 Vens.
2146 3001 2268 3058 109.
2301 3005 2490 3058 Amma
2517 3023 2633 3059 mea
2660 3007 2716 3060 in
2746 3008 2987 3062 manibus
3017 3011 3124 3065 tuis
3147 3028 3365 3083 semper,
3394 3024 3446 3071 et

1884 3093 2044 3165 legem
2083 3106 2229 3148 tuam
2265 3113 2368 3150 non
2393 3114 2508 3150 sum
2537 3099 2750 3164 oblitus,
2783 3111 2891 3156 etc.
2924 3101 3146 3167 Quares
3174 3111 3444 3177 quomodo

1885 3187 2065 3244 anima
2101 3187 2318 3241 Davidis
2357 3190 2409 3241 in
2452 3191 2700 3247 manibus
2729 3191 2826 3248 Dei
2860 3192 3026 3250 fuerit
3067 3211 3324 3269 semper:
3373 3215 3442 3255 an

1886 3287 2139 3347 tanquam
2173 3281 2224 3332 in
2249 3280 2459 3348 justitia
2485 3321 2501 3344 .
2535 3282 2619 3335 vel
2647 3291 2902 3350 tanquam
2937 3285 2990 3341 in
3016 3291 3344 3360 cognitione.
3377 3292 3444 3348 Et

1883 3371 2023 3423 forte
2050 3371 2216 3437 priori
2252 3372 2408 3426 modo
2435 3392 2447 3427 :
2496 3387 2621 3424 nam
2657 3376 2975 3442 angelorum
3006 3389 3096 3435 est
3120 3395 3336 3452 semper
3360 3383 3440 3438 vi-

1883 3461 2010 3515 dere
2031 3460 2226 3516 faciem
2257 3462 2373 3526 Dei,
2405 3463 2507 3517 hoc
2534 3473 2617 3518 cst
2646 3465 2846 3522 habere
2874 3468 3018 3524 illius
3039 3473 3446 3542 contemplatio-

1884 3568 2042 3614 nom;
2093 3555 2366 3607 hominum
2414 3568 2542 3609 vero
2600 3571 2758 3625 posse
2805 3573 3020 3630 semper
3055 3564 3197 3631 quod
3235 3564 3441 3633 justum

1881 3654 1966 3697 est
2008 3645 2297 3701 eﬂicaciter
2328 3648 2557 3714 ,Operari
2591 3665 2604 3702 :
2642 3650 2783 3718 quod
2824 3661 2912 3706 est
2948 3651 3002 3704 in
3050 3655 3298 3710 manibus
3346 3655 3439 3710 Dei

1880 3750 2036 3790 esse:
2090 3753 2216 3790 nant
2247 3751 2426 3793 mente
2461 3751 2609 3794 recte
2655 3756 2817 3810 agere
2865 3741 3035 3798 solius
3059 3754 3178 3798 erat
3216 3745 3439 3814 Chrisn,

1881 3830 1970 3902 qui
2000 3839 2278 3896 peccatum
2309 3845 2414 3883 non
2438 3830 2587 3893 fecit,
2620 3831 2869 3888 videlicet
2897 3843 3043 3900 actu,
3071 3851 3171 3892 nec
3192 3836 3443 3894 inventus

1879 3931 1961 3974 est
1989 3921 2142 3976 dolus
2173 3922 2225 3975 in
2256 3936 2351 3975 ore
2376 3922 2492 3991 ejus
2518 3923 2585 3988 ⁸⁷,
2613 3924 2868 3978 nimirum
2896 3938 3097 3995 mente,
3123 3943 3154 3982 a
3177 3945 3283 3998 qua
3318 3948 3444 4001 pro-

1880 4015 2078 4067 cedunt
2109 4017 2374 4084 superﬂua
2420 4018 2620 4072 cordis.
2669 4019 2921 4073 Animam
2951 4034 3124 4075 meam
3158 4023 3256 4078 tibi
3293 4039 3440 4078 cum~

1879 4107 2035 4160 mitto
2079 4121 2317 4175 semper,
2355 4119 2407 4162 te
2435 4110 2732 4175 custodem,
2763 4120 3123 4179 protectorem
3150 4127 3218 4169 ac
3243 4113 3414 4183 gubcr

1881 4210 2124 4254 natorem
2151 4202 2319 4272 809
2343 4202 2485 4258 illius
2507 4202 2668 4268 facio,
2696 4213 2752 4259 et
2776 4216 3057 4275 propterea
3087 4206 3258 4276 legem
3289 4218 3437 4261 tuam

1880 4306 1982 4344 non
2008 4309 2126 4345 smn
2153 4295 2372 4359 oblitus,
2400 4310 2468 4350 ne
2494 4296 2702 4350 cadam.
2727 4295 2918 4352 Omnis
2944 4297 3034 4366 qui
3059 4299 3290 4367 seipsum
3327 4297 3439 4353 Deo

1809 4373 1852 4426 Ι)
1881 4381 2100 4444 addicit,
2122 4383 2354 4438 animam
2370 4395 2523 4439 Suam
2551 4387 2604 4440 in
2633 4388 2880 4444 manilius
2903 4387 3021 4457 ejus
3039 4389 3225 4454 tradit,
3252 4405 3439 4460 quem-

1882 4471 2165 4525 admodum
2223 4483 2276 4528 et
2335 4475 2462 4529 alibi
2491 4476 2535 4508 ⁸⁸
2562 4478 2691 4533 dicit
2725 4493 2741 4532 :
2776 4497 2795 4529 ι
2828 4480 3090 4546 Quoniam
3129 4492 3183 4536 tu
3219 4497 3279 4537 es
3308 4499 3437 4552 pru-

1867 4571 2054 4617 tectnr
2097 4580 2286 4632 meus,
2327 4567 2587 4635 Domine,
2625 4569 2678 4624 in
2730 4586 2924 4628 manus
2970 4584 3092 4627 tuas
3120 4576 3439 4630 commendo

1879 4655 2127 4722 spiritum
2156 4672 2354 4711 meum.
2390 4677 2410 4710 ι
2452 4659 2508 4712 Si
2545 4670 2720 4715 autem
2756 4664 2993 4732 seipsum
3039 4665 3235 4734 partim
3276 4666 3439 4724 tradit

1880 4747 2248 4816 voluptatibus
2298 4761 2355 4806 et
2406 4750 2689 4809 affectibus
2743 4756 3017 4826 corporeis
3061 4767 3226 4827 atque
3275 4758 3437 4829 hujus

1881 4841 2003 4894 vita:
2030 4842 2198 4908 curis,
2230 4859 2334 4898 non
2361 4849 2705 4904 commendat
2726 4849 2960 4904 animam
2986 4865 3137 4906 suam
3163 4851 3218 4905 in
3245 4867 3437 4906 manus

1883 4934 1994 4990 Dei.

1937 5113 2206 5187 Ejusdem.
2235 5122 2424 5191 Aquila
2450 5123 2528 5178 sic
2555 5126 2716 5179 vertit
2745 5143 2762 5181 :
2797 5142 2815 5176 ι
2844 5126 3036 5178 Anima
3065 5141 3180 5181 mea
3218 5127 3270 5181 in
3309 5127 3426 5180 vola

1872 5227 1987 5265 mea
2019 5213 2388 5268 indesinenter
2420 5226 2474 5270 et
2503 5230 2780 5286 perpetuo,
2825 5229 2879 5272 et
2915 5219 3084 5289 legem
3136 5233 3278 5274 tuam
3323 5235 3429 5273 non

1868 5320 1985 5358 sum
2019 5305 2235 5361 oblitus.
2263 5326 2281 5358 ι
2309 5308 2662 5375 Symmachus
2699 5327 2714 5363 :
2747 5329 2766 5360 ι
2791 5311 2981 5365 Anima
3011 5327 3126 5365 mea
3163 5320 3285 5380 post
3316 5325 3428 5363 ma-

1869 5411 1970 5450 nus
2004 5412 2152 5450 meas
2209 5412 2454 5465 semper;
2487 5419 2505 5450 ι
2553 5400 2741 5467 quinta
2799 5409 2980 5453 autem
3027 5401 3194 5455 editio
3241 5400 3430 5456 eodem

1869 5489 2027 5541 modo
2062 5504 2126 5542 ae
2168 5490 2521 5561 Septuaginta
2554 5491 2898 5561 interpretes.

2020 5668 2065 5700 ⁸⁸
2094 5667 2237 5724 Ρδειι.
2265 5683 2390 5733 nx,
2421 5668 2474 5734 5,
2505 5668 2558 5724 6.

3042 5769 3114 5829 51
