3928 6158
569 140 709 195 16οἵ

1970 133 2063 188 ex
2097 132 2397 190 omnem
2685 188 2703 208 ,
3619 139 3706 198 tua

569 257 833 324 intelligat
865 267 1026 324 atque
1064 254 1353 310 custodiat.
1383 252 1724 322 Quapropter
1753 250 1931 306 altiori
1964 264 2126 306 sensu

2235 267 2355 303 των.
2405 248 2504 304 Διὰ
2534 250 2691 306 τοῦτο
2721 250 2955 323 δύναμαι
3004 252 3201 323 νοῆσαι
3231 251 3511 325 βαθύτερον
3537 254 3587 307 τὸ
3615 261 3711 329 sign.

569 349 815 417 accipere
861 360 1079 414 possum
1128 344 1270 414 quod
1325 343 1528 397 dictum
1570 353 1654 396 est
1701 357 1731 395 a
1779 341 2008 395 Domino
2050 338 2131 390 “2

573 456 594 491 ι
627 437 839 508 Diligite
885 436 1130 490 inimicos
1164 445 1396 489 vestros.
1432 452 1450 486 ι
1511 431 1589 486 llli
1618 433 1762 487 enim
1815 430 1980 485 nostri
2011 440 2137 485 sunt

569 527 811 592 inimici,
841 525 935 593 qui
987 544 1005 577 ι
1041 525 1214 578 zelum
1243 524 1460 593 quidem
1496 522 1589 576 Dei
1636 521 1875 588 habent,
1906 520 1999 575 sed
2029 535 2134 574 non

572 620 869 675 secundum
899 616 1183 670 scientiam
1216 612 1282 668 ”.
1315 633 1335 667 ι

649 709 808 764 Vens.
836 708 924 764 99.
952 706 1123 776 Super
1150 722 1328 760 omnes
1347 706 1587 759 docentes
1618 721 1699 759 me
1729 703 1983 768 intellexi,
2013 705 2135 774 quia

568 803 869 858 testimonia
922 811 1014 854 tua
1071 800 1346 852 meditatio
1406 814 1522 853 mea
1579 807 1677 859 est,
1747 807 1854 852 etc.
1921 797 2134 850 Illorum

571 895 864 963 Scripturae
906 893 1096 961 prima:
1139 890 1355 945 fuerant
1383 932 1399 957 ,
1432 891 1511 945 eis
1541 890 1741 944 credita
1769 899 1895 943 sunt
1925 890 2134 959 eloquia

571 986 686 1040 Dei.
721 986 799 1038 llli
845 987 1099 1039 doctores
1144 997 1202 1037 se
1242 983 1586 1052 proliteutur,
1633 992 1818 1051 utpote
1848 981 1936 1049 qui
1980 980 2133 1050 primi

570 1077 744 1144 legem
788 1083 844 1128 et
885 1075 1178 1144 prophetas
1217 1074 1548 1142 acceperint.
1599 1071 1707 1126 Nos
1738 1073 1901 1141 igitur
1945 1072 2032 1140 qui
2071 1072 2137 1127 de

571 1167 820 1239 gentibus
852 1182 1060 1232 sumus,
1090 1165 1323 1220 dicimus
1350 1182 1364 1220 :
1412 1184 1430 1217 ι
1461 1165 1637 1234 Super
1661 1179 1851 1220 omnes
1880 1165 2135 1219 docentes

573 1276 658 1313 me
708 1258 967 1313 intellexi.
1001 1277 1021 1311 ι
1056 1256 1166 1312 Cur
1209 1257 1408 1326 porro?
1464 1275 1484 1309 ‹
1519 1256 1651 1324 Quia
1708 1257 2011 1311 testimonia
2048 1265 2133 1309 tua

573 1351 851 1405 meditatio
903 1367 1022 1407 mea
1083 1360 1230 1405 est.»
1283 1349 1430 1404 Nova
1507 1351 1718 1420 reperio
1786 1348 2132 1413 testimonia,

570 1453 767 1513 prteter
797 1443 886 1497 illa
914 1442 1219 1498 testimonia
1246 1460 1364 1513 qua:
1387 1442 1705 1511 frequenter
1731 1443 1958 1496 recitata
1987 1449 2131 1496 sunt.

571 1534 850 1591 Meditatio
877 1534 1021 1589 enim
1054 1548 1173 1589 mea
1215 1543 1339 1590 sunt
1376 1534 1683 1589 testimonia
1716 1530 1842 1588 Jesu
1888 1530 2131 1586 Christi:

570 1626 617 1681 si
664 1626 880 1694 quidem
929 1624 1042 1679 haec
1092 1625 1401 1680 testimonia
1446 1623 1653 1691 accepi,
1687 1631 1740 1677 et
1788 1621 1994 1677 idcirco
2027 1635 2128 1692 ego
2162 1606 2209 1668 Β

572 1731 734 1786 super
757 1731 945 1770 omnes
965 1715 1216 1770 docentes
1265 1732 1352 1774 me
1402 1717 1661 1775 intellexi.
1716 1715 2132 1773 Ecclesiasticus

572 1802 933 1878 appellaverat
976 1808 1096 1862 illos
1124 1807 1404 1873 inimicos;
1441 1808 1655 1862 dixerat
1700 1804 1822 1860 illos
1857 1804 2133 1871 docentes,

573 1917 716 1957 nunc
739 1910 896 1959 vocat
926 1901 1191 1956 seniores.

645 2081 810 2138 Vsus.
843 2081 964 2135 100.
1012 2080 1185 2150 Super
1215 2097 1359 2136 senes
1405 2079 1676 2145 intellexi,
1716 2081 1838 2151 quia
1882 2080 2137 2134 mandata

573 2184 664 2227 tua
702 2174 935 2245 qua’sivi,
986 2183 1092 2228 etc.
1126 2171 1261 2227 Utor
1288 2172 1373 2227 his
1404 2172 1588 2226 verbis
1619 2181 1808 2225 contra
1852 2186 2010 2227 senes
2042 2170 2137 2241 qui

575 2265 734 2336 longo
774 2276 1015 2335 tempore
1044 2274 1099 2319 et
1133 2262 1421 2318 allectuum
1452 2263 1696 2318 carentia
1725 2261 2011 2318 scientiam
2039 2262 2136 2318 Dei

574 2356 881 2417 comparari
913 2355 1264 2411 arbitrantur.

645 2531 810 2588 Vens.
838 2531 960 2588 101.
984 2532 1061 2585 Ab
1085 2532 1226 2586 omni
1248 2533 1331 2586 uia
1359 2530 1501 2586 mala
1528 2533 1773 2603 prohibui
1797 2533 1951 2602 pedes
1977 2549 2135 2602 meos,

576 2635 633 2679 ut
650 2626 941 2679 custodiant
958 2627 1108 2679 verba
1129 2633 1241 2688 tua,
1260 2633 1367 2678 etc.
1388 2622 1554 2677 Malas
1572 2624 1688 2678 vias
1707 2622 2135 2690 ambulabamus,

576 2730 700 2771 cum
732 2729 976 2771 essemus
1011 2714 1301 2786 aliquando
1346 2730 1365 2765 ι
1401 2713 1724 2783 insipientes
1756 2726 1811 2768 et
1843 2715 2137 2782 increduli,

575 2816 858 2872 errantes,
908 2807 1208 2861 servientes
1240 2805 1523 2861 desideriis
1552 2816 1606 2860 et
1649 2806 2015 2876 voluptatibus
2043 2822 2135 2860 va.

580 2897 697 2963 riis,
714 2915 734 2950 ι
755 2904 862 2953 etc.
883 2896 972 2953 Hae
988 2908 1145 2953 erant
1162 2898 1263 2952 viae
1291 2913 1420 2953 mea!
1436 2913 1635 2968 pravae.
1664 2896 1906 2953 Perfecta
1929 2898 2015 2952 illa
2033 2911 2135 2952 vox

576 3000 663 3044 est
686 2989 1082 3045 Eeclesiastici.
1118 2989 1252 3045 Dum
1290 2991 1435 3046 enim
1462 2991 1638 3046 adhuc
1672 3005 1977 3060 peccamus,
2022 2992 2136 3046 haec

576 3081 761 3136 dicere
791 3096 897 3136 non
951 3082 1232 3149 valemus;
1272 3083 1434 3152 pedes
1460 3083 1603 3137 enim
1650 3093 1863 3138 nostros
1895 3083 1963 3138 ab
1989 3084 2134 3138 omni

575 3171 667 3225 via
710 3170 850 3225 mala
900 3171 1243 3239 prohibendo
1274 3186 1556 3227 sermones
1608 3172 1700 3227 Dei
1747 3173 2136 3228 custodiemus.

577 3258 726 3325 Quos
762 3260 1089 3314 sermones?
1134 3260 1257 3316 Illos
1286 3261 1379 3331 qui
1412 3261 1466 3316 in
1496 3261 1613 3332 lege
1657 3271 1803 3323 sunt,
1842 3263 2139 3332 spirituali-

580 3360 660 3405 ter
691 3365 784 3405 eos
842 3351 1210 3422 intelligendo,
1253 3361 1309 3407 et
1356 3351 1538 3409 Iesum
1588 3354 1861 3409 Christum
1913 3356 2006 3424 qui
2041 3369 2137 3424 per

577 3440 724 3509 ipsos
769 3441 1098 3510 prmdicatur
1156 3443 1521 3511 agnoscendo.
1574 3440 1746 3497 Porro
1795 3442 1884 3497 illa
1931 3444 2137 3509 verba,

582 3551 603 3584 ι
629 3532 881 3603 prohibui
919 3533 1086 3604 pedes
1133 3548 1304 3600 meos,
1333 3553 1353 3587 ι
1384 3534 1660 3589 declarant
1684 3534 1894 3589 arbitrii
1922 3535 2140 3589 liberta-

576 3634 708 3682 tem.
749 3625 861 3681 Hoc
893 3626 1040 3680 enim
1071 3625 1228 3691 dixit,
1263 3634 1517 3697 tanquam
1552 3625 1605 3680 in
1633 3625 1749 3696 ejus
1782 3634 2047 3695 potestate
2068 3626 2139 3680 sit

580 3718 745 3787 pedes
801 3717 870 3776 ad
908 3717 1289 3774 ambulandum
1338 3731 1555 3774 movere
1591 3718 1675 3772 vel
1711 3719 1876 3774 etiam
1914 3718 2135 3774 eosdem

576 3812 886 3884 prohibere.

648 3990 814 4046 Vsus.
851 3988 976 4043 102.
1005 3988 1049 4040 Α
1080 3988 1299 4057 iudiciis
1329 3989 1432 4044 tuis
1468 4003 1573 4042 non
1598 3987 1875 4055 declinavi,
1915 3989 2041 4059 quia
2082 3999 2140 4042 tu

576 4083 742 4153 legent
769 4080 990 4150 posuisti
1019 4080 1172 4146 mihi,
1201 4089 1307 4135 etc.
1333 4077 1528 4135 Judieii
1558 4081 1633 4135 tui
1663 4094 1877 4150 semper
1896 4081 2137 4135 memini.

578 4175 636 4228 In
665 4186 807 4227 nono
836 4181 1012 4239 autem
1041 4171 1246 4241 psalmo
1268 4171 1315 4204 “
1341 4172 1513 4228 dicit:
1567 4189 1588 4224 ι
1616 4171 1895 4228 Constitue
1926 4172 2140 4243 legisla~

2239 345 2397 415 μένον
2454 344 2558 398 ὑπὸ
2597 344 2691 398 τοῦ
2729 346 2935 417 Κυρίου
2968 362 2981 374 ·
3032 363 3050 395 ι
3085 345 3370 412 Ἀγαπᾶτε
3410 345 3523 409 τοὺς
3559 346 3713 421 ἐχθροὺς

2236 436 2408 506 ὑμῶν.
2437 455 2456 486 ι
2504 436 2719 507 Ἑχθροὶ
2747 435 2856 510 γὰρ
2885 436 3043 507 ἡμῶν
3073 436 3219 489 εἰσιν
3248 438 3441 490 ἐκεῖνοι
3465 477 3479 499 ,
3515 455 3533 488 ι
3558 440 3599 491 οἱ
3624 440 3716 512 ἔχον-

2234 545 2323 591 τες
2354 527 2509 598 ζῆλον
2543 526 2699 591 Θεοῦ,
2725 528 2836 580 ἀλλ’
2864 530 2926 581 ού
2961 529 3078 581 κατ’
3098 526 3421 595 ἐπίγνωσιν.
3447 546 3465 579 ι

2317 702 2483 770 Ὑπὲρ
2522 701 2751 769 πάντας
2788 703 2929 770 τοὺς
2963 703 3376 772 decidasede
3410 707 3716 789 {laevi-ﬁn,

2234 791 2324 846 ὅτι
2356 794 2427 847 τὰ
2465 795 2754 863 μαρτύριά
2798 809 2914 850 σου
2947 795 3176 864 μελέτη
3206 813 3332 865 μου
3366 797 3543 862 ἐστίν,
3560 817 3603 852 κ.
3626 818 3661 855 τ.
3688 806 3717 855 ἐ.

2233 886 2300 936 Δί
2330 886 2542 957 Γραφαὶ
2574 887 2796 940 ἐκείνων
2840 883 2980 958 ἦσαν
3024 887 3276 959 πρῶται·
3317 889 3653 963 ἐπιστεύθησαν
3676 896 3718 949 τὶ
3818 908 3819 911 ‘

2233 975 2391 1044 λόγια
2429 976 2523 1029 τοῦ
2564 976 2717 1031 Θεοῦ.
2768 980 2993 1033 Ἐκεῖνοι
3034 980 3351 1035 διδάσκαλοι
3391 984 3719 1052 ἐπαγγέλλονται

2234 1067 2532 1136 γεγονέναι,
2563 1067 2658 1123 ἆτε
2692 1069 2895 1141 πρῶτοι
2937 1072 3356 1143 παραλαϐόντες
3376 1071 3527 1141 νόμον
3550 1073 3718 1148 mizpe-

2235 1164 2428 1232 φήτας.
2469 1163 2659 1234 Ἠμεῖς
2679 1159 2770 1217 οὖν
2792 1166 2840 1216 oi
2859 1156 2964 1218 ἀπὸ
2999 1165 3103 1218 τῶν
3130 1166 3308 1219 ἐθνῶν
3333 1164 3562 1235 λέγομεν·
3579 1168 3719 1240 «Ὑπὲρ

2235 1253 2442 1317 πάντας
2495 1256 2621 1319 τοὺς
2668 1255 3015 1320 διῶσκοντάς
3062 1274 3129 1327 με
3184 1257 3418 1328 συνῆκα.
3444 1277 3462 1308 ι
3491 1258 3574 1311 Διά
3598 1260 3637 1312 τέ
3665 1259 3718 1323 δές

2239 1364 2257 1396 ι
2284 1344 2407 1400 Ὅτι
2435 1346 2505 1400 τὰ
2544 1348 2820 1419 μαρτύριά
2865 1366 2956 1402 σου
3011 1349 3216 1420 μελέτη
3255 1367 3358 1420 μου
3399 1351 3525 1404 ἐστί.
3553 1370 3568 1400 r
3604 1353 3722 1404 Καινᾶ

2233 1439 2469 1511 εὑρίσκω
2499 1437 2768 1511 μαρτύρια
2799 1440 2948 1513 παρὰ
2984 1441 3051 1495 τὰ
3073 1441 3345 1506 πολλάκις
3374 1440 3606 1515 εἰρημένα
3629 1461 3721 1514 pap-

2233 1532 2413 1605 τύρια.
2459 1532 2671 1604 Μελέτη
2724 1551 2824 1604 μου
2873 1532 2981 1606 γάρ
3031 1535 3147 1587 ἐστι
3190 1534 3265 1588 τὰ
3299 1534 3555 1606 μαρτύρια
3604 1535 3721 1605 Ἰησοῦ
3818 1538 3819 1565 ί

2238 1623 2473 1697 Χριστοῦ
2493 1641 2507 1654 ⁸
2550 1622 2931 1696 παρεδεξάμην
2963 1625 3071 1697 γὰρ
3098 1625 3249 1679 αὐτὰ
3272 1625 3342 1678 τὰ
3380 1624 3634 1697 μαρτύρια,
3663 1627 3720 1678 κιὶ

2236 1716 2323 1771 διὰ
2374 1716 2532 1771 τοῦτο
2565 1716 2674 1785 ἐγὼ
2720 1718 2860 1787 ὑπὲρ
2904 1718 3109 1781 πάντας
3163 1716 3295 1780 τοὺς
3350 1717 3651 1779 διδάσκοντας
3680 1734 3720 1786 με

2240 1807 2465 1877 συνῆκα.
2495 1802 2663 1860 Εἶπεν
2682 1807 2879 1870 αὐτοὺς
2910 1806 3137 1879 ἐχθροὺς
3204 1806 3236 1858 ὁ
3282 1805 3712 1877 Ἐκκλησιαττικὸς,

2235 1895 2388 1948 εἶπεν
2438 1895 2635 1959 αὐτοὺς
2688 1893 3036 1959 διδάσκοντας
3062 1911 3076 1925 ·
3129 1894 3231 1949 νῦν
3272 1894 3418 1962 λέγει
3458 1894 3622 1955 αὐτοὺς
3658 1891 3717 1944 καὶ

2236 1988 2659 2061 πρεσϐυτέρους.

2317 2078 2485 2146 ’Υπὲρ
2525 2077 2962 2148 πρεσϐυτέρους
2992 2077 3259 2146 συνῆκα,
3301 2077 3387 2131 ὅτι
3415 2076 3511 2143 τὰς
3541 2073 3715 2137 ἐντολάς

2236 2182 2355 2223 σου
2391 2166 2738 2235 ὲξεζῆτησα,
2764 2186 2819 2221 κ.
2848 2186 2900 2221 τ.
2929 2170 2975 2220 ὲ.
3008 2167 3305 2240 Χρήξομαι
3328 2167 3492 2237 τούτῳ

2237 2260 2374 2332 πρὸς
2393 2261 2518 2325 τοὺς
2541 2262 2800 2333 γέροντας
2824 2263 2949 2326 τοὺς
2983 2263 3196 2333 μακρὸν
3220 2261 3409 2332 χρόνον
3432 2258 3514 2312 καὶ
3530 2258 3609 2327 τὴν
3623 2255 3713 2308 ἀπᾶ-

2238 2350 2387 2404 θειαν
2431 2352 2749 2421 νομίζοντας
2794 2345 2933 2405 εἶναι
2979 2353 3243 2424 πρόξενον
3283 2351 3384 2420 τῆς
3414 2349 3625 2419 γνώσεως
3655 2344 3712 2395 τοῦ

2237 2441 2393 2496 Θεοῦ.

2321 2536 2416 2589 Ἐκ
2448 2534 2652 2604 πάσης
2679 2536 2821 2592 ὀδοῦ
2848 2535 3113 2606 πονηρᾶς
3140 2534 3421 2591 ἐκώλυσα
3442 2530 3564 2596 τοὺς
3585 2526 3711 2590 πόδας

2231 2643 2373 2696 μουν
2408 2626 2567 2694 ὅπως
2605 2626 2685 2683 ἂν
2702 2628 2951 2697 φυλάξω
2991 2628 3136 2694 τοὺς
3174 2628 3396 2696 λόγους
3421 2640 3541 2685 σου,
3564 2639 3605 2673 κ.
3624 2618 3705 2670 τὲ.

2238 2720 2486 2792 Πονηρὰς
2513 2721 2666 2784 όδοὺς
2684 2720 2972 2791 ὡδεύομεν,
2994 2738 3013 2772 ι
3039 2720 3261 2792 ἀνόητοι
3283 2736 3304 2772 ο
3334 2718 3474 2780 bina;
3496 2711 3627 2766 ποτὲι
3647 2708 3706 2761 nl

2238 2812 2514 2878 ἀπειθεῖς,
2576 2812 2945 2885 πλανώμενοι,
2988 2812 3328 2874 δουλεύοντες
3358 2807 3621 2879 ἐπιθυμίαις
3642 2799 3705 2854 καὶ

2237 2904 2451 2976 ἡδοναῖς
2482 2903 2771 2969 ποικίλαις,
2810 2923 2828 2956 ι
2855 2900 2949 2956 καὶ
2974 2899 3043 2954 τὰ
3066 2900 3220 2972 ἑξῆς.
3267 2904 3484 2957 Ἐκεῖναι
3514 2898 3591 2969 μὲν
3615 2891 3707 2965 ἦσαν

2236 2996 2346 3050 ὁδοὶ
2382 2994 2635 3067 πονηραί.
2675 2993 2916 3065 Τελείαή
2949 2993 3095 3065 φωνὴ
3125 2993 3269 3064 αῦτη
3301 2981 3702 3060 Ἐκκλησιαστικοῧ.

2240 3089 2402 3141 Ὅσον
2435 3086 2540 3159 γὰρ
2569 3085 2649 3141 ἔτι
2674 3085 3056 3158 ἁμαρτάνομεν
3074 3125 3090 3150 ,
3140 3085 3321 3156 λέγειν
3363 3081 3519 3137 ταῦτα
3538 3077 3585 3130 οὐ
3604 3072 3706 3128 iuvi-

2240 3179 2407 3251 μεοα’
2444 3180 2509 3232 ὲκ
2536 3178 2629 3232 τοῦ
2660 3178 2766 3249 γὰρ
2796 3177 3024 3232 κωλύειν
3052 3179 3186 3242 τοὺς
3231 3177 3394 3239 πόδας
3416 3172 3549 3245 ἡμῶν
3568 3170 3616 3220 ἐκ
3634 3166 3702 3218 τά·

2239 3287 2338 3340 στις
2360 3267 2480 3323 όδοῦ
2520 3271 2761 3341 πονηρᾶς
2791 3268 3097 3339 φυλάξομεν
3126 3270 3258 3333 τοὺς
3288 3268 3464 3336 λόγους
3494 3260 3568 3315 τοῦ
3598 3252 3701 3310 Θεοῦ.

2237 3361 2429 3424 Ποίους
2450 3360 2637 3429 λόγους
2656 3378 2670 3427 ;
2692 3360 2816 3424 τοὺς
2841 3362 2897 3414 ὲν
2918 3363 3083 3431 νόμῳ,
3110 3362 3395 3433 νοήσαντες
3414 3354 3576 3414 αὐτοὺς
3594 3364 3699 3401 πνει-

2241 3453 2502 3525 ματικῶς,
2536 3455 2629 3506 καὶ
2654 3451 3099 3522 ἐπιγινώσκοντες
3128 3453 3221 3508 τὸν
3242 3453 3308 3507 δι’
3327 3449 3487 3506 αὐτῶν
3518 3438 3703 3515 κηρυττό-

2241 3563 2398 3617 μενον
2437 3543 2640 3616 Ἰησοῦν
2677 3544 2929 3616 Χριστόν.
2968 3545 3251 3615 Ἐμφαίνει
3297 3543 3353 3596 δὲ
3406 3541 3460 3594 τὸ
3498 3535 3698 3602 ἐλεύθερον

2236 3636 2336 3706 τῆς
2367 3635 2735 3708 προαιρέσεως
2765 3634 2845 3697 τὸ,
2887 3653 2906 3686 ι
2942 3634 3219 3688 Ἐκώλυσα
3269 3636 3386 3697 τοὺς
3414 3629 3605 3691 πόδαςδ
3642 3621 3699 3682 ὀς

2237 3726 2346 3798 γὰρ
2376 3728 2462 3779 ἐπ’
2491 3725 2638 3796 αὐτῷ
2668 3724 2817 3788 ὄντος
2869 3724 2961 3778 τοῦ
3018 3729 3191 3779 κινεῖν
3247 3726 3367 3786 τοὺς
3412 3721 3550 3782 πόδας
3582 3717 3638 3776 εἰς
3658 3710 3696 3762 εδ

2239 3818 2471 3889 βαδίζειν
2496 3857 2511 3884 ,
2552 3818 2585 3889 ἢ
2626 3817 2720 3870 καὶ
2767 3816 2997 3872 κωλύειν
3041 3819 3273 3882 αὐτοὺς,
3328 3816 3385 3869 τὸ
3429 3808 3698 3884 προκείμενον

2236 3904 2409 3961 εἶπεν.

2323 3998 2456 4053 Ἀπὸ
2484 3998 2601 4054 τῶν
2620 3998 2916 4070 χριμάτων
2953 4016 3072 4055 σου
3118 4005 3227 4057 οὐκ
3255 3997 3523 4064 ἐξέκλινα,
3547 3987 3615 4041 ὅτι
3640 3979 3695 4036 σὺ

2236 4091 2675 4160 ἐνομοθέτησάς
2708 4110 2786 4162 με
2808 4134 2822 4157 ,
2850 4109 2905 4146 κ.
2928 4111 2980 4146 τ.
3015 4094 3061 4147 ὲ.
3088 4095 3199 4149 Τοῦ
3239 4092 3325 4147 σοῦ
3344 4080 3693 4171 διαπαντρςξμῖ

2242 4183 2462 4252 μνήμην
2511 4183 2880 4252 δικαστηρίου.
2929 4182 3014 4236 Ἐν
3066 4183 3238 4253 ἐνάτῳ
3282 4180 3334 4232 δὲ
3375 4176 3502 4242 λέγει

579 4275 752 4320 torem
780 4277 943 4332 super
981 4277 1095 4319 eos.
1133 4262 1322 4317 Sciant
1369 4271 1556 4328 gentes
1585 4263 1843 4332 quoniam
1891 4263 2135 4319 homines

2245 4291 2265 4324 ι
2299 4271 2647 4343 Κατάστησον
2670 4272 2961 4345 νομοθέτην
2981 4274 3067 4325 ἐπ’
3096 4271 3307 4336 αὐτούς.
3324 4266 3572 4322 Γνώτωσαν
3590 4254 3690 4318 ἔθνη,

577 4363 724 4411 sunt.
754 4372 771 4406 ι
807 4352 1019 4424 Moyses
1044 4353 1260 4422 quidem
1286 4352 1419 4424 legis
1453 4353 1685 4410 litteram
1715 4354 2041 4424 praescripsit
2069 4355 2136 4411 iis

577 4449 670 4519 qui
719 4447 842 4503 novi
890 4446 1223 4501 Testamenti
1262 4448 1551 4501 adventum
1586 4462 1782 4517 capere
1833 4463 1940 4503 non
1986 4456 2140 4516 pote-

577 4548 737 4606 rant;
787 4538 945 4595 Jesus
998 4552 1128 4593 vero
1174 4536 1421 4593 Christus
1469 4538 1759 4593 adveniens
1806 4539 2138 4607 praescripsit

577 4633 710 4688 mihi
753 4629 1100 4702 Evangelium
1141 4638 1199 4685 et
1224 4631 1525 4701 spiritalem
1576 4631 1708 4687 mihi
1737 4631 1934 4703 Moysis
1962 4631 2134 4701 legem

577 4724 837 4778 ostendit.

642 4812 812 4883 808
831 4810 997 4867 Vsus.
1032 4810 1156 4866 105.
1192 4810 1361 4876 Quam
1394 4810 1571 4864 dulcia
1599 4809 1838 4878 faucibus
1867 4810 1996 4865 meis
2023 4809 2136 4867 ela-

572 4909 700 4974 quia
724 4915 841 4971 tua,
866 4920 1024 4971 super
1042 4905 1144 4958 mel
1180 4906 1258 4958 ori
1284 4920 1417 4967 meo,
1447 4913 1551 4957 ete.
1585 4902 1733 4958 Mens
1755 4917 1875 4972 qua:
1905 4902 2137 4958 delecta-

575 5010 665 5054 tur
693 5007 747 5053 et
776 4997 1065 5052 innutritur
1093 4997 1339 5060 scicntia,
1371 5010 1432 5049 os
1465 5006 1706 5049 vocatur.

638 5089 804 5145 Vnus.
855 5088 980 5141 N4.
1035 5089 1078 5140 Α
1117 5088 1379 5141 mandatis
1404 5087 1510 5140 tuis
1543 5086 1813 5141 intellexi:
1862 5094 2132 5154 propterea

574 5181 719 5238 θείίυί
746 5194 949 5235 omnem
978 5179 1119 5232 viam
1150 5178 1465 5248 iniquitatis,
1497 5187 1604 5232 etc.
1643 5176 1701 5232 lu
1728 5175 1996 5230 mandatis
2029 5174 2134 5230 tuis

575 5273 707 5328 mihi
747 5285 868 5342 quae
912 5270 1120 5341 agenda
1150 5278 1277 5326 sunt
1308 5269 1671 5325 dividentibus
1715 5265 2024 5338 intelligens
2048 5265 2134 5321 fa-

572 5374 694 5417 ctus
724 5378 863 5428 sum,
897 5371 953 5417 et
984 5377 1088 5417 non
1116 5362 1290 5418 solum
1320 5360 1388 5416 ab
1417 5360 1564 5417 omni
1592 5361 1681 5417 via
1709 5358 2009 5430 iniquitatis
2036 5359 2131 5415 ab-

571 5465 715 5518 sum,
741 5454 835 5507 sed
863 5462 919 5507 et
949 5452 1093 5508 illam
1122 5453 1288 5509 odivi.

635 5544 681 5582 δι
727 5543 915 5598 Matth.
946 5545 1115 5612 v,44.
1192 5546 1236 5578 “
1267 5545 1423 5601 Rom.
1475 5560 1529 5613 κ,
1569 5544 1622 5599 2.
1697 5545 1742 5578 ιδ
1772 5544 1922 5601 Vers.
1969 5545 2055 5600 21.

2237 4364 2317 4416 ὃτι
2353 4364 2626 4436 ἄνθρωποί
2654 4367 2806 4419 είσιν.
2844 4384 2863 4418 ›
2900 4366 3139 4437 Μωῦσῆς
3174 4366 3269 4437 μὲν
3296 4362 3394 4432 γὰρ
3426 4348 3692 4437 ὲνομθθέτηῗε

2238 4454 2305 4508 τὰ
2358 4433 2469 4508 τοῦ⁷
2496 4455 2821 4527 γράμματος
2870 4458 2982 4520 τοίς
3024 4433 3106 4528 μὴ.
3133 4433 3422 4525 δυναμένοις
3446 4443 3600 4536 χφξξῖν
3623 4433 3688 4536 τῂν

2235 4544 2525 4616 ἐπιδημίαν
2552 4545 2650 4615 τῆς
2663 4547 2873 4617 Καινῆς
2906 4545 3201 4619 Διαθήκης·
3247 4539 3431 4615 Ἰησοῦς
3452 4535 3500 4589 δὲ
3525 4532 3688 4619 Χριπθῗ

2236 4610 2579 4709 ἐπιδῆμήσας
2610 4610 2991 4709 ’ἐνομοθετησέ
3042 4610 3240 4709 μοι-τὸ
3279 4610 3583 4700 έύαγγέλιον,
3624 4610 3684 4666 καὶ

2236 4728 2604 4800 πνευματικόν
2633 4746 2722 4799 μοι
2753 4729 2841 4783 τὸν
2868 4729 3145 4793 Μωῦσέως
3167 4727 3323 4795 ἔδειξε
3351 4723 3504 4793 νόμον-

2319 4820 2413 4887 Ὠς
2452 4821 2677 4891 γλυκέα
2733 4820 2813 4887 τῷ
2860 4820 3116 4891 λάρυττιι
3155 4839 3269 4893 μου
3300 4817 3365 4871 τὰ
3393 4804 3538 4877 λόγιά
3564 4812 3677 4893 σου,

2234 4911 2387 4980 ὑπὲρ
2414 4912 2552 4982 μέλι
2589 4911 2670 4977 τῷ
2697 4913 2948 4982 στόματι
2981 4929 3134 4980 μου,
3162 4892 3229 4966 ίκ.
3265 4927 3313 4963 τ.
3352 4907 3392 4959 ι.
3429 4902 3479 4955 Ὃ
3499 4892 3679 4967 ἡδόμενος

2235 5006 2329 5058 καὶ
2352 5006 2675 5075 τρεφόμενος
2694 5006 2784 5059 ἐπὶ
2807 5008 2871 5077 τῇ
2899 5004 3090 5073 γνώσει
3112 5004 3233 5069 νοῦς
3255 4996 3527 5070 θωμάζεται

2319 5073 2602 5150 Ἀπὸντῶν
2630 5073 2893 5151 ἐντολῶν·
2921 5112 3038 5151 σου
3061 5097 3312 5167 συνῆκα·
3332 5090 3419 5146 διὰ
3436 5082 3574 5140 τοῦτο
3590 5073 3674 5167 ⁸

2236 5199 2402 5254 σησα
2427 5185 2634 5241 πᾶσαν
2661 5186 2805 5243 ὀδόν
2831 5188 3067 5255 ἀδικίας
3083 5228 3099 5253 ,
3139 5159 3280 5244 κίτ.
3303 5185 3345 5238 ἐ.
3383 5181 3456 5234 Ἑν
3475 5171 3567 5233 ταῖς
3584 5159 3670 5218 ’σαί

2240 5278 2455 5341 συνετὸς
2482 5278 2767 5348 γενόμενος
2798 5278 3035 5344 ἐντολαῖς
3062 5278 3371 5353 διαιρούσαις
3408 5282 3481 5355 μοί
3575 5262 3671 5355 ’

2236 5368 2393 5422 κτέα’
2418 5369 2513 5423 καὶ
2543 5347 2648 5440 μὴν
2670 5370 2734 5423 οὐ
2772 5370 2928 5441 μόνον
2952 5370 3148 5444 ἄπειμι
3176 5347 3344 5439 eum;
3380 5354 3480 5415 ὁδοῦ
3504 5347 3665 5405 ἀδικίας,

2234 5456 2367 5512 ἀλλὰ
2399 5459 2492 5512 καὶ
2525 5458 2820 5531 μεμίαηκα.
