3928 6158
232 233 383 290 1609

1154 229 1465 288 SELECTA
1500 228 1566 283 IN
1605 227 1940 284 PSALMOS.
1980 259 2050 270 —
2085 226 2279 283 PSAL.
2321 226 2556 284 CXVIII.

3338 234 3474 291 lGlO

318 353 544 420 Ὠμοσα
569 349 666 405 καὶ
694 349 929 419 ἕστησα
947 350 1051 406 τοῦ
1065 350 1447 420 φυλάξασθαι
1468 351 1540 406 τὰ
1556 351 1798 420 κρίματα

1980 346 2139 401 Vens.
2172 345 2294 401 ιοδ.
2323 346 2512 403 Juravi
2538 356 2589 402 et
2612 353 2777 403 statui
2807 352 3072 406 custodire
3082 352 3292 422 judicia
3312 357 3478 426 justi-

231 440 356 510 τῆς
403 442 795 509 δικαιοσύνης
822 456 960 507 σου,
992 459 1047 496 κ.
1072 460 1123 496 τ.
1150 444 1197 496 ἐ.
1225 443 1298 497 Τὸ
1335 442 1665 514 ἀμετάθετον
1712 442 1805 495 τοῦ

231 532 449 587 σκοποῦ
482 534 642 605 ὅρκον
665 532 965 603 ὠνόμασεν.

316 627 429 683 Τοῦ
455 627 662 682 αὐτοῦ.
707 627 771 680 Τί
806 630 955 681 ποιεῖ
986 626 1172 682 ἐνθάδε
1212 628 1274 680 τὸ
1321 625 1583 697 «ὤμοσα»
1642 627 1807 698 ζητη-

223 717 381 773 τέον.
417 738 437 770 ι
471 718 686 772 Διέθετο
734 718 1000 791 διαθήκην
1036 719 1172 791 πρὸς
1208 722 1333 783 τοὺς
1379 719 1663 783 ἐκλεκτοὺς
1711 721 1807 773 αύ-

222 811 355 866 τοῦ.
392 831 411 864 ι
436 813 546 866 Καὶ
569 812 771 884 ταύτην
793 813 892 885 τὴν
923 812 1185 886 διαθήκην
1213 813 1349 885 πρὸς
1374 813 1499 876 τοὺς
1521 813 1805 879 ἐκλεκτοὺς

222 903 405 957 αὐτοῦ
436 903 755 974 διαθεμένου
787 904 881 957 τοῦ
923 903 1057 956 Θεοῦ
1090 907 1119 957 6
1148 902 1417 957 πιστεύων
1455 904 1802 975 παρεδέξατο,

221 996 335 1049 καὶ
366 997 532 1051 οίονεὶ
557 997 742 1068 ὅρκοις
779 997 982 1068 μεταξὺ
1012 995 1106 1049 τοῦ
1137 995 1271 1050 Θεοῦ
1304 998 1597 1069 ἐποιήσατο
1629 1016 1805 1070 παρα-

218 1089 528 1161 δεξάμενος
550 1090 713 1144 αὐτοῦ
734 1091 832 1164 τὴν
871 1089 1153 1162 διαθήκην,
1180 1090 1321 1144 ὥστε
1350 1091 1543 1162 στῆσαι
1583 1092 1676 1147 καὶ¹
1704 1110 1804 1161 φυ-

220 1180 498 1247 λάξασθαι
520 1182 590 1235 τὰ
611 1183 852 1255 κρίματα
878 1182 975 1253 τῆς
1000 1182 1344 1254 δικαιοσύνης
1370 1184 1553 1238 αὐτοῦ.
1586 1187 1802 1257 ’Ἰστημι

217 1272 309 1336 δὲ,
350 1274 534 1344 φησὶν,
568 1275 708 1329 αὐτὰ
736 1279 801 1346 τῇ
832 1277 937 1347 ἐμῇ
968 1275 1132 1348 ψυχῇ·
1163 1278 1256 1331 καὶ
1277 1280 1405 1332 ὅταν
1433 1279 1573 1332 αὐτὰ
1601 1281 1801 1351 στήσω,

218 1368 444 1432 γίνεται
477 1367 654 1419 ὲκεῖνο
700 1363 760 1420 τὸ
788 1365 1073 1438 εἰρημένον
1107 1368 1257 1442 παρὰ
1286 1369 1364 1439 τῷ
1395 1369 1696 1440 Σολομῶντι
1744 1371 1803 1424 ἐν

219 1458 597 1531 Παροιμίαιςη
637 1477 655 1510 ι
690 1460 954 1531 Λογισμοὶ
988 1460 1208 1516 δικαίων
1231 1462 1492 1533 κρίματα.
1533 1484 1552 1515 ι
1592 1463 1804 1517 Ἐκεῖνα

225 1571 247 1603 ι
284 1552 363 1606 τὰ
390 1554 632 1623 κρίματα
668 1573 687 1605 ι
718 1556 832 1607 ὲστι
876 1572 895 1605 ι
921 1554 1019 1626 τῆς
1049 1554 1391 1627 δικαιοσύνης
1427 1575 1446 1608 ι
1500 1556 1598 1610 τοῦ
1643 1556 1798 1610 Θεοῦ·

1907 437 1997 490 tia:
2035 445 2163 502 tua',
2191 446 2298 493 etc.
2324 435 2549 493 Consilii
2589 438 3083 496 immutabilitatem
3102 442 3472 512 juramentum

1907 526 2215 597 appellavit.

1976 621 2250 690 Ejusdem.
2275 622 2413 690 Quid
2438 623 2541 679 sibi
2564 625 2667 679 hoc
2699 625 2816 682 loco
2836 627 2986 695 velit,
3018 648 3038 682 ι
3056 629 3253 700 iuravi.
3279 653 3298 686 ι
3326 650 3474 703 qua:-

1908 716 2133 769 rendum
2153 723 2253 769 est.
2277 733 2297 767 ι
2321 715 2593 785 Disposuit
2610 725 2990 776 testamentum
3010 722 3196 779 electis
3223 728 3334 782 suis
3355 727 3419 782 “.
3446 750 3466 782 ι

1904 803 2079 874 Atque
2126 805 2232 859 hoc
2263 814 2665 875 testamentum,
2694 807 2806 865 Deo
2838 809 2968 868 illud
3000 812 3187 870 electis
3213 818 3325 873 suis
3356 820 3469 874 dis-

1906 906 2155 965 ponente,
2183 896 2357 955 ﬁdelis
2375 898 2633 968 suscepit,
2662 908 2826 970 atque
2846 901 3173 969 iuramentis
3212 911 3469 977 quodam-

1906 990 2065 1044 modo
2084 1004 2143 1044 se
2170 989 2279 1044 Deo
2296 992 2589 1048 obstrinxit
2611 996 2911 1064 suscipiens
2933 1008 3309 1056 testamentum
3330 1002 3469 1073 ejus,

1906 1089 1965 1132 ut
1993 1088 2258 1135 statueret
2280 1089 2336 1136 et
2359 1083 2658 1138 custodiret
2670 1084 2877 1154 judicia
2897 1086 3124 1157 justitite
3157 1092 3317 1148 illius.
3341 1094 3465 1150 Sta-

1906 1181 2018 1234 tuo,
2051 1171 2247 1241 inquit,
2276 1171 2367 1226 illa
2393 1174 2589 1230 anima:
2617 1192 2750 1231 mea:
2774 1194 2789 1232 :
2826 1192 2882 1236 et
2913 1194 3038 1236 cum
3068 1181 3159 1238 illa
3187 1192 3428 1242 statuero
3448 1229 3464 1251 ,

1906 1260 1963 1314 (it
2005 1259 2134 1316 illud
2167 1262 2311 1330 quod
2359 1264 2499 1332 apud
2533 1263 2879 1324 Salomonem
2921 1270 2977 1325 in
3028 1270 3339 1331 Proverbiis
3379 1278 3467 1331 di-

1903 1364 2052 1406 ctum
2086 1362 2172 1407 est
2196 1353 2241 1384 “
2267 1371 2281 1408 :
2318 1371 2338 1405 ι
2369 1354 2739 1425 Cogitationes
2761 1360 3031 1429 justorum
3055 1364 3281 1432 judicia.
3312 1386 3331 1418 ο
3369 1366 3463 1424 Illa

1908 1444 2151 1514 «judicia
2172 1464 2192 1498 ι
2233 1456 2359 1504 sunt
2402 1467 2422 1500 ι
2444 1450 2667 1519 justitia:
2696 1471 2714 1503 ι
2754 1452 2886 1509 Dei:
2924 1464 3053 1510 tunc
3081 1468 3260 1514 autem
3290 1460 3424 1516 fiunt
3444 1505 3460 1528 ,

1902 1536 2117 1603 quando
2152 1536 2330 1602 juravi
2377 1547 2432 1595 et
2477 1540 2639 1594 statui
2675 1539 2764 1595 illa
2814 1542 2866 1597 iu
2914 1546 3252 1617 metnetipso.
3294 1547 3467 1605 Porro

217 1641 357 1694 τότε
404 1642 461 1695 δὲ
491 1642 779 1712 γενόμενα,
814 1643 904 1696 ὅτε
934 1640 1124 1714 ὤμοσα
1176 1644 1271 1697 καὶ
1318 1643 1519 1714 ἑστησα
1572 1643 1709 1697 αὐτὰ
1742 1645 1798 1698 ἐν

1908 1646 1927 1678 ι
1960 1635 2198 1683 statuere
2226 1648 2245 1681 ι
2282 1631 2382 1685 hoc
2413 1630 2534 1686 loco
2564 1632 2835 1701 signiﬁcat
2868 1634 3093 1691 ﬁrmiter
3138 1642 3461 1707 decernere;

219 1733 475 1805 ἐμαυτῷ.
507 1734 580 1788 Τὸ
608 1735 667 1788 δὲ
693 1755 712 1787 ι
737 1735 968 1806 στῆσαι»
1006 1734 1240 1789 ἐνταῦθα
1274 1735 1335 1788 τὸ
1364 1734 1594 1806 βεϐαίως
1623 1735 1801 1805 ὁρίσαι

215 1824 411 1896 δηλοῖ·
476 1826 569 1879 καὶ
612 1824 675 1878 τὸ
718 1845 735 1877 ι
761 1825 996 1896 ὀμόσαι»
1042 1825 1291 1879 τουτέστι
1339 1825 1400 1878 τὸ
1451 1824 1803 1895 ἀμεταθέτως

217 1917 391 1971 τοῦτο
421 1917 734 1989 προθέσθαι,
758 1918 853 1972 καὶ
879 1918 1229 1991 ἀπαράϐατον
1253 1917 1538 1987 φυλάττειν
1559 1916 1620 1972 τδ
1643 1918 1802 1990 ἔργον

215 2008 321 2063 τοῦ
352 2009 516 2079 ὅρκου
550 2008 686 2079 μετὰ
713 2007 1051 2080 βεϐαιώσεως
1079 2009 1416 2081 προελέσθαι.

301 2099 386 2153 Τὰ
429 2099 679 2155 ἑκούσια
714 2101 821 2155 τοῦ
857 2102 1155 2170 στόματός
1181 2119 1301 2171 μου
1333 2101 1673 2171 εὐδόκησον
1699 2101 1799 2170 δὴ,

217 2194 431 2262 Κύριε,
473 2194 570 2248 καὶ
603 2193 676 2247 τὰ
717 2193 970 2264 κρίματὰ
1005 2211 1123 2249 σου
1168 2194 1417 2260 διδαξόν-
1446 2212 1543 2265 με,
1589 2212 1642 2249 κ.
1671 2213 1723 2249 τ.
1751 2197 1799 2249 ὲ.

216 2286 368 2359 Περὶ
400 2280 476 2341 ὧν
529 2287 590 2340 οὐ
635 2286 995 2359 διετάχθημεν
1044 2291 1257 2352 ποιεῖν,
1307 2287 1443 2341 ἀλλὰ
1488 2286 1802 2359 προαιρέσει

216 2376 517 2447 ποιοῦμεν,
547 2377 720 2432 ταῦτά
748 2394 908 2447 φησιν
942 2377 1160 2430 ἑκούσια
1200 2375 1296 2429 τοῦ
1333 2374 1599 2446 στόματος
1622 2374 1797 2446 ήμῶνσ

216 2464 360 2533 οἷον,
396 2472 446 2522 εἰ
474 2468 765 2542 παρθενίαν
795 2470 1039 2540 ἀσκήσω,
1068 2469 1134 2541 ἢν
1162 2470 1223 2522 οὐ
1275 2465 1652 2539 προσετάχθην
1681 2466 1802 2521 οὐδὲ

215 2559 558 2632 ὲκελεύσθην
582 2601 597 2625 ,
631 2561 747 2614 ἀλλ’
787 2561 1051 2624 ἑκουσίως
1084 2558 1240 2613 τοῦτο
1283 2560 1504 2631 ποιῇσαι
1550 2561 1803 2629 κρεῖσσον

216 2654 514 2727 αἱροῦμαι.
537 2653 707 2708 Τοῦτο
736 2648 829 2709 οὖν
863 2653 1173 2723 εὐδόκησον,
1202 2653 1397 2724 Κύριε.
1430 2650 1543 2705 Καὶ
1574 2652 1667 2704 ἐπὶ
1704 2649 1801 2704 ἄλο

217 2748 332 2803 λων
361 2748 425 2801 δὲ
449 2747 648 2820 ὁμοίως
694 2745 802 2801 τῶν
848 2744 989 2800 κατὰ
1017 2745 1108 2798 τδν
1138 2744 1252 2815 βίον
1278 2744 1437 2816 ἡμῶν
1461 2742 1683 2797 τοιαῦτα
1712 2742 1797 2798 εύ·

223 2839 498 2911 ρησομεν,
532 2830 606 2891 ὧν
632 2837 752 2890 τινὰ
786 2837 884 2908 μὲν
922 2836 1182 2907 ποιοῦμεν
1229 2833 1305 2900 ὡς
1341 2833 1800 2906 προστεταγμένοι

218 2930 427 2994 δοῦλοι,
450 2926 571 2982 τινὰ
602 2929 659 2983 δὲ
694 2927 1001 3001 πράττομεν
1029 2928 1307 2991 ἑκουσίως.

310 3024 379 3078 Ἡ
399 3020 569 3091 ψυχή
595 3038 712 3091 μου
743 3021 814 3074 ἐν
840 3020 970 3087 ταῖς
992 3021 1167 3090 χερσί
1186 3038 1302 3077 σου
1316 3020 1659 3088 διαπαντὸς,
1695 3020 1795 3075 καί
1822 3038 1865 3097 ο

218 3114 331 3169 τοῦ
371 3116 563 3183 νόμου
590 3130 704 3169 σου
728 3115 838 3167 οὐκ
871 3114 1264 3183 ἐπελαθόμην,
1295 3131 1349 3169 κ.
1380 3131 1432 3171 τ.
1463 3115 1510 3168 ὲ.
1536 3115 1798 3186 Ζητήσεις

220 3205 344 3269 πῶς
376 3207 411 3276 ή
438 3203 583 3275 ψυχὴ
614 3203 708 3257 τοῦ
741 3203 900 3257 Δαυτδ
941 3206 999 3257 ὲν
1039 3209 1158 3270 ταῖς
1200 3206 1356 3278 χερσὶ
1390 3206 1484 3260 τοῦ
1515 3204 1650 3259 Θεοῦ
1681 3205 1798 3260 δια-

221 3297 432 3360 παντός
453 3313 468 3326 ’
502 3297 728 3369 πότερον
758 3297 832 3361 ὼς
862 3298 919 3350 ὲν
943 3284 1286 3372 δικαιοσύνῃ,
1316 3297 1352 3369 ἢ
1382 3297 1459 3362 ὡς
1493 3299 1551 3352 ἐν
1579 3296 1794 3367 γνώσει.

220 3388 336 3441 Καὶ
369 3387 513 3458 τάχα
555 3387 616 3439 τὸ
657 3388 923 3460 πρότερον
947 3403 960 3416 ·
996 3388 1240 3457 ἀγγέλων
1267 3388 1366 3459 μὲν
1409 3389 1518 3461 γάρ
1573 3390 1687 3442 ἐστι
1737 3390 1799 3443 τὸ

217 3478 517 3542 διαπαντὸς
566 3478 782 3550 βλέπειν
818 3479 879 3533 τὸ
924 3479 1210 3551 πρόσωπον
1237 3479 1330 3533 τοῦ
1361 3478 1516 3544 Θεοῦ,
1550 3481 1796 3536 τουτέστι

217 3573 322 3645 τὴν
356 3572 592 3644 θεωρίαν
633 3574 829 3638 αὑτοῦ,
886 3572 1189 3646 ἀνθρώπων
1220 3573 1277 3628 δὲ
1311 3575 1374 3629 τὸ
1401 3574 1655 3629 δύνασθαι
1684 3574 1799 3628 δια-

222 3664 428 3727 παντὸς
458 3663 866 3737 δικαιοπραγεῖν
909 3666 1029 3718 κατ’
1066 3666 1365 3738 ἐνέργειανο
1400 3668 1537 3739 ὅπερ
1589 3667 1706 3721 ἐστὶ
1737 3666 1798 3721 τὸ

220 3751 365 3811 εἶναι
396 3758 457 3810 ὲν
504 3760 624 3821 ταῖς
661 3758 816 3828 χερσὶ
857 3758 951 3811 τοῦ
984 3757 1139 3812 Θεοῦο
1174 3761 1209 3830 ἡ
1242 3758 1351 3830 γὰρ
1384 3758 1525 3814 κατὰ
1560 3760 1797 3814 διάνοιαν

219 3847 611 3920 δικαιοπραγία
647 3848 792 3920 μόνῳ
823 3850 1030 3921 προσῆν
1062 3850 1142 3921 τῷ
1178 3851 1417 3923 Χριστῷ,
1447 3851 1506 3915 ὃς
1529 3853 1797 3923 ἁμαρτίαν

220 3941 322 3993 οὐκ
351 3939 599 4011 ἐποίησε,
621 3938 857 4009 δηλονότι
879 3940 999 3992 κατ’
1027 3940 1327 4013 ἐνέργειαν,
1353 3942 1448 3996 καὶ
1472 3941 1568 4012 οὐχ
1599 3940 1794 4013 εύρέθη

219 4029 373 4093 δόλος
404 4032 464 4084 ὲν
499 4028 578 4099 τῷ
614 4030 839 4100 στόματι
889 4029 1052 4084 αὑτοῦ
1076 4047 1090 4061 ·
1133 4032 1333 4101 σαφὲς,
1382 4031 1464 4084 δτι
1507 4030 1648 4085 κατὰ
1683 4031 1798 4084 διά-

221 4139 395 4187 νοιαν,
433 4122 526 4190 ἀφ’
567 4111 637 4191 ἧς
664 4121 1017 4194 προέρχονται
1048 4122 1116 4176 τὰ
1147 4122 1377 4195 περιττὰ
1414 4124 1515 4194 τῆς
1547 4124 1792 4195 καρδίας.

223 4211 336 4284 Τὴν
366 4212 549 4282 ψυχήν
587 4229 686 4283 μου
722 4212 806 4265 σοὶ
838 4211 1125 4283 ἐγχειρίζω
1177 4212 1438 4278 πάντοτε,
1470 4213 1530 4267 σὲ
1562 4214 1795 4288 φρουρὸν

222 4304 490 4375 ποιοῦμαι
525 4305 617 4358 καὶ
649 4304 1060 4377 ὑπερασπιστὴν
1106 4305 1201 4358 καὶ
1229 4304 1566 4377 κυϐερνήτην
1598 4308 1790 4378 αὐτῆς

223 4397 320 4449 καὶ
341 4395 433 4450 διὰ
462 4393 619 4466 τοῦτο
643 4392 737 4448 τοῦ
761 4394 925 4465 νόμου
960 4410 1054 4447 σου
1083 4396 1183 4447 οὐκ
1203 4394 1568 4467 ἐπελαθόμην,
1597 4396 1682 4450 ἵνα
1715 4396 1789 4470 μὴ
1824 4379 1868 4432 Ῑ)

221 4487 506 4541 ἁποπέσω.
543 4485 658 4549 Πᾶς
693 4486 724 4538 6
756 4484 986 4561 ἀναθεὶς.
1000 4486 1189 4540 ἑαυτὸν
1216 4487 1294 4557 τῷ
1325 4487 1462 4558 Θεῷ,
1491 4487 1588 4560 τὴν
1613 4487 1791 4560 ψυχὴν

222 4578 390 4632 αὐτοῦ
426 4577 781 4648 παρατίθεται
818 4579 898 4641 είς
939 4577 1036 4641 τὰς
1066 4581 1251 4651 χεῖρας
1273 4579 1456 4645 αὐτοῦ,
1486 4579 1668 4645 καθὼς
1697 4582 1791 4634 καὶ

221 4669 461 4742 ἀλλαχοῦ
514 4667 690 4724 εἶπεν
746 4688 765 4720 ι
805 4670 926 4724 Ὅτι
958 4671 1023 4725 σὺ
1066 4668 1117 4724 εἴ
1145 4673 1174 4725 6
1206 4671 1619 4743 ὑπερασπιστὴς
1664 4690 1787 4743 μου,

224 4761 420 4834 Κύριε,
455 4764 534 4826 εἰς
564 4762 750 4833 χεῖράς
782 4778 876 4816 σου
909 4762 1293 4834 παραθήσομαι
1310 4762 1371 4816 τὸ
1391 4763 1609 4835 πνεῦμά
1632 4782 1784 4835 μου.)

225 4857 287 4909 Εἰ
316 4857 375 4910 δὲ
413 4856 624 4928 μερίζει
668 4855 855 4909 ἑαυτὸν
884 4856 963 4919 εἰς
991 4855 1183 4926 ἡδονὰς
1208 4857 1301 4909 καὶ
1331 4856 1474 4928 πάθη
1507 4856 1792 4928 σωματικὰ

228 4949 321 5002 καὶ
352 4946 638 5019 φροντίδας
674 4946 962 5017 βιωτικὰς,
997 4947 1057 5000 οὑ
1092 4948 1445 5019 παρατίθεται
1477 4948 1574 5020 τὴν
1614 4949 1790 5021 ψυχὴν

225 5040 392 5093 αὐτοῦ
422 5041 502 5102 είς
537 5041 722 5110 χεῖρας
755 5039 912 5093 Θεοῦ.
1276 5098 1279 5099 ν

302 5128 416 5184 Τοῦ
451 5128 656 5182 αὑτοῦ.
705 5128 761 5181 '0
804 5128 861 5181 δὲ
898 5127 1125 5192 Ἀκύλας
1153 5129 1313 5183 οὕτω·
1350 5147 1370 5181 ι
1408 5129 1567 5200 Ψυχή
1600 5146 1699 5200 μου
1730 5131 1789 5183 ὲν

225 5221 412 5293 ταρσῷ
437 5239 536 5293 μου
561 5219 849 5291 ἐνδελεχῶς
868 5221 959 5273 καὶ
976 5220 1257 5291 διηνεκῶς,
1283 5221 1376 5274 καὶ
1397 5223 1560 5293 νόμου
1580 5238 1672 5275 σου
1688 5222 1790 5274 οὐκ

229 5312 589 5384 ἐπελαθόμην
629 5332 647 5364 ι
673 5314 701 5366 ὁ
736 5313 792 5367 δὲ
837 5312 1146 5384 Σύμμαχος·
1186 5332 1204 5363 ι
1255 5313 1319 5366 Ἡ
1348 5313 1490 5384 ψυχή
1525 5330 1622 5382 μου
1653 5311 1788 5383 μετὰ

228 5404 416 5473 χεῖράς
453 5422 552 5473 μου
602 5403 907 5468 διαπαντός
951 5424 971 5456 ι
1004 5406 1037 5474 η
1068 5404 1123 5456 δὲ
1149 5403 1373 5476 πέμπτη
1418 5404 1617 5475 ὁμοίως
1676 5405 1787 5467 τοῖς

240 5496 664 5566 Ἑϐδομήκοντα.

1834 1696 1876 1751 Β
1902 1727 1958 1772 et
2005 1738 2024 1769 ι
2051 1717 2237 1789 iurare
2265 1740 2285 1774 ι
2329 1722 2466 1777 idem
2505 1735 2590 1779 est
2615 1696 2692 1781 ac
2727 1726 3138 1784 immutabiliter
3184 1731 3310 1785 illud
3341 1696 3470 1802 pro;

1901 1824 2120 1878 ponere,
2136 1822 2191 1866 et
2211 1813 2710 1887 opusjurisjuraudi
2731 1834 2854 1874 cum
2873 1820 3284 1878 conﬁrmatione
3301 1824 3469 1882 invio-

1899 1903 2069 1961 latum
2100 1921 2320 1965 servare
2353 1910 2512 1965 velle.

1958 2087 2136 2165 .VEBS.
2180 2090 2304 2145 108.
2361 2088 2677 2146 Voluntaria
2712 2094 2819 2147 oris
2865 2096 2967 2149 mei
3011 2096 3326 2165 beneplacita
3355 2100 3463 2168 fac,

1899 2182 2121 2239 Domine
2145 2225 2162 2250 ,
2195 2194 2240 2237 et
2266 2184 2474 2253 judicia
2511 2192 2601 2236 tua
2629 2185 2756 2239 doce
2787 2202 2867 2239 me
2886 2224 2903 2250 ,
2934 2198 3041 2244 etc.
3071 2188 3204 2255 Quae
3230 2208 3337 2246 nou
3369 2208 3466 2249 su-

1902 2292 2020 2331 mus
2042 2276 2180 2344 jttssi
2213 2276 2419 2339 facere,
2451 2276 2542 2330 sed
2573 2276 2740 2330 libera
2773 2277 3051 2334 voluntate
3078 2281 3309 2338 facimus
3332 2323 3349 2348 ,
3395 2299 3459 2339 ea

1899 2364 2133 2434 appellat
2165 2364 2467 2419 voluntaria
2500 2366 2612 2418 oris
2645 2366 2850 2420 nostri:
2880 2367 3023 2421 verbi
3049 2371 3244 2439 gratia,
3275 2373 3321 2428 si
3352 2376 3463 2428 vir-

1900 2456 2180 2526 ginitatem
2211 2456 2433 2512 coluero
2457 2495 2475 2520 ,
2516 2471 2636 2526 qua:
2668 2459 2799 2513 mihi
2852 2473 3029 2528 neque
3067 2475 3329 2535 prazcepta
3365 2482 3462 2521 ue-

1899 2565 2007 2617 que
2049 2549 2199 2619 jussu
2232 2558 2308 2604 cst
2332 2589 2353 2615 ,
2387 2551 2482 2605 sed
2513 2562 2704 2619 sponte
2731 2553 2831 2607 hoc
2868 2555 3050 2612 facere
3078 2558 3271 2616 melius
3298 2559 3463 2630 eligo.

1901 2638 2015 2694 lloc
2056 2640 2221 2709 igitur
2251 2640 2645 2709 beueplacitum
2696 2643 2783 2700 fac
2813 2682 2831 2709 .
2867 2644 3112 2703 Domine.
3143 2648 3239 2705 Sic
3268 2661 3326 2706 et
3355 2651 3466 2709 alia

1899 2732 2212 2788 istiusmodi
2255 2735 2308 2788 in
2341 2734 2453 2789 vita
2480 2746 2664 2790 nostra
2701 2739 3055 2808 reperiemus,
3084 2756 3313 2812 quorum
3356 2744 3462 2800 aii-

1899 2839 2003 2892 qua
2033 2824 2251 2892 quidem
2282 2825 2421 2894 jussi
2459 2826 2608 2882 velut
2635 2830 2779 2884 servi
2818 2829 3048 2888 facimus
3071 2871 3089 2899 ,
3118 2832 3299 2906 aliqua
3331 2851 3458 2893 vero

1900 2914 2132 2971 facimus
2181 2916 2371 2972 libere.

1970 3004 2132 3063 Vsus.
2161 3007 2285 3066 109.
2315 3010 2507 3065 Anima
2532 3028 2649 3066 mea
2676 3013 2732 3066 in
2760 3014 3003 3069 manibus
3033 3017 3140 3072 tuis
3161 3035 3380 3091 semper,
3408 3030 3462 3078 et

1899 3099 2060 3171 legem
2099 3112 2244 3155 tuam
2280 3118 2384 3157 non
2408 3120 2523 3157 sum
2552 3105 2766 3171 oblitus,
2797 3117 2906 3163 etc.
2939 3107 3162 3175 Quaeres
3190 3117 3459 3183 quomodo

1900 3193 2081 3251 anima
2116 3193 2334 3248 Davidis
2373 3195 2425 3248 in
2467 3197 2717 3252 manibus
2745 3198 2842 3255 Dei
2875 3198 3042 3256 fuerit
3081 3217 3340 3275 semper:
3388 3221 3457 3262 an

1902 3292 2154 3354 tauquam
2188 3287 2239 3338 in
2264 3286 2475 3354 jnstitia
2499 3326 2517 3350 ,
2550 3287 2635 3342 vel
2662 3296 2918 3356 tanquam
2953 3292 3006 3348 in
3031 3296 3360 3366 cognitione.
3392 3297 3461 3353 Et

1899 3376 2038 3430 forte
2065 3376 2231 3444 priori
2266 3378 2425 3433 modo
2450 3398 2463 3433 :
2511 3392 2638 3430 nam
2673 3382 2990 3449 angelorum
3021 3394 3112 3441 est
3135 3400 3351 3459 semper
3375 3389 3456 3444 vi-

1898 3466 2027 3522 dere
2046 3466 2241 3523 faciem
2272 3468 2389 3534 Dei,
2420 3469 2523 3524 lioc
2549 3479 2634 3525 cst
2661 3471 2862 3529 habere
2890 3474 3034 3531 illius
3054 3480 3461 3548 contemplatio-

1899 3574 2058 3621 umn;
2108 3560 2383 3614 hominum
2430 3574 2559 3615 vero
2615 3577 2775 3632 posse
2820 3578 3035 3636 semper
3069 3570 3213 3637 quod
3250 3569 3456 3639 justum

1896 3660 1982 3704 est
2023 3650 2313 3708 ellicaciter
2343 3654 2573 3721 ,operari
2606 3671 2621 3708 :
2657 3656 2799 3725 quod
2840 3666 2928 3711 est
2963 3656 3017 3711 in
3065 3660 3314 3716 manibus
3362 3660 3455 3716 Dei

1895 3756 2053 3797 esse:
2105 3759 2232 3798 nam
2262 3756 2442 3799 mente
2477 3756 2625 3801 recte
2669 3762 2833 3816 agere
2880 3747 3051 3805 solius
3074 3760 3194 3804 erat
3231 3751 3455 3820 Christi,

1897 3836 1986 3909 qui
2015 3845 2294 3903 peccatum
2324 3850 2429 3890 non
2453 3836 2603 3901 fecit,
2634 3836 2885 3894 videlicet
2912 3849 3059 3907 actu,
3086 3857 3187 3898 nec
3207 3842 3459 3901 inventus

1894 3937 1977 3981 est
2004 3926 2158 3982 dolus
2188 3928 2241 3982 in
2270 3942 2367 3982 ore
2390 3929 2508 3999 ejus
2533 3929 2601 3995 ‘7,
2629 3930 2883 3987 nimirum
2911 3943 3112 4002 mente,
3138 3949 3169 3989 a
3192 3950 3299 4006 qua
3333 3953 3459 4008 pro-

1895 4020 2094 4074 cedunt
2125 4023 2390 4091 superﬂua
2435 4024 2636 4080 cordis.
2683 4024 2937 4080 Animam
2966 4040 3139 4082 meam
3172 4029 3272 4085 tibi
3307 4044 3456 4085 eom~

1894 4112 2051 4166 mitto
2094 4127 2333 4181 semper,
2370 4125 2424 4168 te
2450 4117 2748 4182 custodem,
2777 4126 3139 4185 protectorem
3165 4133 3233 4176 ac
3258 4119 3430 4190 ευθει-

1897 4215 2141 4261 uatorem
2166 4208 2335 4279 809
2358 4208 2501 4265 illius
2523 4208 2685 4275 facio,
2711 4219 2768 4266 et
2790 4222 3073 4282 propterea
3100 4213 3274 4283 legem
3303 4224 3453 4268 tuam

1895 4312 1999 4351 non
2024 4314 2141 4352 sum
2167 4300 2388 4367 oblitus,
2415 4316 2484 4357 ne
2509 4301 2717 4357 cadam.
2742 4300 2933 4359 Omnis
2959 4302 3050 4372 qui
3072 4305 3307 4375 seipsum
3342 4303 3455 4360 Deo

1896 4387 2116 4451 addicit,
2137 4388 2370 4444 animam
2385 4401 2539 4445 Suam
2566 4393 2620 4447 in
2648 4394 2896 4450 manibus
2918 4393 3036 4464 ejus
3053 4395 3241 4461 tradit,
3267 4411 3455 4466 quem-

1897 4476 2181 4532 admodum
2239 4489 2293 4534 et
2350 4480 2478 4536 alibi
2505 4481 2551 4515 ⁸⁸
2577 4484 2707 4539 dicit
2741 4499 2757 4538 :
2791 4503 2810 4536 ι
2843 4485 3106 4552 Quoniam
3144 4498 3199 4543 tu
3234 4502 3295 4544 es
3323 4504 3454 4559 pro-

1881 4576 2071 4624 .tectnr
2111 4586 2302 4638 meus,
2342 4573 2602 4642 Domine,
2639 4575 2694 4630 iu
2745 4592 2939 4634 manus
2986 4590 3108 4634 tuas
3135 4582 3455 4637 commendo

1895 4660 2143 4728 spiritum
2171 4677 2371 4718 meum.
2405 4683 2426 4717 ι
2467 4665 2523 4719 Si
2560 4675 2737 4722 autem
2770 4670 3009 4739 seipsum
3054 4672 3250 4741 partim
3291 4672 3455 4731 tradit

1895 4753 2265 4822 voluptatibus
2312 4766 2371 4813 et
2421 4756 2705 4816 alfectibus
2758 4762 3033 4833 corporeis
3076 4773 3241 4834 atque
3289 4764 3453 4837 bujus

1896 4847 2018 4901 vitae
2045 4848 2214 4915 curis,
2245 4865 2349 4905 non
2375 4855 2722 4911 commendat
2741 4855 2976 4911 animam
3001 4871 3152 4913 suam
3177 4858 3234 4912 in
3260 4873 3452 4914 manus

1897 4940 2011 4996 Dei.

1953 5120 2221 5195 Ejusdem.
2250 5128 2440 5198 Aquila
2465 5129 2544 5186 sic
2570 5132 2732 5186 vertit
2760 5148 2778 5188 :
2812 5148 2831 5183 t
2860 5132 3052 5186 Anima
3080 5147 3195 5188 mea
3232 5133 3285 5187 in
3323 5135 3442 5187 vola

1886 5233 2004 5273 mea
2034 5219 2402 5276 indesinenter
2435 5233 2490 5277 et
2518 5236 2795 5293 perpetuo,
2840 5236 2895 5280 et
2931 5225 3100 5296 legem
3150 5238 3293 5281 tuam
3337 5242 3444 5281 non

1883 5327 2001 5365 sum
2033 5311 2251 5368 oblitus.
2278 5332 2297 5365 ι
2324 5314 2678 5383 Symmachus
2715 5334 2729 5370 :
2763 5335 2783 5368 ι
2806 5317 2997 5372 Anima
3027 5333 3141 5372 mea
3177 5325 3299 5386 post
3329 5332 3444 5370 tua-

1884 5417 1986 5456 nus
2019 5418 2168 5458 meas
2223 5418 2471 5472 semper;
2502 5425 2521 5457 ι
2568 5407 2757 5474 quinta
2813 5415 2995 5461 autem
3042 5407 3208 5462 editio
3255 5406 3444 5462 eodem

1884 5495 2043 5548 modo
2077 5510 2142 5550 ac
2183 5496 2537 5574 Septuaginta
2569 5497 2914 5568 interpretes.

301 5674 345 5706 “
373 5673 515 5729 Psal.
544 5689 805 5737 uxxvm,
834 5674 887 5727 ι.
960 5674 1007 5707 ⁵⁸
1037 5674 1197 5729 Prov.
1228 5691 1325 5742 xu,
1357 5675 1409 5730 5.
1487 5676 1529 5708 ιτ
1559 5675 1575 5730 l
1600 5675 1739 5732 Petr.
1776 5691 1798 5729 ις

1904 5674 1955 5729 2.
2035 5674 2081 5708 ⁸⁸
2109 5674 2253 5732 Psal.
2279 5690 2406 5740 nx,
2436 5674 2490 5741 5,
2520 5674 2574 5730 6.

593 5767 859 5831 Panos.
897 5768 1015 5829 Gn.
1062 5767 1203 5831 XII.

3057 5774 3127 5834 5i
