3928 6158
475 185 602 239 1611

547 302 706 355 Vsns.
745 299 866 354 110.
909 299 1201 352 Posuerunt
1235 306 1527 366 peccatores
1551 298 1791 369 laqueum
1820 299 1965 362 mihi,
1991 309 2035 353 et
2067 303 2114 358 Α

473 398 536 444 de
565 391 830 445 mandatis
873 391 974 442 tuis
999 405 1101 442 non
1135 390 1329 452 erravi,
1372 398 1475 444 etc.
1523 389 1840 446 Peccatores
1878 391 2040 461 justis

475 484 733 552 plurimos
767 481 1057 550 variosque
1089 480 1309 549 laqueos
1339 490 1550 546 texunt,
1609 483 1770 538 veluti
1806 483 2042 552 Josepho

476 577 668 629 mulier
699 572 947 645 Egyptian
982 573 1318 643 fratresque;
1360 573 1563 629 Danieli
1605 576 1660 631 hi
1693 577 1785 647 qui
1814 593 1844 630 a
1881 577 2042 631 Dario

475 678 794 737 patestatem
835 676 1198 736 acceperant;
1259 667 1350 720 sed
1410 667 1632 721 minime
1686 683 1716 720 a
1771 668 2042 724 mandatis

481 761 572 814 Dei
622 762 948 816 aberrarunt
981 781 992 816 :
1026 770 1360 831 quapropter
1430 760 1636 830 laqueis
1695 761 2042 820 sublimiores

476 851 708 904 fuerunt.
1310 899 1312 902 ,

544 943 708 1000 Vens.
761 944 882 999 111.
945 941 1267 998 [hereditate
1305 941 1557 1010 acquisiui
1595 941 1897 995 testimonia
1948 948 2039 994 tua

476 1038 532 1089 in
562 1046 836 1098 internum,
890 1035 1015 1106 quia
1067 1035 1348 1089 exsultatio
1383 1035 1557 1086 cordis
1601 1034 1702 1088 mei
1739 1044 1880 1099 sunt,
1931 1043 2036 1088 etc.

477 1125 578 1192 Qui
615 1125 883 1181 mandatis
917 1125 1011 1181 Dei
1048 1125 1409 1187 delectantur,
1455 1131 1508 1178 et
1539 1121 1739 1191 justam
1769 1125 2041 1179 actionem

477 1217 900 1288 amplectuntur,
979 1217 1035 1272 hi
1102 1233 1318 1288 semper
1376 1217 1691 1272 haereditate
1756 1217 2042 1286 acquirunt

481 1310 794 1368 testimonia
829 1312 966 1377 ejus.
1015 1310 1089 1364 Ea
1121 1309 1388 1378 siquidem
1417 1323 1526 1378 pra:
1552 1307 1802 1362 omnibus
1833 1323 1951 1377 quae
1983 1309 2038 1362 in

479 1403 683 1458 mundo
711 1410 839 1456 sunt
866 1402 919 1456 in
951 1410 1152 1457 sortem
1183 1417 1248 1455 ac
1279 1401 1582 1469 portionem
1612 1400 1876 1464 obtinent,
1907 1409 1962 1454 et
1993 1399 2036 1454 si

475 1495 602 1566 quid
632 1503 856 1563 propter
884 1493 970 1550 illa
997 1495 1241 1564 perpessi
1272 1494 1500 1558 fuerint,
1527 1493 1796 1546 laetantur.

546 1583 710 1640 Vens.
745 1585 866 1639 “2.
901 1583 1158 1640 Inclinani
1186 1603 1275 1639 eor
1300 1601 1470 1638 meum
1495 1585 1563 1637 ad
1585 1584 1852 1654 faciendas
1869 1584 2035 1653 justi-

475 1676 748 1744 ﬁcationes
769 1684 885 1728 tua:
912 1675 967 1728 in
992 1685 1242 1728 aeternum
1269 1683 1478 1743 prapter
1500 1674 1910 1738 retributionem,
1933 1683 2036 1728 etc.

479 1768 757 1833 luclinavi,
783 1767 906 1838 quia
942 1767 1180 1823 sciebam
1214 1767 1507 1838 repositam
1549 1765 1678 1819 mihi
1713 1781 1833 1820 esse
1879 1767 2038 1819 retri-

477 1861 774 1926 butionem,
811 1859 952 1928 quod
981 1867 1064 1912 est
1096 1873 1320 1929 regnum
1348 1859 1440 1913 Dei
1473 1877 1487 1911 :
1519 1875 1538 1908 r
1563 1858 1691 1923 Quae
1719 1857 1904 1912 oculus
1935 1873 2038 1912 non

476 1951 631 2019 vidit,
660 1965 760 2006 nec
789 1949 938 2004 auris
971 1950 1200 2014 audivit,
1231 1963 1331 2004 nec
1369 1949 1423 2004 in
1467 1964 1560 2004 cor
1592 1948 1828 2004 hominis
1854 1965 2042 2004 ascen-

476 2042 576 2106 dit,
606 2056 727 2111 qua:
753 2041 1079 2111 praeparavit
1111 2039 1252 2094 Deus
1287 2039 1630 2108 diligentibus
1662 2055 1720 2094 se
1750 2039 1816 2093 ".
1859 2057 1879 2089 ι

547 2132 818 2204 Ejusdem.
904 2130 1213 2186 Retributio
1265 2129 1754 2199 justilicatiouum,
1806 2132 2040 2202 cognitio

477 2227 692 2281 illarum
714 2235 823 2281 est.

546 2317 710 2372 Vens.
759 2315 881 2372 115.
919 2313 1141 2386 luiquos
1179 2316 1304 2370 odio
1351 2317 1554 2378 habui,
1595 2323 1646 2369 et
1687 2315 1852 2386 legem
1895 2327 2038 2371 tuam

473 2409 657 2475 dilexi,
715 2418 826 2464 etc.
884 2407 1129 2477 Iniquus,
1183 2417 1454 2476 quatenus
1505 2407 1724 2476 iniquus
1764 2416 1865 2471 est,
1916 2411 2041 2463 odio

476 2499 745 2564 habetur;
793 2508 1063 2568 quatenus
1102 2505 1280 2552 autem
1317 2498 1494 2569 imago
1517 2509 1574 2553 et
1600 2498 1914 2566 ﬁgmentum
1947 2500 2038 2556 Dei

472 2598 577 2654 est,
625 2589 885 2659 diligitur.
944 2587 1058 2644 Sub
1117 2589 1219 2643 hoc
1269 2590 1436 2658 igitur
1493 2590 1734 2645 secundo
1791 2602 2038 2660 respectu

472 2681 641 2736 etiam
665 2683 732 2736 ad
755 2697 850 2736 eos
882 2680 974 2749 qui
1003 2694 1224 2736 carcere
1267 2680 1580 2737 detinentur
1600 2683 1855 2737 accedere
1879 2684 2039 2751 jube-

475 2789 594 2828 mur
628 2784 685 2829 et
714 2774 870 2828 malis
892 2772 1235 2829 benefacere.
1288 2772 1474 2829 Potest
1515 2783 1701 2828 autem
1733 2775 1900 2829 David
1937 2776 2040 2829 hoc

475 2863 593 2919 loco
624 2863 845 2935 iniquos
873 2863 1058 2921 dicere
1102 2876 1388 2920 sermones
1435 2873 1492 2919 et
1539 2863 1687 2933 leges
1731 2879 1870 2934 quas
1913 2865 2039 2919 odio

473 2954 685 3010 habuit.

543 3045 822 3117 Ejusdem.
883 3044 1001 3102 Non
1059 3045 1185 3102 odio
1241 3045 1431 3104 habuit
1479 3047 1694 3117 iniquos
1736 3048 2036 3104 homines:

475 3154 598 3194 nam
632 3153 702 3194 ex
731 3139 849 3209 ejus
874 3141 984 3193 vita
1011 3139 1179 3208 liquet
1222 3141 1273 3195 ei
1315 3156 1420 3196 non
1469 3139 1636 3196 fuiSse
1665 3142 1790 3196 odio
1824 3142 2042 3212 iniquos

475 3231 723 3289 homines
753 3248 769 3285 :
802 3245 979 3300 neque
1008 3230 1152 3285 enim
1185 3232 1507 3300 parricidam
1553 3233 1872 3288 Abessalom
1914 3235 2041 3290 odio

475 3327 685 3390 habuit,
733 3339 909 3394 neque
955 3324 1172 3384 Saitlem
1212 3324 1304 3391 qui
1359 3322 1540 3377 varias
1586 3323 1772 3378 Davidi
1813 3324 2040 3378 insidias

472 3424 748 3473 struxerat
795 3424 850 3472 et
897 3415 965 3472 de
1007 3429 1117 3485 quo
1147 3413 1286 3474 dixit
1316 3413 1456 3468 Deus
1478 3414 1525 3447 ⁸⁸
1565 3432 1582 3468 :
1621 3432 1642 3467 ι
1670 3413 1904 3469 Paenitet
1955 3431 2040 3472 me

473 3509 616 3579 quod
637 3508 888 3563 unxerim
914 3507 1043 3562 Saﬁl
1071 3507 1126 3561 in
1148 3520 1332 3574 regem
1357 3521 1374 3572 ;
1399 3521 1419 3556 ι
1453 3520 1633 3574 neque
1661 3505 1826 3560 alium
1850 3520 2039 3576 quem-

473 3601 618 3671 piam
652 3599 921 3668 iniquum.
968 3594 1331 3664 Quamobrem
1367 3614 1386 3648 ι
1414 3595 1628 3664 iniquos
1657 3613 1676 3649 υ
1715 3596 1903 3651 dicens
1931 3611 2036 3650 non

472 3691 680 3747 addidit
715 3706 736 3742 ι
764 3688 1056 3744 homines:
1091 3706 1112 3740 ι
1171 3701 1296 3742 nam
1348 3695 1618 3755 quatenus
1649 3697 1872 3742 sanctus
1911 3688 2038 3741 odio

471 3783 706 3839 habebat
743 3779 909 3851 810
949 3794 1012 3836 ea
1053 3793 1176 3849 quae
1212 3777 1338 3834 odio
1381 3779 1539 3846 digna
1571 3785 1719 3843 sunt,
1759 3791 2038 3833 sermones

473 3876 714 3946 iniquos,
736 3875 985 3944 dogmata
1029 3871 1235 3941 iniqua,
1274 3871 1550 3927 doctrinas
1576 3868 1859 3941 ejusmodi,
1906 3866 2036 3923 alie—

473 3977 622 4021 ctum
672 3979 780 4034 quo
808 3967 868 4018 lit
907 3973 966 4018 ut
993 3974 1239 4032 peccent.
1281 3960 1436 4018 Unde
1475 3960 1814 4017 sermonibus
1841 3961 2038 4028 iniquis

473 4055 781 4124 anteposuit
809 4055 1059 4108 dilectam
1093 4053 1288 4124 legem.
1319 4052 1434 4108 lloc
1458 4067 1625 4109 sensu
1656 4061 1712 4107 et
1746 4060 1953 4120 patrem
1983 4062 2038 4106 et

473 4155 700 4203 matrem
749 4145 875 4199 odio
922 4145 1123 4198 habere
1167 4145 1443 4214 jubemur.
1503 4143 1607 4200 hoc
1645 4153 1730 4200 est
1771 4145 2034 4211 aversari,

473 4253 597 4294 cum
621 4251 720 4292 nos
745 4240 815 4290 ad
835 4236 1167 4304 impietatem
1195 4245 1534 4304 provocant,
1581 4236 1665 4291 vel
1707 4251 1737 4289 a
1777 4237 2037 4306 martyrio

1858 185 1949 239 ΕΧ
1984 182 2283 239 ORlGENE

3585 178 3718 231 1812

2218 299 2460 351 Ἕθεντο
2487 295 2815 366 ἁμαρτωλοὶ
2844 298 3064 366 παγίδα
3087 314 3211 366 μοι,
3249 296 3348 349 καὶ
3368 295 3437 348 ἐκ
3471 293 3593 347 τῶν
3620 297 3715 348 ὲν·-

2143 387 2334 442 τολῶν
2374 403 2490 440 σου
2544 391 2654 440 οὐκ
2702 388 3070 455 ἐπλανήθην,
3101 405 3155 440 κ.
3195 403 3244 438 τ.
3293 388 3340 438 ὲ.
3375 385 3618 452 Παγίδας
3671 389 3719 438 οἱ

2141 479 2452 549 ἁμαρτωλοὶ¹
2493 477 2693 541 πολλὰς
2724 481 2835 540 τοῖς
2884 477 3111 540 δικαίοις
3155 477 3250 529 καὶ
3296 477 3590 546 διαφόρους
3626 479 3718 546 ρε-

2142 588 2386 624 πϊουσιν⁹
2413 565 2524 623 οἷον
2551 569 2630 640 τῷ
2674 570 2870 639 Ἰωσὴφ
2901 571 2936 640 ὴ
2964 569 3240 635 Αἰγυπτία
3271 567 3367 620 καὶ
3395 568 3448 619 οἱ
3478 567 3712 635 ἀδελφοί·

2140 666 2216 736 τῷ
2263 663 2459 734 Δανιὴλ
2501 664 2551 715 οἱ
2603 663 2709 715 ἀπὸ
2740 662 2832 714 τοῦ
2877 662 3102 731 Δαρείου
3152 660 3411 722 λαϐόντες
3445 659 3714 724 ἐξουσίαν’

2140 757 2251 812 ἀλλ’
2273 757 2372 809 οὐκ
2404 755 2863 825 ἀπεπλανήθησαν
2895 755 3000 806 τῶν
3032 752 3258 806 ἐντολῶν
3291 752 3388 806 τοῦ
3414 750 3576 806 Θεοῦο
3635 753 3720 804 διὰ

2140 849 2296 902 τοῦτο
2323 848 2430 901 τῶν
2453 847 2695 915 παγίδων
2721 845 2979 917 ἀνώτεροι
3007 845 3268 913 ἐγένοντο.

2223 940 2707 1008 Ἐκληρονόμησα
2733 940 2806 990 τὰ
2825 937 3114 1007 μαρτύριά
3131 952 3247 991 σου
3271 939 3362 1002 εἰς
3389 935 3720 998 toralium,

2141 1032 2228 1086 ὅτι
2253 1033 2589 1102 ἀγαλλίαμα
2611 1029 2721 1098 τῆς
2735 1028 2986 1097 καρδίας.
2996 1046 3116 1098 μου
3130 1029 3308 1092 εἰσιν,
3338 1047 3392 1082 κ.
3415 1047 3471 1080 τ.
3497 1029 3544 1082 ὲ.
3570 1030 3721 1080 Ὅσοι

2140 1124 2383 1194 χαίρουσι
2415 1125 2530 1187 ταῖς
2560 1121 2797 1184 ἐντολαῖς
2824 1120 2918 1174 τοῦ
2959 1120 3114 1185 Θεοῦ,
3147 1121 3242 1174 καὶ
3263 1121 3366 1193 τὴν
3397 1121 3724 1190 δικαιοπρα-

2139 1217 2261 1284 γίαν
2295 1213 2644 1279 ἀσπάζονται,
2675 1209 2818 1268 οὗτοι
2847 1214 3134 1277 διαπαντὸς
3169 1214 3606 1284 κληρονομοῦσιν
3635 1215 3725 1266 αυ-

2138 1307 2231 1360 τοῦ
2262 1308 2329 1360 τὰ
2355 1307 2647 1378 μαρτύρια,
2677 1307 2877 1379 κλῆρον
2913 1306 3046 1359 αὐτὰ
3073 1306 3166 1358 καὶ
3205 1305 3404 1376 μερίδα
3435 1308 3561 1358 ἀντὶ
3589 1309 3723 1359 πὲν-

2138 1416 2245 1450 των
2273 1397 2377 1451 τῶν
2401 1400 2457 1450 ἐν
2479 1398 2554 1467 τῷ
2570 1399 2757 1468 κόσμῳ
2778 1396 3064 1468 κτώμενοι,
3079 1398 3172 1451 καὶ
3190 1397 3327 1467 ὅπερ
3355 1397 3455 1452 ἐὰν
3478 1398 3725 1452 πάθωσιν

2140 1490 2227 1542 ἐπ’
2253 1491 2454 1553 αὐτοῖς,
2483 1490 2916 1560 εὐφραινόμενοι.

2209 1584 2452 1636 ’Έκλινα
2503 1582 2618 1650 τὴν
2651 1581 2904 1648 καρδίαν-
2943 1599 3063 1650 μου
3092 1580 3197 1634 τοῦ
3228 1581 3489 1650 ποιῆσαι
3532 1582 3608 1635 τὰ
3643 1583 3723 1634 δι-

2143 1673 2439 1744 καιώματά
2462 1691 2576 1727 σου
2606 1676 2690 1739 εἰς
2708 1673 2813 1725 τόν
2829 1672 3011 1727 αἰῶνα
3037 1671 3109 1725 δι’
3126 1671 3514 1740 ἀντάμειψιν,
3533 1691 3590 1726 κ.
3608 1689 3659 1724 τ.
3682 1674 3724 1724 ὲ.

2141 1765 2310 1829 Εἰδὼς
2353 1766 2720 1836 ἀποκειμένην
2762 1765 2994 1835 ἀμοιϐὴν
3020 1765 3220 1828 ἕκλινα,
3257 1768 3383 1838 ἥτις
3418 1767 3542 1820 ἐστὶ
3578 1768 3728 1837 βασι-

2140 1858 2257 1911 λεία
2308 1855 2463 1912 Θεοῦ’
2503 1874 2523 1907 ‹
2555 1857 2623 1908 Ἀ
2680 1855 2953 1926 ὀφθαλμὸς
3003 1857 3102 1909 οὐκ
3158 1854 3285 1921 εἶδε,
3334 1859 3432 1912 καὶ
3492 1855 3590 1923 οὖς
3630 1861 3728 1913 οὐκ

2143 1952 2362 2022 1ἢκουσε,
2403 1951 2496 2002 καὶ
2545 1949 2637 2000 ἐπὶ
2694 1949 2918 2018 καρδίαν
2976 1948 3258 2019 ἀνθρώπου
3305 1951 3410 2003 οὐκ
3459 1951 3660 2022 ἀνέϐη,
3694 1952 3729 2005 ἃ.

2142 2042 2434 2112 ἡτοίμασεν
2461 2043 2487 2092 6
2509 2039 2639 2102 Θεὸς
2669 2043 2782 2102 τοῖς
2815 2039 3097 2106 ἀγαπῶσιν
3128 2041 3308 2093 αὐτόν.
3337 2061 3358 2091 ι

2215 2131 2324 2186 Τοῦ
2369 2131 2573 2184 αὑτοῦ.
2623 2131 2686 2183 Ἦ
2726 2129 3046 2199 ἀντάμειψις
3091 2128 3198 2182 τῶν
3245 2129 3727 2202 δικαιωμάτων,ἠ

2139 2225 2339 2294 γνῶσις
2368 2223 2545 2276 αὐτῶν
2580 2225 2749 2276 ἐστιν.

2211 2318 2600 2384 Παραιιομους
2645 2314 2927 2383 ἐμίσησα,
2959 2314 3065 2367 τόν
3092 2312 3159 2366 δὲ
3186 2313 3380 2383 νόμον
3432 2331 3556 2370 σου
3585 2316 3728 2385 ἠτά-

2140 2424 2327 2476 πησα,
2362 2425 2413 2460 κ.
2433 2423 2481 2458 τ.
2507 2409 2552 2459 ὲ.
2600 2405 2659 2460 Ὀ
2683 2406 3014 2478 παράνομος,
3045 2405 3177 2458 καθὸ
3207 2407 3530 2477 παράνομος
3553 2408 3727 2478 ὑπάρ-

2139 2518 2244 2571 χει,
2283 2502 2507 2570 μισητός
2541 2501 2674 2552 ἐστι·
2716 2497 2848 2552 καθὸ
2883 2499 2940 2551 δὲ
2974 2501 3138 2552 εἰκὼν
3167 2498 3260 2550 καὶ
3287 2500 3520 2569 πλάσμα
3565 2498 3724 2556 Θεοῦ.

2139 2591 2415 2662 ἀγαπητός
2452 2593 2586 2643 ἐστι.
2616 2590 2772 2644 Κατά
2809 2591 2938 2659 γοῦν
2975 2591 3074 2663 τὴν
3099 2591 3358 2661 δευτέραν
3391 2591 3604 2645 ἔννοιαν
3633 2593 3725 2644 καὶ

2138 2685 2249 2746 τοῖς
2283 2685 2338 2735 ὲν
2386 2686 2453 2753 τῇ
2496 2683 2711 2753 φυλακῇ
2760 2682 3115 2753 προσϐάλλειν
3163 2683 3296 2753 ἡμῖν
3329 2682 3722 2753 προτέτακται,

2138 2776 2232 2829 καὶ
2262 2771 2320 2828 εὗ
2359 2779 2532 2829 ποιεῖν
2553 2776 2680 2839 τοὺς
2709 2774 3048 2846 κακούργους
3077 2773 3520 2845 νενομοθέτηται.
3550 2773 3722 2828 Δύνα-

2137 2883 2226 2919 ται
2251 2866 2308 2918 δὲ
2332 2866 2564 2919 ἐνταῦθα
2587 2864 2765 2935 λέγειν
2796 2866 2988 2935 λόγους
3012 2866 3106 2920 καὶ
3136 2866 3332 2937 νόμους
3354 2865 3453 2929 οὓς
3485 2865 3724 2937 μεμίση-

2065 2980 2109 3038 C
2142 2974 2236 3012 κεν
2268 2959 2296 3010 6
2321 2959 2501 3011 Δαυΐδ.

2215 3046 2325 3102 Τοῦ
2356 3047 2562 3102 αὐτοῦ.
2610 3047 2724 3102 Οὐκ
2765 3048 2944 3117 ἐμίσει
2989 3048 3338 3120 παρανόμους
3372 3048 3718 3120 ἀνθρώπους·

2139 3137 2360 3210 καὶγὰρ
2386 3139 2583 3205 ἔδειξεν
2607 3139 2635 3191 ὁ
2658 3139 2769 3210 βίος
2792 3139 2978 3204 αὐτοῦ,
3006 3141 3088 3193 ὅτι
3115 3141 3215 3193 οὐκ
3250 3139 3578 3212 ἀνθρώπους
3613 3159 3718 3196 πα-

2143 3232 2406 3301 ρανόμους
2433 3233 2711 3302 ὲμίσησεν’
2741 3232 2863 3284 οὕτε
2897 3232 3005 3302 γὰρ
3032 3235 3122 3285 τὸν
3152 3233 3485 3302 πατραλοίαν
3531 3235 3718 3288 ’Δεεσ-

2139 3323 2332 3393 σαλὼμ
2381 3324 2662 3393 ἐμίσησεν,
2693 3323 2816 3377 οὔτε
2846 3324 2936 3376 τὸν
2972 3324 3160 3388 Σαοὺλ,
3205 3324 3357 3395 (περὶ
3391 3318 3454 3378 οὗ
3496 3320 3654 3379 εἶπεν
3693 3328 3720 3378 ὁ

2138 3417 2286 3478 Θεός·
2325 3435 2343 3467 ι
2377 3414 2844 3486 Μεταμεμέλημαι
2877 3415 3067 3487 χρίσας
3120 3415 3211 3469 τὸν
3244 3416 3418 3468 Σαοὺλ
3449 3417 3532 3481 είς
3569 3417 3720 3487 βασι-

2138 3507 2314 3572 λέα›)⁶
2365 3508 2633 3578 διαφόρως
2665 3508 2742 3578 τῷ
2770 3508 2928 3562 Δαυῒδ
2961 3507 3443 3574 ἐπιϐουλεύσαντα,
3469 3509 3596 3563 οὕτε
3623 3512 3718 3564 ἆλ-

2138 3600 2225 3653 λον
2256 3599 2373 3652 τινὰ
2402 3600 2732 3671 παράνομον·
2769 3599 2890 3652 ὅθεν
2923 3619 2941 3650 ι
2981 3599 3328 3672 παρανόμους
3367 3619 3386 3652 ι
3426 3599 3621 3664 εἰπὼν,
3654 3603 3716 3653 οὐ

2136 3693 2472 3766 προσέθηκεν
2511 3712 2529 3744 r
2567 3691 2904 3764 ἀνθρώπους⁸
2935 3713 2954 3745 ι
2985 3693 3060 3757 ὼς
3089 3695 3196 3766 γὰρ
3228 3695 3382 3761 ἆγιος
3415 3693 3601 3764 ἐμίσει
3652 3695 3718 3746 τὰ

2139 3785 2326 3854 μίσους
2350 3785 2495 3850 ἀξια,
2513 3785 2636 3848 τοὺς
2657 3784 2848 3852 λόγους
2875 3787 3002 3848 τοὺς
3023 3785 3388 3857 παρανόμους,
3425 3787 3496 3838 τὰ
3514 3785 3722 3854 δόγμα.

2135 3890 2203 3927 τα
2221 3872 2289 3924 τὰ
2317 3874 2625 3944 παράνομα,
2662 3874 2761 3936 τὰς
2794 3875 3047 3939 τοιαύτας
3080 3874 3446 3940 διδασκαλίας,
3477 3875 3578 3946 τὴν
3604 3875 3719 3930 διά-

2137 3964 2283 4018 θεσιν
2328 3965 2448 4018 καθ’
2497 3966 2564 4035 ἣν
2606 3965 3040 4038 ἁμαρτάνουσιν·
3079 3966 3200 4021 ὅθεν
3230 3970 3340 4030 τοῖς
3374 3967 3720 4038 παρανόμοις

2135 4055 2310 4125 λόγοις
2339 4057 2598 4128 ἀντέθηκε
2619 4059 2710 4112 τὸν
2736 4058 3095 4130 ἀγαπώμενον
3117 4060 3297 4130 νόμον.
3327 4058 3488 4112 Κατὰ
3513 4059 3717 4130 ταύτην

2134 4147 2233 4218 τὴν
2261 4147 2464 4201 ἔννοιαν
2515 4151 2608 4202 καὶ
2644 4151 2858 4222 πατέρα
2884 4152 2978 4204 καὶ
3016 4151 3229 4222 μητέρα
3271 4152 3451 4220 μισεῖν
3483 4165 3716 4221 προστε-

2134 4242 2401 4312 τάγμεθα,
2451 4245 2725 4298 τουτέστιν
2779 4246 3212 4316 ἀποστρέφεσθαι
3258 4243 3713 4313 παρακαλοῦντας

471 4330 765 4385 secundum
819 4330 1096 4384 Christum
1156 4329 1406 4385 obeundo
1469 4330 1846 4387 dehortantur.
1897 4329 2032 4385 Nam

2150 4336 2282 4404 ἡμᾶς
2299 4337 2376 4398 εἰς
2407 4335 2680 4403 ἀσέϐειαν,
2708 4337 2742 4408 ἢ
2770 4336 2863 4390 τοῦ
2893 4338 3032 4391 κατά
3055 4336 3283 4407 Χριστὸν
3300 4335 3712 4407 ἀποτρέποντας

472 4421 710 4493 alioquin
740 4421 902 4478 etiam
932 4422 1184 4476 inimicos
1222 4431 1436 4476 nostros
1490 4421 1717 4491 diligere
1753 4422 2030 4490 jubemur.

472 4517 583 4573 Deo
633 4525 812 4571 autem
859 4515 1112 4569 hortante
1158 4523 1214 4568 ut
1263 4515 1431 4570 etiam
1471 4515 1746 4584 propriam
1797 4515 2033 4569 animam

471 4611 769 4673 oderimus,
797 4607 1050 4663 similiter
1078 4614 1132 4661 et
1166 4606 1414 4661 homines
1442 4607 1612 4676 iniqui
1648 4606 1774 4660 odio
1799 4605 2034 4661 habendi

470 4711 616 4768 sunt,
648 4710 709 4756 ut
738 4701 884 4771 ipsos
905 4711 1290 4756 convertamus
1321 4699 1542 4755 meliore
1566 4701 1671 4756 vita
1703 4709 1885 4755 nostra
1927 4713 2033 4769 qua

472 4794 532 4849 lit
564 4803 624 4848 ut
655 4793 772 4849 istis
803 4793 1006 4848 similes
1036 4809 1142 4848 non
1172 4793 1366 4848 simus.

539 4883 702 4941 Vens.
731 4883 852 4940 115.
887 4882 1156 4938 Declinate
1190 4901 1222 4937 a
1256 4899 1358 4950 me,
1387 4884 1642 4953 maligni,
1677 4894 1725 4938 et
1759 4883 2033 4938 scrutabor

469 4977 720 5031 mandata
754 4974 850 5030 Dei
890 4977 1012 5042 mei,
1047 4986 1156 5030 etc.
1204 4975 1313 5030 Nisi
1360 4974 1755 5030 decliuavcrint
1801 4988 1832 5029 a
1877 4975 2032 5028 nobis

466 5071 760 5133 dmmones,
796 5069 1047 5124 mandata
1082 5068 1173 5123 Dei
1206 5069 1384 5125 facere
1433 5085 1542 5124 non
1582 5067 1866 5123 valemus:
1904 5083 2027 5121 nam

468 5165 728 5220 adversus
757 5162 846 5216 illa
879 5163 1115 5217 maxime
1141 5162 1450 5230 insurgunt,
1492 5176 1558 5217 eo
1604 5162 1748 5231 quod
1800 5161 1886 5216 illa
1933 5163 2027 5218 Dei

465 5259 752 5312 scientiam
786 5255 1082 5326 praebeant.

536 5439 701 5495 Vens.
735 5441 856 5495 116.
898 5441 1114 5510 Suscipe
1149 5456 1229 5494 me
1257 5440 1540 5494 secundum
1570 5439 1827 5511 eloquium
1853 5447 2024 5505 tuum,

537 5626 622 5679 “l
657 5624 778 5680 Cor.
818 5635 877 5690 tt,
909 5627 960 5682 9.
1033 5626 1079 5659 '°
1108 5624 1284 5697 lReg.
1320 5642 1406 5694 xv,
1446 5628 1529 5683 11.

2142 4425 2461 4497 μαρτυρίου.
2489 4427 2696 4491 ’Ἄλλως
2717 4428 2824 4499 γὰρ
2846 4428 2940 4482 καὶ
2961 4430 3088 4492 τοὺς
3117 4427 3344 4499 ἐχθροὺς
3385 4426 3546 4496 ἡμῶν
3572 4428 3710 4494 ἀγα-

2138 4517 2248 4586 πᾷν
2281 4518 2746 4589 προστεταγμεθα.
2780 4519 2913 4574 Θεοῦ
2947 4520 3005 4573 δὲ
3042 4518 3482 4590 προκαλουμένου
3513 4517 3597 4581 είς
3651 4517 3708 4569 τὸ

2138 4609 2233 4660 καὶ
2249 4609 2348 4678 τὴν
2374 4609 2510 4663 ἰδίαν
2541 4612 2769 4681 μισῆσαι
2794 4611 2992 4681 ψυχὴν,
3031 4611 3231 4682 ὁμοίως
3264 4609 3356 4661 καὶ
3388 4609 3706 4679 ἀνθρώπους

2136 4700 2218 4753 δεῖ
2243 4701 2588 4772 παρανόμους
2613 4705 2811 4773 μισεῖν,
2842 4702 2918 4766 ὼς
2945 4702 3012 4756 ἂν
3051 4704 3248 4766 αὐτοὺς
3289 4701 3702 4773 ἐπιστρέψωμεν

2137 4793 2342 4863 βελτιού
2351 4811 2498 4864 μενοι
2517 4793 2594 4864 τῷ
2617 4795 2691 4865 μὴ
2710 4795 2916 4859 τούτοις
2931 4794 3278 4865 ὁμοιωθῆναι.

2213 4890 2550 4943 Ἐκκλίνατε
2579 4889 2680 4943 ἀπ’
2709 4889 2878 4957 ἐμοῦ,
2913 4889 3379 4957 πονηρευόμενοι
3398 4927 3414 4953 ,
3468 4888 3567 4942 καί
3608 4887 3700 4951 ἐξ·

2128 4979 2434 5047 ερευνήσω
2457 4980 2561 5046 τὰς
2584 4979 2837 5045 ἐντολὰς
2861 4979 2968 5034 τοῦ
2991 4977 3141 5034 Θεοῦ
3160 4996 3300 5048 μου,
3322 4996 3378 5032 κ.
3410 4995 3466 5033 τ.
3501 4979 3546 5032 ἑ.
3581 4978 3698 5032 Ἐὰν

2133 5073 2207 5142 μὴ
2237 5071 2553 5145 έκκλίνωσιν
2575 5073 2668 5142 ἀφ’
2691 5073 2724 5142 ἡ
2734 5071 2848 5142 μῶν
2862 5072 2910 5124 οί
2940 5071 3206 5142 δαίμονες,
3235 5070 3334 5134 τὰς
3361 5071 3580 5134 ὲντολάς
3609 5070 3695 5123 τοῦ

2132 5163 2266 5216 Θεοῦ
2287 5167 2459 5217 ποιεῖν
2486 5165 2585 5218 οὐκ
2620 5163 2894 5235 ἰσχὺομεν·
2927 5164 3063 5236 πρὸς
3095 5164 3202 5234 γὰρ
3226 5162 3431 5228 ταύτας
3470 5164 3698 5234 μάλιστα

2131 5256 2397 5321 ἵστανται,
2441 5249 2529 5309 διᾶ
2574 5255 2633 5309 τὸ
2670 5254 2960 5327 προξένους
2989 5255 3121 5325 ἡμῖν
3151 5253 3402 5323 γενέσθαι
3433 5252 3535 5325 τῆς
3563 5252 3700 5323 γνὼ-

2134 5366 2269 5412 σεως
2301 5349 2393 5402 τοῦ
2426 5348 2580 5402 Θεοῦ.

2216 5442 2559 5498 Ἀντιλαϐοῦ
2584 5460 2704 5513 μου
2728 5441 2876 5498 κατὰ
2900 5441 2969 5498 τὸ
3000 5441 3208 5512 λόγιόν
3233 5454 3374 5504 σου,
3405 5441 3503 5496 καὶ
3524 5439 3696 5509 ζήσο-
