3928 6158
87 231 273 289 1615
1043 236 1350 295 SELECTA'
1386 240 1454 295 IN
1490 239 1824 299 PSALMUS.
1866 275 1932 284 --
1968 243 2164 300 PSAL.
2204 244 2435 303 CXVIII.
3231 251 3363 307 16M

76 373 247 422 μαι,
274 358 371 410 καὶ
397 357 484 427 μὴ
517 360 928 430 καταισχύνῃς
949 380 1026 431 με
1055 364 1175 417 ἀπὸ
1199 361 1308 431 τῆς
1329 362 1680 432 προσδοκίας

1795 371 1843 418 et
1885 365 2076 428 vivam,
2100 373 2150 419 et
2178 381 2282 419 non
2308 362 2603 432 confundas
2630 379 2709 417 me
2739 363 2803 416 ab
2823 365 3204 434 exspectatione
3225 387 3361 437 mea,

77 464 259 513 μου,
287 465 343 502 κ.
371 466 422 503 τ.
444 450 490 502 ὲ.
522 468 541 501 ι
582 452 704 504 Ὅτι
726 453 760 523 ἡ
782 451 958 522 θλίψις
985 454 1258 526 ὑπομονὴν
1277 452 1680 525 κατεργάζεται.

1795 464 1901 511 etc.
1936 472 1956 506 ι
1999 454 2262 520 Quoniam
2302 452 2574 509 tribulatio
2603 453 2916 522 patientiam
2959 466 3232 526 operatur,
3262 476 3360 529 pa-

81 540 128 609 ἡ
181 540 252 593 δὲ
287 540 533 613 ὑπομονὴ
568 542 818 615 δοκιμὴν,
849 546 884 615 ἡ
912 544 970 599 δὲ
1000 545 1196 618 δοκιμὴ
1227 546 1437 614 ἐλπίδα,
1467 549 1501 618 ἡ
1522 546 1579 600 δὲ
1609 547 1680 600 ὲλ·

1796 547 1981 602 tientia
2008 545 2403 616 probationem,
2423 546 2668 617 probatio
2692 559 2818 603 vero
2838 562 3012 617 spem,
3037 564 3160 620 spes
3180 563 3358 608 autem

85 630 210 693 πὶς
233 631 295 685 οὐ
321 632 691 704 καταισχύνει.
730 653 749 686 ι

1795 653 1900 693 non
1931 637 2214 693 confundit
2241 637 2307 691 ⁸⁸.
2339 655 2360 690 ι

1865 729 2508 800 Ε]ιιεάεηι.ἷιδεοιιηάιιιη
2529 729 2801 799 eloquium
2833 739 3034 799 tuum,»
3067 732 3119 787 id
3152 742 3238 790 est
3273 750 3362 791 se-

1794 822 2089 878 secundum
2124 822 2567 892 pollicitationem
2600 834 2768 877 tuam.
2823 823 3103 882 Pollicitus
3129 841 3188 882 es
3212 827 3356 882 enim

1795 914 1847 969 in
1890 913 2009 983 lege
2042 925 2092 969 te
2115 913 2230 969 fore
2256 913 2673 969 custodientium
2698 914 2842 970 illam
2866 915 3222 973 defensorem.
3257 918 3357 973 Cui

1795 1008 1960 1078 igitur
1986 1008 2127 1063 istud
2169 1007 2503 1079 propositum
2531 1015 2635 1073 est,
2691 1022 2815 1062 eum
2862 1009 3204 1078 providentia
3266 1018 3357 1066 tua

1794 1097 2034 1167 dignare,
2088 1110 2156 1150 ne
2196 1110 2292 1165 spe
2331 1095 2590 1150 excideris
2617 1097 2936 1151 confusione
2969 1097 3201 1167 replear.
3227 1099 3357 1153 Elo-

1792 1191 1978 1259 quium
2038 1197 2216 1241 autem
2266 1188 2368 1241 hoc
2433 1186 2550 1241 loco
2597 1189 3012 1257 promissionem
3063 1190 3356 1261 signiﬁcat,

1793 1292 1955 1347 atque
1981 1279 2123 1333 idem
2149 1289 2232 1333 est
2264 1292 2326 1332 ac
2353 1278 2398 1333 si
2425 1278 2628 1334 diceret
2658 1294 2672 1332 :
2702 1278 3028 1337 Promissam
3051 1283 3181 1337 mihi
3213 1282 3359 1339 salu-

1792 1379 1900 1425 tem
1928 1371 2128 1438 praebe.

1862 1458 2023 1515 Vens.
2062 1459 2186 1514 117.
2227 1456 2433 1527 Adjuua
2462 1472 2543 1510 me
2570 1467 2618 1511 et
2640 1458 2814 1512 salvus
2849 1474 2959 1525 ero,
2987 1468 3036 1513 et
3066 1458 3358 1513 meditabor

1794 1555 1847 1606 in
1868 1551 2338 1622 justiﬁcationibus
2358 1554 2462 1606 tuis
2483 1569 2702 1621 semper,
2732 1562 2837 1606 etc.
2861 1551 3078 1605 Dixerat
3097 1551 3309 1620 quidem
3338 1568 3352 1604 :

1798 1659 1816 1694 ι
1836 1643 2062 1711 Adjutor
2089 1651 2143 1694 et
2172 1653 2455 1712 susceptor
2479 1658 2632 1698 meus
2654 1658 2714 1698 es
2740 1653 2818 1708 tu,
2845 1661 2865 1695 ι
2900 1642 2995 1697 sed
3027 1642 3355 1696 indesinenti

1792 1745 1917 1804 eget
1947 1733 2166 1788 auxilio.
2210 1733 2460 1800 Quandiu
2501 1738 2645 1800 enim
2677 1750 2866 1791 sumus
2892 1735 2944 1789 in
2990 1735 3094 1790 hoc
3129 1733 3352 1797 mundo,

1793 1830 2025 1883 nondum
2068 1825 2371 1895 perfectum
2421 1841 2506 1883 est
2551 1830 2683 1883 illud
2721 1851 2732 1885 :
2769 1828 3004 1883 «Salvus
3050 1842 3169 1890 ero,
3201 1845 3221 1879 ι
3257 1830 3354 1883 sed

1790 1924 2004 1991 quando
2029 1939 2152 1978 cum
2181 1925 2386 1993 angelis
2415 1923 2509 1976 Dei
2541 1925 2805 1974 vivemus.
2842 1919 2995 1973 Tunc
3016 1920 3159 1976 enim
3187 1920 3355 1974 medi-

1794 2014 1925 2068 tatio
1959 2018 2339 2071 mandatorum
2375 2016 2464 2069 ﬂet
2492 2012 2628 2067 facie
2661 2014 2726 2066 ad
2754 2013 2968 2079 faciem,
2999 2027 3108 2067 non
3132 2011 3352 2067 umbra-

1794 2106 1915 2170 tice,
1954 2107 2049 2161 sed
2086 2108 2376 2161 secundum
2412 2104 2719 2158 veritatem.

1861 2196 2024 2252 Vens.
2053 2198 2174 2253 Il9.
2219 2196 2631 2250 Prwvaricames
2660 2194 2891 2262 reputavi
2917 2209 3095 2246 omnes
3118 2202 3355 2262 peccato-

1789 2308 1870 2345 res
1896 2300 2049 2345 terra:
2072 2306 2090 2344 :
2113 2291 2232 2345 ideo
2260 2288 2421 2343 dilexi
2442 2287 2740 2342 testimonia
2768 2296 2881 2350 tua,
2910 2295 3017 2342 etc.
3066 2284 3179 2341 Nos
3233 2286 3354 2355 qui-

1789 2382 1911 2435 dem
1970 2379 2436 2449 «praevaricantes
2469 2397 2488 2430 ι
2552 2377 2782 2432 dicimus
2828 2391 2923 2431 eos
2983 2376 3074 2445 qui
3125 2376 3349 2430 verbum

1787 2472 1963 2526 edocti
2010 2480 2158 2534 sunt,
2194 2481 2249 2525 et
2286 2482 2570 2541 postquam
2603 2470 2782 2525 edocti
2832 2478 2997 2532 sunt,
3056 2468 3185 2524 illud
3240 2483 3350 2526 non

1786 2566 2166 2629 observarunt,
2214 2562 2308 2617 sed
2344 2562 2697 2617 deseruerunt
2737 2570 2793 2616 et
2830 2561 3170 2632 praevaricati
3199 2570 3347 2616 sunt.

1787 2655 1884 2710 llic
1916 2665 2097 2710 autem
2134 2654 2284 2708 videt
2321 2663 2545 2709 cunctos
2572 2655 2772 2709 habere
2796 2651 2932 2706 bene
2957 2650 3149 2721 agendi
3184 2665 3347 2706 occa-

1788 2762 1996 2815 siones,
2052 2747 2158 2803 etsi
2200 2762 2306 2802 non
2356 2745 2562 2799 fuerint
2594 2744 2769 2811 docti,
2818 2743 2890 2796 ita
2927 2751 2988 2797 ut
3022 2756 3126 2797 non
3172 2742 3349 2797 solum

182 724 308 781 Τοῦ
341 726 547 781 αὑτοῦ.
570 746 590 779 ι
614 728 771 783 Κατὰ
793 727 855 782 τὸ
877 728 1055 799 λόγιόν
1080 746 1194 782 σου’
1238 749 1257 782 ι
1290 730 1535 783 τουτέστι
1555 729 1694 783 κατὰ

82 818 213 889 τὴν
276 818 566 890 ὑπόσχεσιν
601 837 715 877 σου.
779 820 1117 892 Ἐπηγγείλω
1158 822 1267 894 γάρ
1314 824 1372 876 ὲν
1420 822 1498 892 τῷ
1547 822 1694 893 νόμῳ

86 908 516 979 ὑπερασπίζειν
547 910 654 963 τῶν
693 910 1074 979 φυλασσόντων
1117 912 1298 966 αὐτόν.
1349 910 1547 969 Τοῦτον
1587 913 1694 965 τοί-

85 1014 204 1051 νυν
235 998 430 1069 ἐχοντα
454 1000 546 1053 τὸν
583 1001 779 1055 σκοπὸν
803 1002 903 1073 τῆς
933 1002 1032 1072 σῆς
1061 1003 1315 1074 προνοίας
1336 1003 1584 1068 ἀξίωσον,
1607 1004 1694 1056 ἵνα

85 1088 181 1159 μὴ
222 1089 498 1161 ἐπιτυχὼν
526 1091 623 1163 τῆς
655 1093 890 1158 ἐλπίδος,
924 1094 1185 1165 αἰσχύνης
1229 1095 1574 1166 ἀναπλησθῶ.
1619 1096 1695 1148 Τὸ

104 1180 154 1247 is.
182 1181 377 1249 λόγιον
408 1181 642 1236 ἐνταῦθα
665 1183 765 1255 τὴν
792 1184 1082 1255 ὑπόσχεσιν
1097 1185 1265 1255 δηλοῖ·
1294 1186 1415 1240 ἀντὶ
1438 1185 1553 1241 τοῦ·
1581 1187 1692 1257 Τὴν

81 1272 550 1341 ὲπαγγελθεῖσάν
579 1290 669 1344 μοι
708 1274 990 1346 παράσχου
1026 1276 1315 1348 σωτηρίαν.

167 1455 511 1524 Βοήθησόν
539 1474 662 1525 μοι,
691 1459 790 1511 καὶ
835 1458 1203 1529 σωθήσομαι,
1250 1460 1349 1515 καὶ
1378 1459 1692 1530 μελετήσω

84 1546 171 1602 ἐν
212 1549 349 1613 τοῖς
373 1546 724 1617 δικαιὼμιισί
741 1563 856 1603 σου
881 1550 1223 1618 διαπαντὸς,
1254 1570 1308 1605 κ.
1341 1570 1392 1605 τ.
1424 1554 1469 1605 ὲ.
1506 1554 1691 1626 Εξγάρ

88 1638 206 1693 καὶ
247 1638 377 1711 ἔφη’
411 1658 431 1691 ι
465 1640 667 1710 Βοηθός
693 1658 792 1712 μου
819 1642 914 1695 καὶ
942 1643 1288 1715 ἀντιλήπτωρ
1324 1661 1426 1713 μου
1458 1640 1510 1697 εἷ
1538 1646 1625 1710 σὺ,
1664 1664 1683 1696 ι

84 1728 248 1784 ἀλλὰ
270 1730 440 1784 δεῖται
466 1730 717 1802 βοηθείας
743 1733 1103 1789 ἀδιαλείπτου.
1141 1736 1227 1788 Ἐν
1258 1737 1366 1806 ὅσῳ
1398 1735 1504 1806 γάρ
1526 1738 1690 1808 ἐσμεν

84 1822 371 1887 ἐνταῦθα,
415 1822 570 1877 οὔπω
607 1824 809 1878 τέλειον
842 1826 902 1879 τὸ
938 1846 957 1877 ι
992 1828 1326 1899 σωθήσομαι,
1366 1849 1383 1881 ι
1418 1828 1529 1881 ἀλλ’
1562 1830 1689 1883 ὅταν

89 1916 257 1986 μετὰ
287 1915 397 1971 τῶν
422 1916 667 1985 ἀγγέλων
700 1916 953 1989 ζήσωμεν
977 1919 1070 1972 τοῦ
1103 1918 1258 1973 Θεοῦ.
1294 1922 1425 1974 Τότε
1458 1922 1565 1993 γὰρ
1598 1923 1689 1976 καὶ

90 2007 317 2078 μελέτη
361 2006 741 2078 δικαιωμάτων
767 2007 1053 2079 πρόσωπον
1091 2010 1226 2081 πρὸς
1258 2011 1566 2082 πρόσωπον,
1625 2014 1688 2066 οὐ

85 2099 252 2154 κατά
286 2099 388 2171 τὴν
405 2100 585 2163 σκιάν,
626 2098 761 2153 ἀλλὰ
795 2101 932 2155 κατὰ
963 2101 1059 2173 τὴν
1092 2102 1368 2175 ἀλήθειαν.

166 2193 668 2261 Παραϐαίνοντας
694 2193 1064 2263 ἐλογισάμην
1083 2194 1314 2262 πάντας
1336 2196 1480 2263 τοὺς
1505 2197 1687 2267 ἀμαρ-

84 2301 107 2339 τ
126 2283 342 2350 ωλοὺς
365 2283 476 2352 τῆς
496 2281 624 2354 γῆς·
668 2283 766 2339 διὰ
788 2283 963 2339 τοῦτο
994 2285 1278 2355 ἠγάπησα
1300 2287 1371 2339 τὰ
1397 2287 1687 2355 μαρτύριά

87 2393 245 2439 σου,
288 2392 345 2429 κ.
376 2393 426 2428 τ.
451 2377 495 2428 ὲ.
532 2376 721 2447 Ἡμεῖς
750 2378 847 2448 μὲν
874 2395 893 2427 ι
933 2377 1369 2449 παραϐαίνοντας
1405 2398 1423 2430 ι
1455 2379 1689 2450 λέγομεν

85 2469 228 2532 τοὺς
248 2466 664 2537 δεδιδαγμένους
689 2469 780 2521 τὸν
795 2468 973 2537 λόγον,
1004 2468 1098 2522 καὶ
1130 2468 1266 2538 μετά
1281 2469 1342 2522 τὸ
1362 2469 1684 2540 δεδιδάχθαι,

91 2560 175 2633 μὴ
207 2560 608 2632 τετηρηκότας,
647 2560 760 2613 ἀλλ’
803 2560 1146 2624 ἀποστάντας
1186 2561 1278 2615 καὶ
1307 2561 1687 2632 παραϐεϐηκό-

85 2669 217 2715 τας.
256 2646 430 2715 Οὖτος
458 2650 513 2703 δὲ
547 2652 669 2722 ὁρᾷ,
703 2652 785 2704 ὅτι
812 2652 1011 2714 πάντες
1042 2651 1252 2722 ἔχουσιν
1280 2651 1532 2724 ἀφορμὰς
1548 2652 1684 2724 πρὸς

88 2741 538 2810 καλοκάγαθίαν,
573 2745 622 2795 εί
655 2742 747 2796 καὶ
791 2742 864 2814 μὴ
896 2741 1270 2814 ἐδιδάχθησαν·
1307 2742 1446 2796 ὥστε
1479 2743 1552 2814 μὴ
1587 2743 1684 2814 μό-

87 2852 223 2899 νους
262 2834 591 2905 παραϐάτας
619 2833 872 2902 λέγεσθαι
893 2835 1017 2896 τοὺς
1049 2832 1188 2905 μετά
1220 2832 1317 2905 τὴν
1340 2835 1519 2888 πίστιν
1546 2835 1680 2889 ἀπο-

1793 2854 1878 2896 eos
1925 2838 2157 2909 appellet
2193 2837 2610 2907 praevaricantes
2653 2835 2743 2904 qui
2778 2834 2934 2889 [idem
2986 2834 3346 2898 deseruerint,

89 2928 365 2992 στάντας,
405 2926 542 2980 ἀλλά
578 2927 672 2980 καὶ
707 2927 833 2990 τοὺς
864 2924 1216 2980 όπωσποτοῦν
1251 2928 1680 2999 ἁμαρτάνοντας.

1793 2946 1971 2985 rerum
1992 2931 2158 2985 etiam
2189 2946 2283 2985 eos
2314 2932 2404 2999 qui
2445 2930 2932 2999 quomodocunque
2975 2927 3188 2980 tandem
3216 2939 3347 2996 pec-

101 3020 461 3093 Ἀμαρτωλοὶ
496 3019 553 3074 δὲ
592 3018 691 3090 τῆς
730 3017 833 3089 γῆς
862 3019 912 3073 οἱ
942 3019 1034 3072 ἐπὶ
1064 3019 1166 3089 γῆς
1197 3020 1573 3091 ἡμαρτηκότες
1600 3020 1680 3075 άν-

1793 3032 1935 3078 cant.
1990 3021 2312 3077 Peccatores
2345 3036 2473 3076 vero
2503 3029 2662 3074 terrae
2692 3019 2939 3074 homines
2986 3026 3115 3073 sunt
3157 3018 3250 3088 qui
3293 3018 3350 3073 in

90 3114 338 3184 θρωποι.
374 3110 555 3164 ’Ἄλλοι
603 3110 710 3181 γάρ
744 3112 877 3163 εἰσιν
898 3110 1211 3182 ἁμαρτωλοὶ
1235 3111 1487 3183 οὐρανοῦ,
1542 3111 1680 3183 πρὸς

1793 3123 1930 3169 terra
1963 3124 2204 3184 peccant.
2251 3114 2360 3169 Alii
2408 3114 2552 3168 enim
2583 3122 2709 3167 sunt
2747 3124 3056 3182 peccatores
3080 3112 3225 3179 cmli,
3248 3123 3347 3167 au-

84 3204 185 3268 οὒς
208 3207 355 3276 ἡμῖν
381 3205 526 3257 ἐστιν
546 3205 580 3274 ὴ
602 3204 743 3275 πάλη
774 3221 792 3254 ι
829 3202 966 3275 πρὸς
987 3203 1056 3256 τά
1088 3204 1429 3274 πνευματικά
1460 3204 1560 3273 τῆς
1590 3222 1680 3259 πο-

1793 3222 1973 3262 versus
1993 3221 2133 3277 quos
2159 3207 2316 3260 nobis
2351 3216 2436 3261 est
2462 3205 2773 3259 colluctatio
2813 3221 2832 3255 ι
2855 3214 3039 3259 contra
3081 3204 3345 3274 spiritalia

87 3298 293 3370 νηρίας
344 3296 405 3350 ὲν
451 3298 566 3359 τοῖς
614 3296 972 3368 ἐπουρανίοις.
1040 3315 1058 3348 ι
1126 3297 1272 3349 Ἐκεῖ
1315 3296 1422 3368 γὰρ
1465 3297 1678 3369 πρῶτον

1793 3299 2040 3368 nequitiae
2070 3298 2125 3352 in
2151 3297 2463 3352 cmlestibus
2488 3296 2554 3351 ¹².
2588 3313 2609 3348 ι
2641 3296 2775 3351 Cum
2800 3296 2943 3350 enim
2971 3297 3206 3365 primum
3238 3295 3349 3351 illic

89 3389 461 3462 ἁμαρτόντες,
496 3386 721 3460 ὕστερον
752 3387 845 3441 καὶ
875 3388 967 3441 ἐπὶ
996 3388 1097 3457 γῆς
1123 3388 1282 3441 τοῦτο
1309 3390 1569 3446 ποιοῦσιν.

1793 3390 2147 3462 peccaverint,
2179 3389 2520 3461 postmodum
2550 3388 2716 3443 etiam
2741 3388 2792 3441 in
2825 3397 2968 3442 terra
2990 3389 3093 3443 hoc
3115 3387 3342 3443 faciunt.

168 3480 552 3549 Καθήλωσον
576 3479 645 3533 ὲκ
666 3479 771 3535 τοῦ
805 3481 993 3549 φόϐου
1015 3495 1131 3533 σου
1161 3480 1264 3546 τὰς
1283 3480 1514 3550 σάρκας
1533 3500 1672 3551 μου·

93 3574 214 3627 ἀπὸ
246 3572 362 3643 γὰρ
403 3570 523 3624 τῶν
550 3570 846 3641 χριμάτων
863 3588 980 3625 σου
1006 3571 1327 3640 ἐφοϐήθην,
1359 3590 1410 3626 κ.
1446 3592 1494 3626 τ.
1523 3574 1569 3626 ὲ.
1618 3575 1676 3628 '0

94 3665 506 3737 καθηλούμενος
555 3664 901 3736 σταυροῦται.
939 3665 1096 3737 Ζητῶ
1149 3660 1242 3719 οὖν
1288 3665 1379 3719 τὸν
1425 3668 1674 3738 σταυρὸν,

93 3757 189 3811 καὶ
228 3757 385 3829 ζητῶ
420 3757 627 3827 μήποτε
652 3757 680 3808 6
711 3756 939 3827 σταυρός
963 3760 1107 3810 ἐστιν
1139 3760 1168 3810 6
1200 3757 1362 3826 φόϐος
1401 3758 1491 3812 τοῦ
1517 3758 1671 3812 Θεοῦ.

94 3850 211 3904 Καὶ
242 3848 356 3921 γὰρ
380 3843 529 3902 εἶπεν
567 3851 595 3901 6
626 3847 831 3920 Σωτήρ·
862 3867 880 3899 ι
926 3850 1020 3913 Ὃς
1040 3850 1133 3903 ἐὰν
1169 3851 1242 3921 μὴ
1271 3851 1378 3923 άρῃ
1402 3851 1491 3904 τὸν
1525 3869 1675 3906 σταυ-

98 3943 193 4013 ρὸν
221 3942 418 4006 αὐτοῦ,
436 3942 528 3995 καὶ
557 3941 893 4013 ἀκολουθήσῃ
918 3959 1026 4014 μοι,
1059 3942 1158 3995 οὐκ
1185 3941 1298 3997 ἔστι
1323 3961 1421 4013 μου
1444 3944 1608 4008 ἄξιος.
1651 3966 1668 3997 ι

96 4034 374 4097 Πολλάκις
403 4033 460 4087 δὲ
485 4032 893 4105 διεστειλάμεθα
935 4035 1066 4106 περὶ
1104 4034 1270 4102 φόϐου
1305 4037 1397 4088 καὶ
1431 4037 1670 4108 ἀγάπης

95 4126 192 4180 καὶ
218 4124 554 4195 τελειότερον
582 4126 880 4197 εἰρήκαμεν
908 4124 997 4179 τὸν
1028 4126 1325 4195 ἀγαπῶντα
1351 4128 1443 4181 τοῦ
1478 4130 1672 4200 φοϐου-

100 4220 293 4291 μένου,
332 4219 426 4272 καὶ
467 4218 760 4287 ἀναγκαῖον
788 4213 924 4270 εἶναι
956 4218 1047 4271 τὸν
1079 4218 1241 4286 φόϐον
1282 4221 1416 4291 πρὸς
1444 4222 1674 4291 εἰσαγω-

95 4314 221 4385 γήν.
241 4314 418 4367 Ὅπου
438 4311 495 4365 δὲ
521 4310 732 4382 εἰσέλθῃ
762 4328 780 4360 ι
809 4312 988 4366 τελεία
1020 4312 1230 4382 ἀγάπη,
1253 4312 1356 4379 ἔξω
1383 4312 1563 4383 βάλλει
1585 4315 1673 4368 τὸν

1850 3484 2012 3554 811
2045 3481 2209 3537 Vens.
2249 3479 2372 3537 i20.
2404 3479 2620 3551 Con/ige
2647 3481 2834 3533 timore
2855 3489 2946 3533 tuo
2983 3494 3161 3534 carnes
3182 3494 3344 3533 meus:

1781 3595 1813 3632 a
1831 3571 2050 3648 judiciis
2073 3576 2209 3629 enim
2235 3574 2338 3630 tuis
2362 3575 2533 3637 timui,
2563 3581 2669 3627 etc.
2694 3570 2795 3637 Qui
2827 3572 2993 3626 clavis
3018 3570 3207 3625 allisus
3236 3583 3340 3633 est,

1779 3667 2135 3738 crucifigitur.
2194 3666 2390 3734 Quaero
2425 3666 2591 3736 igitur
2638 3679 2877 3730 crucem,
2914 3670 2970 3718 et
3002 3677 3184 3730 quaero
3213 3678 3341 3717 nuru

1781 3759 1923 3816 forte
1948 3774 2083 3815 crux
2119 3758 2190 3813 sit
2239 3759 2400 3813 timor
2452 3757 2568 3813 Dei.
2602 3757 2814 3810 Etenim
2865 3753 3116 3809 Salvator
3157 3754 3340 3810 dixit;

1786 3872 1804 3903 ι
1835 3852 1937 3919 Qui
1966 3865 2072 3906 non
2119 3850 2317 3919 accipit
2351 3865 2563 3904 crucem
2592 3864 2743 3903 suam
2764 3886 2779 3912 ,
2830 3856 2885 3901 et
2936 3844 3181 3915 sequitur
3232 3859 3340 3903 me.

1779 3958 1889 4000 nou
1921 3954 2005 4001 est
2032 3959 2116 3998 me
2162 3942 2356 4011 dignus
2398 3942 2512 3994 ⁸³.»
2570 3940 2955 4011 Smpenumero
3007 3940 3255 3995 timorem
3308 3955 3339 3993 a

1780 4032 2067 4087 dilectione
2090 4031 2438 4087 distinximus
2458 4071 2474 4095 ,
2519 4030 2942 4099 diligentemque
2968 4029 3189 4084 timente
3217 4044 3342 4100 per-

1780 4123 2059 4179 fcmiorem
2091 4136 2213 4178 esse
2241 4122 2502 4185 diximus,
2534 4130 2588 4175 et
2626 4122 2995 4175 necessarium
3025 4136 3146 4174 esse
3180 4122 3339 4176 timo-

1782 4232 1895 4270 rem
1928 4230 2027 4284 pro
2058 4214 2481 4269 introduCtione.
2532 4213 2635 4269 Ubi
2665 4223 2843 4267 autem
2892 4214 3133 4281 ingressa
3174 4211 3340 4268 fuerit

1786 4326 1805 4358 ι
1830 4305 2069 4375 perfecta
2098 4304 2363 4370 charitas,
2403 4304 2547 4358 foras
2569 4303 2735 4357 mittit
2768 4303 3016 4357 timorem
3049 4302 3115 4357 “.
3144 4321 3164 4355 ι
3192 4303 3340 4371 Quo-

98 4404 285 4473 φόϐον.
337 4423 358 4456 ι
408 4404 559 4457 Ἐπεὶ
597 4404 774 4456 τοίνυν
812 4403 1121 4475 εὑρίσκεται
1161 4404 1563 4476 καθηλούμενος
1609 4408 1673 4460 ὲκ

1798 4399 1923 4450 liam
1960 4396 2121 4466 igitur
2145 4395 2331 4463 justus
2362 4395 2557 4449 timore
2587 4409 2616 4447 a
2644 4394 2754 4451 Deo
2778 4393 3024 4449 conﬁxus
3050 4394 3337 4464 reperitur,

95 4495 190 4549 τοῦ
247 4495 414 4567 φόϐου
464 4496 568 4549 ὑπὸ
609 4495 702 4549 τοῦ
746 4496 880 4550 Θεου
914 4498 943 4548 6
974 4496 1200 4561 δίκαιος,
1247 4495 1412 4567 ζητῶ,
1462 4500 1671 4569 μήποτε

95 4589 125 4642 6
162 4590 259 4658 μὲν
317 4587 715 4660 σταυρούμενος
764 4589 1005 4657 φοϐεῖται
1051 4589 1450 4661 καθηλούμενος
1488 4592 1552 4644 ὲκ
1577 4590 1670 4643 τοῦ

96 4680 285 4748 φόϐου,
344 4681 431 4733 ἵνα
471 4678 720 4753 νεκρώσῃ
750 4681 817 4734 τά
864 4681 999 4752 μέλη
1026 4681 1091 4734 τά
1122 4682 1212 4735 ἐπὶ
1235 4682 1334 4753 τῆς
1365 4683 1485 4752 γῆς·
1512 4683 1673 4754 ἡνίκα

96 4769 139 4823 δ’
156 4772 223 4826 ἂν
248 4772 378 4845 ἔλθῃ
410 4772 644 4844 ὴτελεία
665 4772 874 4845 ἀγάπη,
900 4772 1239 4846 καθαιρεῖται
1258 4775 1366 4828 ἀπὸ
1386 4775 1480 4828 τοῦ
1508 4793 1671 4830 σταυ-

104 4862 524 4933 ροῦ,θάπτεται,
556 4867 621 4917 ἐκ
653 4863 860 4935 νεκρῶν
892 4865 1183 4936 ἐγείρεται,
1215 4866 1281 4919 ἶν’
1306 4867 1363 4919 ὲν
1397 4867 1672 4939 καινότητι

102 4953 242 5026 ζωῆς
272 4957 643 5029 περιπατήσῃ.
675 4956 858 5009 οὐκέτι
881 4957 1018 5010 κατὰ
1040 4956 1223 5027 φόϐον,
1246 4957 1379 5011 ἀλλά
1406 4962 1546 5013 κατά
1572 4960 1671 5031 τὴν

103 5046 321 5118 ἀγάπην
352 5047 453 5118 τὴν
482 5048 536 5100 ὲν
566 5047 783 5119 Χριστῷ
820 5048 1010 5117 Ἰησοῦ.

183 5138 471 5207 Ἐποίησα
495 5140 675 5208 κρίμα
698 5139 795 5192 καὶ
828 5139 1236 5209 δικαιοσύνην
1281 5143 1366 5212 μὴ
1395 5144 1670 5212 πῳαδῷζ·

96 5243 172 5294 με
195 5228 320 5295 τοῖς
344 5228 625 5284 ἀδικοῦσί
654 5247 752 5299 με,
791 5248 843 5285 κ.
867 5232 980 5284 τ.ὲ.
1010 5232 1135 5296 Πῶς
1165 5229 1259 5287 οὖν
1296 5233 1414 5287 Ἰὼϐ
1440 5221 1668 5307 ποιήσας

104 5316 275 5387 κρίμα
306 5320 405 5372 καὶ
453 5318 815 5391 δικαιοσύνην,
850 5319 925 5382 ὡς
958 5319 1117 5383 αὐτὸς
1143 5321 1173 5372 6
1205 5320 1408 5391 Κύριος
1436 5320 1669 5393 ἐμαρτύ-

109 5419 259 5475 ρησε,
290 5408 556 5480 παρεδόθη
585 5412 696 5473 τοῖς
723 5408 994 5463 ἀδικοῦσιν
1026 5410 1219 5475 αὐτόν;
1268 5410 1340 5462 Ἦ
1365 5409 1464 5481 τὴν
1493 5410 1668 5482 ψυχὴν

108 5496 283 5561 αὐτοῖς
311 5500 373 5551 οὐ
409 5500 652 5571 βούλεται
702 5501 1105 5573 παραδίδοσθαι·
1150 5500 1400 5573 σώματος
1439 5503 1546 5574 γὰρ
1574 5503 1669 5557 καὶ

109 5590 396 5657 κτημάτων
436 5596 464 5646 6
490 5593 689 5657 δίκαιος
706 5588 845 5646 οἶδεν
876 5596 1252 5665 καταφρονεῖν.

1779 4509 1962 4564 quer
1979 4508 2102 4548 num
2134 4492 2276 4549 forte
2308 4492 2601 4548 cruciﬁxus
2634 4491 2852 4563 quidem
2881 4487 3066 4548 timeat
3093 4494 3340 4550 confixus

1780 4585 1997 4651 timore,
2041 4594 2099 4638 ut
2133 4584 2425 4640 mortificet
2476 4585 2716 4640 membra
2758 4599 2853 4639 sua
2883 4600 3001 4654 qua:
3029 4595 3154 4641 sunt
3177 4603 3339 4658 super

1779 4687 2011 4742 terram;
2054 4677 2276 4745 quando
2315 4688 2496 4730 autem
2539 4678 2747 4731 venerit
2793 4678 3031 4747 perfecta
3072 4678 3335 4736 charitas.

1778 4768 2080 4838 dpsnatur
2106 4770 2173 4825 de
2197 4782 2377 4834 cruce,
2406 4768 2717 4838 sepeliatur,
2765 4785 2795 4823 a
2831 4769 3065 4825 mortuis
3105 4773 3337 4828 suscite-

1778 4867 1886 4923 tur,
1936 4870 1997 4914 ut
2047 4860 2102 4915 in
2152 4864 2392 4917 novitate
2442 4862 2570 4916 vita:
2619 4861 2894 4927 ambulet,
2945 4878 3051 4919 non
3098 4864 3334 4933 amplius

1775 4950 2072 5005 secundum
2099 4951 2375 5019 timorem,
2401 4953 2495 5009 sed
2517 4953 2816 5011 secundum
2844 4953 3187 5010 dilectionem
3213 4970 3335 5027 qua:

1775 5054 1860 5099 est
1883 5043 1935 5095 in
1963 5041 2180 5098 Christo
2203 5043 2353 5099 Jesu.

1847 5134 2012 5190 Vens.
2043 5136 2164 5191 121.
2199 5134 2328 5190 Feci
2341 5136 2606 5207 judicium
2627 5147 2673 5193 et
2691 5137 2960 5206 justitiam
2979 5153 3000 5190 :
3024 5155 3129 5193 non
3150 5141 3332 5194 tradas

1774 5242 1856 5280 me
1898 5227 2341 5284 calumniantibus
2383 5246 2485 5295 me,
2519 5242 2629 5287 etc.
2679 5232 2962 5298 Quomodo
3008 5232 3173 5302 igitur
3228 5231 3332 5288 Job

1773 5317 1886 5386 qui,
1932 5328 1994 5370 ut
2046 5327 2278 5375 testatus
2319 5329 2405 5376 est
2450 5322 2732 5387 Dominus,
2783 5321 2915 5376 fecit
2964 5321 3229 5391 judicium
3276 5334 3331 5380 et

1769 5410 2066 5479 justitiam,
2118 5413 2347 5467 traditus
2391 5422 2478 5468 est
2521 5412 2972 5468 calumniantibus
3025 5412 3122 5469 se?
3165 5412 3329 5469 Certe
3390 5399 3394 5405 ’

1775 5503 2009 5555 animam
2053 5502 2160 5558 illis
2195 5504 2334 5559 tradi
2383 5518 2489 5558 non
2533 5504 2670 5560 vult.
2707 5503 2914 5574 Corpus
2941 5504 3087 5560 enim
3111 5513 3168 5561 et
3190 5503 3328 5562 divi-

1775 5592 1876 5646 tias
1898 5592 2077 5659 justus
2106 5594 2254 5647 novit
2272 5604 2640 5653 contemnere.
2805 5598 2813 5607 '

181 5682 223 5712 "
259 5681 413 5739 Rom.
444 5702 495 5753 v,
525 5686 579 5743 5.
653 5689 699 5720 ⁸¹
724 5687 923 5759 Ephes.
956 5702 1027 5753 \‘t,
1058 5689 1147 5743 12.
1227 5688 1273 5720 ⁵³
1302 5688 1491 5745 Matth.
1526 5706 1581 5756 κ,
1608 5689 1677 5746 '58

1793 5690 1822 5721 ιθ
1850 5690 1870 5744 ι
1896 5688 2053 5745 Joan.
2091 5706 2161 5758 iv,
2189 5691 2277 5749 18.
