3928 6158
562 226 703 282 4615
1929 220 2023 277 EX
2061 220 2131 277 Οῐ

2245 221 2366 277 ΞΝΕ
3722 219 3873 277 1616

635 348 796 404 Vens.
843 340 966 397 125.
1036 339 1232 397 Servus
1256 348 1377 393 tuus
1404 354 1522 393 sum
1553 354 1646 409 ego
1673 358 1693 398 :
1720 342 1790 394 da
1818 340 1947 394 mihi
1971 340 2123 396 intet-

2300 340 2527 406 Δοῦλός
2548 352 2665 393 σου
2685 338 2802 408 εἰμὶ
2825 337 2958 409 ἐτὼο
2989 338 3325 395 συγέτισόν
3343 354 3429 408 με
3452 331 3558 395 καί
3608 341 3869 409 Triae-0.

558 442 751 497 lectum
791 446 843 492 et
876 437 1038 490 sciam
1069 435 1369 489 testimonia
1403 443 1520 498 tua,
1550 442 1657 489 etc.
1709 432 1902 490 Nullus
1940 449 2131 489 servus

2245 451 2333 490 uat
2359 433 2750 502 τὼμαρτύριὰ
2797 447 2934 497 σου,
2994 450 3049 487 κ.
3078 450 3130 489 τ.
3165 434 3214 488 ἑ.
3257 431 3457 496 Οὐδεὶς
3500 432 3719 497 δοῦλος
3766 436 3872 505 τῆς

560 527 769 601 peccati
796 541 989 583 servus
1012 535 1095 582 est
1122 526 1239 582 Dei.
1287 526 1389 592 Qui
1431 541 1561 597 ergo
1608 528 1777 582 servit
1818 528 1866 582 ei
1899 529 1954 582 in
1981 529 2127 583 omni

2245 527 2505 598 ὶμαρτίας
2532 524 2716 589 δοῦλός
2735 528 2851 579 ἐστι
2869 523 2964 579 τοῦ
2981 524 3138 579 Θεοῦ·
3169 528 3198 579 ὁ
3217 520 3314 580 οὖν
3328 524 3617 580 δουλεύων
3652 528 3723 579 ὲν
3752 530 3868 582 πά-

561 621 776 679 actione
826 637 891 677 ac
943 621 1292 689 cogitatione,
1356 621 1562 676 faciens
1609 621 1791 675 omnia
1835 624 2129 677 secundum

2245 636 2303 694 πῃ
2326 619 2521 690 πράξει
2547 618 2640 672 καὶ
2663 618 2959 689 διανοήσει,
2977 618 3147 671 ποιῶν
3172 618 3358 672 πάντα
3383 617 3534 672 κατά
3557 618 3671 671 τὸν
3696 619 3870 688 λάινον

559 715 785 771 verbum
827 713 964 782 ejus,
1001 714 1091 769 hic
1115 713 1261 769 dicat
1294 731 1307 767 :
1339 730 1359 765 ι
1380 712 1585 769 Servus
1632 724 1758 769 tuus
1787 729 1905 768 sum
1936 728 2055 785 ego.
2104 734 2124 767 ι

2245 711 2419 776 κὺτοῦ,
2448 706 2600 775 οὗτος
2622 711 2844 779 λεγέτω·
2873 728 2892 762 ι
2928 709 3123 774 Δοῦλὸς
3143 727 3238 766 σου
3269 711 3389 783 είμὶ
3417 710 3556 779 ἐγώ.
3606 731 3633 766 ι
3663 713 3867 767 Τοιοῦ-

560 806 712 864 Talis
740 822 863 862 cum
897 815 1043 862 esset
1078 804 1369 876 Propheta,
1411 805 1465 860 in
1504 806 1808 861 mercedem
1854 805 2131 862 servitutis

562 915 674 956 sua:
727 898 968 973 postulat
1001 896 1174 955 illud:
1216 898 1335 951 «Da
1393 897 1527 952 mihi
1575 897 1977 953 intellectum.)
2034 898 2131 953 Est

559 993 705 1050 enim
745 990 1060 1048 intellectus
1091 988 1179 1046 ille
1208 1005 1237 1043 a
1271 990 1383 1045 Deo
1406 990 1636 1045 donatus
1659 990 1750 1060 qui
1782 992 1923 1058 apud
1962 991 2129 1045 Deum

558 1085 715 1155 quasi
740 1084 793 1141 in
819 1083 1060 1139 thesauri
1092 1083 1339 1138 custodia
1368 1082 1674 1151 deponitur.
1700 1081 1936 1152 Spiritus
1960 1083 2129 1147 enim,

559 1177 753 1250 inquit,
795 1175 1080 1248 sapientia:
1111 1184 1168 1230 et
1200 1173 1524 1241 intellectus,
1560 1183 1614 1231 et
1640 1184 1831 1230 caetera
1864 1174 2129 1230 bonorum

561 1270 701 1325 dona
732 1281 896 1337 super
919 1280 1042 1324 eum
1076 1264 1439 1335 requiescent.

629 1355 798 1412 Vsus.
829 1355 949 1411 l26.
976 1354 1196 1422 Tempus
1219 1353 1450 1423 faciendi
1475 1353 1722 1420 Domino,
1748 1356 2131 1424 dissipaverunt

557 1449 723 1523 legem
750 1460 921 1514 tuam,
958 1458 1067 1505 etc.
1097 1448 1334 1520 Tempus
1362 1459 1444 1506 est
1472 1449 1831 1506 correctionis
1880 1449 2129 1513 Domino,

561 1553 774 1613 tempus
809 1539 1064 1597 videlicet
1105 1541 1362 1597 vindictae
1392 1542 1689 1613 capiendae.
1739 1541 2130 1607 Dissolverunt,

557 1642 772 1700 irritam
806 1640 1059 1698 fecerunt
1086 1637 1261 1711 legem
1289 1646 1432 1691 tuam
1477 1637 1671 1706 iniqui.
1724 1635 2127 1708 Symmachus:

2229 819 2323 866 τος
2340 800 2415 855 ὣν
2439 802 2792 873 ὁΠροφήτης,
2832 798 2975 866 ἀξιοί
3007 799 3197 869 μισθὸν
3225 798 3414 855 λαδεῖν
3442 800 3554 872 τῆς
3585 799 3865 867 δουλείας

2232 895 2310 948 τό·
2357 914 2375 946 ι
2423 893 2707 948 Συνέτισόν
2761 909 2848 964 με.
2889 911 2908 943 ι
2953 893 3108 945 Ἐστι
3161 891 3271 963 γὰρ
3305 893 3533 959 σύνεσις
3578 895 3857 970 διδομένη

2231 987 2338 1042 ἀπὸ
2369 987 2526 1054 Θεοῦ,
2558 986 2591 1058 ἣ
2628 986 2914 1041 ἀπόκειται
2948 985 3098 1055 παρά
3120 985 3199 1057 τῷ
3217 985 3339 1057 Θεῷ
3357 986 3437 1057 ᾡς
3473 989 3536 1040 ἐν
3570 987 3858 1061 θησαυρο-

2233 1079 2496 1151 φυλακίῳ.
2537 1080 2762 1149 Πνεῦμα
2791 1077 2922 1150 γὰρ,
2967 1079 3121 1149 φησι,
3158 1079 3352 1147 σοφίας
3394 1080 3504 1133 καὶ»
3535 1081 3849 1146 συνέσεως,

2233 1172 2326 1225 καὶ
2346 1173 2415 1227 τά
2443 1172 2570 1243 ἑξῆς
2594 1171 2701 1226 τῶν
2730 1170 2951 1242 ἀγαθῶν
2977 1171 3288 1243 χαρίσματα
3326 1174 3738 1228 ἀναπαύσεται
3763 1177 3851 1229 ἐπ’

2235 1265 2418 1319 αὐτόν.

2303 1359 2522 1427 Καιρὸς
2549 1359 2657 1414 τοῦ
2692 1359 2939 1429 ποιῆσαι
2954 1357 3033 1425 τῷ
3048 1360 3261 1428 Κυρίῳ,
3289 1359 3731 1416 διεσκέδασαν
3744 1362 3849 1415 τὰ-

2232 1453 2421 1521 νόμον
2442 1468 2579 1516 σου,
2608 1470 2662 1507 κ.
2691 1469 2741 1505 τ.
2767 1453 2813 1505 ὲ.
2847 1452 3054 1524 Καιρός
3070 1454 3185 1506 ἐστι
3210 1452 3407 1524 χρόνος
3430 1452 3848 1525 κατορθώσεως

2233 1544 2312 1616 τῷ
2349 1546 2556 1616 Κυρίῳ,
2594 1534 2687 1600 τοῦ
2712 1546 2931 1618 ποιῆσαι
2961 1546 3237 1617 ἐκδίκησιν
3278 1547 3557 1619 δηλονότι.
3592 1550 3849 1603 Kasta»-

2236 1653 2355 1700 σαν,
2389 1637 2662 1709 ἠθέτησαν
2692 1639 2783 1692 τὸν
2813 1640 2974 1710 νόμον
3015 1657 3107 1693 σου
3142 1644 3190 1695 οί
3222 1644 3569 1714 παράνομοι.
3602 1643 3848 1714 Σύμμα-

562 1751 583 1787 ι
612 1732 850 1805 Tempus
893 1729 1129 1789 faciendi
1177 1729 1428 1793 Domino,
1478 1728 1606 1797 quia
1646 1729 1920 1798 dissipant
1960 1727 2130 1798 legem

2245 1746 2350 1799 χοςσ
2404 1749 2422 1782 ι
2453 1730 2661 1801 Καιρὸς
2703 1731 2910 1803 πρᾶξαι
2956 1732 3036 1803 τῷ
3080 1732 3290 1805 Κυρίῳ,
3320 1735 3406 1788 ὅτι
3436 1735 3846 1790 σκεδαννύουσι

563 1836 733 1882 tuam.
763 1842 785 1878 ι
819 1824 1015 1894 Aquila
1047 1837 1062 1876 :
1095 1840 1114 1875 ι
1143 1823 1572 1893 Ahrogaverunt.
1601 1840 1619 1873 ι

628 1920 796 1975 Vens.
858 1916 983 1973 128.
1038 1914 1330 1983 Propterea
1381 1916 1450 1968 ad
1495 1916 1673 1970 omnia
1727 1915 1983 1968 mandata
2042 1923 2133 1969 tua

567 2011 878 2082 dirigebar:
914 2024 1116 2064 omnem
1165 2007 1303 2061 viam
1347 2008 1583 2079 iniquam
1631 2008 1753 2061 adio
1803 2008 1983 2075 habui,
2021 2019 2129 2067 etc.

561 2105 665 2173 Qui
699 2104 882 2159 omnia
921 2101 1179 2157 mandata
1216 2117 1321 2156 non
1366 2101 1625 2165 servavit,
1683 2101 1728 2156 is
1774 2117 1873 2156 nec
1915 2117 2132 2156 omnem

561 2200 702 2254 viam
739 2197 983 2267 iniquam
1017 2195 1142 2250 odio
1172 2194 1382 2249 habuit.
1437 2191 1495 2247 Si
1530 2208 1659 2249 vero
1702 2194 1796 2263 qui
1848 2195 2000 2248 timet
2031 2194 2134 2249 Do-

560 2288 793 2355 minum,
826 2288 952 2342 odio
992 2286 1158 2342 habet
1207 2284 1572 2355 iniquitatem.
1638 2285 1727 2341 hic
1767 2295 1949 2341 autem
1988 2286 2132 2341 illam

560 2382 687 2439 odio
733 2395 845 2439 non
899 2380 1113 2445 habuit,
1174 2393 1283 2433 non
1336 2378 1489 2432 timet
1516 2376 1825 2433 Dominum.
1876 2378 1978 2446 Qui
2026 2395 2132 2434 non

560 2476 740 2541 timet,
766 2489 873 2531 non
910 2473 1104 2528 beatus
1142 2480 1254 2538 est,
1331 2467 1622 2541 siquidem,
1665 2489 1683 2521 ι
1707 2470 1899 2526 beatus
1927 2471 2012 2525 vir
2041 2471 2133 2542 qui

560 2566 717 2623 timet
748 2564 1040 2620 Dominum
1067 2563 1135 2618 ⁸⁵.
1169 2580 1188 2617 ›
1237 2562 1341 2630 Qui
1385 2562 1641 2616 mandata
1674 2561 1768 2617 Del
1795 2561 1990 2633 diligit,
2017 2577 2136 2618 om-

564 2672 686 2714 nem
729 2658 845 2713 odit
889 2655 1186 2722 malitiam,
1227 2661 1415 2723 utpote
1461 2652 1542 2709 eis
1589 2654 1939 2709 contrariam.
1979 2654 2134 2710 Nulla

562 2752 710 2807 enim
759 2748 995 2805 societas
1032 2747 1221 2801 virtuti
1266 2760 1391 2801 cum
1425 2744 1662 2815 malitia,
1688 2746 1797 2803 luci
1825 2763 1947 2804 cum
1981 2760 2132 2805 tene-

561 2840 696 2905 bris,
729 2839 951 2895 sanitati
984 2851 1108 2893 cum
1140 2838 1349 2893 morbo.

635 2931 804 2989 Vsus.
834 2930 958 2986 129.
992 2928 1265 2985 Mirabilia
1291 2929 1587 2985 testimonia
1619 2938 1733 2995 tua,
1754 2930 1870 2984 ideo
1894 2942 2131 2988 scrutata

2232 1821 2325 1877 τὸν
2348 1823 2512 1894 νόμον
2541 1840 2654 1877 σου.
2685 1844 2705 1877 ι
2744 1823 2992 1888 Ἀκύλας·
3023 1843 3042 1877 ι
3084 1825 3426 1898 Ἦκύρωσαν.
3466 1848 3489 1882 ι

2303 1915 2405 1970 Διὰ
2428 1916 2606 1972 τοῦτο
2629 1916 2778 1986 πρὸς
2803 1916 3006 1983 πάσας
3025 1917 3129 1984 τὰς
3152 1919 3409 1987 ἐντολάς
3451 1939 3585 1978 σου
3614 1942 3845 1994 recrep-

2234 2010 2483 2078 θούμην,
2516 2008 2725 2064 πᾶσαν
2769 2009 2915 2064 ὀὸὸν
2951 2009 3158 2064 ἄδικον
3172 2012 3464 2081 ἐμίσησα,
3504 2033 3569 2068 κ.
3599 2033 3661 2070 τ.
3697 2016 3748 2071 ἒ.
3791 2019 3844 2071 ὀ

2237 2100 2311 2171 μὴ
2334 2102 2513 2165 πάσας
2543 2102 2642 2164 τὰς
2674 2099 2894 2164 ὲντολάς
2934 2100 3287 2173 κατορθώσας
3324 2104 3452 2158 οὐδὲ
3491 2109 3695 2161 πᾶσαν
3727 2109 3841 2161 ὁδὸν

2234 2191 2416 2247 ἄδικον
2449 2193 2729 2265 ἐμίσησεν.
2761 2195 2824 2249 Ei
2862 2194 2918 2249 δὲ
2947 2198 2975 2250 ό
3003 2197 3332 2268 φοϐούμενος
3360 2197 3456 2252 τὸν
3498 2200 3728 2273 Κύριον
3757 2221 3840 2274 μι-

2235 2285 2319 2336 σεῖ
2350 2282 2582 2348 ἀδικίαν,
2618 2279 2772 2349 οὗτος
2806 2285 2864 2339 δὲ
2888 2287 2989 2339 ούκ
3025 2288 3306 2361 ἐμίσησεν,
3340 2290 3407 2343 ού
3437 2291 3707 2359 φοϐεῖται
3754 2294 3837 2349 τὸν

2234 2374 2459 2447 Κύριον.
2506 2377 2563 2429 '0
2604 2378 2663 2431 δὲ
2713 2379 2787 2451 μὴ
2830 2379 3161 2451 φοϐούμενος
3201 2383 3262 2435 ού
3296 2386 3602 2456 μακάριος,
3658 2389 3829 2460 εἴπερ,

2240 2485 2260 2518 t
2307 2469 2591 2540 Μακάριος
2619 2471 2648 2524 ό
2678 2470 3008 2543 φοϐούμενος
3031 2473 3120 2526 τὸν
3143 2474 3365 2546 Κύριον.
3410 2497 3430 2529 ι
3475 2478 3540 2530 Ὀ
3566 2479 3674 2542 τὰς
3694 2480 3831 2533 ἐντομ-

2234 2558 2334 2624 λάς
2361 2560 2454 2615 τοῦ
2484 2561 2621 2615 Θεοῦ
2658 2564 2887 2633 ἀγαπῶν
2917 2569 3067 2636 μισεῖ
3095 2569 3271 2622 πᾶσαν
3298 2568 3530 2634 κακίαν,
3568 2571 3651 2634 ὡς
3688 2573 3828 2625 ἀντι-

2234 2652 2499 2724 κειμένην
2523 2654 2731 2719 αύταίς.
2770 2656 3108 2729 Ἀσύμϐατον
3144 2658 3252 2730 γὰρ
3282 2660 3457 2733 ἀρετὴ
3481 2662 3586 2716 καὶ
3638 2665 3825 2728 κακία,

2235 2745 2354 2815 φῶς
2385 2746 2480 2800 καὶ
2502 2748 2712 2812 σκότος,
2739 2748 2898 2818 ὑγεία
2930 2749 3025 2803 καὶ
3059 2751 3234 2815 νόσος.

2306 2930 2629 3000 Θαυμαστὰ
2662 2932 2735 2987 τὰ
2756 2935 3052 3003 μαρτύριά
3078 2951 3214 3002 σου,
3239 2936 3339 2992 διὰ
3364 2938 3554 2995 τοῦτο
3585 2940 3825 3010 ἐξηζεύ-

559 3039 633 3083 est
667 3044 730 3082 ea
766 3024 947 3081 anima
976 3038 1112 3083 mea,
1152 3030 1258 3075 etc.
1285 3020 1423 3088 Quia
1454 3036 1646 3093 magna
1668 3035 1791 3077 cum
1825 3021 1935 3076 sint
1968 3024 2131 3097 812

2245 3038 2429 3090 ν-ησεν
2469 3024 2623 3080 αὐτὰ
2666 3028 2705 3095 ἡ
2750 3028 2920 3098 ψυχή
2944 3047 3085 3099 μου,
3127 3048 3180 3084 κ.
3225 3049 3273 3084 τ.
3312 3031 3357 3084 ἑ.
3410 3032 3574 3087 Ἐπεὶ
3620 3036 3825 3105 μεγάλα

564 3120 873 3179 testimonia
905 3128 995 3172 tua
1022 3117 1351 3188 uberemque
1377 3132 1592 3172 sensum
1623 3116 1879 3183 habeant,
1915 3119 2134 3173 mirabi-

563 3216 632 3270 lia
696 3222 847 3276 sunt,
890 3210 1094 3265 idcirco
1130 3226 1237 3264 non
1281 3208 1577 3277 vulgariter
1627 3209 1695 3264 iis
1751 3209 1989 3275 attendo,
2040 3210 2133 3265 sed

562 3303 751 3363 sedulo
780 3304 871 3359 illa
902 3309 1275 3373 perscrutatur
1303 3301 1480 3354 anima
1525 3315 1664 3356 mea.
1718 3300 1853 3358 Cum
1899 3303 2044 3356 enim
2072 3316 2132 3355 ea

561 3393 959 3465 contemplatus
1004 3392 1156 3448 luero
1181 3432 1196 3457 ,
1239 3390 1503 3460 meipsum
1539 3392 1696 3447 video
1734 3391 2027 3461 plurimum
2067 3396 2135 3449 ab

563 3500 756 3543 eorum
784 3483 1095 3556 cognitione
1122 3494 1387 3538 remotum
1419 3497 1539 3539 esse
1558 3523 1574 3551 ,
1611 3493 1666 3538 et
1698 3484 1894 3539 iterum
1922 3484 1990 3539 iis
2016 3487 2135 3540 ani-

566 3594 714 3634 mum
764 3577 984 3648 adjicio.
1037 3575 1242 3633 Deinde
1277 3588 1507 3632 cernens
1557 3590 1643 3632 me
1703 3575 1792 3633 vix
1838 3577 1893 3632 in
1946 3592 2131 3635 eorum

565 3669 967 3727 introductione
998 3669 1227 3736 versari,
1254 3670 1429 3725 denuo
1450 3682 1568 3724 eam
1596 3669 1751 3738 cuius
1778 3683 1953 3740 capax
1988 3685 2130 3737 sum,

566 3764 967 3837 inquisitionem
1005 3762 1226 3816 intendo
1249 3802 1264 3828 ,
1300 3761 1470 3817 donec
1513 3761 1779 3833 integrann
1810 3763 2134 3834 cognitionis

564 3872 755 3915 eorum
775 3856 1063 3912 veritatem
1096 3854 1394 3908 obtineam.

635 3947 803 4005 Vens.
832 3948 955 4006 131.
987 3944 1064 4003 Os
1088 3961 1259 4000 meum
1282 3944 1500 4012 aperui,
1542 3954 1590 3999 et
1628 3948 1827 4001 attraxi
1865 3949 2128 4016 spiritum,

563 4043 690 4114 quia
711 4039 966 4095 mandata
1004 4046 1096 4091 tua
1123 4035 1511 4101 desiderabam,
1559 4044 1668 4091 etc.
1713 4036 1819 4104 Qui
1844 4054 1943 4110 per
1969 4054 2131 4108 Opera

562 4133 782 4206 aperuit
814 4147 931 4199 cor,
967 4131 1197 4186 attrahit
1233 4130 1494 4199 Spiritum
1527 4137 1775 4183 sanctum
1803 4131 2128 4186 revelantem

564 4230 612 4285 ei
646 4227 912 4299 mysteria
954 4223 1072 4278 Dei.
1106 4222 1179 4279 Os
1206 4224 1400 4278 anima:
1426 4237 1558 4277 mea:
1589 4230 1674 4277 est
1715 4223 1988 4294 cogitatio.
2019 4223 2131 4281 Hoc

566 4320 735 4392 igitur
766 4316 925 4372 malis
963 4315 1385 4386 cogitationibus
1415 4313 1684 4381 clausum,
1732 4316 1918 4384 aperui
1951 4315 2127 4384 bonis,

2233 3117 2365 3171 ὄντα
2397 3120 2491 3172 καὶ
2513 3118 2678 3174 πολὺν
2704 3119 2891 3191 ἔχοντα
2917 3121 3040 3176 νοῦν
3068 3122 3135 3176 τά
3156 3122 3438 3196 μαρτύριά
3466 3143 3592 3190 σου,
3619 3128 3824 3200 θαυμα-

2236 3210 2336 3263 στά
2356 3213 2492 3274 ἐστι,
2513 3211 2703 3264 τούτου
2735 3214 2893 3284 χάριν
2907 3215 3006 3285 ούχ
3028 3215 3103 3279 ὡς
3118 3215 3305 3285 ἔτυχεν
3334 3217 3524 3281 αὐτοῖς
3552 3223 3821 3292 προσέχω,

2233 3301 2348 3355 ἀλλ’
2382 3303 2783 3374 ἐπιτεταμένως
2813 3304 3067 3377 ἐξερευνᾷ
3101 3308 3238 3361 αύτά
3270 3310 3304 3379 ἡ
3345 3308 3493 3383 ψυχή
3526 3331 3656 3382 μου·
3693 3316 3821 3386 ἔχων

2233 3393 2341 3467 γὰρ
2360 3394 2455 3468 τὴν
2487 3396 2667 3450 αὐτῶν
2696 3396 2949 3471 θεωρίαν,
2981 3399 3094 3471 ὁρῶ
3135 3401 3369 3472 ἐμαυτὸν
3401 3404 3545 3458 πολὺ
3577 3408 3682 3479 τῆς
3710 3410 3817 3462 ἐπι-

2236 3487 2451 3559 στήμης
2496 3487 2673 3541 αὐτῶν
2725 3490 3173 3565 ἀπολειπόμενον,
3216 3495 3309 3547 καὶ
3350 3494 3615 3570 δεύτερον
3644 3505 3818 3566 αὑτοῖς

2234 3575 2528 3630 ἐπιϐάλλωο
2572 3572 2690 3630 εἷτα
2719 3579 2878 3636 πάλιν
2927 3580 3091 3654 ὀρῶν,
3116 3584 3198 3638 ὅτι
3247 3585 3406 3655 μόγις
3442 3587 3502 3641 ὲν
3541 3591 3812 3663 εἰσαγωγῇ

2234 3668 2410 3723 αὐτῶν
2426 3669 2676 3757 ὑπάρχω,
2699 3673 2952 3728 ἐπιτείνω
2968 3675 3148 3730 τοίνυν
3174 3679 3528 3751 ὲγχωροῦσάν
3558 3700 3653 3753 μοι
3675 3686 3813 3757 ἔρεθε

2235 3777 2353 3824 ναν,
2383 3761 2489 3827 ἓως
2512 3755 2574 3815 οῦ
2621 3765 2721 3835 τὴν
2743 3764 3220 3841 ἀκραιφνεστάτην
3247 3770 3347 3842 τῆς
3379 3755 3809 3848 ἐπιστήμηςήύ

2232 3852 2341 3905 τῶν
2368 3851 2475 3919 ἔξω
2502 3853 2780 3926 ἀλήθειαν.

2307 3946 2381 4001 Τὸ
2411 3950 2606 4018 στόμα
2627 3967 2747 4019 μου
2787 3949 3002 4019 ἤνοιξα
3028 3954 3128 4007 καί
3147 3954 3403 4010 εἶλκυσα
3430 3957 3696 4030 πνεῦμα,
3734 3962 3805 4016 ὅτι

2233 4039 2340 4105 τὰς
2369 4039 2622 4106 ἐντολάς
2649 4055 2766 4096 σου
2796 4041 3152 4111 ἐπεπόθουν,
3205 4064 3259 4099 κ.
3306 4063 3357 4099 τ.
3392 4050 3441 4103 ἐ.
3496 4051 3558 4104 Ὀ
3604 4055 3806 4119 ἀνοίξας

2231 4130 2317 4183 διὰ
2342 4131 2441 4202 τῆς
2468 4135 2777 4205 πρακτικῆς
2802 4134 2898 4207 τὴν
2932 4135 3175 4209 καρδίαν,
3197 4138 3342 4193 ἕλκει
3369 4141 3431 4193 τὸ
3459 4141 3619 4211 ἅγιον
3649 4146 3804 4200 Πνεῦο

2237 4240 2311 4294 μα
2337 4224 2397 4277 τὸ
2424 4225 2805 4281 ἀποκαλύπτον
2836 4229 2984 4300 αὐτῷ
3004 4229 3075 4283 τὰ
3108 4234 3380 4304 μυστήρια
3407 4235 3505 4289 τοῦ
3539 4236 3701 4293 Θεοῦ.
3744 4239 3805 4293 Τὸ

2236 4315 2408 4387 στόμα
2447 4319 2548 4390 τῆς
2604 4316 2781 4389 ψυχῆς
2836 4338 2936 4391 μου
2997 4322 3145 4376 ἐστὶν
3174 4325 3207 4396 ἡ
3238 4324 3467 4380 διάνοια.
3519 4328 3697 4383 Τοῦτο
3723 4327 3802 4385 οὖν

564 4421 620 4468 et
649 4414 854 4470 attraxi
892 4412 1154 4482 Spiritum
1187 4413 1530 4481 intellectus,
1579 4414 1770 4486 gratiae
1813 4422 1869 4470 et
1919 4415 2131 4484 sapien-

2245 4408 2455 4474 κλείσας
2480 4414 2592 4475 τοῖς
2618 4415 2873 4483 πονηροῖς
2888 4413 3186 4485 λογισμοῖς,
3211 4417 3397 4488 ἠνοιξα
3425 4423 3542 4485 τοῖς
3570 4423 3799 4491 ἀγαθοξ,

564 4509 673 4566 tia.

635 4599 912 4671 Ejusdem.
943 4595 1151 4653 Merces
1189 4596 1353 4667 igitur
1381 4596 1751 4653 concessionis
1785 4595 2020 4666 Spiritus
2049 4605 2133 4652 est

566 4691 802 4749 elocutio
830 4699 887 4747 et
921 4688 1203 4744 exsecutio
1235 4687 1615 4743 mandatorum
1657 4687 1776 4756 Dei,
1816 4691 1889 4741 ita
1941 4697 2000 4741 ut
2032 4702 2131 4744 nos

564 4782 737 4839 solum
760 4794 824 4837 os
854 4779 1187 4851 aperiamus,
1223 4788 1278 4831 et
1324 4776 1472 4832 illico
1515 4792 1546 4835 e
1591 4779 1744 4835 ctelis
1792 4779 2130 4835 attrahamus

565 4872 844 4942 Spiritum.

646 4958 801 5021 Vnus.
839 4963 964 5019 155.
1005 4960 1226 5017 στειιιιε
1277 4978 1417 5016 meos
1458 4963 1625 5033 dirige
1673 4964 1960 5018 secundum
2014 4964 2128 5019 elo-

564 5058 745 5129 quium
778 5066 949 5122 tuum,
982 5066 1035 5111 et
1079 5071 1181 5109 non
1220 5055 1517 5109 dominetur
1566 5054 1666 5108 mei
1711 5056 1876 5110 omnis
1913 5055 2130 5126 injusti-

564 5150 659 5216 tia,
684 5160 792 5205 etc.
826 5149 1000 5203 Mente
1025 5149 1302 5218 peccantis
1335 5148 1597 5221 dominari
1627 5146 1824 5202 dicitur
1844 5148 2127 5219 injustitia;

565 5257 727 5311 opere
756 5241 1182 5313 praevaricantis,
1204 5239 1656 5311 superdominari.
1681 5237 1777 5295 Vel
1810 5239 1951 5296 forte
2000 5255 2133 5309 puu-

566 5336 731 5390 lulum
766 5334 1102 5406 peccantium
1144 5334 1458 5389 dominatur
1503 5331 1791 5405 iniquitas,
1839 5332 2131 5406 plurimum

569 5440 695 5483 vero
721 5427 1058 5497 peccantium
1089 5425 1583 5498 superdominatur.

637 5675 683 5706 "
714 5672 854 5732 Psal.
880 5689 990 5741 (ιιι,
1020 5675 1071 5730 ί.

2240 4506 2332 4556 καὶ
2353 4503 2575 4558 εἴλκυσα
2598 4505 2819 4577 Πνεῦμα
2849 4508 3133 4575 συνέσεως,
3156 4511 3398 4582 χάριτος,
3429 4516 3526 4569 καὶ
3550 4520 3754 4590 σοφίας.

2314 4596 2423 4651 Τοῦ
2454 4597 2658 4653 αὐτοῦ.
2693 4598 2901 4664 Μισθὸς
2938 4600 3050 4672 ἀρα
3094 4602 3194 4673 τῆς
3225 4604 3495 4675 χορηγίας
3521 4608 3619 4663 τοῦ
3650 4611 3798 4664 Πνεῦ-

2240 4707 2406 4760 ματος
2434 4692 2467 4762 ἡ
2506 4691 2703 4762 φράσις
2736 4692 2845 4746 τῶν
2882 4694 3110 4749 ἐντολῶν
3138 4694 3231 4750 τοῦ
3259 4696 3394 4750 Θεοῦ
3428 4699 3527 4753 καὶ
3558 4703 3594 4772 η
3625 4705 3795 4774 κατόρ-

2240 4783 2426 4851 Θωσις,
2460 4784 2601 4839 ὥστε
2631 4786 2837 4853 ἀνοῖξαι
2860 4787 3020 4858 μόνον
3044 4791 3190 4860 ἡμᾶς
3208 4788 3270 4843 τδ
3296 4792 3495 4863 στόμα,
3529 4796 3626 4851 καὶ
3649 4815 3794 4868 παρα·

2239 4876 2426 4947 χρῆμα
2456 4875 2682 4947 Πνεῦμα
2699 4877 2757 4942 ὲξ
2783 4878 3026 4950 οὐρανῶν
3050 4880 3245 4935 ἕλκειν.

2315 4968 2390 5023 Τὰ
2420 4967 2747 5039 διαδήματὰ
2765 4988 2886 5039 μου
2929 4975 3298 5029 κατεύθυνον
3324 4977 3483 5033 κατὰ
3516 4979 3582 5033 τὸ
3607 4982 3795 5050 λόγιόν

2236 5076 2373 5128 σου,
2416 5060 2618 5131 καὶμὴ
2664 5065 3181 5131 κατακυριευσὰτω
3214 5085 3335 5138 μου
3377 5069 3549 5126 πᾶσα
3576 5075 3791 5145 ἀνομία,

2237 5169 2290 5206 κ.
2334 5169 2384 5205 τ.
2429 5154 2475 5206 ὲ.
2510 5152 2616 5205 Τοῦ
2648 5154 2747 5224 μὲν
2806 5154 2945 5209 κατά
2988 5156 3223 5212 διάνοιαν
3263 5161 3670 5232 ἁμαρτάνοντος
3710 5184 3794 5219 κυ-

2231 5241 2441 5314 ’ριεύειν
2468 5243 2685 5312 λέγεται
2711 5246 2744 5315 ἡ
2785 5246 3004 5318 ἀνομία’
3038 5248 3132 5301 τοῦ
3166 5248 3221 5303 δὲ
3250 5254 3375 5304 κατ’
3400 5254 3679 5327 ἐνέργειαν
3707 5277 3795 5311 πα-

2243 5332 2621 5405 ρανομοῦντος,
2659 5337 3090 5408 κατακυριεύειν.
3130 5341 3199 5394 Ἦ
3226 5341 3370 5413 τάχα
3394 5344 3505 5400 τῶν
3535 5349 3631 5417 μὲν
3657 5350 3793 5417 ὀλίγα

2239 5428 2661 5499 ἁμαρτανόντων
2719 5430 2957 5503 κυριεύει
3008 5435 3045 5505 η
3085 5434 3304 5507 ἀνομία,
3342 5437 3454 5491 τῶν
3496 5438 3556 5493 δὲ
3593 5441 3793 5497 πλείονα

2236 5520 2637 5592 κατακυριεύει.
