3928 6158
1098 312 1422 369 SELECTA.
1446 313 1511 366 IN
1546 312 1879 368 PSAIAIOS.
1923 345 1993 354 —
2030 313 2223 368 PSAL.
2261 309 2494 366 CXVIII.

110 315 312 373 1617
1098 315 1422 369 SELECTA.
1446 315 1511 366 IN
1546 315 1879 368 PSAMIOS.
1923 345 1993 354 —
2030 315 2223 368 PSAL.
2261 315 2494 366 CXVIII.
3295 318 3434 374 1618

212 428 560 497 Διεξόδους
595 427 830 483 ὑδάτων
848 426 1190 482 κατέδυσαν
1220 431 1272 482 οἱ
1295 429 1592 498 ὀφθαλμοί
1615 446 1721 497 μοι

1942 426 2104 482 Vens.
2164 428 2290 483 156.
2349 427 2539 481 Exitus
2605 443 2856 497 .;-aium
2909 431 3234 490 transierunt
3295 441 3436 494 oculi

109 522 292 574 ἐπεὶ
334 523 447 574 οὐκ
493 517 770 588 ἐφύλαξα
801 517 910 571 τὸν
958 519 1147 585 νόμον
1177 533 1315 580 σου,
1348 534 1403 569 κ.
1441 532 1494 568 τ.
1537 515 1584 568 ἐ.
1617 515 1721 569 Teii

1858 519 1980 582 mei,
2009 521 2132 589 quia
2158 536 2260 573 non
2288 517 2543 572 custodivi
2571 517 2736 588 legem
2764 531 2910 574 tuam
2930 561 2946 588 ,
2991 531 3102 579 etc.
3147 525 3430 585 Tentatio-

112 611 307 666 κατὰ
333 611 570 665 διάνοιαν
590 609 928 681 πειρασμοὺς
951 605 1045 661 νῦν
1061 608 1334 678 τροπικῶς
1361 607 1529 661 ὕδατα
1561 607 1721 678 όνομό

1857 626 1954 666 nes
2001 627 2118 682 qua:
2171 613 2335 666 menti
2367 623 2704 676 occurrunt,
2767 630 2912 670 nunc
2979 617 3211 689 ﬁgurate
3259 634 3434 693 aquas

107 703 155 767 ξ
159 721 253 769 ει,
301 696 388 757 ὧν
412 704 559 774 ἡμᾶς
586 701 884 774 ἀποτρέπει
906 701 1175 772 Σολομὼν,
1197 701 1394 770 λέγων·
1423 719 1441 752 ι
1465 700 1596 753 Ἀπὸ
1628 699 1721 753 ὒδα

1857 713 2048 768 vocat,
2084 718 2114 758 a
2151 704 2346 772 quibus
2393 719 2493 760 nos
2539 709 2736 759 avertit
2789 706 3071 775 Salomon,
3108 711 3298 771 dicens
3347 715 3430 773 “z

109 811 235 859 τος
271 795 571 866 ἀλλοτρίου
603 794 869 866 ἀπόσχου,
900 795 994 848 καὶ
1021 794 1129 848 ἀπὸ
1158 793 1342 866 πηγῆς
1364 793 1648 864 ἀλλοτρίας
1681 811 1720 863 μ

1863 814 1880 846 ι
1907 794 1987 848 Ab
2018 809 2155 864 aqua
2216 795 2393 849 aliena
2423 795 2656 862 abstine,
2698 807 2752 853 et
2797 800 2862 854 de
2913 799 3063 857 fonte
3108 803 3287 864 alieno
3321 822 3427 864 nou

109 887 315 960 πίῃς.
367 905 388 941 ο

1856 884 2030 940 bibas.
2062 904 2082 938 ι

207 980 356 1035 Τοῦ
387 978 593 1036 αὐτοῦ.
630 979 694 1034 Οί
744 978 1004 1052 ἡμέτεροι
1054 979 1320 1052 ὀφθαλμοὶ
1373 982 1453 1046 εἰς
1490 981 1721 1046 διεξόδου

1928 974 2208 1047 Ejusdem.
2262 975 2415 1033 Oculi
2458 981 2630 1036 nostri
2677 982 2730 1036 in
2777 983 2953 1039 exitus
2985 1001 3248 1056 aquarum
3285 989 3428 1049 ﬂuxa

110 1069 382 1126 ὑδάτων
417 1072 776 1126 καταδύνουσι
819 1072 888 1126 τὰ
914 1072 1006 1126 τοῦ
1034 1072 1149 1143 βίου
1189 1074 1491 1145 πράγματα
1523 1075 1721 1128 ἄστατα

1855 1069 1979 1122 vitm
2011 1068 2170 1137 hujus
2202 1071 2414 1141 negotia
2451 1073 2794 1143 demergunt,
2829 1076 3028 1146 quibus
3071 1078 3268 1136 deinde
3292 1097 3427 1151 opus

107 1157 218 1226 οτς
256 1164 288 1215 ἐ
301 1181 395 1217 στι
418 1165 577 1235 χρεία
592 1164 774 1218 λοιπὸν
788 1164 998 1218 ἐκεῖθεν
1014 1164 1311 1236 ἀναχθῆναι
1337 1168 1429 1220 καὶ
1447 1167 1721 1238 διαϐλέψαι

1856 1171 1940 1216 est
1976 1161 2103 1215 inde
2146 1161 2336 1216 deduci
2375 1172 2427 1217 et
2475 1164 2766 1235 dispicere,
2825 1174 2883 1220 ut
2924 1169 2977 1223 in
3021 1179 3294 1238 posterum
3341 1187 3430 1228 res

109 1253 296 1306 ὥστε
315 1255 391 1308 τὰ
403 1256 670 1326 ἑστηκότα
682 1255 774 1308 τοῦ
796 1256 1078 1327 μέλλοντος
1093 1256 1286 1321 αἰῶνος
1297 1258 1414 1311 διαθ
1425 1262 1532 1330 ρεῖν
1546 1259 1721 1314 λοιπόν

1855 1253 2079 1308 stabiles
2110 1254 2274 1307 futuri
2301 1255 2481 1309 saeculi
2512 1267 2894 1313 contueantur.

207 1345 352 1401 Τοῦ
381 1347 590 1401 αὑτοῦ.
644 1347 703 1401 '0
729 1347 1020 1419 Σύμμαχος
1047 1347 1209 1402 οὕτω·
1240 1368 1259 1401 ι
1297 1352 1602 1424 Διαιρέσεις
1629 1353 1721 1407 ὑδά

1927 1343 2201 1414 Ejusdem.
2268 1345 2628 1418 Symmachus
2682 1352 2762 1408 sic
2821 1355 3031 1410 vertit:
3070 1374 3089 1408 ι
3126 1353 3428 1415 Divisiones

118 1455 254 1492 των
286 1439 602 1494 κατέδυναν
619 1443 667 1494 οἱ
701 1440 969 1512 ὀφθαλμοί
1015 1459 1118 1512 μου
1150 1443 1279 1515 περὶ
1315 1444 1424 1499 τῶν
1456 1447 1530 1517 μὴ
1561 1446 1721 1516 φυλαι

1857 1451 2119 1504 aquarum
2151 1438 2431 1493 subierunt
2468 1439 2610 1496 oculi
2647 1443 2752 1498 mei
2792 1444 2859 1500 de
2880 1445 2954 1501 iis
2982 1447 3070 1516 qui
3101 1461 3207 1504 non
3239 1459 3427 1504 custo-

118 1527 373 1583 σόντων
403 1531 496 1584 τὸν
524 1531 687 1601 νόμον
732 1548 846 1585 σου.
881 1551 900 1584 ι

1854 1528 2009 1582 diunt
2038 1527 2211 1600 legem
2242 1540 2406 1586 tuam.
2425 1554 2447 1588 ι

221 1621 522 1690 Ἐξέτηξέ
534 1639 612 1692 με
641 1620 818 1691 ζῆλός
851 1638 990 1689 σου,
1021 1625 1111 1679 ὅτι
1129 1625 1495 1683 ἐπελάθοντο
1521 1629 1640 1684 τῶν
1658 1634 1721 1692 λε

1930 1621 2089 1676 Vens.
2129 1621 2249 1677 159.
2304 1622 2345 1676 Τ
2348 1624 2585 1679 abescere
2630 1643 2712 1680 me
2745 1627 2868 1696 fecit
2909 1630 3053 1685 zelus
3097 1643 3256 1697 tuus;
3300 1629 3426 1702 quia

118 1729 268 1781 των
291 1727 422 1768 σου
447 1717 502 1769 οἱ
541 1715 744 1784 ἐχθροί
760 1734 899 1785 μου,
928 1734 983 1771 κ.
1013 1735 1063 1771 τ.
1087 1719 1135 1771 ὲ.
1175 1715 1301 1773 Οἶον
1331 1719 1490 1790 ζῆλον
1520 1722 1721 1793 ἁνελάμ

1854 1714 2140 1769 oblitisunt
2168 1717 2320 1769 verba
2356 1726 2450 1772 tua
2473 1719 2673 1773 inimici
2697 1722 2818 1783 mei,
2850 1732 2956 1778 etc.
2986 1725 3207 1790 Qualem
3247 1724 3424 1779 zelum

119 1804 342 1870 εανον,
381 1803 561 1858 είπστε
588 1805 774 1877 ἑώρων
794 1807 914 1861 τινά
945 1809 1369 1881 ἐπιλελησμένον
1395 1811 1503 1865 τῶν
1533 1809 1644 1866 σῶν
1664 1813 1721 1867 λό

1849 1807 2213 1873 assumebam,
2241 1809 2284 1863 si
2309 1812 2528 1880 quando
2570 1815 2819 1870 videbam
2855 1817 3092 1886 aliquem
3128 1815 3420 1872 verborum

121 1911 297 1961 γωνς
347 1895 462 1966 Οὐχ
492 1896 681 1961 ἁπλῶς
710 1897 890 1968 ζῆλον,
925 1899 1064 1954 ἀλλά
1109 1900 1408 1956 διάπτοντά
1450 1921 1510 1958 τε
1545 1906 1640 1959 καὶ
1669 1905 1721 1959 ἐν

1852 1908 2064 1953 tuorum
2093 1899 2381 1956 oblivisci?
2414 1903 2610 1974 Utique
2633 1922 2738 1962 non
2767 1909 3199 1980 qualemcunque
3223 1907 3422 1972 zelum,

121 1983 387 2055 θερμον,
425 1987 518 2040 καὶ
567 1988 892 2060 αὐτόχρημα
935 1990 1151 2056 καῦσιν,
1199 1995 1249 2046 εί
1289 1994 1552 2066 ἐθεώρουν
1595 1997 1718 2050 τινὰ

1848 1993 1942 2045 sed
1979 2007 2264 2047 accensum
2298 2003 2352 2049 et
2378 1994 2642 2062 calidum,
2671 2008 2833 2068 atque
2871 1999 3020 2054 illico
3043 2001 3346 2068 ardentem,
3376 2003 3422 2054 si

123 2073 688 2147 ἐπιλανθανομένους
731 2097 828 2133 σου
859 2081 970 2135 τῶν
1020 2082 1208 2152 λόγων.
1259 2085 1395 2156 Περὶ
1427 2086 1618 2142 τούτου
1650 2089 1721 2142 τοὶ

1847 2084 2066 2153 quando
2098 2085 2344 2140 videbam
2382 2085 2594 2157 aliquos
2623 2092 2916 2146 verborum
2955 2102 3172 2147 tuorum
3201 2093 3418 2149 oblitos.

121 2167 314 2238 ζήλου
346 2170 700 2243 ἐμνήσθησαν
727 2174 776 2226 οἱ
804 2174 1042 2246 μαθηταὶ
1089 2177 1156 2230 ἐκ
1181 2176 1470 2248 προσώπου
1515 2179 1606 2232 τοῦ
1640 2181 1721 2234 Κυ

1849 2176 2018 2247 Ilujus
2045 2179 2143 2233 zeli
2172 2180 2536 2236 meminerunt
2563 2183 2836 2254 discipuli,
2869 2187 2933 2239 de
2954 2199 3062 2255 quo
3090 2200 3157 2240 ex
3189 2201 3419 2256 persona

127 2258 262 2330 ρίου
309 2262 377 2314 ἐν
424 2261 621 2333 ψαλμῷ
660 2265 971 2336 εἰρημένου,
999 2267 1082 2320 ὅτι
1133 2286 1155 2319 ί
1181 2265 1242 2322 Ὀ
1259 2269 1419 2340 ζῆλος
1468 2270 1562 2324 τοῦ
1593 2271 1721 2326 οἶκοι

1847 2271 2058 2326 Domini
2102 2273 2156 2326 in
2206 2274 2414 2342 psalmo
2446 2273 2491 2304 ⁵⁷
2543 2275 2744 2330 dicitur
2779 2297 2791 2331 :
2826 2275 3031 2332 «Zelus
3078 2277 3271 2334 domus
3315 2287 3421 2334 tute

127 2365 232 2401 σου
273 2350 573 2420 κατέφαγέ
601 2370 690 2423 με.
724 2373 742 2405 ι

1843 2365 2078 2418 comedit
2106 2379 2210 2418 me.
2236 2384 2256 2417 ›

205 2442 664 2510 Πεπυρωμένον·
708 2444 776 2497 τὸ
820 2447 1029 2516 λόγιόν
1081 2462 1197 2503 σου
1257 2450 1515 2520 σφόδρα,
1562 2453 1658 2507 καὶ
1709 2476 1721 2507 ‹

1915 2455 2078 2511 Vens.
2134 2457 2256 2512 140.
2301 2457 2537 2527 Ignitum
2581 2457 2844 2528 eloquium
2879 2466 3027 2512 tuum
3067 2459 3413 2526 vehementer,

124 2527 373 2597 δοῦλός
406 2546 522 2586 σου
555 2534 876 2604 ἠγάπησεν
912 2539 1080 2604 αὐτὸ,
1109 2559 1162 2594 κ.
1199 2557 1248 2595 τ.
1280 2544 1326 2596 ἐ.
1359 2544 1596 2609 Ἀδολος,
1646 2564 1718 2618 φη

1843 2557 1890 2601 ει
1917 2565 2093 2602 seruus
2131 2558 2250 2602 tuus
2291 2548 2476 2604 dilexit
2502 2548 2658 2613 illud,
2676 2527 2794 2604 etc.
2843 2550 2982 2616 Doli,
3011 2549 3206 2620 inquit,
3246 2551 3412 2624 813

129 2622 248 2686 c‘w,
285 2623 317 2676 ὁ
364 2623 463 2677 τοῦ
510 2625 646 2679 Θεοῦ
693 2629 877 2699 νόμος,
920 2631 996 2692 ὡς
1043 2631 1190 2702 αὐτῷ
1225 2636 1617 2706 πεπυρωμένος
1663 2638 1721 2709 τι]

1842 2657 2034 2707 expers
2061 2651 2144 2697 est
2177 2643 2260 2697 lex
2290 2643 2404 2710 Dei,
2435 2652 2618 2712 utpote
2646 2644 2766 2712 ipso
2799 2642 2992 2712 spiritu
3028 2643 3194 2713 ignita
3229 2665 3241 2699 :
3279 2622 3418 2714 qua—-

129 2716 448 2786 πνεύματι·
483 2718 671 2791 διόπερ
690 2723 752 2774 οὐ
776 2721 1083 2790 κολακείαν,
1113 2727 1214 2780 οὐκ
1238 2729 1520 2800 εἰρωνείαν
1540 2732 1721 2804 κέκτη-

1840 2746 2063 2805 propter
2084 2751 2186 2790 non
2219 2736 2620 2802 adulationem,
2651 2750 2756 2791 non
2790 2736 3194 2791 simulationem
3233 2735 3412 2791 conti-

127 2823 248 2872 ται,
295 2809 446 2864 ἀλλά
472 2811 720 2882 φανερῶς
749 2815 874 2878 τοὺς
908 2817 1319 2889 ἁμαρτάνοντας
1346 2822 1578 2893 ἐλέγχει,
1611 2827 1721 2888 τοὺς

1841 2837 1952 2894 net,
1998 2829 2091 2883 sed
2143 2829 2432 2883 manifeste
2479 2837 2768 2896 peccantes
2823 2829 3033 2899 arguit,
3076 2828 3415 2899 negligentes

129 2899 488 2970 ἀμελοῦντας
530 2903 742 2972 στύφει.
789 2924 808 2956 ι
845 2907 960 2960 Ζῶν
981 2908 1089 2981 γὰρ
1117 2913 1145 2963 ὁ
1166 2911 1321 2980 λόγος
1352 2913 1444 2967 τοῦ
1467 2915 1622 2980 Θεοῦ,
1647 2917 1721 2970 κα¹

1839 2921 2176 2990 perstringit.
2217 2937 2237 2971 ι
2270 2920 2439 2975 Vivus
2464 2927 2545 2973 est
2569 2919 2714 2973 enim
2742 2934 2924 2974 sermo
2962 2919 3087 2987 Dei,
3116 2930 3170 2974 et
3198 2917 3408 2981 efﬁcax.

131 2993 403 3066 ἐνεργὴς,
437 2995 529 3048 καὶ
556 2996 864 3070 τομώτερος
897 3001 1038 3072 ὑπὲρ
1066 3004 1244 3056 πᾶσαν
1275 3005 1551 3080 μάχαιραν
1573 3009 1721 3062 δίο-το

1837 3021 1893 3066 et
1919 3012 2305 3082 penetrabilior
2334 3013 2485 3066 omni
2513 3011 2690 3083 gladio
2729 3011 2989 3082 ancipiti,
3019 3022 3074 3068 et
3099 3013 3412 3084 pertingens

137 3102 261 3150 μον,
309 3087 415 3140 καὶ
474 3087 843 3158 διικνούμενος
895 3090 1024 3162 ἄχρι
1086 3095 1354 3167 μερισμοῦ
1404 3098 1585 3168 ψυχῆς
1641 3099 1721 3154 κατ

1839 3122 2008 3176 usque
2039 3107 2106 3160 ad
2128 3106 2450 3162 divisionem
2478 3106 2674 3161 anima
2703 3114 2758 3160 et
2794 3105 3019 3175 spiritus
3039 3149 3052 3172 ,
3089 3119 3409 3176 compagum

132 3178 484 3269 ⁴πνεύματος,
534 3178 727 3251 ἁρμῶν
763 3196 822 3233 τε
858 3183 952 3235 καὶ
985 3184 1218 3252 μυελῶν,
1247 3187 1342 3240 καὶ
1375 3189 1618 3258 κριτικὸς
1646 3192 1721 3245 ἐν·

1842 3213 2055 3269 quoque
2082 3213 2146 3253 ac
2175 3198 2526 3253 medullarum
2546 3238 2562 3263 ,
2619 3207 2674 3252 et
2723 3198 2988 3253 discretor
3021 3198 3408 3266 cogitationum

136 3265 442 3338 Ουμήσεων
489 3272 584 3326 καὶ
620 3275 841 3331 ἐννοιῶν
894 3277 1141 3347 καρδίας.
1197 3297 1216 3331 ι
1275 3280 1476 3336 Τοῦτον
1532 3283 1733 3349 τοίνυν,

134 3358 301 3433 εἴπερ
327 3362 502 3434 ἐσμὲν
525 3363 700 3419 δοῦλοι
731 3367 824 3421 τοῦ
848 3368 1005 3435 Θεοῦ,
1031 3372 1124 3424 καὶ
1149 3372 1308 3442 ἡμεῖς
1338 3374 1732 3447 ἀγαπήσωμεν,

141 3455 423 3526 μηδαμῶς
465 3457 630 3510 αὐτὸν
679 3459 1004 3528 κυϐεύοντες
1057 3466 1191 3537 μηδὲ
1233 3466 1509 3531 δολοῦντες
1565 3470 1735 3542 (ὅπερ

139 3550 251 3612 ’πᾶς
276 3551 305 3603 ὁ
334 3550 550 3614 Παῦλος
579 3552 843 3624 ᾐνίξατο),
876 3556 1114 3630 καθαρὸν
1132 3558 1187 3612 δὲ
1219 3560 1599 3632 προφέροντες,
1631 3580 1732 3617 κα-

142 3640 323 3713 θάπερ
340 3643 406 3695 ἐκ
422 3643 520 3712 τῆς
541 3641 632 3697 τοῦ
658 3645 974 3717 Πνεύματος
989 3650 1218 3721 χωνείας
1233 3651 1550 3722 ἐδεξάμεθα.

217 3734 331 3789 Τοῦ
366 3735 574 3790 αὐτοῦ.
615 3736 689 3790 Τὸ
719 3741 1113 3811 πεπυρωμένον
1143 3742 1321 3812 λόγιον
1349 3745 1445 3798 τοῦ
1478 3745 1612 3800 Θεοῦ
1635 3765 1733 3802 καο

142 3825 356 3878 τακαίει
393 3824 548 3892 ξύλα,
594 3827 804 3901 χόρτον,
838 3831 1112 3904 καλάμην,
1151 3834 1252 3900 τὰς
1281 3836 1562 3909 μοχθηρὰς
1589 3839 1730 3906 ἕξεις

142 3914 460 3970 ἀναλίσκον.

223 4007 296 4064 Ἦ
319 4009 678 4081 δικαιοσύνη
720 4027 838 4068 σου
867 4012 1223 4087 δικαιοσύνη
1251 4019 1340 4086 είς
1370 4019 1480 4075 τόν
1520 4021 1726 4089 αἰῶνα,

143 4102 241 4157 καὶ
277 4106 310 4158 ό
335 4104 523 4174 νόμος
544 4119 663 4159 σου
689 4107 956 4174 ἀλήθεια,
989 4126 1042 4162 κ.
1063 4125 1114 4162 τ.
1142 4111 1189 4163 ὲ.
1241 4113 1306 4166 Ἡ
1335 4113 1486 4185 παρά
1517 4115 1728 4187 ἀνθρὼο

144 4211 266 4260 ποις
293 4195 605 4268 δικαιοσύνη
644 4197 782 4269 πρὸς
823 4198 1003 4267 ὀλίγον
1032 4199 1346 4273 ψηφίζεται.
1403 4206 1724 4280 Δικαιοσύνη

143 4285 357 4351 αἰώνιος
383 4286 693 4362 δικαιοσύνη
728 4290 931 4362 κυρίως
952 4307 964 4322 ⁸
1015 4294 1074 4347 ὂν
1120 4292 1187 4347 ἂν
1211 4295 1460 4361 δικαιοῖς,
1491 4299 1728 4363 αἰωνίως

147 4380 236 4434 καὶ
262 4381 484 4446 δικαίως
534 4382 792 4453 βεϐαιοῖς.
845 4385 910 4438 Ἦ
937 4386 993 4440 δὲ
1035 4386 1146 4440 τῶν
1191 4388 1493 4460 ἀνθρώπων
1525 4392 1584 4445 ού
1616 4409 1722 4446 τοι·

1839 3301 1894 3346 et
1937 3291 2292 3344 intentionum
2340 3291 2520 3346 cordis
2551 3289 2618 3345 ⁸⁸.
2652 3309 2670 3342 ι
2703 3289 2856 3344 Illum
2881 3291 3066 3361 igitur,
3101 3291 3147 3346 si
3189 3290 3408 3361 quidem

1837 3383 1978 3438 servi
2014 3383 2105 3437 Dei
2135 3393 2344 3449 sumus,
2372 3397 2469 3436 nos
2499 3396 2713 3453 quoque
2735 3383 3042 3453 diligemus,
3061 3397 3405 3454 nequaquam

1834 3493 1958 3533 eum
2012 3477 2356 3532 ludiﬁcantes
2404 3487 2498 3532 aut
2536 3477 2888 3532 falsiﬁcantes
2933 3477 3118 3547 (quod
3180 3479 3246 3533 de
3295 3494 3409 3550 qui.

1833 3570 2058 3626 busdam
2084 3569 2294 3626 Paulus
2340 3569 2696 3641 insinuavit),
2722 3570 2816 3626 sed
2845 3585 3039 3640 purum
3069 3568 3410 3638 proferentcs

1832 3673 1992 3735 prout
2020 3678 2143 3718 eum
2170 3678 2234 3718 ex
2267 3662 2491 3720 fornace
2522 3664 2758 3733 Spiritus
2787 3663 3121 3733 accepimus.

1907 3755 2185 3826 Ejusdem.
2223 3753 2452 3825 Ignitum
2483 3754 2756 3820 eloquium
2789 3753 2883 3810 Dei
2931 3751 3203 3808 comburit
3230 3750 3403 3824 ligna,

1833 3847 2040 3912 fenum.
2064 3847 2340 3918 stipulam,
2376 3847 2547 3903 malos
2578 3846 2796 3902 habitus
2818 3858 3168 3901 consumens.

1901 4031 2064 4088 Vsus.
2097 4031 2219 4086 M2.
2250 4029 2473 4086 Iustitia
2495 4039 2587 4084 tua
2609 4029 2822 4097 justitia
2859 4029 2916 4084 in
2944 4039 3219 4096 Meritum,
3249 4037 3300 4084 et
3319 4029 3404 4084 lea:

1831 4138 1919 4180 tua
1937 4128 2148 4188 veritas,
2171 4133 2276 4179 etc.
2297 4121 2426 4189 Quae
2452 4124 2592 4194 apud
2620 4121 2868 4193 homines
2885 4129 2970 4176 est
2989 4119 3197 4190 iustitia
3218 4121 3398 4190 parvi-

1830 4218 2100 4288 pentlitur.
2129 4215 2342 4271 Justitia
2373 4224 2573 4269 mterna
2605 4214 2822 4284 proprie
2857 4213 3065 4282 justitia
3095 4223 3198 4270 e5t.
3229 4213 3398 4280 Quem

1821 4309 2221 4379 justiftcaveris.
2266 4323 2392 4362 eum
2447 4308 2500 4361 in
2550 4315 2808 4361 aeternum
2836 4315 2891 4360 et
2915 4307 3059 4376 juste
3082 4305 3395 4361 conﬁrmas.

1825 4399 2042 4457 Justitia
2077 4413 2208 4455 vero
2233 4399 2507 4454 hominum
2542 4414 2647 4452 non
2680 4408 2762 4453 est
2788 4397 3069 4468 ejusmodi.
3102 4397 3400 4469 Tempora-

145 4471 278 4544 αύτη
299 4489 314 4504 ο
344 4474 675 4546 πρόσκαιρός
698 4493 759 4530 τε
793 4477 902 4549 γὰρ
929 4477 1022 4530 καὶ
1055 4478 1395 4554 σφαλλομένη
1426 4481 1495 4536 τὰ
1528 4483 1720 4538 πολλὰ.

1835 4508 1928 4548 nea
1964 4493 2106 4547 enim
2141 4503 2226 4548 est
2254 4503 2306 4547 et
2331 4507 2472 4561 saipe
2505 4489 2657 4546 falsa.
2680 4487 2790 4544 Lex
2823 4502 2910 4545 tua
2937 4492 3167 4562 ipsamet
3199 4491 3397 4546 veritas

147 4564 253 4617 Καὶ
282 4565 312 4618 ό
336 4566 499 4637 νόμος
527 4585 620 4621 σου
647 4569 778 4624 αὐτὸ
823 4571 1014 4643 χρῆμα
1043 4572 1320 4644 ἀληθείας,
1362 4576 1565 4647 σφόδρα
1589 4577 1721 4650 ἀλη-

147 4651 315 4712 θεύων
349 4659 408 4712 ἐν
452 4660 606 4712 πᾶσι.
667 4661 886 4715 Νοεῖται
936 4663 993 4716 δὲ
1024 4663 1250 4736 ἀλήθεια
1301 4666 1395 4718 καὶ¹
1431 4667 1722 4740 ἠόρθότης

147 4747 284 4804 κατά
308 4749 367 4802 τό
392 4766 405 4780 ·
447 4769 468 4804 ι
493 4751 711 4816 Δίκαιος
745 4749 814 4819 εἴ,
851 4754 1045 4826 Κύριε,
1081 4755 1176 4809 κα)⁵
1221 4757 1400 4823 εὑθεῖς
1424 4760 1480 4811 αἱ
1507 4758 1720 4830 κρίσεις

147 4855 256 4893 σου.
291 4857 313 4893 D

214 4933 458 5002 Θλίψεις
501 4933 604 4989 καὶ
643 4935 895 5008 ἀνάγκαι
925 4940 1190 5009 εὕροσάν
1224 4960 1324 5013 με,
1369 4945 1430 4998 αἱ
1476 4943 1719 5000 ἐντολαι

147 5037 258 5078 σου
280 5025 500 5094 μελέτη
523 5045 666 5096 μου,
708 5046 765 5087 κ.
799 5049 850 5084 τ.
874 5033 923 5086 ἐ.
963 5034 1172 5104 ’Ὠσπερ
1207 5035 1548 5108 ἐκζητουσῶν
1570 5039 1719 5109 ἡμᾶς

149 5114 247 5168 τῶν
274 5116 499 5188 Θλίψεων
531 5121 626 5175 καὶ
671 5121 780 5176 τῶν
807 5123 1080 5194 ἀναγκῶν,
1111 5125 1257 5196 λέγει
1302 5128 1382 5196 τὸ,
1431 5147 1450 5180 ι
1471 5128 1716 5202 Εὕροσάν

154 5223 276 5276 με..
328 5211 398 5264 Ἢ
440 5212 584 5283 τάχα
630 5213 836 5284 θλίψεις
883 5219 932 5270 οἱ
982 5216 1254 5283 θλίϐοντες
1293 5219 1563 5290 λέγονται,
1615 5223 1712 5276 καὶ

154 5299 374 5370 ἀνάγκαι
400 5306 449 5358 οἱ
477 5306 576 5370 τὰς
601 5309 847 5377 ἀνάγκας
877 5309 1204 5380 ἐπάγοντες·
1237 5311 1360 5376 ἔθος
1389 5313 1498 5384 γὰρ
1529 5314 1642 5384 ἔχει
1670 5316 1704 5386 ή

153 5389 330 5468 Γραφὴ
355 5397 451 5462 τὰς
480 5398 623 5466 ἕξεις
649 5401 771 5455 ἀντὶ
801 5402 908 5456 τῶν
934 5403 1167 5474 ἐχόντων
1205 5404 1372 5470 αὐτὰς
1401 5406 1704 5478 ὀνομάζειν.

89 5565 92 5569 _
157 5487 298 5542 οὕτω
321 5490 424 5564 γὰρ
469 5494 622 5566 παρά
667 5495 886 5568 Παύλῳο
910 5517 928 5550 ‹
951 5495 1017 5550 Ἥ
1036 5498 1224 5570 ἀγάπη
1251 5499 1505 5556 οὐδέποτε
1545 5503 1705 5557 ἐκπί-

157 5593 298 5632 πτειο
324 5599 342 5633 ι
393 5585 488 5637 καὶ
519 5585 671 5657 παρά
697 5587 1003 5661 Σολομῶντι
1023 5606 1035 5621 ·
1068 5608 1088 5642 t
1134 5591 1196 5644 Ἦ
1223 5591 1366 5666 κακὴ
1400 5593 1562 5669 βουλὴ
1594 5598 1703 5652 ἀπ-

165 5738 206 5770 ,ι
239 5671 485 5770 sfw:-
529 5696 596 5770 γ’,
635 5679 720 5736 16.
832 5684 876 5716 ⁵⁷
914 5684 1054 5741 Psal.
1095 5703 1284 5755 vam,
1328 5689 1415 5744 10.

239 5741 384 5802 Prov.
426 5764 484 5811 ll,
530 5751 614 5805 17.

1821 4595 1928 4651 est,
1956 4583 2152 4654 quippe
2181 4597 2300 4652 quae
2323 4584 2374 4638 in
2404 4584 2653 4638 oumibus
2681 4597 2842 4638 verax
2876 4592 2976 4638 est.
3009 4579 3268 4638 Veritatis
3296 4597 3394 4636 no-

1824 4677 1972 4732 mine
2023 4677 2343 4747 intelligitur
2397 4678 2560 4732 etiam
2620 4679 2889 4734 rectitudo
2932 4677 3086 4748 juxta
3147 4676 3277 4734 illud
3304 4676 3390 4731 ⁸⁹ι

1827 4787 1848 4821 ι
1890 4767 2076 4824 Justus
2101 4783 2178 4834 es,
2209 4767 2459 4837 Domine,
2490 4779 2547 4826 et
2575 4779 2723 4826 recta
2748 4767 2950 4838 judicia
2977 4778 3088 4824 tua.
3131 4785 3152 4821 ι

1894 4953 2058 5009 Vens.
2090 4953 2214 5010 145.
2247 4951 2637 5008 Tribulationes
2661 4960 2711 5009 et
2737 4953 3067 5008 necessitates
3087 4952 3390 5008 inuenerunt

1822 5064 1944 5114 me;
1972 5050 2225 5103 mandata
2250 5057 2343 5102 tua
2372 5048 2644 5102 meditatio
2681 5064 2799 5102 mea
2827 5056 2926 5114 est,
2961 5057 3067 5103 etc.
3098 5045 3263 5112 Quasi
3291 5061 3391 5103 nos

1820 5141 2107 5212 exquirant
2155 5141 2536 5200 tribulationes
2583 5154 2640 5200 et
2669 5143 3040 5210 necessitates,
3074 5144 3152 5198 ait
3181 5160 3198 5198 :
3232 5160 3254 5196 ι
3299 5141 3388 5197 Iu-

1817 5242 2084 5288 venerunt
2120 5248 2228 5291 me.
2269 5252 2291 5288 ›
2324 5233 2419 5291 Vel
2463 5236 2606 5292 forte
2649 5237 3033 5294 tribulationes
3065 5236 3318 5290 dicuntur
3350 5232 3386 5288 ii

1815 5326 1906 5396 qui
1936 5326 2214 5396 tribulam,
2248 5330 2598 5386 necessitates
2622 5347 2748 5388 vero
2771 5331 2807 5386 ii
2841 5331 2930 5401 qui
2961 5329 3080 5383 illas
3120 5327 3384 5381 inferunt.

1817 5419 1968 5475 Solet
1991 5421 2134 5477 enim
2169 5421 2448 5492 Scriptura
2488 5423 2712 5482 habitus
2763 5424 3043 5480 nominare
3073 5435 3170 5490 pro
3198 5419 3266 5475 iis
3292 5420 3387 5482 (uti

1815 5510 1934 5567 illos
1980 5513 2204 5568 habent.
2248 5513 2341 5569 Sic
2375 5516 2520 5569 enim
2560 5517 2698 5585 apud
2743 5516 2965 5571 Paulum
3005 5511 3384 5568 “ncharttas

1811 5618 2088 5674 nunquam
2115 5604 2358 5662 excidit:
2399 5624 2420 5659 ι
2466 5617 2518 5660 et
2547 5609 2686 5677 apud
2723 5609 3065 5664 Salomonem
3090 5606 3169 5660 “:
3205 5623 3225 5656 ι
3259 5605 3382 5658 Per-

1525 5689 1570 5722 ⁵⁸
1608 5690 1773 5747 Hebr.
1816 5707 1896 5761 tv,
1942 5695 2026 5749 12.

2131 5697 2175 5728 ⁵³
2211 5695 2353 5774 Psal.
2392 5711 2588 5765 cxvm,
2632 5701 2754 5758 157.
2866 5702 2908 5734 "°
2948 5703 2965 5757 I
3006 5700 3130 5756 Cor.
3167 5719 3293 5772 xm,
3332 5707 3381 5761 8.
