3928 6158
609 313 748 372 ιθιο

1977 312 2070 368 EX
2107 313 2408 371 ORIGENE

3687 314 3857 381 "320‘

606 443 821 488 versum
852 417 1140 487 consilium
1195 429 1412 499 reliquit
1461 428 1764 484 doctrinam
1815 443 1844 482 a
1891 429 2160 499 iuventute

2276 430 2425 483 έλιπε
2451 429 2547 501 τὴν
2574 426 2914 482 διδασκαλίαν
2942 426 3038 498 τὴν
3066 426 3130 480 ὲκ
3150 424 3435 496 ’πόση-ξος,
3469 428 3557 481 καὶ
3576 427 3662 499 τῆς
3677 430 3777 496 θείας

604 530 934 593 susceptam,
955 529 1013 576 et
1035 520 1203 576 divini
1237 521 1545 576 teSIamenti
1579 521 1801 575 oblitum
1834 532 1937 576 est.
1975 541 1993 573 ι
2023 522 2175 591 Swpe

603 615 769 672 etiam
803 612 1136 668 contrarium
1166 610 1295 666 facit
1320 610 1624 681 Scriptura,
1653 622 1706 668 et
1744 612 1939 667 virtute
1975 614 2174 682 praedi-

604 718 719 763 tum
773 705 905 761 loco'
926 704 1143 760 virtutis
1192 705 1455 760 nominat.
1494 702 1627 757 Nam
1673 703 1729 759 in
1776 703 2085 761 Proverbiis
2128 705 2172 738 ⁸³

603 798 728 853 ait:
761 815 782 850 ι
819 795 1085 852 lliitterati
1112 794 1343 851 oderunt
1365 795 1707 863 sapientiam,
1749 816 1769 849 ι
1805 796 1857 850 id
1884 806 1969 852 est
2000 796 2172 852 virtu-

604 899 732 945 tem.
760 888 827 944 Et
858 886 1054 944 Paulus
1083 905 1098 943 :
1131 904 1149 939 ι
1183 887 1362 942 Nolite
1399 887 1589 943 deduci
1627 903 1657 942 a
1702 897 1884 945 mente
1932 898 2166 953 vestra,»

603 981 708 1035 ltoc
746 988 834 1036 est
880 979 950 1036 ab
995 979 1254 1049 ejusmodi
1302 979 1591 1034 sententia.
1632 977 1688 1033 ln
1736 979 2172 1035 tribulationibus

603 1070 860 1128 mandata
908 1082 999 1127 tua
1040 1072 1323 1127 meditatio
1349 1086 1469 1126 mea
1514 1082 1692 1136 erant,
1719 1072 2171 1128 consolabantur-

601 1175 706 1230 que
728 1175 814 1218 me
838 1176 903 1218 ac
940 1175 1175 1217 maerore
1203 1160 1474 1217 levabant.
1505 1158 1629 1215 Haec
1652 1161 1795 1215 enim
1821 1178 1943 1215 cum
1980 1177 2175 1230 opera-

602 1253 701 1309 riis
729 1252 946 1310 virtutis
986 1253 1177 1321 juncta
1223 1262 1386 1308 sunt:
1415 1268 1542 1308 nam
1583 1268 1648 1307 ex
1683 1253 1891 1307 illorum
1924 1252 2171 1307 doctrina

602 1344 971 1401 fortitudinem
1023 1345 1175 1400 disco
1226 1353 1282 1400 et
1339 1345 1518 1401 tristia
1571 1359 1831 1416 generose
1881 1344 2017 1398 fero.
2081 1344 2173 1401 Sic

602 1438 766 1494 etiam
801 1437 1160 1508 Symmachus
1199 1438 1583 1509 interpretatus
1627 1449 1754 1495 est:
1790 1456 1808 1490 ι
1839 1438 2171 1493 Tribulatio-

603 1545 699 1586 nes
725 1539 785 1585 et
824 1529 1142 1586 vexationes
1183 1531 1710 1601 comprehenderunt
1743 1544 1828 1583 me
1853 1570 1869 1596 ,
1900 1538 2167 1599 praecepta

600 1633 782 1677 autem
812 1630 905 1676 tua
926 1622 1258 1677 delectabant
1287 1637 1412 1689 me;
1445 1640 1462 1672 ι
1496 1621 1689 1693 Aquila
1723 1637 1848 1676 vero
1879 1623 1990 1677 sic:
2017 1641 2036 1673 ι
2076 1622 2171 1678 Δί-

602 1711 766 1766 lliCIio
790 1723 844 1766 et
862 1711 1112 1780 angustia
1140 1711 1463 1767 invenerunt
1487 1726 1608 1767 me:
1636 1713 1887 1767 mandata
1911 1722 2000 1767 tua
2023 1712 2169 1768 oble-

600 1803 769 1858 ctatio
794 1817 933 1856 mea.
975 1821 994 1853 ι

669 1891 834 1948 Vens.
867 1892 988 1947 144.
1035 1891 1292 1963 ίΕιμιίιοσ
1337 1894 1636 1947 testimonia
1667 1904 1759 1949 tua
1798 1894 1853 1949 in
1896 1905 2167 1960 aeternum,

597 1985 917 2042 intellectum
942 1985 1011 2039 da
1039 1985 1169 2039 mihi
1205 1995 1254 2040 et
1297 1988 1484 2051 vivam,
1522 1995 1629 2042 etc.
1670 1987 1982 2043 Intellectus
2020 1990 2172 2058 prior

594 2092 685 2135 cst
708 2076 958 2141 scientia,
994 2076 1068 2130 ita
1100 2085 1159 2130 ut
1186 2076 1277 2145 qui
1318 2076 1545 2131 scientia
1586 2077 1842 2146 praeditus
1867 2087 1948 2132 est
1979 2077 2171 2132 intelli-

597 2182 729 2240 gens
767 2168 929 2223 etiam
963 2169 1034 2222 sit
1058 2184 1076 2233 ;
1100 2168 1193 2237 qui
1219 2176 1397 2223 autem
1428 2168 1733 2240 intelligens
1761 2179 1866 2237 est,
1900 2170 1949 2224 is
1979 2184 2170 2225 neces-

598 2262 747 2317 sario
773 2275 878 2315 non
908 2260 980 2315 sit
1010 2262 1233 2317 scientia
1261 2261 1539 2330 praeditus.

664 2351 833 2425 814
855 2353 1030 2408 .Veas.
1060 2352 1181 2408 145.
1201 2351 1437 2407 Clamavi
1463 2355 1517 2407 in
1539 2362 1646 2407 toto
1669 2354 1825 2408 corde
1858 2370 2171 2420 meo,e.tau-

597 2445 655 2499 di
674 2460 775 2509 me,
802 2445 1043 2511 Domine,
1055 2444 1461 2515 justiﬁcat’iones
1488 2454 1608 2500 tuas
1632 2450 1920 2516 requiram,
1940 2456 2048 2503 etc.
2065 2445 2167 2513 Qui

595 2551 664 2591 ex
687 2544 803 2594 toto
833 2539 996 2594 corde
1023 2537 1193 2607 diligit
1228 2537 1420 2610 Deum,
1441 2537 1494 2592 in
1529 2547 1642 2593 toto
1674 2538 1837 2594 corde
1873 2538 2091 2595 clamat.

668 2714 937 2785 Ejusdem.
958 2714 1058 2772 Hic
1081 2716 1288 2773 clamor
1314 2732 1420 2772 non
1442 2729 1526 2772 est
1552 2732 1741 2789 magna
1771 2735 1895 2784 vox,
1926 2719 2021 2774 sed
2051 2733 2167 2774 ma-

593 2811 817 2881 gnitudo
838 2825 1024 2867 earum
1050 2827 1230 2867 rerum
1255 2826 1376 2882 quae
1403 2826 1501 2882 per
1520 2811 1666 2867 illam
1695 2810 1807 2867 Deo
1849 2812 2163 2882 signiﬁcan-

597 2914 705 2958 tur.
731 2902 919 2959 Justus
950 2905 1094 2959 enim
1138 2918 1389 2974 magnam
1431 2903 1497 2956 ad
1526 2905 1693 2960 Deum
1722 2919 1910 2960 vocem
1942 2905 2162 2970 emittit,

592 2996 877 3067 postulans
905 2996 1146 3052 ccelestia
1178 3006 1233 3052 et
1263 3012 1479 3069 magna.
1509 2997 1603 3054 Sic
1629 2998 1792 3053 etiam
1817 2997 2001 3066 justus
2030 2997 2162 3051 Abel

2275 520 2565 573 ἐπελάθετο
2596 519 2875 590 διαθήκης.
2912 537 2930 568 ι
2974 518 3123 570 Ποιεῖ
3146 517 3199 570 δὲ
3231 516 3500 579 πολλάκις
3523 516 3608 570 καὶ
3625 519 3675 570 τὸ
3694 522 3777 574 ἀνά

2275 612 2436 663 παλιν
2462 612 2495 681 ὴ
2525 608 2733 681 Γραφὴ,
2764 607 2974 661 καὶτὸν
3005 607 3289 675 πεφυκότα
3320 605 3567 676 δέχεσθαι
3594 608 3675 677 τὴν
3693 611 3771 681 ἀρε.

2272 701 2370 773 τὴν
2400 701 2522 754 ἀντὶ
2551 701 2648 771 τῆς
2670 699 2868 770 ἀρετῆς
2896 698 3168 768 ὀνομάζει.
3218 699 3315 751 Ἐν
3355 698 3467 768 γάρ
3501 701 3609 761 ταῖς
3639 700 3777 772 [Iapet-

2277 794 2428 865 μίαις
2453 793 2638 865 φησίν·
2663 811 2683 844 ι
2705 792 2769 845 Oi
2793 790 3105 845 ἀπαίδευτοι
3132 791 3411 863 ἐμίσησαν
3443 790 3636 862 σοφίαν,
3657 811 3675 845 ι
3695 794 3775 847 ἀντὶ

2273 882 2366 936 τοῦ
2388 876 2628 954 ἀρετήν.
2688 882 2800 935 Καὶ
2828 883 2859 935 ό
2888 880 3099 944 Παῦλος
3117 899 3132 912 ο
3186 882 3321 953 «Μὴ
3356 881 3677 952 μετατίθεσθε
3705 886 3776 937 ἀπὺ

2271 973 2364 1027 τοῦ
2390 975 2508 1037 νοὸς
2536 973 2712 1045 ἡμῶν,
2737 992 2755 1025 ι
2785 973 3063 1027 τουτέστιν
3086 973 3194 1026 ἀπὸ
3226 974 3336 1045 τῆς
3365 973 3572 1040 τοιᾶσδε
3599 974 3771 1049 γνώμης.

2284 1068 2372 1120 Ἐν
2398 1069 2518 1131 ταῖς
2560 1066 2800 1136 θλίψεσιν
2836 1068 2892 1120 αί
2939 1065 3147 1120 ὲντολαί
3196 1082 3298 1119 σου
3332 1066 3529 1138 μελέτη
3577 1065 3774 1139 ponium

2272 1159 2681 1230 παρηγοροῦσαι
2712 1159 2806 1212 καὶ
2837 1158 2897 1211 τὺ
2939 1157 3101 1226 ἄλγος
3142 1157 3606 1227 ὲπικουφίζουσαι.
3647 1160 3770 1214 Ταῦτα

2271 1252 2378 1322 γὰρ
2414 1250 2762 1316 συνέζευκται
2809 1251 2920 1312 τοῖς
2946 1249 3205 1319 ἐργάταις
3233 1247 3345 1319 τῆς
3394 1249 3610 1322 ἀρετῆς·
3637 1250 3688 1302 ὲκ
3704 1254 3772 1321 γὰρ

2270 1344 2370 1415 τῆς
2397 1344 2600 1398 τούτων
2647 1342 2993 1405 διδασκαλίας
3037 1340 3137 1412 τὴν
3166 1340 3399 1412 ἀνδρίαν
3436 1340 3680 1411 μανθάνω,
3711 1346 3769 1397 zai

2272 1437 2423 1508 φέρω
2467 1436 2727 1505 γενναίως
2766 1435 2837 1488 τὰ
2889 1433 3133 1505 λυπηρά.
3198 1433 3365 1487 Οὕτω
3416 1435 3509 1487 καὶ
3551 1433 3771 1504 Σύμμαχος

2271 1531 2609 1601 ἡρμήνευσεν
2633 1546 2645 1558 ·
2702 1546 2721 1579 ι
2746 1526 2963 1598 Θλίψεις
3002 1525 3096 1578 καὶ
3124 1523 3407 1588 κακώσεις
3432 1523 3691 1579 κατέλαῶ
3711 1542 3767 1596 με,
3847 1559 3858 1607 λ

2271 1620 2406 1674 αἰδὲ
2434 1620 2643 1674 ὲντολαί
2665 1636 2757 1672 σου
2790 1618 3013 1692 ἐτερπόν
3045 1635 3132 1689 με.
3158 1636 3176 1669 ι
3229 1616 3291 1670 ’0
3321 1616 3379 1669 δὲ
3418 1616 3628 1682 Ἀκύλας
3647 1616 3766 1671 οὕτωσ

2276 1733 2294 1765 ι
2319 1713 2561 1784 Θλιμμὸς
2584 1714 2674 1767 καὶ
2701 1711 2896 1783 συνοχὴ
2926 1708 3083 1781 εὗρόν
3115 1728 3182 1781 με
3204 1726 3218 1740 ο
3258 1711 3314 1762 αἱ
3348 1708 3551 1763 ὲντολαί
3575 1726 3653 1763 σου
3677 1709 3765 1763 ἀπό-

2276 1796 2459 1870 λαυσίς
2489 1824 2610 1877 μου.
2636 1824 2656 1858 s

2341 1900 2699 1967 Δικαιοσύνη
2751 1898 2823 1951 τὰ
2855 1894 3147 1967 μαρτύριά
3192 1911 3316 1949 σου
3362 1899 3452 1961 είς
3482 1894 3580 1949 τὸν
3607 1892 3763 1951 αἰῶναο

2276 1991 2594 2047 συνέτισόν
2628 2008 2724 2060 με,
2764 1990 2865 2044 καὶ
2905 1989 3170 2061 ζήσομαι,
3225 2009 3285 2048 κ.
3317 2008 3371 2044 τ.
3409 1991 3458 2042 ὲ.
3516 1989 3575 2040 Ἡ
3616 1987 3765 2047 σύνεσις

2276 2085 2508 2156 προτέρα
2541 2083 2659 2137 ἐστὶ
2688 2083 2786 2153 τῆς
2813 2082 3084 2151 γνώσεως,
3134 2083 3211 2147 ὡς
3244 2078 3384 2135 εἶναι
3415 2081 3505 2133 τὸν
3540 2077 3761 2148 γνωπιχὺν

2276 2177 2363 2229 καὶ
2405 2175 2650 2229 συνετόν·
2699 2174 2787 2227 τὸν
2839 2174 2895 2226 δὲ
2932 2175 3150 2228 συνετὸν
3192 2175 3259 2228 οὐ
3309 2174 3521 2235 πάντως
3564 2172 3642 2224 καὶ
3665 2186 3757 2239 γνω-

2276 2266 2477 2321 πικόνν

2350 2358 2676 2427 Ἐκέλιραεα
2693 2358 2762 2411 ἐν
2783 2357 2896 2427 ὅλῃ
2926 2357 3139 2426 καρδίᾳ
3160 2376 3307 2427 μου,
3337 2354 3648 2410 ἐπάκουσόν
3662 2368 3755 2424 μου,

2276 2451 2461 2517 Κύριε,
2487 2448 2559 2502 τὰ
2602 2447 2958 2517 δικαιώματά
2982 2462 3098 2501 σου
3125 2445 3453 2516 ἐκζητήσω,
3480 2464 3529 2501 κ.
3557 2461 3599 2499 τ.
3623 2441 3660 2498 ἐ.
3700 2438 3755 2507 Ἐξ

2276 2539 2391 2611 ὅλης
2418 2538 2644 2608 καρδίας
2676 2538 2904 2607 ἀγαπῶν
2934 2537 3024 2591 τὸν
3047 2538 3200 2603 Θεὸν,
3234 2532 3393 2601 οὗτος
3434 2540 3489 2590 ὲν
3522 2536 3604 2609 ὅλη
3622 2533 3753 2605 κράζει

2276 2631 2483 2704 καρδίᾳ.

2338 2723 2451 2780 Τοῦ
2481 2722 2686 2779 αὑτοῦ.
2727 2725 2839 2795 Οὐχ
2864 2726 2898 2795 ἡ
2928 2723 3139 2795 κραυγὴ
3167 2721 3382 2793 μεγάλη
3411 2722 3519 2774 ἐστὶ
3538 2717 3672 2787 φωνὴ,
3690 2716 3752 2768 ἀλ·

2276 2814 2329 2868 ιὰ
2372 2814 2434 2867 τὸ
2485 2814 2712 2885 μέγεθος
2756 2814 2864 2868 τῶν
2913 2812 3335 2886 σημαινομένων
3405 2813 3491 2865 ὑπ’
3528 2809 3665 2879 αὐτῆς
3696 2806 3749 2876 τῷ

2276 2900 2398 2949 Θεῶ-
2426 2903 2486 2949 ’0
2511 2902 2619 2949 γὰο
2646 2903 2848 2949 δίκαιος
2880 2903 3117 2949 ngenian
3147 2902 3405 2949 ἀποτελεῖ
3428 2902 3549 2949 ποὺς
3570 2901 3642 2949 τὸν
3658 2899 3747 2949 Θεὸν

3842 2958 3858 3009 ί

2202 1793 2246 1850 Β
2272 1796 2459 1870 λαυσίς
2489 1824 2610 1877 μου.
2636 1824 2656 1858 s

2341 1900 2699 1967 Δικαιοσύνη
2751 1898 2823 1951 τὰ
2855 1894 3147 1967 μαρτύριά
3192 1911 3316 1949 σου
3362 1899 3452 1961 είς
3482 1894 3580 1949 τὸν
3607 1892 3763 1951 αἰῶναο

2267 1991 2594 2047 συνέτισόν
2628 2008 2724 2060 με,
2764 1990 2865 2044 καὶ
2905 1989 3170 2061 ζήσομαι,
3225 2009 3285 2048 κ.
3317 2008 3371 2044 τ.
3409 1991 3458 2042 ὲ.
3516 1989 3575 2040 Ἡ
3616 1987 3765 2047 σύνεσις

2268 2085 2508 2156 προτέρα
2541 2083 2659 2137 ἐστὶ
2688 2083 2786 2153 τῆς
2813 2082 3084 2151 γνώσεως,
3134 2083 3211 2147 ὡς
3244 2078 3384 2135 εἶναι
3415 2081 3505 2133 τὸν
3540 2077 3761 2148 γνωπιχὺν

2268 2177 2363 2229 καὶ
2405 2175 2650 2229 συνετόν·
2699 2174 2787 2227 τὸν
2839 2174 2895 2226 δὲ
2932 2175 3150 2228 συνετὸν
3192 2175 3259 2228 οὐ
3309 2174 3521 2235 πάντως
3564 2172 3642 2224 καὶ
3665 2186 3757 2239 γνω-

2270 2266 2451 2321 πικόν
2467 2290 2477 2304 ν

2350 2358 2676 2427 Ἐκέλιραεα
2693 2358 2762 2411 ἐν
2783 2357 2896 2427 ὅλῃ
2926 2357 3139 2426 καρδίᾳ
3160 2376 3307 2427 μου,
3337 2354 3648 2410 ἐπάκουσόν
3662 2368 3755 2424 μου,

2266 2451 2461 2517 Κύριε,
2487 2448 2559 2502 τὰ
2602 2447 2958 2517 δικαιώματά
2982 2462 3098 2501 σου
3125 2445 3453 2516 ἐκζητήσω,
3480 2464 3529 2501 κ.
3557 2461 3599 2499 τ.
3623 2441 3660 2498 ἐ.
3700 2438 3755 2507 Ἐξ

2265 2539 2391 2611 ὅλης
2418 2538 2644 2608 καρδίας
2676 2538 2904 2607 ἀγαπῶν
2934 2537 3024 2591 τὸν
3047 2538 3200 2603 Θεὸν,
3234 2532 3393 2601 οὗτος
3434 2540 3489 2590 ἐν
3522 2536 3604 2609 ὅλῃ
3622 2533 3753 2605 κράζει

2262 2631 2483 2704 καρδίᾳ.

2338 2723 2451 2780 Τοῦ
2481 2722 2686 2779 αὑτοῦ.
2727 2725 2839 2795 Οὐχ
2864 2726 2898 2795 ἡ
2928 2723 3139 2795 κραυγὴ
3167 2721 3382 2793 μεγάλη
3411 2722 3519 2774 ἐστὶ
3538 2717 3672 2787 φωνὴ,
3690 2716 3752 2768 ἀλ·

2261 2814 2329 2868 λὰ
2372 2814 2434 2867 τὸ
2485 2814 2712 2885 μέγεθος
2756 2814 2864 2868 τῶν
2913 2812 3335 2886 σημαινομένων
3405 2813 3491 2865 ὑπ’
3528 2809 3665 2879 αὐτῆς
3696 2806 3749 2876 τῷ

2261 2900 2398 2972 Θεῷ.
2426 2903 2486 2955 '0
2511 2902 2619 2975 γὰρ
2646 2903 2848 2966 δίκαιος
2877 2903 3117 2973 μεγάλην
3147 2902 3405 2957 ἀποτελεῖ
3428 2902 3549 2973 πρὸς
3570 2901 3642 2953 τὸν
3658 2899 3747 2951 Θεὸν

2264 2994 2465 3065 φωνὴν,
2510 2995 2675 3048 αἰτῶν
2712 2995 3008 3066 ἐπουράνια
3059 2996 3152 3049 καὶ
3211 2996 3443 3065 μεγάλα.
3482 2993 3610 3047 Οὕτω
3635 2991 3745 3044 καἰὸ

592 3094 839 3141 mortuus
881 3087 1121 3156 loquitur
1147 3086 1234 3141 ⁶³;
1278 3106 1299 3139 ι
1342 3088 1477 3143 Nam
1517 3103 1621 3143 vox
1660 3088 1940 3156 sanguinis
1976 3087 2160 3142 fratris

2267 3085 2468 3151 δίκαιος
2496 3087 2659 3141 ’Ἅϐελ
2702 3087 2987 3141 ἀποθανὼν
3034 3087 3218 3142 λαλεῖ·
3266 3107 3284 3140 ι
3303 3087 3449 3158 Φωνὴ
3470 3087 3564 3155 γὰρ
3584 3086 3743 3156 uittam

595 3176 672 3229 tui
701 3175 903 3231 clamat
929 3178 997 3230 ad
1031 3191 1117 3231 me
1145 3177 1211 3232 de
1239 3188 1417 3233 terra:
1448 3197 1470 3230 ι
1489 3188 1549 3232 ut
1580 3178 1923 3233 manifestum
1958 3178 2050 3232 ﬁat
2075 3177 2164 3246 ju-

591 3275 737 3321 stum
765 3280 961 3336 magna
994 3282 1131 3323 voce
1171 3268 1240 3321 ad
1277 3267 1447 3324 Deum
1479 3269 1763 3323 clamasse.
1791 3269 1855 3322 Et
1888 3268 2055 3341 Moysi
2094 3271 2161 3325 ab

590 3354 867 3428 Egyptiis
898 3357 1330 3427 persecutionem
1360 3359 1586 3429 patienti
1616 3360 1698 3415 ait
1722 3358 1797 3411 “:
1821 3375 1842 3411 ι
1877 3360 2018 3427 Quid
2051 3359 2160 3415 cla-

592 3462 710 3503 mas
730 3447 798 3502 ad
818 3462 906 3503 me
934 3447 957 3500 ?
988 3466 1010 3502 ι

669 3540 826 3596 Vsus.
844 3540 1215 3597 M7.Prwveni
1244 3542 1301 3595 in
1339 3543 1717 3597 immaturitate
1741 3553 1787 3596 et
1818 3543 2078 3598 clamavi:
2107 3544 2161 3598 in

593 3633 746 3690 verba
776 3643 868 3687 tua
907 3635 1287 3702 supersperaui,
1312 3643 1417 3690 etc.
1446 3634 1809 3689 immaturitas
1831 3645 1913 3690 est
1950 3635 2161 3690 intelle-

590 3724 790 3781 ctualis
807 3725 1090 3795 dispositio
1125 3724 1457 3783 habitudinis
1493 3725 1560 3780 ad
1603 3726 1971 3797 cognitionem
2008 3726 2160 3784 festi-

590 3839 750 3880 nans.

662 3915 825 3975 νω.
845 3916 970 3975 150.
999 3916 1555 3985 Appropinquaverunt
1580 3922 1939 3985 persequentes
1960 3929 2040 3969 me
2056 3914 2160 3981 ini-

588 4010 780 4081 quitati
804 4022 825 4062 :
844 4025 880 4065 a
907 4009 1015 4080 lege
1046 4019 1224 4064 autem
1257 4018 1349 4062 tua
1386 4008 1537 4078 longe
1559 4007 1687 4076 facti
1713 4017 1857 4074 sunt,
1888 4016 1995 4064 etc.
2022 4006 2160 4063 lliuc

589 4101 851 4159 discimus
897 4102 1028 4171 quid
1053 4102 1291 4171 patiatur
1331 4104 1378 4157 is
1411 4102 1502 4174 qui
1527 4100 1730 4168 justum
1767 4103 2153 4172 persequitur:

588 4205 851 4265 quantum
881 4196 1025 4251 enim
1055 4196 1121 4249 ad
1144 4195 1344 4264 justum
1376 4195 1810 4266 persequendum
1838 4192 2155 4260 accesserit,

589 4287 926 4345 tantumdem
954 4301 984 4342 a
1013 4287 1131 4359 lege
1180 4288 1275 4344 Dei
1303 4286 1586 4359 elongatur
1620 4305 1635 4355 ;
1667 4295 1931 4359 quantum
1966 4296 2149 4343 autem

587 4396 620 4436 a
639 4380 778 4454 lege,
796 4379 1131 4436 tantumdem
1158 4379 1323 4434 etiam
1353 4394 1384 4433 a
1408 4378 1515 4436 vita
1539 4386 1866 4445 removetur,
1883 4377 2010 4449 quia
2034 4378 2149 4448 ipsa

586 4476 672 4523 est
696 4468 802 4524 vita
833 4475 1046 4522 nostra.

662 4558 822 4616 Vsus.
848 4559 973 4614 151.
995 4558 1169 4629 Prope
1193 4577 1247 4615 es
1275 4570 1354 4626 tu,
1382 4556 1625 4625 Domine,
1652 4568 1702 4614 et
1723 4575 1899 4614 omnes
1927 4561 2023 4615 vim
2045 4570 2149 4615 tua:

586 4653 800 4719 veritas,
827 4661 934 4707 etc.
961 4650 1079 4722 Ipse
1110 4652 1272 4722 igitur
1297 4653 1400 4708 hoc
1428 4654 1585 4707 modo
1617 4652 1833 4722 quidem
1862 4655 2152 4722 appmpin-

583 4755 716 4815 quat
764 4759 780 4798 :
816 4753 1186 4800 verumtamen
1233 4743 1338 4800 nisi
1376 4759 1497 4800 nos»
1523 4744 1641 4812 ipso
1685 4745 2152 4816 appropinquante

583 4835 883 4892 efficiamus
923 4843 980 4891 ut
1006 4845 1063 4891 et
1088 4836 1190 4907 ipsi
1215 4837 1281 4892 ad
1308 4850 1430 4892 eum
1458 4837 1807 4905 accedamus,
1831 4838 2148 4907 propinqui-

587 4935 695 4984 tate
726 4926 845 4999 ejus
870 4940 979 4984 non
999 4926 1262 4984 fruemur.
1298 4927 1500 4983 Idcirco
1532 4937 1841 4997 peccatores
1865 4944 1892 4982 a
1930 4928 2040 4983 Deo
2068 4943 2151 4982 re-

585 5020 720 5077 moti
742 5029 892 5077 sunt.
931 5038 951 5073 s
983 5021 1124 5076 Ecce
1144 5020 1238 5091 qui
1279 5019 1539 5091 elongant
1581 5032 1641 5073 se
1657 5026 1762 5073 ate
1778 5016 2104 5087 peribunt“.
2121 5036 2140 5069 ι

582 5113 770 5169 Justus
792 5121 974 5169 autem
1005 5111 1165 5168 edicit
1188 5123 1248 5168 ut
1274 5112 1389 5168 Deo
1421 5114 1835 5183 appropinquet.

652 5202 929 5277 Ejusdem.
951 5203 1361 5275 Justitia‘prOpe
1376 5215 1460 5261 est
1484 5208 1532 5261 ei
1557 5206 1646 5276 qui
1676 5212 1825 5259 recte
1839 5218 1999 5273 agere
2018 5219 2148 5259 cou-

583 5301 796 5366 suevit;
837 5300 1007 5355 multo
1047 5310 1230 5356 autem
1274 5302 1490 5373 propior
1517 5303 1596 5357 eis
1638 5300 1730 5371 qui
1781 5313 1945 5369 opere
1992 5300 2152 5371 justi-

584 5389 716 5446 tiam
744 5399 799 5448 et
834 5391 1120 5449 scientiam
1147 5392 1251 5451 sibi
1288 5402 1693 5463 compararunt.

655 5571 820 5628 Vens.
849 5573 970 5629 152.
995 5573 1161 5631 Initio
1199 5578 1411 5646 cognovi
1440 5576 1504 5631 de
1539 5578 1849 5632 testimoniis
1878 5576 2147 5647 tuis,quia

666 5783 678 5801 .
735 5748 895 5808 i‘rov.
933 5769 971 5819 ι,
1019 5754 1110 5810 22.
1182 5755 1226 5788 ⁸³
1263 5753 1397 5813 Gen.
1427 5756 1595 5822 mlo.
1667 5759 1711 5793 “
1740 5758 1907 5817 Exod.
1941 5775 2049 5820 xiv.
2085 5756 2151 5812 15

2264 3179 2357 3232 τοῦ
2388 3178 2614 3249 ἀδελφοῦ
2657 3197 2748 3233 σου
2780 3180 2877 3251 βοᾷ
2917 3180 3052 3252 πρὸς
3083 3180 3152 3251 μὲ
3187 3183 3253 3234 ὲκ
3279 3182 3378 3251 τῆς
3402 3180 3525 3250 γῆς⁸
3544 3196 3561 3229 ι
3592 3177 3657 3231 ἵνα
3681 3175 3742 3243 δη»

2261 3269 2425 3341 λωθῇ,
2479 3272 2561 3325 ὃτι
2593 3272 2799 3336 δίκαιος
2829 3274 2967 3346 πρὸς
3021 3273 3112 3327 τὸν
3162 3274 3298 3326 Θεὸν
3345 3272 3537 3343 μεγάλῃ
3571 3269 3740 3339 κέκραγε

2260 3365 2432 3434 φωνῇ.
2471 3364 2580 3417 Καὶ
2605 3363 2683 3434 τῷ
2712 3365 2883 3437 Μωσῇ
2912 3366 3371 3436 καταδιωκομένῳ
3406 3363 3500 3418 ὑπὸ
3520 3360 3608 3416 τῶν
3623 3360 3737 3427 Δίγυ-
3840 3370 3849 3437 ε

2261 3414 2432 3508 ἑξέεῶ
2462 3414 3364 3528 mal".Ez'gzgg.;g;.;g‘;;'T
3680 3414 3689 3427 ’
3840 3414 3849 3491 ι

2326 3549 2681 3619 Προέφθασα
2716 3549 2787 3603 ἐν
2817 3550 3028 3618 ἀωρίᾳ,
3068 3550 3167 3603 καὶ
3213 3549 3517 3618 ἐξέκραξα·
3548 3547 3619 3613 εἰς
3643 3540 3738 3607 τοὺς

2256 3642 2477 3711 λόγους
2498 3659 2614 3695 σου
2644 3643 2974 3709 ἑπήλπισα,
3024 3660 3077 3695 κ.
3097 3660 3150 3697 τ.
3177 3642 3226 3698 ἑ.
3280 3643 3469 3714 Ἀωρία
3503 3640 3601 3693 ἐστὶ
3623 3632 3735 3706 νοητὴ

2255 3733 2495 3797 διάθεσις
2523 3730 2687 3799 ἕξεως
2717 3733 2809 3786 ἐπὶ
2833 3732 2931 3805 τὴν
2952 3731 3148 3802 γνῶσιν
3186 3732 3555 3797 σπουδάζουσα.

2327 3917 2749 3988 Προσήγγισαν
2773 3920 2826 3973 οἱ
2851 3917 3316 3986 καταδαῦκοντές
3328 3933 3401 3987 με
3422 3913 3605 3983 ἀνομίᾳ
3621 3924 3634 3942 ο
3651 3905 3731 3963 τί.τὸ

2254 4010 2324 4065 δὲ
2360 4010 2467 4065 τοῦ
2499 4013 2687 4080 νόμου
2730 4027 2845 4064 σου
2889 4011 3368 4080 ἐμακρύνθησαν,
3399 4024 3450 4062 κ.
3468 4024 3516 4059 τ.
3536 4005 3576 4058 ὲ.
3627 3997 3731 4052 Διδο-

2259 4103 2501 4174 σκόμεθα
2543 4102 2653 4156 ἀπὸ
2682 4103 2771 4156 τοῦ
2799 4102 3090 4175 λεγομένου
3138 4102 3332 4156 εἰδέναι
3356 4100 3405 4152 τί
3432 4092 3637 4166 πάσχειὸ
3662 4104 3729 4143 u-

2254 4192 2534 4248 ταδιώκων
2560 4194 2653 4247 τὸν
2698 4194 2930 4249 δίκαιον·
2976 4194 3086 4265 ὅσῳ
3119 4194 3228 4266 γὰρ
3258 4191 3449 4262 ἐγγίζει
3488 4190 3556 4250 εἰς
3580 4177 3728 4237 sciuit-

2261 4301 2379 4339 κειν
2404 4285 2496 4339 τὸν
2519 4285 2742 4349 δίκαιον,
2772 4285 3006 4356 τοσούτῳ
3035 4285 3252 4357 μακράν
3285 4285 3474 4354 γίνεται
3504 4276 3583 4331 τοῦ
3611 4272 3726 4342 νόμω

2262 4376 2356 4432 τοῦ
2384 4360 2557 4434 Θεοῦ..
2592 4378 2751 4432 Ὅσον
2773 4378 2829 4431 δὲ
2862 4379 2968 4431 ἀπὸ
3011 4379 3104 4433 τοῦ
3135 4379 3319 4450 νόμου,
3367 4358 3726 4446 μακρύνεταικαὶ

2340 4562 2550 4632 Ἐγγὺς
2579 4558 2636 4617 εἷ
2678 4562 2781 4628 σὺ,
2830 4564 3025 4630 Κύριε,
3079 4564 3176 4617 καὶ
3216 4561 3395 4617 πᾶσαι
3425 4562 3478 4613 ai
3509 4553 3614 4610 ὁδοί
3642 4562 3722 4603 σου

2255 4652 2527 4720 ἀλήθεια,
2555 4671 2608 4707 κ.
2633 4672 2682 4710 τ.
2707 4656 2754 4707 ἑ.
2792 4654 2964 4717 Αὐτὸς
3002 4655 3097 4724 μὲν
3122 4648 3217 4708 οὖν
3244 4651 3434 4721 ἐγγίζει
3457 4635 3720 4708 οὔτως’άλλ⁹

2257 4746 2352 4800 ἐὰν
2391 4746 2462 4817 μὴ
2492 4747 2584 4799 καὶ
2625 4749 2785 4817 ἡμεῖς
2817 4748 3200 4818 ὲνεργήσωμεν
3225 4741 3381 4801 αὐτοῦ
3407 4739 3656 4810 ἐγγίζοντος
3673 4727 3717 4818 εὖ

2258 4836 2493 4906 ἐγγίζειν
2531 4836 2699 4907 αὐτῷ,
2730 4838 2831 4891 οὐκ
2865 4817 3241 4908 ἀὲιολαύσομεν
3273 4834 3366 4904 τῆς
3387 4827 3631 4914 ἐγγύτητοξ
3651 4817 3715 4914 ⁶Ῠ⁴

2256 4925 2369 4981 τοῦ.
2410 4928 2508 4981 Διά
2533 4928 2690 4981 τοῦτο
2716 4928 2906 5000 πόρῤω
2938 4928 3074 4983 εἰσιν
3101 4931 3152 4982 oi
3178 4922 3465 4998 ἁμαρτωλοὶ
3497 4914 3574 4971 τοῦ
3602 4910 3708 4963 Θεοῦ.

2257 5041 2277 5071 ‹
2299 5022 2429 5075 Ἰδοὺ
2454 5021 2503 5072 oi
2532 5019 2899 5091 μακρύνοντες
2930 5019 3154 5082 ἑαυτοὺς
3181 5016 3285 5072 ἀπὸ
3305 5016 3389 5069 σοῦ
3415 5004 3704 5066 ἀπολοῦνται.)

2266 5113 2322 5165 ’0
2346 5112 2401 5165 δὲ
2430 5112 2635 5175 δίκαιος
2662 5113 2876 5183 ἐνεργεῖ
2911 5111 2971 5165 τὸ
2997 5110 3232 5180 ἐγγίζειν
3260 5107 3334 5179 τῷ
3357 5102 3476 5173 Θεῷ.

2328 5205 2437 5260 Τοῦ
2468 5203 2674 5259 αὐτοῦ.
2726 5203 2922 5273 Ἐγγύς
2946 5205 3094 5257 ἐστιν
3116 5206 3151 5274 ἠ
3187 5197 3467 5266 δικαιοσύνη
3490 5187 3564 5286 τοῖν
3582 5196 3703 5286 πξίκθ

2251 5297 2405 5361 κότος
2450 5297 2857 5369 δικαιοπραγεῖν
2875 5314 2887 5327 ·
2918 5295 3096 5367 πολλῷ
3133 5296 3189 5349 δὲ
3221 5294 3370 5349 πλέον
3406 5285 3528 5340 ἐστὶν
3544 5281 3701 5369 ἐγγύτες

2254 5409 2347 5464 ρον
2370 5360 2479 5444 τῶν
2507 5392 2623 5444 κατ’
2650 5360 2926 5464 ἐνέργειαν
2966 5360 3312 5462 κτησαμένων
3342 5372 3619 5440 δικαιοσύνην
3634 5360 3699 5417 καὶ

2253 5483 2471 5552 γνῶσιν.

2321 5576 2459 5629 Κατ’
2484 5574 2672 5644 ἀρχὰς
2705 5575 2893 5646 ἔγνων
2931 5576 2998 5630 ἐκ
3043 5573 3162 5630 τῶν
3184 5580 3482 5644 metu:th
3504 5569 3608 5616 οτύν

2261 4301 2379 4339 κειν
2404 4285 2496 4339 τὸν
2519 4285 2742 4349 δίκαιον,
2772 4285 3006 4356 τοσούτῳ
3035 4285 3252 4357 μακράν
3285 4285 3474 4354 γίνεται
3504 4276 3583 4331 τοῦ
3611 4272 3726 4342 νόμω
3836 4270 3851 4445 ι

2262 4376 2356 4432 τοῦ
2384 4360 2557 4434 Θεοῦ(
2592 4378 2751 4432 Ὅσον
2773 4378 2829 4431 δὲ
2862 4379 2968 4431 ἀπὸ
3011 4379 3104 4433 τοῦ
3135 4379 3319 4450 νόμου,
3367 4358 3726 4446 μακρύνεταικαὶ

2188 4488 2231 4545 ι)
2261 4471 2368 4525 ἀπὸ
2393 4471 2491 4541 τῆς
2524 4469 2686 4541 ζωῆς,
2716 4470 2798 4522 ὃτι
2820 4470 2956 4539 αὐτὴ
2987 4469 3098 4543 ζωὴ
3127 4470 3296 4541 ἡμῶν.
3832 4468 3847 4514 ί

2340 4562 2550 4632 Ἐγγὺς
2579 4558 2636 4617 ει
2678 4562 2781 4628 σὺ,
2830 4564 3025 4630 Κύριε,
3079 4564 3176 4617 και
3216 4561 3395 4617 πᾶσαι
3425 4562 3478 4613 αι
3509 4553 3614 4610 ddo!
3642 4562 3722 4643 ea
3836 4522 3851 4643 ι

3844 4676 3852 4783 ἴ

3631 5542 3694 5598 ὅτι

2248 5755 2292 5788 ⁸⁵
2330 5753 2474 5811 Psal.
2515 5769 2663 5819 Lm,
2702 5754 2790 5809 27.
