3928 6158
277 280 410 336 1621

1188 275 1495 332 SELECTA
1534 274 1601 330 IN
1640 240 1973 330 ussuros.
2015 303 2086 313 -
2124 270 2319 327 PSAL.
2353 266 2585 326 cxvm.

3304 222 3325 235 Ι

3368 259 3508 313 1622

274 408 360 469 εἰς
388 402 494 457 τὸν
520 400 703 455 αιῶνα
745 401 1141 471 ἐθεμελίωσας
1167 402 1340 465 αὐτὰ,
1375 418 1429 454 κ.
1451 418 1499 454 τ.
1525 401 1571 453 ὲ.
1614 401 1677 453 Ἦ
1703 398 1831 467 γνῶ-

1941 400 1991 449 in
2012 407 2259 450 aeternum
2304 394 2541 463 fundasti
2585 407 2686 457 ea,
2721 400 2829 446 etc.
2887 389 3017 446 Mihi
3066 389 3191 444 olim
3249 387 3315 443 ab
3355 384 3507 440 initio

276 497 359 560 σίς
394 510 484 565 μοι
529 492 764 563 ἀρχῆθεν
813 491 1099 562 ἀρξαμένῳ
1136 490 1229 544 τοῦ
1280 490 1547 544 θεοσεϐεῖν
1589 489 1838 561 ἐλήλυθεν

273 586 380 640 ἀπὸ
423 584 529 637 τῶν
566 583 673 636 σῶν
719 583 1059 655 μαρτυρίων’
1112 582 1534 655 συνεργούμενος
1584 581 1691 653 γὰρ
1733 579 1839 633 ἀπὸ

272 677 364 731 τοῦ
400 677 712 749 νενοηκέναι
737 677 805 730 τὰ
835 678 1104 748 μαρτύρια
1122 675 1190 727 τὰ
1216 673 1641 746 παραδεδομένα,
1669 671 1838 735 οὑτως

272 768 633 840 ὲφωτιξόμην,
668 769 760 822 καὶ
804 765 1163 838 ἡκοντιζόμην
1213 767 1305 819 ἐπὶ
1350 766 1448 837 τὴν
1488 764 1706 833 γνῶσιν,
1746 764 1839 816 καὶ

272 862 464 930 ἔγνων,
499 863 580 914 ὅτι
618 860 685 913 τὰ
718 860 987 931 μαρτύρια
1031 861 1109 922 είς
1134 858 1224 911 τὸν
1254 856 1424 911 αἰῶνα
1455 855 1837 927 ἐθεμελίωσας.

270 952 334 1007 Εἰ
360 953 415 1006 δὲ
443 952 799 1024 ὲθεμελίωσεν
831 955 860 1005 ὁ
902 949 1031 1014 Θεὸς
1060 951 1129 1004 τὰ
1164 950 1459 1021 μαρτύρια.
1508 948 1715 1001 οὐδέπω
1738 946 1837 1018 λή-

271 1061 358 1113 γει
387 1045 468 1108 είς
504 1044 565 1098 τὸ
610 1042 1005 1114 θεμελιοῦσθαι,
1040 1041 1173 1095 ἀλλὰ
1206 1041 1270 1112 ζῇ
1320 1042 1381 1095 τὸ
1428 1040 1837 1112 θεμελιούμενον

268 1138 364 1191 καὶ
391 1135 858 1207 οἰκοδομούμενον.
900 1134 963 1188 Τί
993 1134 1048 1188 δὲ
1076 1134 1447 1205 ἐποικοδομεῖς
1484 1132 1838 1204 προστάγμα-

268 1249 356 1295 τα,
388 1230 626 1295 ἐντολὰς,
658 1227 1019 1298 δικαιώματα,
1056 1226 1317 1297 κρίματα,
1352 1225 1562 1295 σοφίαν,
1602 1223 1833 1293 γνῶσιν⁸

270 1327 364 1379 καὶ
391 1325 563 1390 οὕτως
590 1323 877 1395 ἀπαρτίζει
906 1322 1002 1394 τὴν
1023 1321 1309 1394 οἰκοδομὴν
1341 1323 1398 1375 ὲν
1428 1324 1589 1376 πᾶσιν
1617 1320 1837 1389 ἀγαθοῖς

268 1416 469 1486 ἔργοις,
503 1414 681 1482 λόγοις
711 1413 921 1482 σοφίας,
957 1413 1265 1482 ἐπιστήμης
1295 1410 1523 1478 γνώσειο
1560 1410 1714 1464 ἆτινα
1744 1411 1837 1463 ἐὰν

268 1506 405 1559 κατὰ
431 1504 527 1576 τὴν
558 1504 876 1576 θεμελίωσιν
904 1502 1053 1573 τεθῇ,
1084 1501 1196 1573 ἔχει
1223 1519 1307 1565 τις
1330 1500 1522 1555 ἑαυτοῦ
1557 1500 1837 1571 οἰκοδόμη-

272 1618 349 1672 μα
391 1600 612 1664 τέλειον,
649 1599 797 1665 ἀξιον
842 1596 935 1651 τοῦ
980 1596 1255 1669 ἐνοικῆσαι
1299 1599 1356 1651 ὲν
1395 1596 1541 1668 αὐτῷ
1587 1595 1677 1650 τὸν
1706 1596 1836 1650 Θεὸν

270 1696 362 1748 καὶ
384 1693 846 1765 ὲμπεριπατῆσαι.

1944 489 2107 542 Deum
2137 486 2312 541 colere
2337 483 2616 554 incipienti
2644 482 2835 535 notitia
2862 482 3079 537 obvenit
3112 496 3140 534 a
3180 475 3507 534 testimoniis

1941 580 2067 635 tuis.
2101 577 2233 632 Cum
2269 576 2412 629 enim
2455 572 2884 629 testimoniorum
2920 587 2948 626 a
2980 582 3030 626 te
3057 570 3380 626 traditurum
3407 580 3506 621 no—

1941 672 2070 724 titiae
2093 682 2432 738 eooperarer,
2459 666 2560 719 hoc
2583 663 2738 718 modo
2762 664 3128 728 illuminabar,
3154 671 3208 717 et
3229 661 3295 716 ad
3325 660 3502 715 scien-

1940 762 2066 815 tiam
2090 757 2451 819 collitnabam.
2479 766 2531 811 et
2574 756 2799 825 cognovi
2830 755 2954 824 quia
2997 752 3303 808 testimonia
3334 751 3499 806 tua'in

1935 859 2197 905 aeternum
2231 846 2488 902 fundasti.
2516 846 2575 901 Si
2596 856 2779 901 autem
2807 846 2948 902 Deus
2986 843 3232 899 fundavit
3254 842 3501 898 testimo-

1938 941 2047 1002 nia.
2076 941 2309 996 nondum
2334 948 2511 994 cessat
2542 951 2570 990 a
2612 938 2944 1001 fundatione,
2975 936 3068 992 sed
3108 934 3241 990 vivit
3276 935 3329 989 id
3358 937 3499 1005 quod

1938 1032 2218 1086 fundatum
2267 1038 2323 1085 et
2352 1028 2675 1085 aedificatum
2707 1038 2808 1083 est.
2844 1028 2979 1095 Quid
3018 1039 3146 1083 vero
3171 1027 3501 1095 supemdiﬂo

1937 1133 2023 1177 cat
2048 1124 2071 1177 ἲ
2098 1132 2383 1195 praecepta,
2407 1124 2678 1188 mandata,
2692 1123 3128 1194 jnstilicationes,
3152 1123 3379 1193 judicia,
3413 1137 3504 1179 sa-

1937 1216 2212 1283 pientiam.
2244 1214 2569 1281 scientiam;
2609 1225 2663 1269 et
2709 1216 2787 1269 sic
2838 1215 3049 1286 perﬁcit
3089 1214 3500 1270 aedificationem

1938 1306 1989 1360 in
2019 1306 2271 1361 omnibus
2314 1306 2569 1376 operibus
2604 1305 2789 1371 bonis,
2824 1306 3169 1361 sermonibus
3199 1307 3501 1377 sapientiaz,

1937 1396 2235 1465 disciplina:
2270 1398 2611 1467 cognitione;
2644 1412 2764 1467 qua:
2787 1397 2831 1451 si
2866 1406 2987 1468 post
3013 1396 3384 1455 fundationem
3413 1413 3504 1468 po-

1936 1488 2037 1541 sita
2073 1486 2292 1551 fuerint,
2320 1486 2479 1542 habet
2512 1487 2635 1555 quis
2667 1486 2720 1540 in
2752 1487 3040 1554 semetipso
3063 1484 3347 1541 aedificium
3377 1501 3502 1555 per-

1938 1579 2166 1642 fectum,
2218 1579 2436 1647 dignum
2475 1578 2529 1635 in
2576 1593 2684 1649 quo
2734 1579 2872 1633 Deus
2921 1578 3185 1633 inhabitet
3228 1587 3282 1634 et
3327 1578 3501 1633 inam-

1938 1672 2104 1726 bulet.

343 1738 466 1840 '15s
507 1738 622 1853 τιίτν
660 1738 1022 1840 ταπείνωσιν
1067 1804 1186 1856 μου
1218 1783 1316 1839 καὶ
1362 1780 1578 1847 ἐξελοῦ
1619 1796 1713 1849 με,
1748 1779 1831 1832 ὅτι

2007 1761 2170 1818 Vsus.
2211 1762 2339 1817 155.
2393 1761 2517 1816 Vide
2554 1759 2900 1814 humilitatem
2937 1777 3105 1816 meum
3144 1769 3193 1816 et
3228 1761 3370 1829 eripe
3398 1777 3500 1829 me,

266 1877 372 1937 τοῦ
396 1878 583 1947 νόμου
607 1892 725 1932 σου
752 1881 863 1934 οὐκ
891 1877 1287 1947 ἐπελαθόμην,
1318 1894 1369 1928 κ.
1392 1892 1441 1928 τ.
1464 1873 1512 1930 ι.
1553 1872 1837 1945 Μακάριον

267 1968 495 2024 ἐνώπιον
516 1970 609 2024 τοῦ
641 1970 774 2025 Θεοῦ
804 1970 1216 2026 ταπεινοῦσθαι·
1248 1968 1379 2040 φησὶ
1402 1967 1510 2039 γὰρ
1551 1965 1799 2029 Ἰάκωϐος
1817 1982 1830 1995 ⁸

272 2080 289 2110 ι
310 2060 696 2134 Ταπεινῶθητε
730 2063 959 2119 ἐνώπιον
1001 2062 1228 2133 Κυρίου,
1266 2060 1357 2115 καὶ
1389 2058 1589 2128 ὑψώσει
1618 2057 1780 2129 ὑμᾶς.
1809 2076 1826 2108 r

269 2154 434 2208 Ὅταν
462 2155 639 2209 τοίνυν
689 2154 861 2219 οὕτως
903 2154 1341 2225 ταπεινωθῶμεν,
1372 2152 1473 2207 κᾶν
1520 2152 1623 2205 ὑπὸ
1655 2150 1836 2222 δαιμό⁴

266 2263 372 2299 νων
413 2246 904 2319 ὲπιϐουλευθῶμεν,
950 2246 1051 2302 κᾶν
1080 2247 1185 2299 ὑπὸ
1209 2244 1505 2317 ἀνθρώπων
1537 2243 1833 2314 μισούντων

265 2336 364 2400 τὰς
410 2340 607 2411 ἀρετὰς
632 2338 1047 2411 πολεμηθῶμεν,
1090 2338 1283 2409 ἔχομεν
1314 2336 1403 2390 τὸν
1434 2336 1563 2389 Θεὸν
1588 2334 1829 2407 ἐξαιρού-

269 2447 445 2500 μενον,
479 2431 638 2501 μόνον
668 2432 753 2487 ἵνα
782 2431 875 2485 τοῦ
917 2429 1078 2502 νόμου
1112 2429 1274 2485 αὑτοῦ
1308 2428 1384 2501 μὴ
1429 2427 1831 2498 ἐπιλαθώμεθα,

268 2524 403 2595 μηδὲ
435 2525 807 2596 ἀποκάμωμεν
834 2526 892 2579 ὲν
922 2527 1041 2589 ταῖς
1074 2522 1306 2595 θλίψεσι.

331 2708 581 2777 Μακρὸν
618 2709 732 2763 ἀπὸ
782 2706 1142 2777 ἁμαρτωλῶν
1183 2707 1464 2774 σωτηρία,
1509 2705 1597 2759 ὅτι
1642 2704 1713 2758 τὰ
1751 2704 1834 2757 δι-

264 2796 562 2867 καιώματά
594 2813 711 2851 σου
739 2799 848 2852 οὐκ
878 2794 1261 2864 ἐξεζῆτησαν,
1314 2812 1366 2847 κ.
1389 2812 1441 2847 τ.
1470 2795 1516 2848 ὲ.
1573 2794 1636 2846 Ei
1670 2794 1702 2863 ἡ
1733 2811 1836 2846 σω-

263 2890 423 2961 τηρία
455 2888 571 2943 ἐστὶ
597 2889 695 2959 τῆς
744 2888 966 2957 λογικῆς
995 2885 1207 2957 φύσεως
1239 2884 1495 2957 ὴγνῶσις
1536 2883 1629 2938 τοῦ
1676 2882 1831 2948 Θεοῦ,

264 2979 403 3050 αὕτη
430 2979 486 3031 δὲ
513 2978 780 3051 καθαραῖς
827 2979 1025 3049 ψυχαῖς
1072 2977 1365 3046 ἐγγίνεται,
1401 2974 1581 3037 καλῶς
1618 2973 1833 3041 λέγεται

1934 1855 2059 1922 quia
2082 1853 2242 1923 legem
2293 1865 2439 1907 tuam
2474 1869 2578 1906 non
2620 1870 2736 1907 sum
2773 1853 2983 1920 oblitus,
3024 1863 3128 1908 etc.
3160 1852 3383 1907 Beatum
3418 1863 3503 1907 est

1936 1945 2099 2016 815
2149 1962 2331 2000 coram
2367 1947 2475 2000 Deo
2519 1946 2814 2003 humiliari.
2852 1946 2943 2001 Ait
2975 1947 3119 2002 enim
3136 1943 3374 2001 Iacobus
3408 1943 3499 1998 “z

1941 2057 1960 2089 ι
1999 2037 2362 2093 ilumiliamini
2415 2038 2469 2092 in
2526 2047 2821 2106 conspectu
2872 2026 3106 2099 Domini,
3144 2045 3199 2090 et
3243 2032 3505 2089 exaltabit

1935 2146 2049 2185 vos.
2090 2149 2109 2182 ι
2149 2129 2374 2195 Quando
2401 2130 2565 2200 igitur
2594 2130 2694 2183 hoc
2734 2129 2893 2184 modo
2921 2128 3181 2182 fuerimus
3209 2125 3501 2193 humiliati,

1934 2221 2034 2276 etsi
2077 2222 2377 2274 daemonum
2416 2220 2629 2275 insidiis
2664 2219 2914 2287 impetiti,
2953 2220 3054 2275 etsi
3094 2220 3161 2276 ab
3193 2219 3503 2276 hominibus

1933 2314 2193 2366 virtutum
2251 2313 2503 2368 osoribus
2559 2313 2851 2383 oppugnati
2898 2311 3193 2375 fuerimus,
3243 2311 3502 2367 habemus

1936 2405 2103 2461 Deum
2134 2404 2226 2476 qni
2253 2418 2348 2459 nos
2374 2404 2588 2474 eripiat,
2612 2404 2901 2459 dummodo
2929 2403 3058 2473 legis
3088 2402 3202 2472 ejus
3231 2417 3335 2457 non
3360 2403 3498 2459 obli-

1932 2498 2224 2563 viscamur,
2256 2510 2429 2566 neque
2452 2497 2505 2551 in
2541 2494 2973 2552 tribulationibus
3000 2494 3238 2549 animum
3272 2492 3505 2565 despon-

1935 2591 2179 2643 deamus.

2008 2679 2167 2736 Vnus.
2194 2680 2315 2736 155.
2346 2678 2525 2751 Longe
2550 2698 2581 2734 a
2608 2680 2962 2749 peccatoribus
3001 2678 3167 2745 salus,
3194 2679 3314 2749 quia
3337 2676 3500 2750 justi-

1934 2775 2203 2843 ﬁcationes
2225 2786 2340 2830 tuas
2375 2791 2478 2831 non
2506 2775 2883 2844 exquisierunt,
2933 2784 3038 2830 etc.
3075 2774 3131 2828 Si
3163 2772 3501 2829 rationabilis

1936 2866 2080 2921 salus
2104 2874 2187 2920 est
2215 2876 2419 2921 natura:
2444 2866 2679 2934 cognitio
2712 2868 2826 2935 Dei,
2856 2869 3073 2936 ipsaque
3106 2864 3254 2936 puris
3287 2864 3498 2920 anima-

1937 2958 2037 3011 bus
2061 2957 2219 3023 inest,
2259 2957 2483 3026 pulchre
2506 2958 2705 3013 dicitur
2735 2974 2751 3012 :
2793 2976 2811 3009 ι
2840 2956 3022 3027 Longe
3066 2971 3095 3010 a
3125 2957 3500 3027 peccatoribus

264 3073 341 3129 τὸ,
365 3047 785 3142 «ϋΜακρὰννάπὸ
820 3047 1155 3140 ἁμαρτωλῶν
1202 3068 1462 3140 σωτηρία·
1501 3068 1579 3131 εἰς
1604 3066 1709 3139 γὰρ
1739 3083 1831 3119 κα-

1941 3047 2126 3114 salus;
2212 3062 2337 3103 nam
2428 3049 2482 3104 in
2519 3049 2833 3106 malevolam
2865 3050 3097 3103 animam
3124 3063 3228 3103 non
3256 3048 3502 3103 introibit

264 3165 512 3235 κότεχνον
541 3164 716 3234 ψυχὴν
762 3163 861 3216 οὑκ
909 3161 1270 3215 εἰσελεύσεται
1325 3161 1505 3231 σοφία.
1535 3179 1553 3211 ι
1608 3154 1682 3213 Ob
1720 3156 1829 3230 γὰρ

265 3258 486 3328 ἑγγὺςὴ
522 3256 719 3328 κρίσις,
768 3256 932 3324 ἐγγὺς
965 3256 1057 3307 καὶ
1087 3256 1119 3324 ἡ
1156 3255 1427 3327 σωτηρία·
1471 3253 1563 3307 καὶ
1610 3248 1669 3307 οὑ
1724 3269 1828 3323 μα-

263 3347 400 3418 κρὰν
423 3349 456 3418 ἡ
486 3345 745 3417 σωτηρία,
769 3347 863 3398 καὶ
889 3347 921 3415 ἡ
951 3346 1131 3416 κρίσις
1160 3345 1393 3416 μακράν.
1420 3342 1517 3397 Διὰ
1540 3342 1624 3409 τί;
1658 3343 1830 3396 Ἐπει-

263 3440 325 3510 δὴ
354 3438 425 3493 τὰ
466 3436 809 3508 δικαιώματά
867 3454 960 3489 σου
1007 3438 1105 3490 οὑκ
1154 3434 1497 3506 ὲξεζήτησεν.
1536 3434 1610 3487 Οὑ
1656 3432 1764 3503 γὰρ
1793 3435 1828 3507 ἠ

264 3529 508 3601 σωτηρία
540 3545 633 3581 σου
666 3527 857 3598 φεύγει
885 3529 1051 3599 ἡμᾶς,
1085 3526 1197 3581 ἀλλ’
1227 3527 1385 3597 ἡμεῖς
1408 3526 1608 3597 αὑτήν
1652 3545 1672 3577 ι
1694 3521 1835 3579 ΊΓΗλ-

264 3623 324 3676 θε
352 3624 462 3694 γὰρ
485 3624 514 3676 ὁ
544 3623 670 3686 Υίδς
702 3621 795 3675 τοῦ
841 3619 1150 3693 ἀνθρώπου,
1198 3622 1231 3691 ή
1269 3618 1530 3691 σωτηρία,
1596 3618 1828 3689 ζητῆσαι

262 3718 356 3771 καὶ
381 3715 553 3771 σῶσαι
576 3714 636 3769 τὸ
669 3713 960 3777 ἀπολωλός.
993 3732 1011 3765 ι

326 3808 391 3860 Oi
447 3806 731 3875 οἰκτιρμοί
766 3821 881 3859 σου
921 3805 1158 3867 πολλοὶ,
1193 3806 1395 3873 Κύριε·
1428 3803 1579 3857 κατὰ
1607 3804 1670 3856 τὸ
1706 3801 1826 3871 tepi-

260 3895 342 3966 μά
369 3911 486 3952 σου
514 3894 697 3965 ζῆσόν
718 3913 814 3966 με,
846 3912 898 3949 κ.
925 3912 975 3952 τ.
1001 3896 1047 3949 ὲ.
1092 3894 1277 3958 Ἔλεος
1309 3892 1592 3966 ἀνθρώπου
1624 3893 1715 3945 ἐπὶ
1737 3892 1828 3946 τὸν

264 3985 486 4056 πλησίον
511 3984 696 4049 αὑτοῦ,
741 3984 885 4048 ἔλεος
927 3983 985 4036 δὲ
1022 3984 1225 4056 Κυρίου
1270 3986 1364 4038 ἐπὶ
1404 3986 1581 4037 πᾶσαν
1612 3982 1822 4055 σάρκαο

264 4076 359 4130 καὶ
381 4076 409 4130 ὁ
439 4074 775 4138 δικαιότατος
793 4074 900 4146 γὰρ
930 4074 1211 4146 ἄνθρωπος
1234 4074 1308 4138 ὠς
1337 4074 1475 4146 πρὸς
1499 4075 1597 4145 τὴν
1624 4071 1824 4145 ἀκρισῆ

1936 3142 2198 3213 sapientia
2217 3142 2280 3196 ⁸⁷.
2314 3162 2333 3195 ι
2354 3142 2399 3197 Α
2423 3158 2530 3214 quo
2554 3146 2696 3199 enim
2718 3158 2884 3216 prope
2908 3152 2993 3198 est
3020 3142 3302 3210 judicium,
3334 3155 3500 3213 prope

1935 3242 2019 3288 est
2045 3242 2099 3287 et
2136 3234 2279 3290 salus
2304 3252 2318 3302 ;
2343 3250 2371 3288 a
2402 3251 2508 3306 quo
2539 3235 2695 3305 longe
2729 3244 2810 3291 est
2848 3236 3015 3302 salus,
3040 3235 3196 3304 longe
3229 3242 3313 3289 est
3339 3234 3499 3304 etju-

1935 3324 2155 3380 dicium.
2190 3324 2370 3392 Quare
2402 3327 2427 3380 ἲ
2454 3326 2593 3395 Quia
2643 3327 3057 3395 iustificationes
3104 3336 3222 3382 tuas
3258 3339 3367 3381 non
3404 3341 3499 3380 es-

1934 3417 2173 3486 quisivit.
2223 3417 2339 3472 Non
2392 3419 2539 3472 enim
2592 3417 2733 3490 fugit
2766 3432 2866 3473 nos
2913 3418 3059 3473 salus
3093 3427 3206 3483 tua,
3251 3418 3346 3474 sed
3398 3431 3500 3474 nos

1934 3512 2105 3582 ipsum
2137 3511 2391 3583 fugimus.
2416 3530 2436 3564 ι
2462 3509 2624 3566 Venit
2659 3512 2805 3579 enim
2836 3510 3003 3568 Filius
3031 3512 3266 3567 hominis
3292 3546 3311 3575 ,
3333 3510 3501 3575 salus,

1932 3609 2178 3669 quaerere
2203 3606 2259 3653 et
2279 3597 2491 3657 salvum
2549 3599 2734 3657 facere
2754 3602 2896 3672 quod
2919 3603 3157 3672 perierat
3194 3602 3263 3659 ⁸⁸.
3312 3620 3331 3655 ι

2001 3784 2165 3840 Vm.
2195 3782 2318 3839 {56.
2356 3783 2737 3840 Misericordia:
2768 3792 2873 3838 tute
2912 3785 3109 3849 multis,
3149 3784 3392 3853 Domine,
3415 3802 3498 3840 se-

1932 3878 2161 3931 cundum
2174 3876 2434 3947 judicium
2457 3889 2606 3933 tuum
2626 3880 2827 3949 viuiﬁca
2853 3894 2956 3944 me,
2987 3888 3092 3933 etc.
3124 3876 3496 3953 Misericordia

1932 3970 2166 4024 hominis
2187 3978 2271 4024 est
2299 3985 2427 4040 erga
2452 3972 2760 4042 proximum
2794 3985 2975 4035 suum,
3002 3969 3373 4024 misericordia
3401 3984 3498 4024 au-

1932 4069 2042 4115 tem
2081 4060 2292 4115 Domini
2329 4075 2457 4132 erga
2488 4076 2703 4117 omnem
2736 4075 2974 4117 carnem.
3022 4059 3195 4116 Homo
3223 4059 3365 4114 enim
3412 4060 3498 4115 vel

265 4153 357 4220 τοῦ
391 4165 523 4221 Θεοῦ
551 4167 728 4238 κρίσιν
756 4166 904 4220 ἐλέου
937 4167 1104 4219 δεῖται
1129 4165 1283 4218 Θεοῦ·
1319 4166 1451 4219 ὅπου
1481 4182 1544 4233 γε
1577 4166 1671 4217 καὶ
1696 4164 1829 4218 αὑτὸ
1924 4148 2285 4219 Ῑυεῑίεεῖωυεν
2318 4152 2363 4207 Si
2393 4161 2649 4211 πευκίιο
2696 4153 2789 4209 θεῖ
2816 4151 3022 4221 illinc“)
3051 4152 3299 4217 είδίθίυτν
3332 4154 3496 4209 Ιηίεθ·

265 4257 325 4311 τὸ
350 4257 524 4311 δοκεῖν
555 4257 829 4326 γεγονέναι
867 4256 1092 4323 δίκαιον,
1140 4256 1273 4326 ἐλέῳ
1308 4256 1515 4324 γίνεται
1542 4255 1635 4309 τοῦ
1667 4254 1821 4309 Θεοῦ.

264 4349 329 4402 Τί
356 4349 464 4420 γὰρ
501 4348 648 4415 ἄξιόν
692 4366 775 4413 τις
804 4348 1097 4420 πεποίηκεν
1136 4349 1350 4402 αἰωνίου
1394 4347 1823 4419 μακαριότητος;

1933 4239 2161 4296 ricordia
2204 4240 2298 4297 Dei
2344 4241 2567 4314 indiget,
2608 4244 3040 4314 quandoquidem
3085 4243 3312 4312 idipsum
3353 4245 3497 4312 quod

1929 4330 2143 4388 videtur
2164 4331 2340 4388 factus
2364 4347 2488 4389 esse
2506 4333 2705 4404 justus,
2731 4334 3101 4391 misericordia
3128 4332 3223 4391 Dei
3253 4334 3336 4389 ﬁt.
3355 4333 3496 4403 Quid

264 4441 416 4495 οὐδὲν
459 4442 517 4495 δὲ
550 4442 788 4515 ἀκρίτως
824 4444 855 4496 ὀ
899 4441 1031 4505 Θεὸς
1080 4443 1238 4504 ποιεῖ,
1287 4440 1409 4495 οὑδὲ
1456 4440 1721 4505 ζωοποιεῖ.
1764 4442 1826 4494 Oi

1941 4424 2076 4479 enim
2110 4424 2305 4494 aliquis
2342 4435 2545 4480 aeterna
2571 4426 2908 4483 beatitudine
2937 4428 3158 4499 dignum
3186 4426 3315 4484 fecit
3346 4427 3371 4482 i
3401 4427 3497 4484 Ni-

263 4533 536 4606 οίκτιρμοὶ
582 4534 641 4589 δὲ
687 4533 893 4601 πολλοὶ,
948 4533 1156 4589 πολλῶν
1206 4532 1399 4602 ὄντων,
1458 4533 1542 4602 ἐφ’
1599 4532 1692 4597 οὓς
1738 4532 1824 4602 γί-

265 4642 466 4683 νονται.
1080 4646 1089 4653 ’

332 4805 556 4862 Πολλοί
603 4809 658 4863 oi
700 4806 1086 4875 ἐκδιώκοντές
1124 4825 1202 4879 με
1252 4808 1349 4863 καὶ
1392 4808 1727 4874 θλίϐοντεςο
1758 4809 1827 4861 ἐκ

263 4896 383 4955 τῶν
399 4896 737 4967 μαρτυρίων
749 4913 866 4953 σου
889 4901 1001 4953 οὐκ
1024 4897 1327 4965 ἐξέκλινα,
1353 4916 1404 4952 κ.
1428 4916 1479 4952 τ.
1504 4900 1548 4951 ὲ.
1596 4914 1615 4949 ι
1636 4898 1829 4953 Μακά-

266 5004 389 5058 ριοι,
420 4985 604 5057 φησιν,
636 4987 688 5041 οῖ
718 4987 1061 5059 δεδιωγμένοι
1102 4988 1286 5044 ἕνεκεν
1335 4988 1701 5060 δικαιοσύνης,
1746 4988 1828 5041 ὅτι

264 5074 443 5130 αὐτῶν
472 5076 677 5147 ἔστινὴ
711 5075 956 5147 βασιλεία
975 5076 1085 5131 τῶν
1113 5077 1375 5150 οὐρανῶν.
1401 5097 1421 5131 ι

339 5166 448 5223 Τοῦ
479 5166 685 5222 αὐτοῦ.
726 5167 800 5222 Τὸ
820 5168 1023 5238 πλῆθος
1050 5168 1275 5242 ἐχθροὺς
1298 5171 1524 5241 ὁρατοὺς
1545 5172 1638 5225 καὶ
1665 5170 1829 5242 ἀορά-

263 5273 389 5321 τους
420 5255 732 5323 αἰνίττεται,
778 5250 855 5314 ὧν
898 5259 949 5312 οἰ
992 5257 1221 5329 διωγμοὶ
1262 5260 1355 5314 καὶ
1386 5261 1442 5313 αἰ
1474 5260 1681 5330 θλίψεις
1722 5260 1828 5314 διάο

265 5365 438 5422 φοροι.
491 5350 555 5403 Οἱ
584 5350 684 5420 μὲν
711 5348 818 5421 γὰρ
861 5348 1043 5419 φιλίαν
1071 5350 1481 5422 ὑποκρινόμενοι
1508 5351 1607 5415 τὰς
1637 5351 1829 5424 ἡδονὰς

1930 4516 2006 4571 hil
2039 4526 2215 4571 autem
2261 4518 2464 4588 absque
2505 4515 2712 4585 judicio
2744 4518 2884 4574 Dens
2912 4517 3061 4583 facit.
3101 4533 3199 4575 nec
3234 4518 3492 4575 vivificat.

1932 4608 2314 4666 Misericordia
2361 4609 2542 4666 multa:
2573 4619 2725 4679 sunt,
2757 4625 2880 4669 cum
2918 4610 3075 4669 multi
3114 4612 3224 4669 sint
3262 4611 3331 4668 ad
3357 4624 3496 4683 quos

1929 4702 2256 4774 pertineant.

2002 4794 2168 4850 Vsus.
2198 4794 2321 4850 157.
2356 4794 2513 4849 Multi
2541 4796 2631 4865 qui
2660 4805 3040 4865 persequuntur
3071 4812 3151 4851 me
3172 4804 3222 4851 et
3242 4793 3495 4851 tribulam

1930 4901 2013 4939 me
2039 4901 2058 4939 :
2083 4902 2115 4939 a
2141 4886 2446 4940 testimoniis
2467 4886 2575 4939 tuis
2608 4901 2712 4940 non
2735 4885 3011 4952 declinavi,
3033 4896 3139 4943 etc.
3178 4905 3196 4938 ι
3221 4883 3397 4949 Beati,
3412 4883 3497 4939 in-

1932 4978 2051 5046 quit
2069 4976 2135 5041 “,
2162 4976 2255 5046 qui
2302 4977 2731 5049 persecutionem
2774 4977 3061 5048 patiuntur
3087 4983 3313 5048 propter
3337 4974 3497 5047 justi-

1931 5069 2085 5135 tiam,
2118 5071 2369 5139 quoniam
2404 5072 2646 5141 ipsorum
2673 5080 2755 5125 est
2788 5083 3016 5141 regnum
3046 5068 3333 5132 colorum.
3359 5085 3382 5124 ι

2003 5160 2278 5232 Ejusdem.
2318 5162 2601 5222 Multitudo
2636 5164 2820 5221 hostes
2849 5163 3090 5221 visibiles
3118 5170 3175 5219 et
3199 5158 3496 5217 invisibiles

1933 5252 2131 5322 innuit,
2154 5267 2384 5325 quorum
2424 5256 2592 5313 varia:
2635 5264 2762 5313 sunt
2791 5254 3198 5327 persecutiones
3224 5266 3290 5308 ac
3321 5251 3496 5307 tribu-

1932 5345 2182 5401 lationes.
2212 5345 2315 5401 Alii
2343 5360 2602 5419 namque,
2627 5350 2924 5406 amicitiam
2946 5346 3283 5412 simulantes,
3300 5356 3496 5418 sugge-

267 5438 677 5496 ὑποδάλλουσινο
727 5443 776 5497 οἰ
822 5441 881 5496 δὲ
919 5441 1019 5515 τὴν
1049 5441 1247 5514 ἔχθραν
1288 5440 1670 5513 γυμνώσαντες
1716 5443 1829 5496 πᾶν

1941 5449 2060 5495 runt
2087 5438 2430 5510 voluptates;
2478 5441 2571 5498 alii
2607 5456 2760 5511 vero,
2794 5439 3133 5498 inimicitiam
3159 5436 3495 5509 detegentes,

267 5524 403 5594 εἶδος
446 5532 768 5606 πειρασμῶν
816 5532 1195 5606 ὑποφέρουσιν.
1252 5531 1391 5588 Ἀλλ’
1418 5533 1579 5608 ἡμεῖς
1625 5532 1691 5588 ἐκ
1718 5532 1830 5588 τῶν

1941 5545 2095 5590 omne
2143 5547 2312 5604 genus
2355 5534 2711 5593 tentationum
2758 5531 3015 5592 inferunt.
3066 5531 3267 5589 Verum
3316 5545 3418 5591 nos
3464 5544 3496 5586 ι

341 5710 388 5744 ⁸⁸
408 5707 523 5769 .iac.
555 5727 629 5777 tv,
663 5711 753 5770 10.
828 5713 873 5747 ⁸⁷
897 5712 1025 5787 Sap.
1061 5729 1103 5781 ι,
1124 5713 1178 5771 ι.
1251 5714 1295 5748 ⁸⁸
1320 5711 1451 5774 Luc.
1480 5715 1705 5783 113.10.
1780 5717 1829 5754 ”

1941 5719 2049 5778 .tth.
2091 5733 2147 5788 ν,
2186 5718 2277 5777 to.
