3928 6158
461 196 486 252 Ι
496 197 599 253 6ἓό

1831 193 1927 253 EX
1959 178 2260 252 ORIGENE

3563 200 3666 261 lilii
3794 126 3804 167 :

458 314 782 386 testimoniis
800 314 893 369 Dei
925 312 1152 370 minime
1177 313 1530 384 declinemus,
1548 312 1600 369 in
1632 313 1827 383 quibus
1864 314 2023 369 nobis

2131 312 2443 387 μαρτυρίων
2479 313 2573 369 τοῦ
2616 313 2751 369 Θεοῦ
2780 314 2855 387 μὴ
2885 314 3244 389 ἐκκλίνωμεν,
3276 317 3341 373 ὲν
3367 311 3449 382 οἷς
3473 321 3588 390 ἡμῖν
3608 323 3661 375 διε

457 410 775 465 testiﬁcatus
800 417 883 463 est
904 408 986 473 ⁷ο,
1025 427 1046 459 ι
1084 409 1338 478 quoniam
1373 421 1470 477 per
1503 409 1696 463 multas
1722 408 2024 463 tribulatio-

454 513 551 554 nes
584 507 800 566 oportet
828 512 927 551 nos
956 500 1159 552 intrare
1191 499 1242 551 in
1277 512 1499 568 regnum
1534 498 1817 552 cmlorum.
1858 517 1877 551 ι

524 588 692 645 Vsus.
728 589 853 646 158.
889 589 1008 643 Vidi
1044 592 1373 654 insensatos,
1402 598 1454 645 et
1505 591 1855 656 tabescebam,
1895 594 2019 661 quia

369 663 379 671 “
453 681 659 750 eloquia
683 691 773 734 tua
799 697 902 735 non
925 683 1303 745 custodierunt,
1320 690 1426 738 etc.
1460 698 1482 733 ι
1518 680 1674 736 Zelus
1696 681 1888 736 domus
1923 692 2023 737 tua!

452 777 686 830 comedit
725 791 811 830 me
834 775 901 829 τί.
935 793 956 827 ι

526 890 685 945 Vens.
719 889 842 945 l59.
882 888 1013 943 Vide
1038 887 1288 958 quoniam
1308 888 1564 943 mandata
1600 898 1691 944 tua
1716 890 1898 954 dilexi,
1919 889 2024 944 Do-

451 983 613 1047 ".tine,
661 980 716 1035 in
750 981 1115 1036 misericordia
1157 988 1248 1033 tua
1276 981 1481 1049 viviﬁca
1520 995 1622 1046 me,
1662 991 1773 1036 etc.
1805 980 1869 1036 Et
1893 998 2020 1050 pro-

451 1085 633 1145 pterea
666 1073 832 1127 Deum
858 1084 1138 1142 provocat,
1164 1083 1219 1130 et
1246 1074 1321 1128 ait
1346 1073 1414 1126 ad
1446 1088 1604 1128 eum:
1629 1074 1842 1129 Faciem
1874 1083 2019 1128 tuam

450 1162 682 1234 appello.
715 1164 939 1219 Conﬁdo
987 1165 1152 1229 enim,
1187 1163 1232 1217 si
1266 1161 1458 1218 faciem
1496 1173 1643 1218 tuam
1677 1164 1743 1219 ad
1780 1180 1863 1218 me
1890 1180 2023 1219 con-

450 1258 792 1313 siderandum
824 1257 1197 1322 inclinaveris,
1234 1257 1475 1312 visurum
1496 1264 1549 1311 te
1573 1259 1846 1327 quomodo
1871 1273 2023 1311 mau-

449 1350 574 1403 data
603 1358 694 1405 tua
723 1350 1121 1406 observaverim
1153 1369 1168 1419 ;
1201 1367 1323 1407 nam
1366 1352 1628 1407 bonorum
1672 1366 1895 1421 operum
1932 1360 2023 1423 ty-

450 1455 548 1511 pos
589 1443 640 1497 in
674 1457 763 1499 me
793 1444 1055 1501 invenies.

520 1533 690 1606 816
704 1533 860 1591 Vsus.
879 1536 1000 1592 161.
1016 1535 1289 1605 Principes
1308 1539 1564 1607 persecuti
1580 1547 1700 1592 sunt
1728 1555 1808 1593 me
1833 1539 2019 1608 gratis,

450 1638 497 1681 et
527 1644 560 1680 ιι
588 1626 749 1680 verbis
781 1629 884 1683 luis
914 1629 1214 1697 formidavit
1242 1645 1335 1682 cor
1377 1645 1570 1694 meum,
1600 1638 1705 1684 etc.
1738 1627 2020 1699 Principes

451 1727 608 1772 vocat
661 1720 846 1773 mundi
896 1731 1136 1776 rectores
1180 1720 1523 1775 tenebrarum
1556 1722 1773 1776 harum.
1801 1740 1822 1773 ι
1863 1720 2023 1777 Venit

451 1809 617 1876 cnim,
644 1810 819 1880 inquit
842 1812 910 1875 ⁷⁸,
941 1814 1195 1882 princeps
1217 1812 1404 1866 mundi
1432 1813 1614 1883 hujus,
1638 1813 1769 1867 etin
1802 1828 1887 1868 me
1915 1830 2020 1868 non

451 1904 656 1959 invenit
687 1905 998 1974 quidquam.
1027 1926 1046 1959 ι
1086 1906 1339 1960 Mundum
1368 1915 1551 1960 autem
1573 1916 1732 1962 vocat
1756 1923 1860 1963 non
1881 1909 2022 1964 banc

450 2011 483 2051 e
508 1995 644 2052 cmlo
668 2007 724 2052 et
752 2006 899 2053 terra
918 2001 1315 2070 compaginem,
1345 2002 1439 2057 sed
1456 2016 1551 2056 eos
1573 2000 1663 2070 qui
1692 2002 2018 2056 mundanam

450 2090 615 2144 vitam
650 2100 838 2159 agunt.

519 2179 797 2253 Ejusdem.
832 2182 1085 2238 Continet
1124 2183 1340 2252 quidem
1365 2198 1547 2241 sermo
1575 2185 1628 2240 id
1666 2187 1810 2256 quod
1838 2167 1892 2242 et
1919 2187 2019 2241 Da-

452 2272 588 2327 vidis
618 2281 702 2327 est
729 2274 1000 2343 preprium
1034 2290 1049 2338 ;
1081 2287 1203 2327 eum
1232 2289 1422 2343 nempe
1452 2274 1651 2330 frustra
1676 2292 1705 2330 a
1739 2276 1903 2331 Saule
1927 2292 2022 2346 per

451 2363 710 2420 invidiam
747 2366 1183 2435 persecutionem
1226 2382 1480 2438 passum,
1516 2369 1711 2423 timore
1742 2369 1837 2424 Dei
1881 2370 2023 2423 inhi-

450 2458 632 2514 l-uisse
662 2459 940 2515 ultionem.
961 2458 1181 2514 Transit
1206 2476 1334 2517 vero
1359 2461 1521 2517 etiam
1546 2462 1611 2515 ad
1639 2460 1690 2515 id
1711 2461 1857 2530 quod
1885 2477 2025 2515 com-

452 2567 616 2608 mune
673 2565 776 2616 est,
830 2566 928 2606 nos
973 2552 1225 2609 videlicet
1265 2554 1333 2609 ab
1384 2552 1631 2608 hostibus
1685 2554 2036 2623 principibus

449 2643 569 2700 sine
592 2646 788 2701 damno
818 2646 978 2702 aliter
997 2647 1219 2703 liberari
1250 2661 1353 2701 non
1376 2659 1558 2715 posse,
1580 2646 1683 2701 nisi
1714 2647 1909 2701 timore
1928 2645 2021 2702 Dei

452 2736 715 2792 fuerimus
740 2738 955 2796 muniti.

522 2848 689 2910 Vsus.
725 2852 849 2909 164.
876 2850 1076 2923 Septies
1100 2851 1156 2907 in
1200 2853 1289 2907 die
1328 2852 1534 2908 laudent
1564 2851 1677 2907 dixi
1708 2855 1802 2906 tibi
1823 2867 1845 2908 .'
1869 2870 2025 2922 super

444 2944 654 3019 judicia
690 2944 915 3015 justitia:
970 2954 1113 3009 ture,
1149 2955 1254 3001 etc.
1310 2945 1775 3013 Quemadmodum
1829 2955 2021 3001 octava

2130 404 2496 477 εμαρτύρατο·
2529 424 2547 456 ι
2571 405 2690 459 ’Ότι
2712 405 2801 460 διὰ
2829 407 3037 460 πολλῶν
3056 408 3296 478 θλίψεων
3324 408 3409 462 δεῖ
3428 412 3561 479 ἡμᾶς
3581 415 3666 465 eis.

2128 493 2302 548 ελθεῖν
2328 495 2410 559 εἰς
2433 494 2529 567 τὴν
2559 496 2836 568 βασιλείαν
2861 496 2969 551 τῶν
3000 498 3271 570 οὐρανῶν.
3302 515 3325 550 s

2197 582 2382 641 Εἶδον
2423 588 2871 656 ἀσυνετοῦντας
2918 591 3019 644 καὶ
3073 590 3479 659 ἐξετηκόμην,
3513 590 3588 643 ὅτι
3619 592 3671 646 τὰ

2126 679 2303 750 λόγιά
2337 694 2455 735 σου
2478 682 2589 735 οὐκ
2616 680 3019 750 ἐφυλάξαντο,
3054 700 3106 736 κ.
3130 700 3177 735 τ.
3206 683 3260 738 ὲ.
3305 701 3325 734 ι
3348 682 3409 735 ’0
3438 682 3580 752 ζῆλος
3600 683 3667 738 τιιί

2126 769 2277 824 οίκου
2311 786 2407 824 σου
2436 771 2710 841 κατέφαγέ
2744 790 2833 843 με.
2862 791 2885 825 s

2201 879 2346 941 Ἴδε,
2373 881 2461 935 ὅτι
2497 883 2603 948 τὰς
2629 881 2885 950 ἐντολάς
2911 896 3030 938 σου
3059 884 3383 954 ἠγάπησα.
3408 884 3589 951 Κύριε,
3619 885 3671 938 ὲν

2126 971 2207 1039 τῷ
2226 972 2379 1028 ἐλέει
2401 988 2516 1028 σου
2549 973 2738 1042 {Hadr
2753 991 2851 1043 με,
2880 992 2929 1029 κ.
2958 993 3011 1029 τ.
3035 977 3080 1028 ἑ.
3123 976 3239 1028 Καὶ
3275 976 3375 1028 ἐπὶ
3398 962 3551 1028 τοῦτο
3574 992 3670 1047 προ-

2128 1064 2372 1119 καλεῖται
2399 1065 2489 1119 τὸν
2527 1066 2677 1131 Θεὸν,
2714 1068 2805 1120 καί
2835 1084 2968 1138 φησι
3009 1067 3146 1139 πρὸς
3186 1068 3363 1120 αὐτόν
3382 1083 3398 1097 ο
3429 1065 3581 1120 Καλῶ
3603 1084 3669 1121 σου

2126 1161 2187 1215 τὸ
2212 1163 2516 1234 πρόσωπον.
2551 1162 2752 1234 Θαῤῥῶ
2780 1163 2909 1233 γὰρ,
2940 1165 3023 1217 ὃτι
3050 1164 3109 1217 τὸ
3143 1162 3449 1234 πρόσωπόν
3478 1179 3563 1215 σου
3587 1163 3674 1216 κλί-

2126 1271 2232 1310 νων
2261 1254 2396 1325 πρὸς
2549 1254 2639 1307 ἵνα
2670 1271 2739 1324 με
2783 1255 3141 1326 κατανοήσῃς,
3184 1253 3316 1324 ὁψει
3346 1252 3470 1307 τίνα
3514 1253 3673 1324 τρόπον

2124 1346 2225 1410 τὰς
2280 1348 2500 1411 ἐντολάς
2553 1365 2647 1401 σου
2691 1349 3000 1421 τετήρηκα*
3042 1349 3171 1410 τοὺς
3217 1346 3338 1419 γὰρ
3382 1345 3571 1411 τύπους,
3593 1345 3675 1401 τῶν

2127 1438 2349 1508 ἀγαθῶν
2375 1439 2550 1511 ἔργων
2579 1439 2831 1513 εὑρήσεις
2854 1441 2911 1493 ἐν
2936 1439 3080 1511 ἐμοί.

2199 1531 2518 1599 Ἄρχοντες
2545 1529 2909 1596 κατεδίωξάν
2928 1547 3007 1601 με
3045 1529 3299 1599 δωρεὰν,
3326 1530 3431 1584 και
3456 1530 3565 1584 ἀπὸ
3584 1527 3678 1583 τῶν

2125 1623 2321 1695 λόγων
2345 1638 2462 1678 σου
2485 1623 2826 1677 ἐδειλίασεν
2856 1625 2895 1692 ἡ
2921 1623 3136 1692 καρδία
3152 1642 3301 1693 μου,
3337 1642 3391 1677 κ.
3414 1641 3466 1676 τ.
3485 1623 3530 1677 ἐ.
3569 1624 3674 1695 ’Δρ-

2127 1734 2318 1787 χοντας
2351 1717 2501 1786 λέγει
2546 1718 2676 1781 τοὺς
2720 1718 3167 1791 κοσμοκράτορας
3210 1717 3313 1772 τοῦ
3341 1717 3558 1781 σκότους
3581 1716 3675 1769 τού-

2126 1824 2242 1861 του.
2288 1826 2308 1859 ι
2334 1809 2590 1880 Ἔρχεται
2638 1809 2767 1881 γὰρ,
2820 1811 3006 1881 φησιν,
3046 1812 3075 1863 ὁ
3120 1809 3313 1882 ἄρχων
3362 1808 3456 1863 τοῦ
3505 1809 3671 1877 κόσμου

2126 1899 2337 1965 τούτου,
2367 1902 2463 1954 καὶ
2491 1902 2547 1955 ἐν
2588 1901 2711 1972 ἐμοὶ
2754 1900 2996 1973 εὑρίσκει
3033 1902 3208 1957 οὐδέν.
3233 1921 3254 1953 s
3295 1903 3512 1972 Κόσμον
3536 1901 3586 1953 δὲ
3607 1901 3676 1952 λέ-

2126 2008 2212 2061 γει
2234 1993 2296 2045 οὐ
2330 1991 2388 2044 τὸ
2420 1990 2481 2057 ἐξ
2509 1991 2739 2062 οὐρανοῦ
2789 1994 2886 2047 καὶ
2923 1992 3030 2063 γῆς
3073 1992 3358 2065 σύστημα,
3411 1992 3537 2045 ἀλλὰ
3573 1993 3670 2055 τοὺς

2129 2083 2389 2155 κοσμικόν
2420 2084 2530 2155 βίον
2564 2082 2830 2155 βιοῦντας.

2202 2174 2312 2228 Τοῦ
2341 2173 2549 2228 αὐτοῦ.
2592 2175 2744 2244 Ἔχει
2777 2175 2876 2245 μὲν
2900 2170 2994 2228 καὶ
3014 2174 3074 2228 τὸ
3107 2174 3243 2229 ἴδιον
3269 2169 3365 2228 τοῦ
3386 2173 3541 2227 Δαυῒδ
3562 2174 3586 2226 ὁ
3604 2172 3670 2225 λό-

2129 2285 2246 2336 γος,
2277 2268 2382 2332 ὅτι,
2444 2267 2625 2339 μάτην
2668 2267 2765 2322 καὶ
2816 2269 2956 2323 κατά
3007 2268 3200 2338 φθόνον
3257 2268 3367 2322 ὑπὸ
3418 2266 3505 2320 τοῦ
3533 2266 3669 2319 Σαοὺλ

2124 2360 2472 2432 διωκόμενος,
2507 2361 2656 2432 φόϐῳ
2693 2359 2771 2432 τῷ
2800 2360 2936 2433 πρὸς
2980 2360 3109 2415 Θεὸν
3145 2363 3357 2431 ἐπέσχε
3403 2361 3461 2413 τὸ
3499 2359 3667 2429 ἀμύνει-

2130 2455 2271 2510 σθαι.
2291 2456 2475 2527 Διήκει
2495 2456 2551 2511 δὲ
2577 2456 2671 2510 καὶ⁵
2704 2457 2784 2520 είς
2812 2457 2872 2511 1-3
2901 2457 3096 2521 κοινὸν,
3126 2458 3207 2511 ὅτι
3237 2459 3350 2512 τῶν
3380 2457 3668 2529 ἀρχοντικῶν
3814 2452 3815 2531 l

2128 2546 2402 2618 πολεμίων
2431 2548 2531 2602 οὐκ
2563 2548 2710 2601 ἔστιν
2737 2548 2940 2620 ἑτέρως
2967 2548 3223 2613 ἀϐλαϐεῖς
3256 2548 3663 2612 ἀπαλλάττεσθαι,

2130 2639 2206 2711 μὴ
2232 2640 2352 2712 οὐχὶ
2383 2641 2533 2713 φόϐῳ
2562 2640 2697 2694 Θεοῦ
2728 2640 3184 2714 φρουρουμένους.

2211 2867 2482 2936 Ἑπτάκις
2513 2867 2621 2938 τῆς
2658 2869 2886 2939 ἡμέρας
2922 2869 3115 2941 ᾗνεσά
3135 2882 3208 2924 σε
3227 2888 3245 2901 ’
3280 2869 3379 2924 ἐπὶ
3408 2870 3478 2925 τὰ
3496 2869 3662 2936 κριζιιαο·

2129 2975 2201 3011 τα
2250 2956 2360 3026 τῆς
2399 2957 2791 3027 δικαιοσύνης
2820 2976 2958 3025 σου,
2992 2979 3045 3013 κ.
3070 2978 3118 3013 τ.
3144 2962 3193 3013 ὲ.
3238 2960 3450 3033 ’Ὥσπερ
3478 2962 3513 3031 ή
3537 2957 3661 3027 ὀγδόη

453 3038 621 3093 futuri
653 3037 835 3093 saeculi
892 3034 1148 3092 indicium
1203 3048 1310 3102 est,
1362 3047 1550 3108 utpote
1602 3053 1723 3108 quae
1768 3038 2018 3093 virtutem

2131 3048 2390 3120 σύμϐολόν
2422 3051 2536 3104 ἐστι
2580 3050 2674 3105 τοῦ
2734 3052 3018 3122 μέλλοντος
3068 3054 3288 3118 αἰῶνος,
3331 3052 3543 3123 δύναμιν
3571 3051 3664 3102 ἁνα-

453 3129 874 3187 resurrectiouis
908 3128 1173 3195 continet,
1199 3130 1269 3184 ita
1323 3130 1489 3184 etiam
1537 3129 1764 3198 septima
1808 3129 2023 3199 signum

452 3220 886 3290 cstbujusmodi.
922 3219 1088 3276 Forte
1135 3221 1297 3291 igitur
1327 3222 1394 3276 de
1436 3222 1585 3291 justo
1615 3220 1822 3290 judicio
1866 3221 2027 3291 hujus

452 3315 544 3383 qui
578 3313 683 3368 sub
730 3327 949 3367 sensum
1000 3314 1147 3368 cadit
1181 3314 1368 3366 mundi
1399 3313 1641 3369 rationes
1683 3326 2029 3383 cognoscens

456 3404 619 3465 David
643 3402 897 3461 laudabat
939 3404 1247 3462 Dominum.

527 3517 802 3593 Ejusdem.
833 3520 938 3576 Per
960 3534 1122 3579 omne
1161 3522 1286 3577 vita:
1316 3537 1427 3577 suae
1451 3530 1661 3591 tempus
1692 3520 2027 3577 illuminatus

449 3614 628 3683 justus
671 3613 724 3668 in
765 3612 1005 3683 perlecta
1039 3614 1145 3668 erit
1189 3612 1295 3676 die,
1325 3627 1486 3682 quam
1521 3628 1627 3667 nox
1659 3628 1763 3667 non
1793 3614 2029 3667 interce-

456 3705 622 3775 perit,
668 3703 962 3774 laudatque
1013 3704 1181 3761 Deum
1216 3706 1415 3775 septies
1444 3720 1608 3775 supra
1643 3707 1897 3761 mundum
1920 3705 2029 3762 ela-

460 3809 547 3851 tus
572 3811 671 3853 sex
702 3795 895 3851 diebus
936 3796 1242 3852 absolutum
1276 3816 1290 3852 :
1320 3799 1756 3868 quandoquidem
1786 3801 1945 3855 etiam
1972 3800 2025 3854 in

456 3890 708 3961 paradiso
751 3887 847 3944 Dei
889 3892 1250 3956 constitutus,
1297 3907 1588 3962 rerumque
1627 3894 1919 3949 creationis
1961 3909 2027 3950 ac

458 3979 809 4049 providentiae
836 3977 932 4034 Dei
970 3981 1232 4036 rationem
1277 3983 1693 4052 contemplatus,
1737 3982 2027 4039 conﬁtetur

451 4071 656 4141 judicia
691 4069 917 4140 iustitiae
948 4072 1062 4137 Dei,
1092 4089 1159 4130 ex
1201 4076 1401 4146 quibus
1440 4092 1529 4131 res
1561 4077 1815 4146 quaelibet
1843 4075 2025 4131 diver-

456 4177 569 4218 sam
591 4163 957 4221 conditionem
980 4177 1044 4219 ac
1066 4164 1458 4234 providentiam
1492 4165 1680 4219 sortita
1700 4172 1803 4220 est.

2128 3141 2369 3205 στάσεως
2416 3142 2761 3214 περιέχουσα,
2816 3141 2960 3197 οὕτω
2992 3145 3085 3198 καὶ
3124 3147 3156 3217 ἡ
3205 3144 3408 3216 ἑϐδόμη
3444 3139 3663 3212 σύμϐολόν

2126 3231 2241 3282 ἐστι
2284 3229 2378 3283 τοῦ
2413 3230 2619 3302 κόσμου
2663 3233 2875 3286 τούτου.
2913 3235 3143 3305 Μήποτε
3173 3230 3270 3288 οὖν
3298 3237 3424 3301 τοὺς
3461 3232 3572 3302 περὶ
3605 3231 3662 3282 δι-

2125 3322 2470 3395 καιοκρισίας
2495 3325 2687 3394 λόγους
2722 3326 2818 3381 τοῦ
2863 3328 3070 3400 κόσμου
3101 3329 3296 3384 τούτου
3328 3328 3419 3383 τοῦ
3446 3321 3660 3395 αἰσθητθῦ

2123 3413 2407 3484 γινώσκων
2436 3420 2465 3471 ὁ
2495 3417 2678 3485 Δαυῖδ,
2708 3419 2828 3491 ﬁve:
2856 3420 2948 3476 τὸν
2977 3421 3202 3495 Κύριον.

2201 3530 2314 3585 Τοῦ
2364 3532 2570 3588 αὑτοῦ.
2612 3534 2748 3607 Παρ’
2783 3535 2902 3590 ὅλον
2947 3537 3037 3591 τὸν
3070 3537 3184 3608 βίον
3214 3534 3386 3593 αὐτοῦ
3429 3536 3457 3589 ὁ
3493 3532 3661 3591 δίκαιος

2124 3618 2492 3691 φωτιζόμενος
2543 3624 2600 3677 ἐν
2648 3625 2829 3697 ἡμέρᾳ
2860 3626 3012 3681 ἔσται
3042 3628 3243 3700 τελείᾳ,
3266 3630 3331 3685 οὐ
3363 3620 3660 3700 μεσολαμῶ-

2125 3711 2326 3784 νομένῃ
2356 3712 2460 3765 ὑπὸ
2483 3714 2675 3778 νυκτός
2692 3732 2706 3746 ο
2739 3717 2833 3770 καί
2856 3718 2995 3771 αἰνεῖ
3015 3718 3105 3771 τὸν
3132 3718 3265 3773 Θεὸν
3297 3720 3514 3779 ἑπτάκις
3529 3718 3660 3782 ὑπερ-

2126 3802 2353 3873 κόσμιος
2381 3804 2638 3873 γεγονὼς,
2681 3807 2759 3880 τῷ
2796 3809 2908 3863 ἄνω
2943 3812 3322 3884 κεχωρηκέναι
3348 3811 3437 3865 τοῦ
3473 3808 3526 3875 ἓξ
3548 3804 3655 3877 ὴμέ-

2129 3910 2250 3965 ραις
2290 3894 2579 3966 γενομένου
2614 3898 2816 3969 κόσμου
2843 3917 2855 3929 ·
2905 3902 2993 3955 ὅτε
3023 3904 3120 3956 καὶ
3169 3904 3227 3956 ἐν
3267 3904 3348 3976 τῷ
3390 3903 3657 3975 παραδείσῳ

2125 3980 2219 4035 τοῦ
2248 3982 2383 4037 Θεοῦ
2436 3986 2745 4058 γενόμενος,
2795 3990 2886 4044 τὸν
2925 3992 3023 4063 τῆς
3052 3992 3409 4065 δημιουργίας
3437 3996 3518 4048 καὶ
3546 4010 3653 4066 προ-

2126 4076 2274 4140 νοίας
2308 4080 2443 4134 Θεοῦ
2472 4079 2627 4149 λόγον
2652 4082 2954 4154 θεωρήσας,
2987 4084 3383 4156 ἐξομολογεῦεαι
3408 4088 3470 4140 τὰ
3488 4085 3652 4157 κρίμα-

2125 4189 2194 4227 τα
2220 4174 2319 4248 τῆς
2359 4173 2706 4246 δικαιοσύνης
2755 4175 2847 4229 τοῦ
2876 4175 3009 4229 Θεοῦ
3034 4194 3045 4206 ·
3079 4178 3203 4232 καθ’
3241 4179 3278 4233 ἃ
3304 4179 3525 4252 κρίματα
3549 4178 3652 4231 ἔκα-

2129 4281 2252 4321 στον
2298 4268 2530 4338 πρᾶγμα
2584 4267 2835 4340 ποικίλην
2890 4267 3249 4342 δημιουργίαν
3295 4273 3385 4326 καὶ
3439 4271 3652 4341 πρόνοιαν

2129 4356 2304 4428 ἔσχεν.

524 4435 684 4492 Vsus.
720 4435 841 4491 165.
872 4433 991 4490 I’aa:
1019 4436 1184 4503 multa
1220 4436 1553 4506 diligentibus
1584 4437 1743 4507 legem
1779 4447 1945 4498 luam,
1975 4446 2022 4489 et

2193 4448 2413 4518 Εἰρήνη
2450 4449 2649 4519 πολλὴ
2697 4450 2821 4517 τοῖς
2868 4450 3138 4522 ἀγαπῶσι
3188 4454 3295 4508 τὸν
3331 4454 3501 4524 νόμον
3535 4466 3647 4511 σου,

457 4546 559 4584 non
596 4537 675 4583 est
707 4529 814 4582 illis
842 4528 1170 4594 scandalum,
1199 4538 1304 4583 etc.
1335 4527 1392 4584 Si
1433 4529 1637 4598 pusillis
1658 4528 2026 4584 scandalizat:-

459 4632 570 4686 tur,
598 4621 775 4692 pusilli
806 4637 912 4677 non
938 4620 1164 4692 diligunt
1190 4621 1494 4677 Dominum.
1528 4639 1547 4673 ι
1577 4622 1841 4688 Quienim
1871 4637 2029 4675 scau-

455 4713 794 4780 dalizaverit,
828 4714 1002 4783 inquit
1034 4713 1099 4779 ’³,
1136 4728 1302 4767 unum
1345 4715 1411 4767 de
1462 4713 1671 4783 pusillis
1703 4713 1832 4768 illis.
1878 4732 1896 4765 ι
1925 4712 2025 4779 Qui

455 4804 688 4872 diligunt
716 4804 1023 4866 Dominum.
1049 4819 1153 4859 non
1186 4804 1650 4861 scandalizantur.
1684 4804 1866 4859 Pusilli
1897 4819 2026 4874 ergo

454 4913 562 4955 non
596 4896 831 4968 diligunt
856 4897 1146 4953 Dominum
1172 4915 1187 4954 :
1215 4905 1541 4969 quapropter
1569 4897 1730 4952 etiam
1775 4897 2027 4966 ignorant

455 4992 693 5046 rationes
719 5004 899 5045 rerum
933 5005 1053 5058 qua;
1094 4991 1247 5056 liunt,
1288 5001 1343 5043 et
1368 4991 1432 5045 de
1454 4990 1648 5057 quibus
1678 4988 1840 5042 etiam
1867 5003 2030 5043 scan-

457 5086 786 5139 dalizantur.
814 5083 925 5138 Pax
960 5100 1067 5140 non
1094 5099 1217 5138 cum
1264 5082 1625 5137 invisibilibus
1649 5080 1905 5142 inimicis,
1931 5081 2025 5135 sed

455 5191 578 5229 cum
612 5174 812 5247 Deo,ct
847 5189 951 5228 non
1005 5185 1088 5230 est
1126 5174 1232 5229 illis
1266 5171 1664 5228 oﬂ'endiculum.
1708 5171 2029 5241 Complauat

457 5268 600 5321 enim
646 5268 755 5322 illis
803 5266 889 5323 lex
932 5265 1072 5321 viam
1109 5268 1346 5332 virtutis,
1382 5274 1592 5322 remoto
1621 5264 1768 5318 omni
1818 5262 2025 5333 peccati

456 5358 798 5415 olfeudiculo.
827 5360 921 5417 Vel
955 5378 1058 5433 pax
1090 5376 1214 5417 cum
1268 5358 1573 5416 hominibus
1604 5358 1842 5425 ejusdem
1879 5356 2023 5421 lidei,

458 5450 582 5506 licet
608 5449 684 5504 illi
716 5452 910 5522 sapius
948 5466 1134 5522 pacem
1167 5466 1290 5508 cum
1323 5452 1403 5506 eis
1427 5451 1629 5506 habere
1653 5448 1846 5505 nolint.

528 5654 714 5711 "Act.
747 5669 860 5722 xiv,
894 5654 984 5710 2|.
1061 5656 1105 5688 "
1140 5654 1283 5712 Psal.
1313 5670 1503 5723 uvut,
1536 5654 1639 5723 1ος
1672 5652 1827 5711 Joan.
1869 5623 2050 5721 ιι,’17.

2130 4540 2228 4594 καὶ
2277 4543 2388 4595 οὐκ
2431 4544 2600 4595 ἐστιν
2636 4543 2841 4609 αὐτοῖς
2884 4543 3252 4610 σκάνδαλον,
3302 4565 3356 4601 κ.
3378 4564 3425 4600 τ.
3447 4545 3489 4600 έ.
3534 4540 3646 4596 Elei

2132 4632 2318 4705 μικροὶ
2351 4632 2807 4699 σκανδαλίζονται,
2857 4635 2905 4687 oi
2958 4636 3146 4707 μικροὶ
3178 4638 3278 4690 οὐκ
3325 4631 3643 4705 ἀγαπῶσιτδν

2129 4722 2351 4794 Κύριον.
2408 4725 2632 4787 «Ὅστις
2665 4722 2774 4796 γὰρ
2813 4724 3159 4797 σκανδαλίσῃ,
3215 4728 3393 4798 φησὶν,
3435 4725 3519 4778 ἕνα
3559 4717 3642 4773 τῶν

2132 4814 2343 4887 μικρῶν
2378 4814 2601 4870 τούτων.
2626 4835 2645 4869 ι
2691 4817 2752 4869 Οἱ
2786 4816 2842 4869 δὲ
2886 4817 3207 4886 ἀγαπῶντες
3255 4820 3344 4873 τὸν
3376 4820 3551 4889 Κύρων
3589 4809 3637 4863 οὗ

2133 4908 2592 4973 σκανδαλίζονται.
2633 4910 2695 4962 Οἱ
2724 4911 2908 4982 μικροὶ
2934 4911 3033 4965 οὐκ
3058 4912 3311 4980 ἀγαπῶσι
3338 4912 3423 4967 τὸν
3447 4908 3635 4978 Κύριον·

2129 4999 2211 5053 διὸ
2243 5001 2334 5053 καὶ
2368 4999 2618 5067 ἀγνοοῦσι
2640 5001 2765 5064 τοὺς
2794 5000 2985 5069 λόγους
3018 5002 3126 5055 τῶν
3154 5003 3455 5073 γινομένων,
3480 4998 3549 5066 ἐφ’
3574 4988 3634 5055 οτς

2132 5091 2226 5144 καὶ
2279 5089 2734 5155 σκανδαλίζονται.
2774 5090 2975 5162 Εἰρήνη
3004 5093 3064 5143 οὑ
3098 5092 3233 5163 πρὸς
3278 5093 3394 5154 τοὺς
3424 5085 3633 5158 ἀοράτως

2133 5181 2377 5253 ἐχθροὺς,
2426 5181 2559 5234 ἀλλὰ
2589 5181 2724 5254 πρὸς
2749 5182 2838 5238 τὸν
2871 5182 3023 5245 Θεὸν,
3069 5184 3161 5237 καὶ
3200 5185 3298 5237 ούκ
3329 5184 3459 5236 ἐστιν
3489 5173 3630 5233 αὐτοῖς

2134 5274 2479 5344 πρόσκομμα.
2513 5272 2845 5345 Ἐξομαλίζει
2866 5272 2974 5343 γὰρ
2991 5274 3197 5338 τούτοις
3218 5276 3247 5328 ό
3277 5275 3425 5346 νόμος
3442 5270 3522 5340 τὴν
3538 5263 3629 5317 ὃδδν

2129 5366 2229 5436 τῆς
2248 5365 2469 5437 ἀρετῆς,
2486 5366 2593 5419 πᾶν
2619 5365 2825 5420 σκῶλον
2842 5366 2940 5437 τῆς
2966 5367 3233 5439 ἁμαρτίας
3250 5367 3475 5437 ἐξαίρων,
3491 5357 3546 5411 Ἦ
3567 5354 3628 5406 εί·

2133 5435 2269 5528 ρήνη
2289 5435 2385 5510 διαὶ
2566 5459 2691 5521 τοὺς
2719 5457 2819 5528 τῆς
2845 5435 3017 5528 αύτῆς
3040 5435 3290 5524 πίστεως.
3308 5435 3455 5511 εἶκαὶ
3471 5448 3623 5504 ἐκεῖνοι
3638 5435 3650 5451 ⁸

2132 5541 2389 5606 πολλάκις
2419 5541 2717 5615 εἰρηνεύειν
2749 5542 2884 5614 πρὸς
2912 5542 3131 5607 τούτους
3158 5544 3219 5597 οὑ
3250 5542 3508 5615 βούλονται.

2126 5654 2171 5686 ⁷⁸
2200 5655 2330 5711 ibid.
2362 5671 2474 5724 xlv,
2506 5655 2594 5711 50.
2663 5656 2710 5688 ⁷³
2744 5654 2931 5711 Matth.
2966 5670 3119 5713 xvttt.
3144 5654 3198 5711 6.
