3928 6158
258 332 409 417 Διθεδ

1177 324 1484 383 SELECTA
1524 324 1591 381 IN
1629 323 1969 381 PSAIMOS.
2007 354 2078 365 -—
2114 322 2310 381 PSAL.
2350 320 2580 380 CXVIII.

3373 321 3510 382 1626

335 451 726 521 προσεδόκων
749 450 817 505 τὸ
863 448 1157 520 σωτήριόν
1198 466 1337 513 σου,
1369 451 1566 519 Κύριε.
1595 450 1694 504 καὶ
1734 448 1822 517 τὰς

2011 448 2176 503 Vsus.
2201 446 2320 501 166.
2373 444 2756 513 Exspectabam
2788 442 3024 497 salutare
3064 451 3235 508 tuum,
3268 441 3506 509 Domine,

268 541 521 610 ἐντολάς
548 557 666 597 σου
695 540 999 613 ἠγάπησα,
1042 558 1096 595 κ.
1121 558 1171 596 τ.
1199 542 1245 595 ἑ.
1292 541 1578 612 Μακάριος
1612 542 1642 594 6
1665 558 1830 612 προσ-

266 634 554 706 δεχόμενος
584 634 676 688 τοῦ
718 632 850 688 Θεοῦ
895 633 956 688 τὸ
984 633 1268 704 σωτήριον.
1309 634 1541 704 ἀγαπῶν
1586 634 1643 688 δὲ
1672 630 1836 687 αὐτοῦ

268 725 360 779 καὶ
389 723 483 789 τὰς
518 723 764 789 ἐντολάς·
798 717 952 788 οὗτος
978 723 1087 796 γὰρ
1115 726 1197 787 εἰς
1245 723 1359 794 βίον
1403 724 1606 780 τέλειον
1637 726 1718 789 είς
1736 725 1838 778 ἀκ-

269 815 375 887 μὴν
416 816 710 888 προκόπτει
746 815 1162 888 μακαριότητος.
1196 816 1319 887 ἥτις
1358 815 1542 880 αὐτοῖς
1566 817 1679 880 τοῖς
1704 816 1839 869 ἁπο-

266 905 474 971 στόλοις
500 906 833 980 κεκλήρωτο,
868 905 1006 978 πρὸς
1035 906 1130 970 οὓς
1170 905 1384 975 ἔλεγεν·
1419 924 1439 958 ι
1469 907 1750 959 Ἔστωσαν
1780 909 1836 960 αἱ

263 996 463 1068 ὀσφύες
492 996 645 1069 ὑμῶν
695 994 1150 1070 περιεζωσμέναι,
1197 997 1295 1051 καὶ
1323 997 1374 1050 οἱ
1399 995 1585 1068 λύχνοι
1612 996 1836 1068 καιόμε-

263 1105 344 1143 νοι
363 1106 377 1120 ·
403 1089 499 1144 καὶ
541 1089 698 1160 ὑμεῖς
734 1090 909 1159 ὅμοιοι
932 1086 1237 1160 ἀνθρώποις
1264 1087 1714 1161 προσδεχομένοις
1745 1089 1837 1143 τὸν

263 1179 467 1254 Κύριον
493 1179 691 1236 αὐτῶν.
724 1199 743 1232 ι

346 1271 663 1343 Ἐτγ-ισάτω
703 1272 743 1341 ἡ
776 1271 987 1341 δέησίς
1015 1288 1137 1342 μου
1173 1270 1435 1327 ἐνώπιόν
1457 1287 1575 1329 σου
1595 1310 1611 1337 ,
1636 1274 1832 1342 Κύριε,

263 1365 413 1420 κατὰ
442 1364 508 1418 τὸ
532 1366 746 1434 λόγιόν
765 1379 883 1419 σου
908 1364 1238 1419 συνέτισὸν
1265 1381 1375 1435 με,
1414 1383 1470 1419 κ.
1499 1382 1552 1419 τ.
1587 1366 1636 1419 ὲ.
1678 1365 1835 1420 Κατὰ

262 1456 330 1510 τὰ
359 1455 595 1528 πρότερα
633 1457 871 1527 στοιχεῖα
906 1455 1073 1509 ὥδευε
1119 1455 1255 1529 πρὸς
1300 1457 1392 1510 τὸν
1434 1456 1586 1524 Θεὸν,
1621 1456 1833 1511 οὐδέπω

260 1540 329 1616 ἦν
359 1545 526 1614 ἐγγὺς
557 1544 720 1599 αὐτοῦ
741 1562 755 1576 ο
787 1546 878 1599 ὅτε
909 1543 967 1599 δὲ
999 1545 1091 1598 ἐπὶ
1114 1545 1257 1598 τέλει
1288 1545 1578 1617 γεγένηται
1615 1543 1710 1598 τοῦ
1746 1544 1833 1597 λό-

262 1653 359 1705 γου
390 1635 484 1689 τοῦ
516 1636 874 1708 προκειμένου
893 1676 908 1701 ,
950 1637 1045 1691 καὶ
1077 1635 1219 1691 κατὰ
1255 1637 1317 1690 τὸ
1356 1636 1657 1690 τελευταῖον
1700 1636 1830 1706 παρ’

275 1727 543 1800 Ἑϐραίοις
573 1730 835 1800 στοιχεῖον
854 1767 871 1789 ,
900 1729 1021 1782 τότε
1054 1727 1273 1800 εὔχεται
1302 1728 1389 1783 ἵνα
1429 1730 1462 1800 ἡ
1497 1728 1630 1800 εὐχὴ
1666 1729 1830 1784 αὐτοῦ

1939 555 1989 595 et
2034 541 2287 594 mandata
2344 547 2438 592 tua
2497 536 2684 600 dilexi,
2726 543 2831 590 etc.
2865 534 3059 589 Beatus
3085 534 3176 605 qui
3232 547 3488 604 exspecta

1937 636 2175 691 salutare
2204 634 2320 699 Dei,
2352 640 2407 687 et
2461 631 2713 686 mandata
2746 628 2862 696 ejus
2902 626 3095 698 diligit.
3148 627 3247 682 Hic
3270 628 3414 681 enim
3442 629 3509 683 ad

1936 729 2100 783 vitam
2126 725 2445 796 perfectam,
2482 732 2535 776 et
2564 721 2632 776 ad
2659 720 2872 775 culmen
2899 717 3115 788 proﬁcit
3135 718 3507 784 beatitudinis,

1936 837 2056 892 quae
2081 819 2213 891 ipsis
2264 816 2524 889 apostolis
2573 815 2813 886 reposita
2845 821 2952 876 est,
2984 813 3049 866 ad
3082 827 3219 882 quos
3256 811 3392 866 dixit
3412 811 3461 844 "
3491 830 3507 867 :

1942 931 1962 965 ι
2003 912 2125 968 Sint
2149 911 2318 965 lumbi
2347 909 2514 965 vestri
2553 908 2854 979 prmcincti,
2882 914 2937 961 et
2959 905 3195 960 lucernae
3216 904 3507 970 ardentes;

1934 1014 1990 1061 et
2017 1020 2119 1060 vos
2156 1003 2361 1060 similes
2406 1000 2719 1059 hominibus
2754 995 3194 1068 exspectantibus
3220 993 3508 1051 Dominum

1935 1096 2113 1152 Suum.
2140 1112 2162 1149 ι

2003 1275 2170 1347 817
2219 1271 2381 1328 Vsus.
2431 1272 2556 1329 169.
2609 1270 3001 1342 Appropinquet
3051 1267 3353 1336 deprecatio
3392 1282 3506 1319 mea

1933 1368 1987 1422 in
2026 1376 2304 1435 conspectu
2345 1376 2458 1433 tuo,
2491 1364 2747 1418 Domine:
2763 1361 2927 1432 juxta
2956 1361 3219 1432 eloquium
3249 1369 3398 1413 unum
3435 1359 3504 1412 du

1933 1460 2064 1513 milu'
2102 1457 2443 1519 intellectum,
2496 1463 2604 1510 etc.
2651 1454 2961 1510 Secundum
3010 1452 3193 1522 priora
3238 1452 3502 1507 elementa

1933 1547 2251 1603 ambulabat
2299 1547 2367 1600 ad
2423 1547 2613 1608 Deum,
2670 1553 2727 1600 et
2781 1544 3019 1598 nondum
3069 1544 3118 1599 ei
3168 1544 3504 1613 propinquus

1931 1651 2085 1708 erat;
2109 1640 2327 1710 quando
2346 1647 2527 1693 autem
2557 1636 2661 1692 fuit
2694 1636 2749 1691 in
2784 1636 2890 1692 line
2918 1636 3181 1706 propositi
3214 1637 3503 1698 sermonis,

1934 1741 1989 1785 et
2020 1733 2073 1786 in
2104 1733 2284 1786 littera
2318 1745 2440 1800 quae
2475 1732 2619 1800 apud
2654 1729 2908 1785 Hebraeos
2939 1737 3025 1783 est
3052 1737 3347 1796 postrema,
3379 1736 3506 1783 tunc

263 1820 457 1895 ἐγγίσῃ
487 1818 565 1885 τῷ
588 1820 709 1893 Θεῷ
730 1860 746 1886 ,
781 1821 874 1875 καὶ
907 1821 1086 1892 φθάσῃ
1116 1821 1254 1894 πρὸς
1277 1821 1462 1876 αὐτόν.
1492 1820 1626 1891 Περὶ
1654 1820 1710 1873 δὲ
1734 1819 1822 1874 τοῦ

1932 1824 2207 1890 obsecrat,
2239 1831 2300 1877 ut
2329 1822 2509 1879 oratio
2538 1821 2657 1893 ejus
2705 1820 2817 1875 Deo
2868 1821 3290 1890 appropinquet,
3337 1828 3392 1874 et
3437 1819 3504 1875 ad

261 1911 379 1984 Θεῷ
427 1915 677 1983 ἐγγίσαι,
726 1913 830 1987 χρὴ
897 1914 1127 1979 εἰδέναι,
1174 1915 1255 1968 ὅτι
1297 1914 1558 1985 διαφορὰς
1597 1914 1828 1986 εὕρομεν

259 2004 485 2068 ταύτας.
546 2006 605 2059 '0
655 2006 754 2078 μὲν
799 2006 1133 2078 τελειότερος
1182 2007 1390 2075 ἐγγίζει
1428 2005 1507 2077 τῷ
1534 2006 1683 2076 Θεῷ·
1715 2008 1742 2061 6
1770 2006 1828 2061 δὲ

262 2097 647 2170 ὑποδεέστερος
679 2100 772 2153 καὶ
815 2101 982 2168 ἐγγὺς
1026 2100 1218 2153 τούτου
1245 2139 1259 2163 ,
1291 2098 1451 2162 αὐτὸς
1486 2099 1586 2170 μὲν
1614 2098 1715 2152 οὐκ
1744 2100 1829 2167 εγ-

259 2190 400 2258 γίξει
431 2190 508 2262 τῷ
526 2190 645 2262 Θεῷ
668 2208 680 2221 ·
717 2192 883 2262 εὐχὴν
909 2192 965 2245 δὲ
996 2191 1109 2263 ἔχει
1139 2190 1457 2260 ἐγγίζουσαν
1493 2189 1642 2260 αὐτῷ
1661 2207 1674 2220 ·
1706 2189 1827 2243 ὅθεν

260 2280 387 2353 περὶ
418 2280 694 2345 Μωῦσέως
733 2280 915 2352 εὕροις
957 2281 1023 2336 ἂν
1047 2281 1108 2335 τό
1129 2298 1144 2312 ·
1179 2299 1199 2332 ι
1250 2280 1460 2349 Ἐγγιεῖ
1495 2280 1701 2351 Μωσῆς
1740 2279 1828 2351 μό-

260 2390 349 2437 νος
375 2373 511 2445 πρὸς
544 2372 633 2428 τὸν
653 2374 807 2440 Θεὸν,
836 2374 887 2428 οί
930 2374 985 2428 δὲ
1013 2373 1187 2427 λοιποὶ
1214 2373 1311 2427 ούκ
1344 2373 1642 2443 ὲγγιοῦσινο
1676 2393 1696 2426 ι
1732 2375 1827 2427 ἐπὶ

257 2466 315 2521 δὲ
365 2467 556 2522 τούτου
620 2467 785 2539 εὐχὴν
838 2467 1100 2535 λέγουσαν
1146 2484 1165 2519 ι
1208 2465 1513 2535 Ἐγγισάτω
1565 2467 1598 2536 ὴ
1641 2465 1825 2536 δέησίς

262 2576 396 2629 μου,
428 2578 447 2611 ι
495 2560 589 2614 καὶ
630 2560 777 2630 ἑξῆς.
829 2560 928 2623 Τίς
975 2559 1032 2613 δὲ
1072 2558 1277 2613 τούτων
1331 2560 1365 2630 ἡ
1393 2558 1625 2632 διαφορὰ
1675 2557 1827 2623 ἄξιον

257 2652 357 2724 ἥδη
386 2651 682 2724 θεωρῆσαι.
722 2653 779 2705 '0
805 2651 938 2715 Θεὸς
967 2652 1067 2706 οὐκ
1088 2653 1145 2705 ὲν
1174 2650 1325 2723 τόπῳ
1353 2652 1499 2705 ἐστὶν
1518 2689 1534 2714 ,
1567 2651 1703 2706 ἀλλὰ
1735 2651 1825 2704 δύ-

256 2744 420 2816 ναμίς
463 2746 608 2797 ἐστιν
645 2742 880 2815 appreo;
919 2745 1016 2798 καὶ
1068 2742 1371 2814 ἅφθεγκτος
1422 2743 1518 2797 καὶ
1573 2742 1822 2815 ἀόρατος.

254 2837 319 2890 El
358 2836 403 2890 δ’
439 2836 539 2890 οὐκ
585 2835 731 2888 ἐστιν
763 2838 822 2889 ὲν
850 2836 998 2907 τόπῳ
1040 2836 1068 2888 6
1100 2835 1263 2899 Θεὸς,
1323 2834 1564 2905 ἐγγίζειν
1616 2830 1673 2885 δὲ
1707 2832 1823 2887 ἔστι

257 2930 393 2984 ποτὲ
418 2928 495 3001 τῷ
541 2927 660 2999 Θεῷ
680 2968 695 2992 ,
727 2928 969 2998 δηλονότι
1003 2928 1079 3000 τῷ
1108 2930 1165 2981 ὲν
1197 2930 1329 3000 ἡμῖν
1361 2926 1579 2999 ἀοράτῳ
1614 2927 1827 2997 ἐγγίζο-

257 3040 357 3096 μεν
399 3021 564 3094 αὐτῷ.
605 3022 670 3076 Τί
703 3022 759 3076 δὲ
788 3024 845 3078 ὲν
882 3024 1015 3094 ἡμῖν
1058 3022 1320 3095 ἁόρατον;
1361 3022 1420 3073 '0
1449 3019 1689 3092 κρυπτὸς
1727 3020 1824 3090 τῆς

251 3116 478 3188 καρδίας
510 3114 823 3189 ἄνθρωπος,
850 3115 908 3169 δν
936 3114 1218 3187 ὠνόμασεν
1248 3115 1281 3185 ἡ
1317 3112 1507 3185 Γραφὴ
1543 3130 1561 3163 ι
1604 3112 1711 3166 ἔσω
1733 3113 1824 3166 ἄν-

1931 1915 2107 1985 ipsum
2156 1914 2459 1984 perveniat.
2511 1912 2783 1969 Cancrum
2837 1912 2906 1967 de
2947 1912 3359 1982 propinquitate
3407 1910 3502 1966 Dei

1929 2008 2210 2066 sciendum
2236 2019 2321 2064 est
2346 2007 2448 2063 has
2492 2021 2592 2061 nos
2630 2005 2966 2061 diﬂ'erentias
2994 2006 3288 2075 reperisse.
3319 2002 3504 2059 Perfe—

1926 2101 2065 2158 ctior
2096 2098 2494 2171 appropinquat
2530 2098 2672 2163 Deo;
2698 2096 2927 2152 inferior
2954 2112 3087 2152 vero
3121 2105 3176 2151 et
3207 2097 3333 2150 huic
3361 2094 3501 2149 vici-

1925 2208 2029 2250 nus
2062 2210 2169 2249 non
2202 2190 2598 2264 appropinquat
2623 2190 2842 2259 quidem
2882 2191 3010 2255 Deo,
3046 2189 3148 2245 sed
3191 2188 3501 2243 orationem

1925 2287 2095 2344 habet
2126 2287 2175 2343 ei
2205 2285 2760 2356 appropinquantem.
2807 2282 2962 2338 Unde
3008 2282 3075 2337 de
3125 2281 3310 2353 Moyse
3350 2296 3503 2351 repo-

1928 2380 2040 2436 rire
2072 2389 2157 2435 est
2192 2378 2363 2435 illud:
2399 2397 2420 2431 ‹
2454 2379 2692 2434 Accedet
2735 2375 2953 2449 Moyses
3000 2375 3150 2431 solus
3200 2375 3266 2430 ad
3311 2375 3499 2434 Deum.

1925 2473 2108 2529 cmteri
2140 2480 2324 2527 autem
2360 2485 2467 2526 non
2497 2469 2797 2535 accedent;
2837 2486 2857 2521 ι
2898 2468 3115 2539 insuper
3144 2481 3273 2523 vero
3297 2467 3502 2522 oratio-

1924 2578 2047 2619 nem
2082 2563 2352 2619 dicentem
2383 2575 2402 2617 :
2447 2579 2467 2614 ι
2494 2561 2905 2632 Appropinquet
2935 2559 3251 2629 deprecatio
3285 2573 3427 2621 mea,
3472 2575 3492 2610 ι

1923 2651 2032 2710 ειό.
2071 2655 2202 2721 Qute
2229 2668 2393 2724 porro
2423 2654 2617 2710 horum
2661 2655 2734 2708 sit
2766 2651 3102 2715 differentia.
3146 2665 3324 2720 opera:
3372 2665 3499 2719 pre-

1926 2747 2061 2800 tium
2093 2754 2179 2800 est
2214 2743 2583 2802 considerare.
2616 2743 2759 2798 Deus
2792 2757 2897 2797 non
2932 2752 3016 2796 est
3039 2742 3092 2796 in
3125 2741 3266 2808 loco,
3296 2742 3391 2796 sed
3417 2749 3502 2793 est

1922 2838 2096 2892 virtus
2136 2851 2334 2892 arcana
2367 2844 2421 2892 et
2452 2832 2743 2891 ineﬂ‘abilis
2790 2846 2847 2890 et
2890 2833 3204 2889 invisibilis.
3232 2834 3289 2888 Si
3317 2843 3497 2887 autem

1928 2930 2071 2985 Deus
2102 2945 2210 2985 non
2241 2937 2329 2985 est
2362 2929 2416 2984 in
2459 2929 2600 2994 loco,
2625 2936 2683 2983 et
2714 2927 3007 2997 aliquando
3046 2936 3222 2981 tamen
3260 2925 3371 2982 Deo
3403 2942 3500 2996 ap-

1922 3020 2288 3090 propinquare
2316 3034 2626 3090 possumus,
2657 3018 2848 3089 utique
2871 3033 2967 3088 per
2992 3017 3044 3071 id
3074 3018 3218 3085 quod
3253 3019 3304 3073 in
3340 3017 3498 3072 nobis

1923 3121 2006 3165 est
2048 3111 2324 3168 invisibile
2371 3112 2472 3183 ipsi
2515 3111 3036 3183 appropinquamus.
3078 3111 3216 3176 Quid
3251 3127 3415 3180 porro
3442 3113 3494 3167 in

253 3182 506 3281 θρωπον;
542 3226 562 3260 ι
600 3182 800 3262 Ῠούτου
829 3205 959 3277 γοῦν
988 3182 1132 3263 ἐστιν
1161 3182 1375 3275 ἐγγίσαι
1393 3204 1471 3276 τῷ
1666 3205 1821 3257 Ἔστι

1925 3206 2080 3261 nobis
2129 3217 2214 3262 est
2259 3207 2554 3272 invisibile,
2612 3208 2714 3264 nisi
2761 3206 3008 3262 occultus
3052 3209 3232 3262 cordis
3289 3208 3494 3269 homo,

250 3300 309 3354 δὲ
353 3300 571 3369 ἐγγίσαι
623 3299 712 3354 διὰ
757 3299 932 3372 Ἰησοῦ
978 3299 1244 3373 Χριστοῦ·
1296 3300 1390 3352 καὶ
1442 3297 1675 3369 μάλιστα
1727 3296 1822 3351 ἐὰν

249 3393 532 3464 νοήσωμεν
558 3392 649 3447 τὸν
678 3392 910 3463 Χριστὸν
928 3431 942 3456 ,
970 3393 1051 3446 ὅτι
1072 3392 1188 3445 ἐστὶ
1207 3390 1537 3463 δικαιοσύνη,
1559 3390 1640 3444 ὅτι
1672 3390 1820 3445 ἐστὶν

248 3483 477 3556 ἀλήθεια
503 3484 597 3539 καὶ
628 3485 787 3554 σοφία
807 3524 822 3549 ,
857 3485 951 3539 καὶ
973 3485 1265 3548 ἀνάστασις
1294 3483 1388 3537 καί¹
1414 3481 1527 3552 φῶς
1546 3481 1818 3553 ἀληθινόν.

252 3574 415 3629 ἸΑνευ
441 3572 550 3647 γὰρ
577 3574 781 3628 τούτων
822 3576 921 3629 οὐκ
949 3574 1091 3629 ἔστιν
1122 3573 1334 3645 ἐγγίσαι
1366 3572 1517 3645 Θεῷ,
1551 3573 1664 3627 ἀλλ’
1697 3573 1819 3628 οὐδὲ

249 3665 420 3736 χωρὶς
437 3667 687 3740 είρήνης,
713 3666 814 3737 τῆς
846 3667 1185 3743 φρουρούσης
1220 3668 1320 3738 τὴν
1353 3666 1580 3738 καρδίαν
1621 3666 1715 3719 καὶ
1749 3665 1821 3719 τὰ

248 3760 525 3831 νοήματα,
547 3760 669 3830 ἥτις
705 3760 851 3812 ἐστὶν
873 3761 901 3813 6
925 3759 1175 3831 Χριστός.
1211 3759 1359 3830 Ὅσῳ
1385 3757 1440 3811 δέ
1481 3774 1564 3823 τις
1600 3757 1819 3813 ἀπολεί-

248 3865 409 3902 πεται
430 3848 634 3902 τούτων
653 3887 669 3913 ,
691 3848 1032 3919 δικαιοσύνης
1050 3865 1123 3919 φη
1133 3849 1192 3919 μὶ
1214 3849 1307 3902 καὶ
1333 3847 1522 3918 σοφίας
1541 3888 1555 3912 ,
1580 3848 1817 3920 τοσούτῳ

249 3942 466 4014 μακράν
489 3942 636 3995 ἐστιν
666 3943 694 3995 6
719 3941 956 4006 τοιοῦτος
983 3940 1077 3994 τοῦ
1110 3940 1269 3996 Θεοῦ.

316 4219 595 4275 Ε’ίσέλθοι
625 4219 691 4272 τὸ
729 4218 957 4289 ἀξίωμά
987 4236 1108 4289 μου
1150 4215 1404 4271 ἐνώπιόν
1428 4231 1574 4280 σου,
1604 4219 1810 4285 Κύριε,

243 4310 396 4364 κατὰ
419 4308 485 4362 τὸ
505 4310 715 4379 λόγιόν
750 4326 868 4364 σου
888 4309 1078 4379 ῥῦσαί
1102 4327 1208 4380 με,
1250 4326 1306 4362 κ.
1337 4326 1388 4363 τ.
1421 4311 1468 4363 ὲ.
1502 4310 1816 4383 Παρακαλεί

240 4405 493 4476 τοιαύτην
543 4402 683 4461 εἶναι
732 4406 831 4479 τὴν
861 4407 1080 4472 ἀξίωσιν
1135 4409 1393 4481 δόκιμον,
1435 4412 1529 4464 καὶ
1578 4409 1810 4481 βέϐαιον,

1921 3314 2079 3370 quem
2110 3298 2394 3368 Scriptura
2426 3298 2474 3333 ⁷⁸
2516 3317 2538 3353 ε
2569 3298 2893 3354 interiorem
2941 3297 3218 3352 hominem
3255 3317 3275 3350 ι
3312 3299 3491 3353 nomi—

1919 3387 2114 3447 navit?
2143 3389 2316 3462 Hujus
2350 3404 2483 3461 ει·ςο
2531 3399 2616 3446 est
2642 3390 3086 3461 appropinquare
3128 3389 3261 3445 Deo.
3292 3387 3494 3447 Possu-

1919 3498 2038 3539 mus
2080 3483 2243 3538 etiam
2298 3483 2737 3553 appropinquare
2787 3495 2885 3551 per
2928 3480 3121 3539 Jesum
3174 3482 3490 3547 Christum,

1916 3576 2215 3647 prazsertim
2235 3576 2280 3630 si
2306 3576 2740 3631 intellexerimus
2759 3574 3036 3631 Christum
3059 3575 3492 3646 essejustitiann,

1917 3669 2237 3731 veritatem,
2290 3669 2648 3738 sapientiam,
2697 3668 3157 3724 resurrectionem
3203 3677 3259 3723 et
3314 3668 3491 3724 lucem

1914 3775 2120 3815 veram.
2161 3757 2296 3813 Nam
2329 3760 2448 3815 sine
2478 3759 2562 3815 his
2596 3759 2821 3815 minime
2849 3774 3140 3829 possumus
3166 3760 3277 3814 Deo
3297 3775 3494 3830 appro.-

1915 3855 2209 3924 pinquare,
2257 3854 2350 3910 sed
2401 3868 2503 3908 nec
2555 3852 2675 3908 sine
2721 3865 2855 3921 pace
2901 3866 2998 3907 cor
3036 3861 3091 3906 et
3135 3854 3493 3923 cogitationes

1915 3947 2282 4012 custodiente,
2311 3962 2435 4016 qua:
2461 3960 2565 4016 pax
2599 3954 2684 4000 εει
2709 3943 2982 3999 Christus.
3008 3944 3280 4010 Quantum
3311 3956 3490 4001 autem

1914 4040 2035 4110 quis
2067 4039 2192 4094 istis
2222 4039 2558 4102 destituitur,
2588 4037 2803 4107 justitia
2853 4037 3072 4107 inquam
3113 4046 3166 4094 et
3197 4037 3489 4110 sapientia.

1920 4133 2259 4189 tantumdem
2288 4141 2526 4187 remotus
2554 4138 2636 4186 est
2659 4146 2689 4184 a
2718 4129 2850 4185 Deo.

1988 4226 2154 4281 Vsus.
2198 4226 2324 4281 170.
2373 4224 2542 4279 Intret
2590 4222 2875 4291 postulatio
2932 4239 3046 4277 mea
3108 4224 3160 4276 in
3210 4232 3487 4292 conspectu

1915 4327 2027 4387 tuo,
2075 4317 2319 4384 Domine,
2361 4316 2646 4371 secundum
2685 4316 2947 4386 eloquium
2992 4325 3140 4369 tuum
3181 4319 3320 4384 eripe
3369 4333 3487 4380 me,

1914 4420 2019 4466 etc.
2070 4409 2244 4481 Rogat
2300 4417 2360 4463 ut
2411 4408 2715 4463 istiusmodi
2771 4407 3062 4477 postulatio
3113 4408 3185 4463 sit
3230 4410 3483 4479 probata,

240 4499 338 4551 καὶ
365 4497 783 4567 ἀκατάγνωστον
804 4539 818 4564 ,
855 4498 995 4553 ὥστε
1040 4499 1298 4555 εἰσελθεῖν
1328 4500 1556 4557 ἐνώπιον
1581 4502 1807 4572 Κυρίου.

1924 4501 2073 4558 lirma
2099 4511 2154 4559 et
2173 4501 2698 4573 lrreprehensibilis,
2723 4500 2797 4555 ita
2832 4509 2891 4553 ut
2920 4500 3089 4557 intret
3113 4501 3164 4554 in
3186 4513 3524 4584 conspectu_

239 4591 521 4662 Γνώσομαι
543 4590 598 4643 δὲ
614 4591 663 4644 εί
688 4590 914 4645 εἰσέλθοι
937 4592 997 4646 τὸ
1018 4593 1233 4666 ἀξίωμά
1255 4612 1356 4667 μου
1377 4593 1603 4648 ἐνώπιόν
1621 4612 1736 4659 σου,
1759 4597 1807 4648 εί

1924 4595 2148 4651 Domini.
2192 4594 2527 4665 Cognoscam
2574 4604 2755 4650 autem
2804 4606 2987 4651 utrum
3026 4593 3320 4663 postulatio
3364 4609 3485 4649 mea

239 4680 496 4755 ρυσθείην
527 4682 631 4736 ὑπὸ
660 4681 754 4735 σοῦ
781 4682 921 4737 κατὰ
942 4684 1032 4738 τὸν
1056 4684 1211 4755 λόγον
1238 4686 1332 4740 καὶ
1368 4687 1428 4741 τὸ
1453 4686 1669 4758 ἀξίωμά
1705 4704 1804 4759 μου

237 4777 334 4832 καὶ
378 4777 479 4850 τὴν
507 4775 699 4846 σοφίαν
741 4793 854 4829 σου.
911 4777 968 4830 '0
1008 4780 1117 4849 γὰρ
1145 4778 1415 4844 ἀνώτεοος
1449 4781 1666 4835 πάντων
1700 4799 1808 4835 πα-

236 4871 348 4926 θῶν
365 4871 603 4940 γεγονὼς
619 4912 633 4934 ,
662 4871 870 4941 καὶτῆς
889 4872 1210 4944 ἀχρειούσης
1233 4873 1448 4945 μακρὰν
1468 4874 1550 4928 ὅτι
1573 4873 1805 4946 μάλιστα

233 4964 438 5028 κακίας
488 4965 775 5036 χωρήσας,
812 4964 1049 5036 ὲῤῥύσθη
1098 4966 1203 5020 ὑπὸ
1238 4966 1334 5021 τοῦ
1377 4966 1513 5021 Θεοῦ
1553 4968 1694 5022 κατὰ
1742 4967 1805 5022 τὸ

234 5056 417 5127 λόγιον
448 5056 633 5111 αὑτοῦ.
677 5057 822 5110 Ἀντί
852 5057 908 5110 δὲ
932 5056 1026 5110 τοῦ
1060 5077 1079 5109 ι
1112 5059 1174 5112 τὸ
1204 5059 1423 5131 ἀξίωμά
1447 5077 1547 5131 μου
1578 5080 1597 5113 ι
1643 5062 1672 5114 6
1706 5060 1803 5132 μὲν

247 5145 480 5211 Ἀκύλας
529 5164 548 5197 ι
575 5147 758 5219 δέησίς
795 5165 894 5218 μου
919 5186 934 5211 ,
972 5167 990 5200 ι
1047 5151 1075 5202 6
1109 5149 1166 5202 δὲ
1214 5149 1507 5223 Σύμμαχος
1570 5170 1589 5203 ι
1628 5152 1804 5206 ἱκεσία

237 5257 341 5310 μου
371 5259 390 5291 ι
428 5241 704 5313 εἰρήκασι.
742 5238 845 5292 Δύο
875 5239 945 5310 δὴ
986 5234 1078 5292 οῦν
1103 5242 1245 5294 αἰτεῖ
1264 5283 1281 5306 ,
1319 5241 1417 5314 τὴν
1450 5243 1665 5298 σύνεσιν
1694 5244 1803 5298 τῶν

238 5332 285 5384 ίε
295 5331 400 5403 ρῶν
419 5331 613 5401 λογίων
631 5373 646 5396 ,
676 5332 769 5385 καὶ
787 5331 886 5404 τὴν
909 5333 1226 5405 ἀπαλλαγὴν
1250 5335 1345 5390 καὶ
1366 5334 1674 5409 ἐλευθερίαν
1692 5337 1801 5394 τῶν

234 5421 296 5475 ὲν
318 5422 398 5494 τῷ
428 5421 527 5495 βίῳ
559 5422 741 5478 κακῶν
760 5442 773 5456 ·
802 5424 831 5478 ὃ
856 5425 922 5498 δὴ
950 5426 1045 5480 καὶ
1076 5427 1207 5497 ἡμῖν
1236 5426 1553 5497 ἀναγκαῖον.

305 5786 357 5821 ’⁸
390 5788 518 5847 Luc.
545 5805 643 5860 xu,
668 5790 758 5848 35.
831 5793 876 5827 "
916 5792 1071 5852 Rom.
1106 5809 1202 5861 vn,
1230 5792 1318 5849 22.

1912 4688 2199 4744 intraverit
2237 4689 2291 4743 in
2338 4698 2629 4759 conspectu
2675 4699 2789 4753 tuo,
2832 4691 2877 4745 si
2925 4687 3220 4745 secundum
3258 4686 3482 4748 verbum

1911 4784 1967 4832 et
1995 4775 2420 4844 postulationem
2454 4792 2629 4833 meam
2660 4791 2725 4833 ac
2755 4780 3075 4848 sapientiam
3106 4786 3253 4831 tuam
3281 4791 3312 4830 a
3337 4788 3388 4832 te
3418 4778 3483 4831 li~

1910 4871 2129 4925 beratus
2156 4870 2330 4925 fuero.
2353 4869 2455 4939 Qui
2475 4871 2618 4927 enim
2644 4873 2901 4928 omnibus
2920 4872 3208 4929 affectibus
3229 4872 3485 4943 superior

1910 4963 2103 5026 evasit.
2127 4969 2181 5017 et
2203 4961 2363 5032 longe
2397 4962 2685 5018 admodum
2718 4964 2786 5019 ab
2821 4964 2998 5018 inutili
3052 4966 3259 5021 malitia
3294 4981 3478 5021 remo-

1912 5064 1995 5112 tus
2024 5064 2130 5123 est,
2157 5057 2204 5113 is
2233 5071 2262 5110 a
2296 5056 2407 5112 Deo
2438 5058 2735 5113 secundum
2764 5056 3039 5128 eloquium
3069 5057 3186 5128 ejus
3216 5059 3482 5114 liberatus

1907 5159 2013 5205 est.
2042 5149 2306 5206 Czeterum
2337 5165 2436 5221 pro
2490 5167 2510 5204 ι
2542 5151 2840 5220 postulatio
2887 5168 3003 5208 mea
3044 5172 3064 5206 ι
3116 5152 3306 5221 Aquila
3347 5151 3478 5220 qui-

1907 5244 2028 5300 dem
2060 5262 2081 5297 ι
2114 5245 2429 5316 deprecatio
2457 5259 2598 5311 mea,
2638 5262 2659 5298 ι
2699 5243 3065 5314 Symmachus
3094 5259 3223 5299 vero
3260 5262 3280 5296 ι
3314 5243 3476 5301 obse-

1904 5337 2077 5394 cratio
2109 5352 2228 5393 mea
2264 5356 2284 5391 ι
2320 5336 2591 5393 dixerunt.
2625 5337 2739 5392 Duo
2768 5337 2941 5408 igitur
2979 5336 3235 5405 postulat,
3274 5336 3474 5391 intelli-

1901 5430 2140 5501 gentiam
2180 5443 2459 5485 sacrorum
2500 5427 2838 5499 eloquiorum
2887 5437 2941 5484 et
2984 5426 3362 5482 liberationem
3411 5438 3472 5481 ac

1903 5521 2209 5578 libertatem
2240 5523 2308 5578 ab
2333 5522 2493 5593 hujus
2524 5522 2649 5579 vita:
2681 5522 2840 5579 malis
2868 5542 2883 5576 :
2916 5522 3061 5593 quod
3097 5519 3285 5591 utique
3312 5519 3470 5577 nobis

1900 5615 2264 5674 necessarium
2294 5624 2399 5675 est.
