3928 6158
523 265 663 323 1627

524 485 767 539 docueris
806 502 887 538 me
911 486 1330 555 justiﬁcationes
1381 497 1524 553 tuas,
1578 497 1684 542 etc.
1731 488 2010 542 Eru'ctatio
2044 497 2102 541 ut

524 575 811 643 plurimum
841 576 1039 630 accidit
1098 579 1379 633 saturatis.
1421 576 1512 632 Sic
1551 581 1699 634 enim
1734 580 1927 649 repleti
1969 595 2101 636 eru-

523 678 739 724 etamus
795 671 1112 738 qualitatem
1170 672 1275 726 cibi
1329 686 1488 741 quem
1535 673 1887 740 sumpsimus.
1942 671 2101 727 Novit

527 760 694 830 igitur
728 762 946 816 divinus
976 777 1155 817 sermo
1180 764 1357 817 cibum
1392 763 1687 833 spiritalem
1717 779 1731 817 :
1764 780 1890 818 nam
1924 765 2098 832 ipsum

526 853 765 909 Verbum
819 856 896 910 ait
922 857 969 888 ⁷⁶
996 872 1055 911 se
1087 872 1208 911 esse
1250 872 1440 926 panem
1489 876 1502 912 :
1558 876 1576 907 ι
1609 857 1721 924 Ego
1764 873 1886 911 sum
1942 858 2099 926 panis

526 950 684 1004 vivus
711 951 802 1020 qui
832 950 899 1005 de
938 951 1078 1005 coelo
1105 951 1361 1006 descendi
1395 969 1409 1006 :
1444 951 1489 1004 si
1522 951 1647 1020 quis
1688 951 2101 1006 manducaverit

525 1056 592 1096 ex
642 1042 744 1097 hoc
788 1056 949 1111 parte,
1007 1043 1155 1097 vivet
1206 1043 1260 1096 in
1311 1042 1809 1112 mternumaﬁls
1849 1042 1987 1110 Quin
2045 1052 2101 1098 et

525 1148 722 1189 carnes
764 1136 964 1189 habere
1022 1150 1081 1189 se
1129 1135 1319 1189 ait":
1378 1153 1397 1186 ι
1435 1135 1538 1203 Qui
1588 1136 1881 1191 manducat
1924 1151 2099 1190 meam

526 1239 771 1289 carnem,
799 1225 964 1280 habet
989 1226 1157 1279 vitam
1185 1227 1237 1279 in
1266 1230 1562 1297 semetipso
1595 1244 1608 1279 :
1644 1241 1774 1280 caro
1803 1227 1946 1281 enim
1982 1235 2099 1281 mea

525 1330 694 1371 verus
739 1327 822 1372 est
860 1319 1034 1373 cibus.
1066 1336 1084 1369 ι
1123 1317 1178 1373 Si
1210 1317 1377 1388 igitur
1396 1318 1498 1373 hoc
1526 1334 1681 1387 pane,
1709 1319 1762 1372 id
1787 1333 1870 1374 εει
1898 1319 2098 1383 Verbo,

526 1410 758 1465 saturati
796 1410 1081 1479 fuerimus,
1129 1412 1497 1467 eruetabimus
1532 1412 1814 1482 hymnum.
1849 1412 2103 1479 Quando-

527 1518 635 1572 que
681 1519 810 1559 vero
846 1505 1016 1560 etiam
1068 1506 1397 1561 eructabunt
1444 1505 1722 1559 orationes
1764 1525 1776 1558 :
1813 1507 1915 1561 hoc
1953 1508 2098 1561 enim

527 1598 694 1652 etiam
735 1613 831 1668 per
860 1614 1055 1669 preces
1092 1615 1317 1655 necesse
1360 1609 1443 1655 est
1494 1603 1635 1665 ﬁeri,
1683 1618 1804 1656 eum
1854 1604 2101 1659 docueris

528 1706 617 1747 me
662 1691 1084 1762 justiticationes
1143 1703 1280 1747 tuas.
1329 1692 1463 1746 Nam
1527 1694 1629 1748 nisi
1676 1695 2098 1764 justiﬁeationes

530 1792 650 1839 tuas
677 1784 899 1841 edoctus
921 1783 1099 1852 fuero,
1128 1785 1397 1853 ejusmodi
1420 1788 1820 1843 eructationem
1852 1800 2104 1844 eructare
2136 1763 2178 1817 Β

529 1890 764 1945 nequeo.

594 1967 877 2037 Ejusdem.
910 1969 1378 2036 Quemadmodum
1407 1985 1593 2025 eorum
1621 1971 1711 2040 qui
1744 1984 1900 2039 a'quo
1924 1971 2104 2025 animo

531 2068 677 2123 sunt,
711 2070 796 2115 est
819 2060 1050 2130 psallere
1087 2060 1270 2132 (nam,
1301 2062 1477 2132 inquit
1501 2063 1567 2126 ⁷⁸,
1603 2081 1621 2113 ι
1643 2076 1796 2130 aequo
1813 2062 1994 2115 animo
2023 2072 2107 2117 est

532 2152 727 2221 aliquis
760 2154 810 2207 in
839 2154 1013 2221 vobis,
1044 2153 1238 2222 psallat
1257 2154 1329 2225 ι),
1354 2155 1432 2209 sic
1459 2156 1686 2226 hymnos
1704 2174 1897 2213 cauere
1918 2173 2104 2214 eorum

530 2253 613 2297 est
640 2244 730 2311 qui
756 2241 1209 2314 justiﬁeationum
1247 2246 1488 2300 rationes
1524 2258 1844 2319 perspectas
1876 2251 2101 2307 habent.

532 2340 601 2390 At
633 2351 761 2392 vero
792 2337 1028 2407 psallere
1055 2337 1367 2392 hominibus
1408 2343 1682 2408 convenit,
1736 2343 1966 2413 hymnos
2011 2360 2108 2397 au-

533 2441 641 2484 tem
675 2445 896 2497 canere,
928 2432 1137 2502 angelis
1169 2432 1250 2485 vel
1283 2432 1352 2486 iis
1374 2434 1467 2502 qui
1497 2434 1799 2503 angelicam
1834 2438 1998 2491 vitam
2031 2440 2109 2491 vi-

530 2531 686 2577 vunt.
749 2523 1096 2595 Quapmpter
1154 2524 1321 2577 etiam
1390 2526 1444 2578 in
1512 2527 1657 2595 agris
1720 2540 2107 2595 pernoctantes

530 2623 784 2685 pastores
830 2629 936 2669 non
989 2616 1283 2670 audierunt
1348 2616 1570 2682 angelos
1632 2618 1960 2687 psallentes,
2008 2609 2105 2676 'sed

533 2708 765 2776 hymnos
791 2715 1053 2761 canentes
1079 2715 1136 2761 et
1175 2707 1459 2761 dicentes:
1505 2726 1523 2758 ι
1574 2706 1760 2763 Gloria
1804 2711 1859 2763 in
1906 2711 2107 2767 altissi—

531 2800 637 2854 mis
686 2799 792 2853 Deo
832 2798 901 2864 ",
946 2817 966 2850 ι
1013 2807 1120 2852 etc.
1167 2798 1262 2852 Est
1309 2799 1473 2869 igitur
1503 2802 1883 2869 aequanimitas
1910 2804 2107 2859 animm

532 2897 708 2945 status
750 2886 1039 2944 aﬂ'eetuum
1083 2904 1300 2959 expers,
1336 2891 1402 2944 ad
1437 2906 1596 2960 quem
1625 2892 1876 2947 manda'ta
1923 2892 2015 2948 Dei
2054 2903 2107 2948 et

534 2998 663 3038 vera
691 2983 939 3054 dogmata
979 2984 1283 3054 perducunt
1316 3000 1332 3050 ;
1367 2984 1603 3057 hymnus
1645 2994 1825 3040 autem
1867 2996 1955 3041 est
1991 2987 2105 3057 glo-

533 3072 788 3130 r..‘2catio.

609 3168 770 3222 Vsus.
802 3165 928 3223 175.
981 3166 1120 3221 Vivet
1143 3168 1323 3222 anima
1355 3185 1470 3223 mea
1499 3178 1549 3223 et
1576 3169 1809 3223 laudabit
1839 3179 1910 3238 te,
1940 3180 1988 3224 et
2005 3171 2101 3241 ju-

532 3261 677 3314 dicia
707 3271 799 3313 tua
830 3260 1156 3330 adjuvabunt
1185 3277 1289 3327 me,
1331 3270 1437 3317 etc.
1485 3263 1565 3317 Ad
1598 3262 1841 3318 futurum
1891 3275 2104 3334 tempus

529 3355 699 3409 vitam
749 3353 945 3407 animae
990 3353 1199 3407 retulit.
1241 3371 1260 3403 ι
1292 3353 1604 3411 Vita.enim
1638 3364 1822 3408 nastra
1871 3356 2103 3411 abscon-

531 3447 644 3501 dita
694 3454 780 3500 est
828 3460 951 3501 cum
996 3444 1223 3501 Christo
1257 3448 1310 3500 in
1354 3447 1464 3501 Deo
1494 3446 1564 3499 °°.
1600 3465 1618 3498 ι
1651 3447 1804 3501 Tune
1840 3448 2099 3517 hymnum

534 3540 645 3595 Deo
677 3539 898 3610 proprie
926 3538 1088 3594 dicet.

608 3632 773 3688 Vens.
820 3630 940 3686 176.
978 3631 1166 3685 Erraui
1200 3634 1336 3685 sicut
1379 3629 1490 3684 ovis
1528 3645 1645 3700 qua:
1682 3630 1882 3699 periit:
1925 3648 2103 3700 qurere

532 3744 738 3785 servum
774 3738 944 3790 tuum,
994 3726 1119 3797 quia
1150 3724 1402 3777 mandata
1444 3733 1536 3776 tua
1578 3740 1681 3776 non
1728 3739 1842 3775 sum
1885 3725 2100 3793 oblitus,

532 3831 643 3875 etc.
689 3816 936 3875 Primum
988 3816 1206 3886 quidem
1258 3823 1514 3883 tanquam
1562 3812 1773 3879 justilia
1828 3827 2100 3871 errantem

537 3909 777 3964 animam
829 3907 1102 3962 convertit
1153 3905 1467 3971 Dominus;
1510 3905 1704 3958 deinde
1761 3914 1889 3960 vero
1939 3906 2100 3961 etiam

536 4010 792 4072 tanquam
823 3998 1115 4067 sapientia,
1152 3997 1422 4069 siquidem
1445 4014 1607 4058 error
1641 4000 1836 4056 animae
1872 4009 1956 4055 est
1988 4016 2105 4055 ma-

534 4092 652 4151 litia
680 4100 735 4149 et
764 4091 1089 4160 ignorantia.

1036 4267 1360 4327 PSALMUS
1424 4269 1610 4328 CXIX.

607 4361 776 4418 Vens.
827 4361 881 4415 l.
934 4358 1209 4417 Canticum
1259 4365 1540 4432 graduum,
1585 4372 1695 4419 etc.
1744 4364 1854 4421 Soli
1897 4365 1973 4423 illi
2013 4372 2102 4439 qui

537 4454 646 4509 vita
695 4452 1012 4522 rationeque
1061 4453 1387 4517 ascendunt,
1421 4455 1532 4522 apti
1560 4466 1687 4510 sunt
1734 4458 2104 4529 gradualibus,

541 4545 720 4615 iisque
749 4542 1022 4614 mysteriis
1047 4557 1167 4612 qua:
1198 4543 1252 4598 in
1283 4546 1515 4601 canticis
1555 4548 1930 4605 continentur.
1962 4551 2107 4608 Con-

533 4635 753 4708 jicimus
794 4636 1026 4707 primum
1073 4636 1338 4706 graduum
1380 4640 1655 4695 canticum
1704 4642 1873 4699 fuisse
1914 4646 2110 4700 recita-

538 4738 678 4791 tum,
731 4727 777 4783 si
832 4726 1053 4797 quando
1100 4725 1297 4781 bellum
1354 4728 1715 4798 immineret;
1772 4735 2105 4802 secundum,

535 4819 754 4886 quando
787 4831 850 4874 se
878 4815 1255 4888 praeparabant
1280 4826 1335 4872 et
1368 4819 1548 4874 socios
1580 4821 1956 4892 advocabant;
1996 4836 2100 4880 ter-

539 4912 694 4976 tium,
726 4919 1013 4981 postquam
1041 4925 1167 4964 cum
1197 4909 1445 4966 hostibus
1474 4918 1774 4983 congressi,
1806 4918 1939 4987 ipsis
1972 4935 2107 4990 quo-

536 5003 829 5059 dammodo
855 5001 1164 5071 superiores
1197 5013 1527 5073 evaserant;
1574 5018 1850 5075 quartum,
1887 5012 2105 5079 quando

536 5096 603 5152 de
631 5094 857 5150 victoria
893 5093 946 5148 in
975 5093 1081 5147 line
1111 5095 1448 5164 sperabant;
1487 5099 1755 5167 quintum,
1805 5112 2097 5172 postquam

537 5205 657 5248 eam
694 5188 912 5244 fuerant
941 5187 1219 5242 consecuti
1252 5205 1267 5254 ;
1300 5198 1537 5256 sextum,
1569 5192 1787 5260 quando
1815 5194 2098 5262 redibant;

537 5281 855 5351 septimum,
879 5277 1221 5348 quandojam
1244 5277 1522 5333 redierant
1547 5296 1562 5340 ;
1591 5289 1861 5348 octavum,
1888 5283 2102 5349 quando

537 5367 797 5437 templum
842 5366 1236 5433 exstruebant;
1270 5381 1491 5435 nonum,
1541 5379 1824 5441 postquam
1869 5375 1920 5428 in
1969 5388 2101 5443 pace

538 5458 917 5526 versabantur,
952 5457 1325 5514 describentes
1364 5460 1487 5529 quis
1525 5463 1717 5520 beatus
1760 5474 1907 5519 esset
1946 5479 2101 5519 recuc

1934 274 2026 330 EX
2066 273 2372 332 ORIGENE

596 394 761 450 Vens.
803 395 926 452 171.
975 395 1307 450 Eructabunt
1343 397 1485 450 labia
1525 414 1639 452 mea
1665 400 1936 469 hymnum,
1983 416 2099 453 cum
2129 404 2175 459 A

3616 268 3713 322 1639

2284 396 2725 465 Ἐξερεύξονται
2766 396 2838 450 τὰ
2882 397 3056 465 χείλη
3083 414 3199 465 μου
3237 396 3461 464 ὕμνον,
3501 393 3623 449 ὅταν
3654 395 3713 450 δι-

2209 489 2399 557 δάξῃς
2431 507 2508 559 με
2546 488 2619 542 τὰ
2644 488 2999 559 δικαιώματά
3038 505 3182 551 σου,
3221 506 3279 541 κ.
3319 505 3371 540 τ.
3400 488 3445 539 ὲ.
3500 486 3558 539 Ἦ
3592 488 3714 559 ὲρυγίς

2207 582 2283 644 ὡς
2318 581 2519 636 ἐπίπαν
2567 582 2772 650 γίνεται
2804 584 2917 646 τοῖς
2969 578 3413 652 κεκορεσμένοις.
3446 577 3715 649 Πλησθὲηες

2208 672 2315 743 γὰρ
2345 672 2517 736 οὕτως
2555 673 2890 744 ἐρευγόμεθα
2918 672 3014 743 τὴν
3047 672 3310 742 ποιότητα
3338 671 3435 741 τῆς
3458 670 3650 739 τροφῆς,
3670 672 3715 740 ἣν

2207 766 2526 837 εἰλήφαμεν.
2556 762 2707 820 Οἶδεν
2734 762 2827 819 οὖν
2853 767 2881 817 ὁ
2905 766 3044 827 θεῖος
3074 764 3229 832 λόγος
3256 762 3609 833 πνευματικὴν
3631 779 3716 832 τρο-

2209 860 2332 929 φήν·
2353 858 2513 920 αὐτὸς
2527 856 2634 929 γὰρ
2648 860 2675 911 ὁ
2692 858 2863 926 Λόγος
2878 859 3040 927 φησὶν
3056 858 3217 929 ἄρτος
3234 851 3399 909 εἶναι’
3427 874 3444 905 t
3467 853 3590 920 Ἐγώ
3606 857 3714 923 εἰμιό

2208 955 2370 1025 ἄρτος
2385 956 2412 1006 ὁ
2434 953 2540 1018 ζῶν
2560 956 2587 1006 ό
2612 953 2670 1019 ἐξ
2684 953 2915 1025 οὐρανοῦ
2930 950 3170 1014 καταϐάς
3189 967 3202 979 ·
3226 951 3257 1001 ὁ
3274 948 3462 1018 φαγὼν
3484 945 3639 999 τοῦτον
3653 945 3711 999 τὲν

2207 1046 2369 1117 ἄρτον
2392 1045 2613 1117 ζήσεται
2637 1048 2715 1108 εἰς
2742 1044 2831 1097 τὸν
2861 1044 3053 1098 αἰῶνα.
3090 1063 3107 1093 ι
3139 1041 3248 1094 Καί
3274 1057 3407 1109 φησι
3431 1036 3533 1109 γὰρ
3550 1041 3574 1089 ὁ
3595 1037 3713 1104 Λόγνις

2207 1137 2351 1208 ἔχειν
2376 1138 2583 1208 σάρκας
2605 1139 2661 1190 ἐν
2685 1136 2762 1207 τῷ
2780 1155 2793 1167 ·
2828 1156 2846 1187 ι
2867 1139 2922 1187 'U
2933 1134 3154 1206 τρώγων
3180 1151 3286 1204 μου
3318 1132 3417 1203 τὴν
3439 1131 3611 1200 σάρκα,
3638 1127 3713 1197 ἔχει

2207 1229 2352 1300 ζωὴν
2373 1232 2429 1282 ὲν
2454 1229 2629 1300 ἑαυτῷ
2648 1246 2662 1260 ·
2685 1231 2717 1299 ἡ
2738 1227 2847 1299 γὰρ
2868 1226 3005 1298 σάρξ
3028 1244 3126 1298 μου
3146 1224 3357 1296 ἀληθής
3374 1226 3486 1275 ἐστι
3511 1220 3709 1297 βρῶσις.»

2221 1323 2344 1375 Ἐὰν
2373 1318 2464 1376 οὖν
2513 1321 2860 1394 κορεσθῶμεν
2904 1321 3092 1374 τούτου
3124 1318 3218 1371 τοῦ
3252 1318 3451 1389 ἄρτου,
3488 1317 3514 1368 ὃ
3537 1316 3631 1367 ἐστι
3652 1312 3712 1365 τοῦ

2207 1416 2410 1484 Λόγου,
2439 1415 2770 1487 ὲρευξόμεθα
2802 1414 2991 1485 ὕμνον.
3022 1412 3158 1465 Ποτὲ
3201 1411 3262 1464 δὲ
3289 1407 3628 1480 ἐξερεὺξονται
3653 1406 3715 1457 καὶ

2209 1507 2364 1577 εὐχαί
2391 1525 2403 1536 ·
2430 1506 2490 1558 τὸ
2523 1506 2632 1577 γὰρ
2658 1506 2789 1558 αὐτὸ
2819 1504 3069 1573 γενέσθαι
3100 1503 3413 1569 ἐπάναγκες
3437 1498 3524 1552 καὶ
3546 1498 3617 1551 διὰ
3644 1498 3715 1550 ὠν

2209 1599 2399 1670 εὐχῶν,
2422 1600 2549 1651 ὅταν
2585 1598 2801 1669 διδάξῃς
2827 1615 2893 1668 με
2916 1596 2984 1650 τὰ
3016 1593 3368 1666 δικαιώματά
3400 1610 3489 1645 σου
3507 1609 3519 1621 ·
3544 1591 3623 1644 ἐὰν
3640 1590 3715 1659 γὰρ

2213 1692 2286 1762 μὴ
2312 1691 2541 1761 διδαχθῶ
2582 1691 2650 1744 τὰ
2695 1689 3038 1761 δικαιώματά
3090 1705 3223 1752 σου,
3277 1684 3525 1755 τοιαύτην
3564 1680 3715 1754 ἑρυγὴν

2207 1782 2292 1850 ὲξε
2302 1782 2587 1855 ρεύξασθαι
2615 1785 2675 1837 οὐ
2707 1782 2966 1854 δύναμαι.

2284 1968 2391 2023 Τοῦ
2442 1967 2648 2023 αὑτοῦ.
2690 1967 2899 2039 Ὠσπερ
2947 1966 3056 2021 τῶν
3106 1965 3486 2037 εὑθυμούντων
3530 1962 3626 2016 ἐστὶ
3669 1961 3712 2013 τὲ

2204 2060 2422 2131 ψάλλειν
2468 2056 2754 2130 (ιεὺθυμεῖ
2798 2060 2908 2131 γάρ
2950 2077 3059 2123 τις,
3111 2060 3312 2128 φησιν,
3360 2058 3415 2109 ἐν
3436 2055 3574 2126 ὑμῖνς
3615 2053 3712 2123 ψιλ-

2205 2150 2575 2225 λέτωι),οὕτω
2598 2151 2658 2203 τὸ
2685 2150 2873 2221 ὑμνεῖν
2912 2150 3020 2203 τῶν
3051 2149 3400 2221 θεωρούντων
3441 2148 3554 2208 τοὺς
3575 2145 3713 2210 λόγους

2206 2244 2314 2297 τῶν
2341 2242 2724 2314 δικαιωμάτων
2764 2243 2931 2296 ἐστίν.
2999 2241 3161 2295 Ἀλλὰ
3204 2242 3268 2294 τὸ
3311 2240 3405 2312 μὲν
3438 2237 3712 2309 ψάλλεινὰν-

2207 2334 2444 2408 θρώποις
2471 2334 2718 2406 ἁρμόζει,
2756 2335 2815 2388 τὸ
2847 2335 2902 2387 δὲ
2933 2334 3121 2404 ὑμνεῖν
3154 2333 3495 2403 ἀγγέλοις,ῆ
3530 2332 3619 2392 τοῖς
3642 2330 3711 2392 ἁγ-

2207 2428 2420 2499 γελικὺν
2449 2428 2629 2499 ἔχουσι
2661 2427 2775 2498 βίον
2796 2444 2808 2457 ·
2844 2427 2923 2480 διὸ
2953 2428 3047 2480 καὶ
3071 2428 3121 2480 οἱ
3148 2422 3538 2498 ἀγραυλοῦντες

2207 2538 2297 2583 νες
2320 2520 2420 2572 οὐκ
2441 2520 2678 2589 ἥκουσαν
2702 2519 2949 2588 ἀγγέλων
2974 2518 3291 2588 ψαλλόντων
3310 2556 3324 2581 ,
3348 2515 3455 2570 ἀλλ’
3480 2509 3706 2582 ames»

2207 2630 2311 2667 των
2359 2613 2466 2685 καὶὸ
2503 2612 2767 2680 λεγόντων
2787 2628 2801 2642 ⁸
2860 2631 2878 2663 ‹
2914 2609 3049 2674 Δόξα
3084 2611 3139 2662 ἐν
3173 2609 3421 2678 ὑψίστοις
3448 2604 3577 2674 Θεῷ,
3603 2621 3617 2654 ι
3642 2600 3706 2654 καὶ

2206 2705 2273 2759 τὰ
2298 2706 2443 2776 ἑξῆς.
2482 2705 2636 2759 Ἔστι
2674 2704 2852 2757 τοίνυν
2898 2702 3135 2773 εὐθυμία
3186 2701 3423 2756 ἀπάθεια
3450 2696 3598 2768 ψυχῆς
3631 2691 3706 2746 ἀπὸ

2206 2800 2313 2855 τῶν
2340 2799 2566 2853 ἐντολῶν
2602 2798 2698 2852 τοῦ
2745 2797 2877 2851 Θεοῦ
2905 2797 2999 2850 καὶ
3044 2798 3152 2850 τῶν
3184 2795 3447 2866 ἀληθινῶν
3490 2787 3703 2860 δογμάτων

2207 2891 2609 2964 προσγινομένη
2632 2907 2646 2922 ’
2682 2889 2847 2962 ὕμνος
2867 2889 2924 2942 δέ
2954 2890 3065 2943 ἐστι
3093 2888 3392 2956 δοξολογία.

2278 3169 2534 3237 Ζῆσεται
2569 3169 2608 3238 ἡ
2657 3166 2826 3238 ψυχή
2874 3186 2993 3237 μου
3024 3167 3123 3221 καὶ
3149 3164 3376 3221 αἰνέσει
3411 3178 3507 3226 σε,
3547 3158 3622 3214 καὶ
3655 3157 3701 3209 τὰ

2208 3260 2462 3333 χρίματὰ
2488 3275 2603 3315 σου
2627 3260 2921 3329 βοηθήσει
2946 3278 3047 3330 μοι
3072 3300 3087 3323 ,
3128 3277 3183 3313 κ.
3218 3277 3271 3313 τ.
3300 3260 3349 3312 ἐ.
3389 3258 3478 3319 Εἰς
3502 3253 3579 3308 τὸν
3613 3249 3701 3321 μέλ·

2206 3357 2367 3411 λοντα
2388 3355 2577 3427 χρόνον
2592 3352 2827 3407 ὲνέκλειε
2852 3352 2949 3423 τὴν
2972 3350 3114 3423 ζωὴν
3140 3351 3244 3421 τῆς
3269 3349 3439 3421 ψυχῆς
3456 3366 3469 3380 ο
3497 3366 3514 3399 ι
3540 3343 3593 3396 Ἦ
3626 3340 3699 3409 γὰρ

2210 3448 2324 3517 ζωὴ
2358 3446 2514 3519 ἡμῶν
2544 3446 2849 3518 κέκρυπται
2888 3445 2983 3498 σὺν
3019 3443 3096 3515 τῷ
3125 3443 3347 3515 Χριστῷ
3379 3445 3434 3496 ὲν
3462 3440 3530 3510 τῷ
3556 3435 3696 3505 Θεῷ-ι

2210 3540 2342 3594 Τότε
2371 3539 2598 3612 ὑμνήσει
2631 3538 2835 3611 κυρίως
2856 3537 2946 3590 τὸν
2969 3536 3123 3592 Θεόν.

2287 3629 2668 3699 Ἐπλανήθην
2695 3638 2779 3696 ὡς
2812 3630 3107 3698 πρόϐατον
3147 3629 3477 3691 ἀπολωλός·
3507 3622 3699 3689 ζήτησον·

2203 3724 2311 3779 τὸν
2362 3723 2587 3778 δοῦλόν
2627 3738 2743 3777 σου
2761 3762 2776 3788 ,
2816 3720 2905 3776 ὅτι
2939 3722 3046 3787 τὰς
3069 3720 3325 3787 ἐντολάς
3367 3734 3473 3772 σου
3504 3716 3594 3769 οὐκ
3623 3711 3696 3763 ἐπ-

2207 3817 2529 3885 ελαθόμην,
2560 3834 2614 3869 κ.
2649 3832 2701 3867 τ.
2739 3815 2785 3867 ἑ.
2842 3812 3065 3884 Πρῶτον
3119 3813 3217 3884 μὲν
3272 3811 3366 3883 τὴν
3408 3804 3696 3876 πλανηθεῖσαν

2205 3910 2382 3981 ψυχὴν
2418 3908 2494 3972 ὡς
2534 3904 2846 3975 δικαιοσύνη
2882 3903 3207 3975 ἐπιστρέφει
3234 3906 3263 3957 ὀ
3303 3899 3512 3972 Κύριος,
3559 3892 3697 3990 ἔπειτα

2209 4001 2265 4055 δὲ
2311 4000 2403 4052 καὶ
2451 3997 2528 4060 ὡς
2561 3995 2751 4066 σοφία,
2796 3993 2956 4067 εἴπερ
3005 3992 3178 4065 πλάνη
3233 3991 3349 4046 ἐστὶ
3389 3987 3543 4059 ψυχῆς
3576 3987 3696 4036 mitia

2211 4091 2305 4145 atati.
2335 4088 2602 4159 ἀγνωσία.

2762 4270 3053 4326 ΨΑΛΜΟΣ
3085 4268 3231 4323 PIB'.

2286 4368 2424 4442 196?)
2452 4366 2569 4421 τῶν
2591 4363 2948 4434 ἀναϐαθμῶν
2970 4404 2984 4428 ,
3012 4381 3067 4416 κ.
3101 4380 3154 4419 τ.
3184 4363 3230 4415 ἑ.
3270 4359 3426 4415 Μόνοι
3459 4355 3501 4407 οἱ
3533 4344 3694 4420 τῷβῐῳ

2208 4441 2319 4534 (42)
2348 4460 2441 4514 καὶ
2472 4457 2550 4529 τῷ
2573 4457 2716 4526 λόγῳ
2747 4454 3127 4518 ἀναϐαίνοντες
3153 4451 3339 4506 οἰκεῖοὶ
3372 4450 3464 4501 εἰσι
3487 4441 3577 4496 τῶν
3600 4441 3692 4534 ανα-

2208 4530 2429 4620 όαθμῶν
2452 4588 2467 4613 ,
2501 4546 2597 4601 καὶ
2631 4546 2739 4599 τῶν
2771 4546 2827 4598 ὲν
2859 4547 2977 4609 ταῖς
3018 4543 3185 4614 ᾠδαῖς
3218 4539 3387 4595 αὐτῶν
3429 4530 3688 4607 μυστηρίων-

2208 4640 2583 4714 Στοχαζόμεθα
2605 4640 2703 4710 τὴν
2736 4639 2834 4710 μὲν
2862 4637 3085 4709 πρώτην
3129 4635 3273 4707 ᾠδὴν
3302 4633 3403 4686 τῶν
3436 4620 3688 4714 ἀναόαθιιών

2208 4713 2462 4802 λέγεσθαι
2503 4733 2560 4784 ὲν
2596 4729 2674 4800 τῷ
2707 4728 2824 4799 λαῷ
2847 4768 2862 4792 ,
2904 4728 3086 4781 εἴποτε
3121 4726 3349 4797 πόλεμος
3373 4713 3685 4791 προσεδοκᾶτο’

2206 4827 2304 4899 τὴν
2343 4825 2399 4878 δὲ
2432 4822 2689 4894 δευτέραν
2712 4861 2726 4885 ,
2779 4819 2939 4873 ὁπότε
2987 4816 3469 4890 παρεσκευάζοντο,
3492 4806 3568 4899 καὶ.
3591 4815 3687 4899 φεμ·

2212 4893 2396 4991 μόιχων
2426 4893 2667 4969 ἐδέοντοο
2697 4914 2794 4985 τὴν
2836 4913 2893 4965 δὲ
2940 4912 3151 4983 τρίτην.
3198 4910 3328 4981 μετὰ
3368 4906 3421 4959 τὸ
3452 4893 3681 4971 συμϐαλόν-

2204 5027 2295 5072 τες
2320 5012 2431 5072 τοῖς
2471 5006 2745 5079 πολεμίοις
2788 5004 3078 5076 ὑπέρτεροι
3106 5020 3224 5066 πως
3251 4999 3416 5056 αὐτῶν
3436 4990 3649 5065 γεγονέναι
3669 4994 3680 5012 '

2207 5101 2304 5173 τὴν
2323 5101 2380 5154 δὲ
2401 5101 2668 5172 τετάρτην
2687 5140 2701 5163 ,
2733 5098 2821 5151 ὅτε
2856 5097 2986 5168 περὶ
3011 5096 3112 5167 τῆς
3138 5096 3293 5167 νίκης
3320 5092 3404 5145 ἐπὶ
3426 5088 3543 5142 τέλει
3569 5081 3679 5173 ἠλπι-

2208 5167 2328 5258 ζον·
2361 5190 2460 5262 τὴν
2489 5167 2546 5242 δέ
2599 5167 2891 5260 πέμπτην,
2924 5167 3017 5241 ἐπὶ
3063 5186 3142 5256 τῷ
3189 5178 3584 5254 κατωρθωκέναισ

2208 5282 2266 5336 δὲ
2287 5259 2451 5352 ἕκτην
2477 5320 2491 5345 ,
2523 5259 2942 5350 ἐπανερχόμεναι
2962 5295 2976 5308 ο
3008 5277 3108 5347 τὴν
3134 5276 3191 5329 δὲ
3218 5273 3432 5343 ἑϐδόμην
3448 5309 3460 5333 ,
3484 5259 3676 5352 sumsit?

2209 5348 2426 5439 λυθότες
2448 5392 2461 5405 ο
2509 5372 2609 5446 τὴν
2640 5348 2706 5426 δὲή
2732 5348 2951 5442 όγδόην,
2999 5367 3433 5430 ἐπισκευάζοντες
3469 5358 3542 5451 τὸν

2205 5464 2303 5537 τὴν
2329 5464 2386 5518 δὲ
2411 5463 2635 5535 ὲννάτην
2659 5503 2673 5530 ,
2703 5460 2840 5535 μετὰ
2859 5460 2918 5513 τὸ
2942 5461 3000 5512 ὲν
3023 5458 3217 5529 εἰρήνῃ
3234 5452 3483 5526 γενέσθαι,
3508 5445 3671 5512 ampo-

608 5597 656 5636 ⁷⁶
687 5594 843 5651 Joan.
889 5612 963 5663 vr,
1004 5599 1094 5663 5t,
1134 5599 1223 5656 52.
1299 5599 1345 5632 "
1382 5597 1514 5655 ibid.
1553 5597 1642 5668 55,
1668 5597 1758 5654 56.
1831 5595 2082 5680 "Iacob.
2111 5597 2272 5666 v.15.
2347 5598 2393 5634 "
2418 5596 2552 5655 Luc.
2576 5612 2637 5665 ιι,
2661 5596 2745 5653 14.
2818 5596 2863 5630 ⁸⁸
2888 5595 3093 5657 Coloss.
3124 5613 3206 5667 ut,
3235 5597 3287 5654 3.

616 5738 728 5810 (42)
755 5741 942 5797 Μόνοι
966 5742 1020 5797 ot
1043 5740 1124 5809 τῷ
1146 5743 1287 5811 βίῳ,
1319 5752 1423 5801 etc.
1462 5743 1665 5802 Catena
1700 5742 1965 5802 Corderii.
