3928 6158
390 322 529 383 1629

1345 322 1653 380 SELECTA
1689 323 1756 378 ΙΝ
1789 322 2133 381 PSALMOS.
2173 356 2244 365 —
2276 323 2473 380 PSAL.
2516 323 2704 379 CXIX.

3506 310 3645 385 1630

388 459 580 514 φοντες
608 440 691 507 τίς
716 443 745 497 ὁ
772 441 1067 515 μακάριος,
1102 442 1196 495 ἐπὶ
1222 441 1300 513 τῷ
1332 443 1457 508 τοὺς
1480 443 1714 507 οἰκείους
1741 443 1952 514 ἀπειλη·

2069 453 2255 513 perata
2290 443 2711 499 domesticorum
2759 443 3145 498 consuetudine
3171 485 3186 509 ,
3220 442 3510 512 decimum,
3552 447 3646 505 ubi

389 537 587 606 φέναι,
620 537 716 590 καὶ
760 533 899 591 εἶναι
945 538 1042 590 σὺν
1086 536 1268 601 αὐτοῖς
1293 554 1306 568 ·
1358 537 1457 608 τὴν
1501 537 1558 590 δὲ
1589 536 1858 607 δεκάτην,
1913 539 1970 589 ἐν

388 628 587 701 βαθείεξ⁴
618 629 982 701 τυγχάνοντες
1032 631 1255 703 εἰρήνῃ,
1282 630 1367 682 ὅτε
1410 630 1543 698 φασὶ
1582 629 1843 692 πολλάκις
1873 629 1972 699 μὲν

386 718 830 791 πεπολεμῆσθαι,
876 721 1230 792 μηδεπώποτε
1262 721 1318 774 δὲ
1343 718 1664 789 δεδυνῆσθαι
1709 719 1830 771 κατ’
1880 718 1974 772 αὑ-

383 811 495 865 τῶν
543 812 670 874 τοὺς
718 812 1039 883 πολεμίους·
1075 813 1175 883 τὴν
1218 812 1275 865 δὲ
1321 811 1644 882 ἑνδεκάτην,
1703 810 1803 882 ἠδη
1856 812 1969 874 τοῖς

386 900 552 965 θείοις
608 901 957 972 σχολάζοντες
986 904 1080 956 καὶ
1130 902 1199 956 τὰ
1251 901 1391 972 βάθη
1443 900 1622 954 αὑτῶν
1661 900 1963 963 συνιέντες·

385 995 487 1066 τὴν
511 994 567 1048 δὲ
587 994 895 1065 δωδεκάτην
915 1034 929 1058 ,
962 994 1037 1058 ὡς
1065 994 1165 1047 οὑκ
1188 994 1540 1066 ἐπαιρόμενοι
1573 994 1665 1046 ἐπὶ
1686 995 1798 1055 τοῖς
1829 1009 1968 1061 γνω-

388 1088 595 1140 σθεῖσιν
619 1103 631 1114 ·
668 1087 767 1155 τὴν
799 1085 854 1138 δέ
881 1085 1338 1156 τρισκαιδεκάτην
1357 1125 1371 1149 ,
1416 1085 1545 1157 περὶ
1578 1083 1965 1137 ἀποκαταστά-

386 1197 524 1243 σεως
560 1178 807 1249 εὔχονται
838 1176 1075 1251 Χριστοῦ
1097 1194 1111 1208 ⁸
1144 1178 1243 1250 τὴν
1263 1179 1319 1232 δὲ
1344 1177 1962 1249 τεσσαρεσκαιδεκάτην,

382 1270 513 1342 περὶ
542 1269 1041 1333 ἀποκαταστάσεως
1082 1270 1183 1339 τῆς
1217 1270 1573 1341 Ἐκκλησίαςο
1605 1268 1702 1340 τὴν
1736 1268 1809 1321 δὲ’
1830 1284 1962 1321 πεν-

380 1363 802 1434 τεκαιδεκάτην,
835 1363 961 1434 περ).
991 1362 1086 1415 τοῦ
1120 1363 1227 1415 δεῖν
1257 1363 1485 1427 αὐτοὺς,
1536 1361 1849 1430 φθάσαντας
1884 1361 1965 1423 εἰς

379 1456 471 1509 τὸν
501 1450 649 1508 οἷκον
681 1454 775 1508 τοῦ
803 1454 937 1508 Θεοῦ
957 1495 971 1520 ,
998 1456 1220 1509 ἑστάναι
1272 1458 1329 1509 ἐν
1362 1452 1543 1523 αὑτῷ,
1575 1455 1669 1508 καὶ
1720 1453 1963 1521 εὐλογεῖν

380 1550 543 1604 αὑτὸν
567 1589 581 1613 ,
623 1549 945 1620 ἐπαίροντας
973 1549 1071 1613 τὰς
1098 1552 1288 1623 χεῖρας
1329 1552 1409 1612 εἰς
1453 1548 1521 1602 τά
1560 1546 1689 1616 am
1709 1590 1724 1615 ,
1751 1548 1836 1600 ἵνα
1866 1546 1962 1600 καὶ

382 1648 535 1702 αὐτοὶ
569 1648 934 1720 εύλογηθῶσιν
972 1648 1080 1701 ἀπὸ
1112 1648 1339 1719 Κυρίου.

449 1741 606 1809 Πρὸς
661 1742 882 1808 Κύριον
937 1740 1008 1793 ἐν
1049 1740 1129 1806 τῷ
1181 1741 1492 1794 θλίϐεσθαι
1534 1758 1611 1809 με
1642 1739 1957 1810 ἐκέκραξα,

380 1832 479 1887 καὶ
505 1830 832 1899 εὶσήκουσέ
860 1849 979 1901 μου
1003 1871 1017 1895 ,
1052 1849 1106 1884 κ.
1144 1849 1193 1883 τ.
1231 1832 1277 1886 ὲ.
1325 1830 1445 1884 Τῶν
1495 1831 1561 1884 δι’
1602 1833 1802 1906 ἀρετὴν
1845 1833 1956 1907 (45)

378 1924 473 1977 καὶ
498 1923 697 1992 γνῶσιν
730 1921 1065 1993 θλιϐομένων
1112 1922 1371 1976 ἐπακούει
1404 1922 1537 1985 Θεὸς
1569 1927 1627 1977 ἐν
1674 1926 1739 1995 τῇ
1785 1923 1959 1994 θλίψει

377 2018 477 2088 τῆς
533 2014 912 2086 αἰχμαλωσίας
979 2017 1073 2070 καὶ
1131 2016 1232 2087 τῆς
1300 2015 1515 2072 ἐκεῖθεν
1570 2016 1955 2081 κακοπαθείας.

378 2110 642 2183 Κραυγὴν
670 2110 726 2163 δὲ
753 2109 900 2178 λέγει
927 2109 1023 2184 τὴν
1043 2111 1301 2166 ἐπάνοδον
1321 2111 1498 2183 ψυχῆς
1520 2114 1612 2165 καὶ
1633 2129 1880 2184 συντετρι
1889 2131 1957 2182 μ-

381 2202 549 2273 μένης
592 2202 686 2255 καὶ
719 2203 1197 2275 τεταπεινωμένης
1230 2203 1365 2275 πρὸς
1413 2203 1505 2257 τὸν
1531 2203 1824 2274 δυνάμενον
1858 2202 1957 2275 ρύ-

379 2293 607 2369 σασθαθι,
635 2287 704 2365 ἦς
739 2292 942 2357 εὐθέως
976 2295 1242 2348 ὑπακούει
1274 2294 1427 2357 Θεός.

452 2387 624 2454 Κύριε
646 2426 661 2451 ,
686 2385 873 2453 ῥῦσαι
902 2386 1015 2455 τὴν
1042 2386 1253 2455 ψυχήν
1271 2404 1389 2455 μου
1409 2386 1527 2439 ἀπὸ
1555 2385 1805 2454 χειλέων
1831 2387 1957 2441 ἁδίσ-

376 2497 496 2534 κων
517 2480 616 2533 καὶ
636 2478 753 2533 ἀπὸ
776 2478 1061 2549 γλώσσης
1082 2477 1293 2544 δολίας
1310 2518 1327 2542 ,
1349 2497 1402 2532 κ.
1428 2495 1478 2531 τ.
1503 2480 1551 2531 ἐ.
1577 2477 1823 2549 Συνεχῶς
1843 2478 1955 2532 ἀνω

377 2572 487 2643 (Η)
515 2574 609 2626 καὶ
643 2574 793 2627 κάτω
822 2571 979 2625 τοῦτο
1008 2568 1316 2641 παρακαλεῖ
1340 2569 1431 2622 τὸν
1457 2570 1588 2622 Θεὸν
1610 2610 1625 2635 ,
1653 2571 1761 2624 τῶν
1789 2571 1957 2626 τοιού-

374 2681 482 2717 των
505 2663 803 2717 ἐπιὸουλῶν
841 2659 1295 2716 ἀπαλλάττεσθαι.
1339 2660 1401 2712 Εἰ
1441 2660 1497 2713 δὲ
1531 2662 1656 2725 τοὺς
1704 2662 1953 2734 δολεροὺς

372 2753 453 2807 δεῖ
480 2753 701 2824 φεύγειν
737 2754 831 2807 καὶ
860 2752 1124 2815 ὑπούλους
1144 2792 1159 2817 ,
1194 2750 1374 2822 πολλῷ
1414 2751 1613 2823 μᾶλλον
1643 2755 1768 2817 τοὺς
1812 2755 1954 2808 ἀπα-

372 2844 579 2908 τεῶνας
604 2884 618 2909 ,
645 2846 738 2899 καὶ
774 2844 986 2917 πονηρὰ
1016 2844 1261 2915 δόγματα
1296 2845 1556 2909 ἐνιέντας.
1598 2845 1849 2899 Μάλιστα
1892 2847 1950 2901 δὲ

372 2937 534 2991 ἄδικα
564 2936 706 2989 εῐποι
736 2954 821 2998 τις
847 2936 912 2990 ἂν
939 2934 1090 3007 χείλη
1134 2937 1317 2989 ἐκεῖνα
1346 2934 1415 2988 τά
1457 2936 1592 3008 περὶ
1613 2935 1710 3007 τὴν
1751 2936 1951 3009 ἀρετὴν

374 3028 702 3099 βλάπτοντα,
727 3027 797 3082 τὰ
826 3027 962 3099 πρὸς
1001 3027 1199 3081 κακίαν
1240 3028 1530 3097 ἐπάγοντα.
1576 3029 1674 3082 Διά
1700 3028 1764 3099 δὴ
1792 3028 1953 3082 τοῦτο

2075 538 2184 591 alta
2218 551 2349 606 pace
2384 534 2748 602 fruebantur;
2782 535 2999 605 quando
3028 537 3215 592 dicunt
3253 553 3312 593 se
3354 555 3494 609 szepe
3523 542 3645 610 qui-

2071 629 2193 682 dem
2241 626 2409 682 fuisse
2456 628 2817 697 impugnatos,
2869 635 2926 680 at
2971 644 3245 698 nunquam
3288 632 3356 684 ab
3401 630 3645 689 inimicis

2070 728 2375 789 prostratos
2407 737 2420 785 ;
2459 717 2628 789 819
2671 718 3039 785 undecimum,
3088 721 3303 789 quando
3339 720 3447 790 jam
3482 723 3643 780 rebus

2068 814 2269 868 divinis
2324 822 2586 868 vacantes
2631 827 2817 867 earum
2866 814 3135 880 profunda
3204 815 3577 884 intelligebant
3618 833 3638 886 ;

2069 912 2451 967 duodecimum
2493 911 2783 975 canebant,
2842 921 2900 965 ut
2948 910 3175 965 minime
3224 910 3351 963 elati
3410 910 3478 964 iis
3521 925 3642 969 qua:

2066 1013 2438 1073 cognoverant
2470 1022 2483 1068 ;
2522 1005 2794 1059 decimum
2831 1002 3048 1057 tertimn
3078 1001 3142 1056 de
3170 1001 3376 1055 Christi
3420 1001 3640 1056 restitu-

2074 1095 2222 1149 tione
2249 1111 2263 1159 ;
2301 1097 2569 1150 decimum
2598 1108 2851 1165 quartum
2881 1094 2948 1148 de
2982 1093 3321 1147 restitutione
3346 1092 3637 1153 Ecclesiae;

2067 1190 2301 1257 denique
2330 1188 2599 1243 decimum
2622 1189 2874 1258 quintum
2905 1187 3066 1242 docet
3095 1187 3366 1256 quomodo
3389 1193 3639 1257 oporteat

2067 1280 2232 1349 ipsus,
2278 1290 2562 1350 postquam
2608 1281 2675 1334 ad
2736 1282 2954 1334 domum
3004 1281 3097 1334 Dei
3159 1279 3535 1349 pervenerint,
3582 1278 3636 1333 in

2063 1373 2252 1427 eadem
2308 1383 2492 1435 stare,
2559 1381 2615 1426 et
2668 1372 2844 1442 ipsum
2902 1371 3270 1436 benedicere,
3323 1370 3635 1425 attollentes

2064 1480 2254 1518 manus
2282 1464 2333 1517 in
2365 1472 2575 1529 sancta,
2606 1474 2662 1517 ut
2694 1473 2744 1519 et
2776 1464 2877 1535 ipsi
2905 1481 2933 1519 a
2962 1463 3187 1520 Domino
3216 1462 3632 1518 benedicantut’.

2134 1740 2295 1795 VERS.
2327 1742 2377 1794 1.
2421 1741 2500 1795 Ad
2533 1740 2814 1794 Dominum
2850 1757 2967 1795 cum
2996 1740 3282 1797 tribularer
3305 1739 3554 1807 clamavi,
3582 1750 3634 1794 ct

2062 1834 2329 1886 exaudirit
2378 1851 2478 1889 me.
2521 1845 2625 1888 etc.
2668 1831 2768 1898 Qui
2805 1844 3023 1902 propter
3068 1834 3321 1888 virtutem
3367 1841 3421 1887 et
3457 1833 3635 1905 scien-

2062 1926 2192 1979 tiam
2231 1927 2580 1997 tribnlantur,
2617 1945 2712 1985 eos
2739 1929 2960 1985 exaudit
3003 1928 3145 1982 Deus
3177 1928 3230 1982 in
3279 1926 3633 1982 tribulatione

2056 2019 2389 2087 captivitatis
2429 2030 2484 2074 et
2510 2037 2695 2076 earum
2741 2037 2861 2092 qua:
2908 2022 3032 2077 inde
3082 2023 3357 2086 oriuntur,
3404 2019 3631 2073 calami-

2059 2120 2254 2165 tatum.
2287 2113 2591 2168 Clamorem
2626 2125 2807 2169 autem
2856 2125 3016 2171 vocat
3072 2116 3269 2169 anima:
3298 2114 3549 2171 contritae
3577 2121 3634 2167 et

2058 2203 2355 2259 humiliatze
2402 2205 2638 2260 reditum
2684 2209 2751 2261 ad
2792 2221 2914 2260 eum
2960 2209 3049 2277 qui
3087 2208 3235 2261 solus
3276 2207 3488 2262 salvare
3535 2220 3633 2277 po-

2059 2301 2180 2348 test.
2222 2294 2378 2350 Hunc
2408 2295 2705 2349 clamorem
2737 2292 3024 2348 confestim
3056 2293 3277 2349 exaudit
3305 2293 3469 2347 Deus.

2125 2387 2293 2442 Vsus.
2333 2388 2391 2443 2.
2435 2386 2679 2451 Domine,
2726 2386 2889 2439 libera
2920 2387 3155 2440 animam
3196 2402 3363 2439 meam
3401 2403 3432 2439 a
3469 2383 3629 2439 labiis

2053 2482 2249 2551 iniquis
2280 2490 2328 2533 et
2354 2497 2385 2532 a
2417 2478 2597 2548 lingua
2623 2477 2829 2544 dolosa,
2870 2489 2980 2533 etc.
3015 2476 3250 2531 Assidue
3277 2492 3438 2546 supra
3465 2486 3519 2531 et
3546 2477 3632 2530 in-

2054 2574 2133 2627 fra
2166 2573 2331 2627 Deum
2366 2571 2642 2632 obsecrat.
2680 2578 2737 2623 ut
2782 2571 2849 2623 ab
2896 2569 3197 2624 istiusmodi
3243 2568 3456 2622 insidiis
3497 2567 3632 2622 libe-

2054 2672 2226 2716 retur.
2270 2659 2327 2714 Si
2365 2670 2547 2713 autem
2597 2658 2769 2713 dolosi
2819 2668 2874 2711 et
2924 2657 3135 2712 subdoli
3187 2657 3420 2727 fugiendi
3478 2665 3627 2725 sunt,

2053 2753 2224 2808 multo
2259 2751 2435 2822 magis
2473 2752 2799 2820 impostores
2834 2759 2889 2804 et
2936 2750 3025 2818 qui
3073 2764 3337 2819 perversa
3377 2750 3630 2819 dogmata

2052 2841 2427 2896 disseminant.
2471 2838 2705 2894 Maxime
2742 2855 2874 2895 vero
2910 2840 3096 2909 iniqua
3128 2839 3324 2893 dixerit
3354 2839 3476 2909 quis
3504 2852 3630 2895 esse

2051 2933 2190 2989 labia
2229 2933 2324 2987 illa
2359 2949 2480 3004 quae
2526 2933 2713 2987 virtuti
2762 2932 3027 3002 oiliciunt,
3084 2947 3309 3003 quaeque
3350 2931 3418 2985 ad
3470 2929 3629 2985 maii-

2054 3026 2180 3080 tiam
2218 3026 2494 3083 inducunt.
2541 3025 2751 3081 idcirco
2798 3026 2985 3095 utique
3029 3025 3121 3080 hic
3164 3023 3428 3097 propheta
3458 3032 3623 3079 etiam

372 3121 467 3175 καὶ
485 3122 514 3173 ὁ
537 3122 823 3192 προφήτης
852 3116 1007 3184 οὗτος
1037 3120 1131 3173 καὶ
1167 3118 1264 3192 τὴν
1292 3121 1471 3192 ψυχὴν
1496 3121 1662 3176 αὑτοῦ
1688 3121 1830 3189 ἀξιοῖ
1852 3124 1949 3195 ρυ-

2059 3124 2289 3194 postulat
2311 3125 2550 3179 animam
2586 3140 2738 3181 suam
2768 3124 2836 3179 ab
2864 3123 2973 3179 illis
2999 3123 3244 3180 liberari.

372 3212 584 3285 σθῆναι.

446 3304 525 3359 Τὰ
549 3304 711 3372 ,ϐέλη
744 3305 852 3359 τοῦ
874 3304 1135 3360 δυνατοῦ
1169 3304 1513 3375 ἠκονημένα
1543 3306 1665 3360 σὺν
1692 3306 1816 3373 τοῖς
1846 3308 1951 3362 ἇν-

369 3394 543 3464 θραξι
583 3395 708 3462 τοῖς
746 3396 1081 3465 ἐρημικοῖς,
1128 3414 1181 3450 κ.
1218 3414 1269 3450 τ.
1304 3399 1351 3451 ἐ.
1400 3398 1565 3452 Οὑδέν
1612 3398 1784 3461 οὕτως
1836 3399 1947 3471 (45)

368 3486 597 3557 ἁρμόζει
619 3489 756 3560 πρὸς
780 3489 879 3553 τάς
904 3489 1280 3561 ἀντικειμένας
1298 3490 1555 3561 δυνάμεις
1575 3531 1589 3556 ,
1617 3491 1692 3555 ὡς
1722 3491 1791 3544 τά
1820 3491 1946 3564 βέλη

366 3579 461 3635 τοῦ
501 3580 738 3653 Χριστοῦ
769 3582 835 3635 τὰ
868 3583 1216 3653 ἀντικείμενα
1258 3586 1371 3647 τοῖς
1415 3585 1829 3656 πεπυρωμένοις
1863 3586 1950 3657 βέ-

365 3675 483 3728 λεσι
511 3671 606 3727 τοῦ
634 3674 873 3747 πονηροῦ
898 3716 912 3742 ,
947 3675 1042 3729 καὶ
1065 3677 1114 3729 οἱ
1137 3674 1405 3746 ἄνθρακες
1435 3678 1483 3729 οἱ
1529 3678 1947 3733 καταναλίσκον-

2120 3309 2290 3365 Vens.
2331 3311 2384 3365 4.
2427 3309 2650 3381 Sagitta:
2674 3311 2896 3379 potentis
2934 3319 3105 3363 acuta:
3146 3324 3266 3363 cum
3307 3307 3620 3364 carbonibus

2048 3401 2405 3466 desolatoriis,
2449 3412 2557 3455 etc.
2612 3400 2757 3454 Nihil
2791 3409 2977 3457 contra
3011 3401 3352 3456 adversarius
3393 3400 3626 3455 virtutes

2048 3494 2275 3565 perinde
2305 3494 2576 3559 convenit,
2605 3508 2669 3549 ac
2701 3492 2898 3548 Christi
2928 3495 3140 3564 sagitta:
3182 3492 3368 3565 ignitis
3400 3491 3624 3562 maligni

2044 3584 2247 3656 jaculis
2269 3584 2646 3649 adversantes,
2688 3593 2743 3639 et
2787 3583 3049 3639 carbones
3078 3585 3247 3655 ligna,
3287 3582 3496 3650 fenum,
3525 3582 3626 3638 sti-

2048 3678 2229 3748 pulam
2272 3686 2674 3732 consmnentes.
2725 3674 2784 3730 Si
2830 3690 2960 3729 vero
3000 3674 3241 3743 jaculum
3294 3684 3379 3730 est
3422 3675 3623 3730 amoris

364 3781 458 3829 τες
492 3764 622 3831 ξύλα
645 3806 660 3830 ,
694 3765 919 3837 χόρτον,
964 3765 1236 3837 καλάμην.
1280 3766 1344 3819 Ei
1373 3766 1431 3819 δέ
1458 3767 1574 3820 ἐστι
1619 3769 1773 3839 βέλος
1814 3770 1949 3838 άγά-

2068 3776 2193 3822 uxta
2211 3767 2419 3823 Cantici
2439 3766 2781 3823 canticorum
2810 3780 3063 3834 sponsam
3087 3779 3208 3835 qua!
3228 3765 3309 3819 ait
3333 3783 3348 3821 :
3378 3783 3396 3816 ι
3421 3764 3623 3823 Amore

366 3873 476 3927 πης
506 3856 644 3909 κατὰ
671 3856 769 3928 τὴν
790 3857 848 3910 ἐν
880 3858 992 3922 τοῖς
1018 3856 1260 3928 ’ᾼσμασι
1278 3857 1528 3929 νύμφηνο
1570 3878 1589 3912 ι
1617 3861 1945 3936 Τετρωμένη

365 3946 510 4019 γάρ,
550 3947 747 4018 φησὶν,
789 3948 978 4021 ἀγάπῃ
1022 3946 1161 4016 ἐγώ·
1191 3967 1209 3999 ι
1262 3948 1377 4001 ἔστι
1412 3949 1566 4020 βέλος
1602 3951 1948 4025 δικαιοσύνης

366 4038 463 4091 καὶ
487 4037 709 4110 ἀνδρίας
734 4038 828 4093 καὶ
851 4038 1205 4109 σωφροσύνης
1231 4039 1455 4093 καὶτῶν
1486 4041 1689 4097 λοιπῶν
1712 4045 1943 4115 ἀρετῶν,

362 4123 445 4194 οἷς
478 4130 656 4203 βέλεσι
676 4131 1099 4204 τιτρωσκόμενοι
1134 4132 1391 4187 ὑποκάτω
1417 4133 1512 4188 τοῦ
1543 4135 1679 4191 Θεοῦ
1710 4136 1944 4191 πίπτου-

365 4239 452 4278 σιν
475 4224 524 4277 oi
548 4222 687 4277 λαοί.

440 4315 550 4373 Τοῦ
573 4316 778 4369 αὐτοῦ.
819 4316 877 4371 Ὀ
912 4314 1110 4385 λέγων·
1138 4335 1157 4369 ‹
1194 4318 1438 4389 Ἔθηκάς
1478 4337 1544 4392 με
1588 4320 1743 4391 βέλος
1788 4322 1943 4376 ἐκλε-

363 4405 511 4471 κτὸν,
546 4425 566 4458 ι
599 4400 753 4477 οὗτός
780 4409 927 4461 ἐστιν
952 4408 1009 4460 ἐν
1037 4407 1249 4473 πολλοῖς
1275 4408 1453 4479 βέλεσι
1488 4410 1638 4481 βέλος
1663 4411 1935 4479 ἐκλεκτὸν,

2048 3860 2328 3915 vulnerata
2355 3873 2456 3930 ego
2486 3874 2606 3914 sum
2636 3874 2651 3923 ;
2684 3877 2703 3910 ι
2752 3859 2938 3927 utique
2964 3856 3212 3927 jaculum
3259 3866 3343 3913 est
3370 3857 3620 3927 justitiar,

2046 3952 2407 4018 fortitudinis,
2449 3953 2756 4023 prudentiae
2814 3967 2880 4007 ac
2931 3952 3261 4021 reliquarum
3308 3954 3566 4008 virtutum
3598 3972 3617 4011 :

2045 4048 2242 4117 quibus
2265 4046 2465 4117 jaculis
2496 4045 2761 4102 vulnerati
2791 4043 2974 4116 populi
3004 4045 3107 4100 sub
3146 4043 3261 4101 Deo
3289 4047 3512 4103 cadunt.

2115 4317 2391 4387 Ejusdem.
2451 4315 2552 4383 Qui
2593 4315 2669 4371 ait
2705 4315 2749 4348 ⁸¹
2795 4332 2810 4370 :
2862 4333 2882 4367 ι
2933 4314 3168 4369 Posuisti
3224 4328 3310 4369 me
3357 4314 3613 4384 sagittam

2041 4409 2293 4474 electam,
2324 4428 2343 4461 ι
2392 4409 2482 4464 hic
2522 4417 2605 4462 est
2635 4408 2687 4460 in
2716 4405 2905 4461 multis
2938 4407 3154 4476 sagittis
3179 4408 3374 4477 sagitta
3416 4405 3610 4472 electa,

363 4500 440 4565 ὡς
473 4501 531 4555 ἐν
566 4499 782 4566 πολλοῖς
825 4503 961 4566 υἱοῖς
1002 4502 1094 4554 καὶ
1138 4502 1253 4566 υίὸς
1289 4503 1695 4575 ἐκλελεγμένος.
1724 4507 1839 4558 Οὐκ
1872 4506 1937 4560 ἂν

2059 4506 2186 4559 sicut
2212 4503 2267 4557 in
2302 4501 2491 4559 multis
2521 4501 2649 4555 ﬁliis
2680 4500 2844 4554 etiam
2872 4508 2957 4555 est
2980 4499 3122 4555 (ilius
3144 4500 3368 4556 electus.
3400 4499 3614 4570 Nequa-

359 4591 419 4645 δὲ
445 4592 694 4665 φαρέτρα
720 4588 789 4664 ἦν
822 4593 898 4664 τῷ
927 4593 1046 4665 Θεῷ
1072 4594 1141 4648 δι’
1178 4595 1236 4651 ἓν
1281 4595 1433 4666 βέλος
1452 4638 1467 4663 ,
1498 4599 1629 4670 περὶ
1673 4595 1739 4671 ἦς
1768 4617 1899 4671 φησι
1918 4617 1933 4631 '

366 4701 386 4736 ι
422 4685 534 4738 Καὶ
583 4687 651 4757 τῇ
701 4686 947 4758 φαρέτρα
989 4687 1154 4741 αὑτοῦ
1193 4688 1397 4761 ἔκρυψέ
1433 4707 1520 4761 με.
1557 4711 1575 4742 ι
1614 4691 1798 4745 Πάντα
1843 4690 1937 4747 οῦν

358 4777 429 4832 τὰ
466 4775 595 4848 βέλη
633 4777 727 4831 τοῦ
754 4777 978 4832 δυνατοῦ
1007 4779 1141 4833 Θεοῦ
1172 4781 1514 4853 ἠκονημένα,
1550 4783 1769 4838 ἐναντία
1808 4784 1936 4839 ὄντα

356 4871 471 4933 τοῖς
502 4868 680 4941 βέλεσι
711 4868 807 4923 τοῦ
833 4869 1095 4944 πονηροῦ.

424 4983 592 5052 Οιμοι
616 4996 630 5012 ⁶
672 4982 765 5039 ὅτι
808 4985 848 5053 ἡ
890 4986 1170 5055 παροικια
1215 5004 1337 5058 μου
1375 4988 1711 5059 ἐμακρύνθη
1737 5028 1752 5055 ,
1794 5005 1935 5044 κατ-

355 5071 680 5140 εσκήνωσα
701 5074 854 5144 μετὰ
879 5073 999 5129 τῶν
1025 5074 1433 5145 σκηνωμάτων
1468 5077 1693 5146 Κηδὰρ,
1723 5095 1777 5131 κ.
1806 5094 1857 5131 τ.
1880 5079 1929 5132 ἐ.

358 5166 481 5220 Οὐκ
501 5164 618 5219 ἐστι
646 5165 757 5237 (46)
782 5166 877 5219 τοῦ
908 5166 1074 5220 αὑτοῦ
1110 5165 1289 5236 λέγειν
1308 5185 1322 5199 ·
1359 5185 1378 5219 ι
1405 5168 1499 5240 Μὴ
1541 5169 1825 5242 ἀναγάγῃς
1867 5187 1936 5239 με

358 5255 419 5309 ἐν
475 5254 665 5329 ἡμίσει
708 5255 931 5328 ἡμερῶν
962 5272 1103 5328 μουο
1144 5276 1163 5309 ι
1210 5260 1304 5311 καὶ
1344 5258 1433 5312 τό·
1490 5278 1510 5311 ι
1554 5259 1749 5329 Οἴμοι,
1791 5260 1938 5331 ὅτιή

354 5348 617 5420 παροικία
646 5367 748 5421 μου
782 5349 1120 5423 ἐμακρύνθη.
1160 5368 1179 5401 ι
1216 5351 1291 5407 ’Ἡ
1313 5351 1454 5422 τάχα
1472 5352 1686 5423 ἡμέρας
1709 5354 1825 5407 ἐκεῖ
1844 5352 1936 5407 λέ-

2045 4609 2205 4664 quam
2240 4603 2421 4648 autem
2454 4593 2562 4648 Deo
2591 4602 2814 4662 propter
2836 4592 3051 4646 unicum
3087 4592 3328 4661 jaculum
3357 4594 3611 4663 pharetra

2042 4698 2182 4754 erat,
2220 4686 2289 4741 de
2318 4702 2422 4755 qua
2444 4686 2521 4740 ait
2542 4685 2603 4717 ‘“
2629 4703 2643 4738 :
2692 4702 2711 4737 ι
2746 4684 2811 4739 Et
2841 4685 2893 4738 in
2928 4686 3181 4755 pharetra
3209 4699 3304 4741 sua
3331 4686 3615 4743 abscondit

2044 4795 2148 4833 me.
2186 4798 2205 4831 ι
2246 4778 2449 4833 Omnes
2495 4778 2660 4848 igitur
2715 4777 2926 4846 sagitta
2978 4779 3218 4847 potentis
3264 4778 3357 4832 Dei
3415 4789 3612 4842 acutae.

2042 4870 2240 4938 quippe
2269 4884 2391 4939 quae
2417 4878 2546 4924 sunt
2571 4867 2769 4937 jaculis
2797 4868 3022 4939 maligni
3057 4869 3368 4925 contraria}.

2019 4970 2031 4981 ’
2109 4985 2273 5042 γεω.
2312 4984 2365 5039 5.
2412 4983 2530 5038 Heu
2556 4983 2723 5038 mihi!
2750 4986 2876 5055 quia
2921 4982 3183 5039 incolatus
3212 4998 3356 5036 meus
3395 4982 3611 5047 prolon-

2033 5088 2187 5149 gatus
2231 5088 2331 5143 est,
2378 5077 2611 5132 habitaui
2659 5094 2779 5131 cum
2831 5078 3191 5133 habitantibus
3251 5075 3452 5140 Cedar,
3500 5084 3609 5131 etc.

2032 5170 2149 5227 Non
2183 5171 2424 5242 ejusdem
2462 5180 2547 5226 est
2583 5170 2793 5226 dicere:
2826 5190 2845 5223 ι
2878 5169 2956 5225 Ne
2983 5183 3207 5224 revoces
3239 5182 3326 5223 me
3352 5168 3405 5221 in
3445 5166 3609 5221 dimi-

2032 5263 2122 5319 dio
2142 5263 2355 5320 dierum
2378 5276 2624 5319 meorum
2641 5262 2712 5328 ⁸³,
2746 5282 2765 5315 ι
2797 5272 2852 5318 et
2881 5262 3013 5318 illud
3047 5282 3060 5317 :
3098 5281 3116 5314 ι
3145 5260 3259 5315 Heu
3282 5259 3417 5314 mihi
3443 5259 3455 5312 ι
3479 5258 3609 5327 quia

2031 5356 2301 5413 incolatus
2327 5371 2481 5413 meus
2515 5358 2868 5427 prolongatus
2908 5365 3011 5414 est.
3052 5376 3071 5409 ι
3115 5354 3207 5410 Vel
3254 5353 3396 5408 forte
3438 5352 3608 5425 820

352 5455 442 5510 γει
487 5440 554 5507 ἃς
595 5444 627 5497 ὁ
665 5442 830 5513 φόϐος
894 5442 988 5497 τοῦ
1040 5442 1247 5516 Κυρίου
1292 5442 1433 5499 κατά
1484 5444 1576 5499 τὸν
1618 5444 1937 5518 Σολομῶντα

2059 5449 2149 5507 lies
2176 5449 2291 5507 illic
2311 5449 2465 5519 dicit,
2489 5465 2627 5523 quas
2648 5452 2811 5508 timor
2835 5447 3051 5506 Domini
3076 5448 3229 5518 juxta
3255 5446 3601 5505 Salomouetn

424 5578 469 5611 ⁸⁸
496 5578 617 5637 Isai.
657 5594 805 5647 xm,
835 5579 892 5639 2.
965 5580 1012 5614 θ’
1037 5579 1168 5637 ibid.
1243 5579 1291 5613 ⁸³
1315 5579 1457 5637 Psal.
1482 5594 1556 5646 et,
1581 5579 1678 5639 25.

425 5714 539 5859 E43)
584 5715 708 5772 Τῶν
738 5718 814 5798 ὃς
840 5718 1081 5789 ἀρετήν,
1114 5731 1219 5777 etc.
1248 5720 1473 5779 Schedae
1502 5723 1709 5783 Grabii.

449 5786 537 5854 44)
571 5791 851 5859 Συνεχως
873 5790 1015 5859 ἅνω,
1047 5805 1153 5851 etc.
1184 5794 1383 5852 Catena
1414 5793 1683 5854 Corderii.

449 5786 537 5854 M)
571 5789 851 5859 Συνεχῶς
873 5786 1017 5860 ἄνω,
1047 5786 1153 5851 etc.
1184 5794 1383 5852 Catena
1414 5793 1683 5854 Corderii.

2103 5726 2218 5792 “5)
2240 5724 2431 5781 Οὐδὲν
2457 5724 2664 5792 οὕτως,
2695 5734 2799 5780 etc.
2836 5724 3058 5783 Schedw
3086 5725 3296 5783 Grabii.

2103 5795 2218 5867 (46)
2240 5799 2363 5852 Οὐκ
2399 5796 2550 5864 ἐστι,
2573 5808 2679 5853 etc.
2716 5795 2951 5852 Eadem.
