3928 6158
419 286 551 345 {651

1830 288 1924 345 EX
1962 287 2267 345 ORIGENE

3532 292 3655 350 1632

415 409 588 474 addit,
615 422 752 479 quas
784 406 864 462 sol
907 405 1138 477 iustitiae
1166 405 1349 475 ellicit,
1394 415 1449 461 et
1495 405 1548 462 in
1594 407 1790 478 quibus
1827 410 1974 465 etian

2096 409 2452 483 προστίθησι,
2495 410 2597 476 τὰς
2625 411 2731 467 ὑπὸ
2757 410 2851 466 τοῦ
2881 413 3030 483 ἡλίου
3061 411 3160 483 τῆς
3190 410 3538 481 δικαιοσύνης
3573 435 3652 483 γε·

413 502 683 557 Ahrabam
730 508 978 554 mortuus
1004 508 1088 554 est
1131 500 1324 569 plenus
1371 499 1604 554 dierum.
1662 500 1760 556 llic
1807 512 1986 556 autem

410 595 483 648 ob
516 593 716 648 sensile
763 606 959 646 munus
1007 591 1365 646 lamentatur.
1414 591 1592 647 liabet
1639 594 1783 648 enim
1822 594 1987 648 etiam

2091 501 2356 572 νομένας,
2385 502 2444 556 ὲν
2472 497 2561 566 αἷς
2594 503 2689 557 καὶ
2730 504 2981 575 ’Δῦραὰμ
3012 505 3246 560 ἀπέθανε
3287 506 3512 577 πλήρης
3536 524 3653 577 ημε-

2092 590 2222 664 ρῶν.
2273 591 2539 646 Ἐνταῦθα
2560 593 2617 646 δὲ
2648 592 2783 664 πρὸς
2809 594 2907 665 τὴν
2933 593 3193 666 αἰσθητὴν
3219 594 3442 667 δωρεὰν
3484 595 3655 647 ἀποδύ-

417 705 436 738 σ
473 685 805 741 desiderium
838 684 1060 741 dissolvi
1107 696 1161 739 et
1204 699 1327 740 esse
1364 699 1488 739 cum
1533 684 1779 748 Christo,
1820 687 1974 741 multc

2093 698 2244 753 ρεται
2263 698 2274 711 ·
2305 681 2418 752 ἕχει
2450 684 2558 755 γὰρ
2586 685 2682 737 καὶ
2712 679 2870 749 οὗτος
2894 703 2912 736 ι
2942 685 3229 756 ἐπιθυμίαν
3267 685 3372 739 τοῦ
3413 685 3654 739 ἀναλῦσαι

409 778 587 847 magis
628 777 820 832 melius
860 794 876 844 ;
926 791 1248 846 permanere
1291 787 1474 831 autem
1517 777 1569 832 in
1609 793 1775 835 carne
1814 779 1985 848 magis

409 868 782 924 necessarium
815 869 863 901 ⁸⁸
894 890 913 923 ι
953 878 1172 941 propter
1206 868 1434 922 aliorum
1465 867 1777 935 utilitatem,
1808 870 1985 940 siqui-

408 960 559 1027 dem,
596 960 936 1028 David,teste
991 963 1045 1017 in
1069 960 1295 1016 Actibus
1325 960 1691 1030 apostolorum
1726 956 1928 1029 ',"Luc
1967 1007 1983 1035 ,

407 1049 495 1103 vel
521 1051 702 1121 potius
734 1051 923 1119 Paulo,
967 1070 987 1104 ι
1023 1053 1074 1107 in
1118 1067 1214 1109 sua
1266 1052 1621 1124 generatione
1657 1066 1780 1106 cum
1810 1051 1984 1106 admi-

408 1139 721 1208 nistrasset,
754 1159 773 1193 ι
810 1157 840 1197 e
866 1143 1006 1199 vivis
1042 1145 1318 1216 migravit.

483 1234 755 1306 Ejusdem.
805 1252 825 1287 ι
875 1235 1052 1291 Cedar
1091 1256 1111 1290 ι
1157 1239 1546 1308 interpretatur
1596 1233 1975 1289 obtenebratio.

408 1321 657 1377 Habitavi
702 1323 886 1393 igitur,
920 1324 1119 1395 inquit,
1149 1341 1272 1381 cum
1313 1325 1679 1381 tabernaculis
1722 1324 1982 1377 tenebra-

404 1427 549 1475 rum,
581 1414 632 1468 id
657 1423 740 1469 est
779 1415 831 1469 in
864 1431 1096 1487 corpore
1124 1418 1337 1473 mortis.
1383 1418 1451 1474 Et
1489 1417 1669 1474 anima
1711 1431 1853 1482 mea,
1893 1414 1979 1468 in-

405 1507 545 1576 quit,
575 1507 689 1572 ipsa
722 1524 866 1578 saepe
900 1509 1080 1566 incola
1113 1510 1242 1565 fuit.

922 1778 1246 1837 PSALMUS
1301 1781 1469 1837 CXX.

474 1871 639 1928 Vens.
683 1872 737 1927 1.
790 1872 978 1928 Levavi
1025 1874 1209 1930 oculos
1269 1890 1407 1928 meos
1455 1873 1510 1926 in
1566 1880 1794 1937 montes,
1838 1872 1978 1927 unde

400 1964 569 2017 ueniet
602 1963 865 2018 auxilium
895 1964 1048 2027 mihi,
1079 1973 1186 2020 etc.
1230 1964 1343 2034 Ego
1386 1964 1630 2033 quidem,
1677 1964 1870 2034 inquit,
1904 1964 1983 2018 le-

399 2054 523 2111 vavi
553 2054 741 2112 Oculos
768 2072 918 2113 meos
945 2059 997 2113 in
1031 2068 1267 2121 montes,
1297 2065 1522 2111 sanctos
1552 2055 1763 2112 scilicet
1810 2071 1982 2126 ange-

400 2145 509 2212 los,
558 2157 814 2219 tanquam
874 2151 942 2206 ab
996 2151 1180 2222 aliquo
1230 2151 1446 2205 illorum
1496 2163 1652 2220 opem
1710 2165 1973 2205 consecu-

400 2249 595 2298 turus:
635 2243 785 2298 venit
806 2253 984 2300 autem
1018 2245 1151 2299 mihi
1179 2244 1436 2298 auxilium
1469 2259 1498 2298 a
1528 2242 1784 2308 Domino,
1823 2260 1841 2295 ι
1876 2243 1970 2315 qui

399 2330 752 2390 fecitcmlum
793 2346 848 2391 et
890 2346 1111 2392 terram.
1145 2356 1164 2390 ι
1212 2338 1330 2393 Νοη
1378 2339 1523 2394 enim
1570 2338 1773 2393 frustra
1809 2351 1970 2406 appo-

398 2425 554 2479 suit:
588 2443 608 2478 ι
643 2424 747 2493 Qui
779 2426 908 2483 fecit
935 2429 1132 2485 coelum
1181 2440 1237 2485 et
1283 2439 1505 2484 terram.
1550 2448 1568 2482 ι
1612 2429 1667 2483 Si
1699 2429 1868 2492 enim,
1901 2428 1982 2481 in-

398 2516 538 2587 quit,
587 2520 703 2591 ipse
749 2522 946 2578 caelum
984 2532 1296 2595 terramque
1333 2524 1485 2593 fecit,
1537 2531 1719 2593 potest
1773 2521 1976 2591 ubique

396 2621 564 2682 atque
593 2613 731 2670 adeo
760 2616 923 2670 etiam
982 2617 1034 2670 in
1083 2625 1228 2671 terra
1272 2617 1447 2672 aliena
1494 2631 1652 2686 opem
1692 2613 1874 2678 ferre,
1919 2621 1977 2666 et

399 2702 548 2759 inter
568 2706 834 2762 barbaros
867 2722 1087 2761 manum
1128 2709 1428 2778 porrigere.

475 2795 636 2854 Vsus.
676 2799 731 2855 5.
775 2797 899 2853 Non
933 2800 1025 2853 des
1069 2802 1124 2853 in
1154 2799 1556 2853 commotionem
1583 2797 1762 2865 pedem
1804 2807 1973 2863 tuum,

398 2906 565 2962 neque
588 2892 838 2947 dormitet
880 2895 970 2963 qui
1008 2893 1236 2947 custodit
1283 2900 1356 2956 te,
1399 2900 1503 2946 etc.
1556 2888 1633 2946 Ne
1674 2890 1973 2960 dejiciaris,

396 2981 594 3053 inquit,
648 2998 716 3039 ne
766 2984 1182 3051 scandalizeris,
1232 2995 1287 3040 et
1341 2994 1472 3039 tunc
1525 2983 1749 3039 habebis
1807 2981 1973 3036 Deum

397 3091 615 3129 manum
645 3078 1036 3145 porrigentem.
1081 3076 1194 3132 Nos
1233 3077 1402 3148 igitur
1449 3086 1666 3147 oportet
1703 3074 1969 3145 incipere,

396 3177 456 3224 et
489 3167 635 3224 Deus
670 3186 889 3225 manum
918 3173 1165 3241 przebere
1192 3180 1416 3242 paratus
1444 3185 1546 3227 est.

469 3261 630 3317 Vens.
674 3262 727 3316 6.
766 3261 875 3316 Per
915 3264 1054 3317 diem
1098 3264 1179 3318 sol
1230 3281 1332 3318 nou
1383 3274 1497 3318 uret
1536 3274 1609 3328 te,
1652 3278 1814 3333 neque
1848 3262 1978 3315 (una

391 3371 484 3425 per
523 3364 746 3419 noctem,
800 3367 910 3411 etc.
957 3356 1076 3423 llic,
1125 3356 1345 3425 opinor,
1401 3357 1481 3411 sol
1527 3366 1634 3420 est,
1680 3356 1770 3425 qui
1802 3355 1978 3407 oritur

393 3462 563 3518 super
592 3456 791 3502 terram
830 3448 1152 3504 seminatam
1199 3459 1255 3506 et
1305 3449 1548 3505 exsiccat
1600 3463 1747 3514 eam,
1779 3462 1975 3502 secun-

395 3537 524 3592 dum
558 3553 720 3608 quam
756 3555 776 3590 ι
805 3540 1005 3595 stultus
1028 3548 1087 3594 ut
1109 3539 1237 3595 luna
1268 3545 1512 3595 mutatur
1533 3539 1598 3587 ⁸⁸.
1633 3557 1652 3591 ι

471 3717 633 3776 Vsus.
671 3718 724 3774 8.
765 3718 1024 3776 Dominus
1082 3720 1341 3775 custodiet
1399 3718 1677 3775 introitum
1731 3728 1877 3773 tuum
1928 3725 1976 3772 et

394 3816 595 3866 exitum
621 3821 769 3866 tuum
790 3829 855 3868 eo:
885 3814 982 3867 hoc
1013 3830 1150 3868 nunc
1181 3824 1228 3868 et
1262 3830 1424 3885 usque
1454 3814 1509 3867 in
1546 3812 1825 3878 smculum,
1858 3820 1968 3869 etc.

394 3904 611 3963 Exitum
645 3918 675 3958 a
702 3904 908 3958 malitia
944 3905 997 3958 in
1028 3906 1288 3962 virtutem
1319 3925 1336 3976 ;
1378 3905 1666 3961 introitum
1694 3919 1723 3959 a
1767 3904 1972 3962 virtute

394 3993 449 4048 in
475 3993 839 4064 cognitionem
868 3992 989 4050 Dei.

852 4316 856 4320 .
905 4265 1226 4325 PSALMUS
1284 4267 1475 4325 CXXI.

464 4360 630 4417 Vnus.
678 4360 794 4416 l3.
850 4358 1090 4418 La'tatus
1144 4377 1261 4415 sum
1314 4364 1368 4415 in
1430 4362 1514 4416 his
1571 4361 1662 4432 qui
1718 4360 1966 4415 dixerunt

391 4453 519 4507 mihi
545 4453 646 4509 :ln
678 4453 892 4507 domum
915 4452 1128 4509 Domini
1150 4454 1363 4508 ibimus.
1397 4450 1608 4509 Stantes
1638 4464 1788 4508 erant
1810 4453 1965 4523 pedes

392 4543 560 4597 nostri
589 4545 646 4597 in
680 4544 834 4598 atriis
865 4544 993 4609 tuis,
1024 4542 1345 4612 Jerusalem,
1372 4554 1480 4598 etc.
1509 4544 1612 4612 Qui
1643 4544 1789 4612 justo
1816 4545 1967 4598 dixe-

390 4643 519 4687 runt
547 4651 562 4691 :
594 4653 613 4687 t
662 4634 718 4690 In
746 4635 968 4690 domum
1008 4634 1223 4691 Domini
1255 4637 1478 4702 ibimus,
1514 4655 1532 4688 ι
1579 4636 1613 4690 ii
1654 4643 1883 4706 possunt
1911 4644 1966 4690 et

391 4726 520 4781 illud
550 4727 770 4784 dicere:
817 4746 836 4779 ι
873 4729 1095 4785 Stantes
1119 4739 1277 4784 erant
1301 4730 1466 4800 pedes
1498 4729 1659 4798 821
1708 4729 1907 4791 nostri,
1940 4746 1959 4780 ι

389 4820 699 4876 dicentibus
728 4821 982 4876 nimirum
1018 4824 1123 4878 hoc
1153 4822 1289 4876 Filio
1316 4831 1371 4876 et
1393 4821 1597 4891 Spiritu
1635 4831 1848 4886 sancto,
1876 4818 1961 4873 vel

389 4915 554 4970 etiam
588 4918 793 4973 sanctis
816 4916 1049 4987 angelis,
1073 4924 1166 4969 aut
1193 4915 1528 4980 hominibus,
1556 4913 1647 4983 qui
1678 4928 1774 4983 per
1798 4915 1960 4968 vitam

389 5011 610 5081 probam
654 5021 802 5066 recta
840 5011 1069 5065 tendunt
1096 5009 1161 5063 ad
1192 5009 1413 5062 domum
1443 5004 1562 5060 Dei.

446 5190 737 5260 Ejusdem.
783 5205 802 5239 ι
835 5186 1056 5243 Stantes
1086 5194 1241 5241 erant
1268 5184 1432 5254 pedes
1459 5178 1635 5236 nostri
1682 5194 1696 5231 :
1749 5193 1767 5228 ι
1812 5175 1962 5230 futu-

379 5300 495 5339 rum
546 5293 804 5353 tanquam
836 5280 1172 5352 praeteritum
1211 5275 1436 5334 eli'ertur
1477 5291 1492 5343 ;
1536 5272 1679 5329 sicut
1705 5269 1866 5325 etiam
1905 5268 1959 5323 in

2093 5270 2127 5325 ’δ
2151 5270 2344 5339 μέλλον
2388 5268 2465 5334 ὡς
2494 5267 2867 5341 παρεληλυθὸς
2907 5267 3162 5338 λέγεται,

2019 1789 2061 1844 Β

2088 773 2182 826 καὶ
2213 772 2309 827 σὺν
2340 774 2559 845 Χριστῷ
2582 771 2717 828 εἶναι
2737 815 2750 839 ,
2795 777 2972 848 πολλῷ
3001 777 3197 848 μᾶλλον
3242 777 3572 848 κρείσσονα·
3606 776 3655 830 τὸ

2085 860 2143 914 δὲ
2198 863 2475 933 ἐπιμένειν
2526 866 2592 936 τῇ
2650 866 2815 937 σαρκὶ
2856 867 3271 939 ἀναγκαιότερον
3330 885 3352 919 ι
3418 867 3507 920 διὰ
3550 868 3654 931 τοὺς

2084 952 2470 1025 ὠφελημένους
2493 995 2523 1020 ,,
2564 957 2723 1028 εἴπερ
2750 958 2779 1010 ὁ
2808 957 2969 1011 Δαυῖδ
3015 959 3157 1013 κατὰ
3207 959 3301 1012 τὸν
3357 959 3569 1012 Λουκᾶς)
3607 962 3654 1012 ὲν

2082 1046 2203 1108 ταῖς
2229 1045 2466 1117 Πράξεσι
2517 1048 2625 1101 τῶν
2662 1049 2981 1103 Αποστόλων
3003 1090 3018 1115 ,
3052 1051 3085 1120 ἦ
3137 1049 3231 1103 καὶ
3274 1032 3429 1103 κατᾶ
3472 1048 3655 1103 Παῦλον

2088 1155 2108 1188 ι
2139 1136 2243 1207 ἰδίᾳ
2271 1140 2434 1211 γενεᾷ
2460 1140 2808 1213 ὑπερετήσων
2841 1160 2859 1193 ι
2897 1141 3253 1213 ἐξαπεστάλη.

2162 1227 2271 1281 Τοῦ
2315 1230 2524 1285 αὐτοῦ.
2598 1249 2617 1282 ι
2653 1230 2844 1303 Κηδὰρ
2876 1231 2988 1302 (i7)
3024 1251 3042 1284 ι
3109 1230 3481 1303 ἑρμηνεύεται
3529 1246 3657 1285 σκο-

2086 1320 2335 1388 τασμός.
2371 1322 2778 1395 Κατεσκήνωσα
2810 1319 2922 1387 οὖν,
2954 1322 3106 1394 φησὶ,
3141 1324 3279 1395 μετὰ
3332 1323 3445 1377 τῶν
3470 1341 3658 1395 σκηνω-

2088 1409 2274 1479 μάτων
2311 1411 2403 1465 τοῦ
2436 1413 2742 1486 σκοτασμοῦ
2765 1454 2780 1480 ,
2806 1416 2943 1486 ὅπερ
2983 1415 3099 1467 ἐστὶ
3142 1414 3236 1468 τοῦ
3279 1413 3539 1486 σώματος
3577 1413 3657 1466 τοῦ

2094 1501 2356 1570 θανάτου,
2414 1507 2508 1559 καὶ
2550 1506 2759 1579 ἡψυχὴ
2813 1525 2914 1579 μου
2970 1507 3142 1580 αὕτη,
3191 1508 3366 1579 φησὶ,
3417 1507 3657 1572 πολλάκις

2095 1597 2445 1670 παρῴκησεν.

2666 1784 2958 1838 ΨΑΛΜΟΣ
2986 1784 3116 1836 ΡΚ¹.

2158 1868 2305 1943 Ἦρα
2326 1875 2468 1943 τοὺς
2490 1875 2836 1946 ὀφθαλμούς
2852 1893 2972 1945 μου
2996 1877 3084 1940 εἰς
3114 1873 3185 1927 τὰ
3205 1873 3316 1942 ὄρη
3335 1914 3351 1938 ,
3384 1872 3524 1929 ὅθεν
3544 1870 3656 1940 ἥξει

2088 1971 2127 2038 ἡ
2153 1969 2405 2038 ,ϐοήθειά
2422 1988 2542 2040 μου
2561 2010 2574 2036 ,
2611 1988 2668 2025 κ.
2700 1989 2752 2025 τ.
2783 1974 2829 2025 ὲ.
2874 1970 3014 2040 Ἐγὼ
3056 1971 3153 2041 μὲν
3184 1967 3299 2046 ἦρα
3331 1970 3448 2043 (48)
3472 2009 3486 2033 ,
3519 1969 3655 2037 φησὶ,

2087 2064 2212 2127 τοὺς
2233 2062 2542 2135 ὀφθαλμούς
2565 2082 2665 2136 μου
2688 2066 2767 2129 είς
2783 2064 2850 2118 τὰ
2864 2064 2986 2138 ὅρη,
3004 2067 3129 2129 τοὺς
3161 2066 3356 2134 ἁγίους
3389 2063 3652 2133 ἀγγέλους,

2086 2153 2162 2218 ὡς
2188 2154 2395 2226 μέλλων
2419 2158 2523 2211 ὑπό
2547 2175 2691 2220 τινος
2709 2156 2886 2212 αὐτῶν
2911 2155 3241 2229 βοηθεῖσθαν
3274 2152 3413 2229 ἦλθε
3438 2156 3494 2210 δέ
3521 2155 3654 2226 μοιή

2090 2248 2311 2321 βοήθεια
2339 2249 2491 2321 παρᾶ
2516 2250 2722 2323 Κυρίου
2743 2293 2758 2319 ,
2792 2270 2812 2303 ‹
2849 2249 2944 2304 τοῦ
2970 2252 3298 2319 ποιήσαντος
3328 2252 3422 2304 τὸν
3447 2246 3654 2320 οὐρανὸν

2087 2345 2179 2397 καὶ
2228 2345 2328 2415 τὴν
2359 2343 2481 2415 γῆν.
2526 2364 2544 2396 ι
2600 2345 2674 2397 Οὐ
2722 2343 2831 2417 γὰρ
2872 2345 3057 2410 ἁπλῶς
3113 2344 3473 2417 προσέθηκε,
3528 2339 3650 2394 «τοῦ

2087 2436 2414 2506 ποιήσαντος
2440 2436 2534 2489 τὸν
2572 2434 2802 2509 οὐρανὸν
2848 2435 2942 2490 καὶ
2987 2435 3085 2508 τὴν
3114 2436 3240 2507 γῆν.
3275 2455 3293 2487 ι
3348 2436 3412 2489 Εἰ
3441 2435 3544 2507 γὰρ
3570 2431 3646 2487 καὶ

2083 2527 2175 2583 τὸν
2218 2528 2448 2600 οὐρανὸν
2487 2528 2579 2582 καὶ
2615 2528 2713 2600 τὴν
2740 2527 2845 2599 γῆν
2885 2527 3047 2592 αὐτὸς
3073 2568 3087 2591 ,
3137 2527 3306 2598 φησὶν
3330 2568 3346 2592 ,
3398 2526 3645 2596 ἐποίησεν,

2086 2621 2357 2692 πανταχοῦ
2404 2620 2625 2675 δύναται
2680 2621 2775 2675 καὶ
2804 2623 2861 2675 ὲν
2901 2619 3154 2693 ἀλλοτρίᾳ
3185 2620 3530 2693 βοηθεῖσθαι,
3566 2617 3645 2675 καὶ

2084 2715 2142 2769 ὲν
2171 2713 2466 2787 βαρϐάροις
2496 2716 2657 2787 χεῖρα
2673 2712 2878 2784 ὀρέξαι.

2152 2806 2249 2876 Μὴ
2278 2805 2435 2875 δῴης
2469 2809 2557 2873 είς
2591 2805 2789 2861 σάλον
2833 2804 2941 2860 τὸν
2986 2804 3141 2859 πόδα
3178 2819 3326 2867 σου,
3362 2802 3516 2873 μηδὲ
3555 2819 3642 2856 νυ-

2082 2896 2278 2967 στάξῃ
2308 2901 2341 2952 ό
2373 2896 2714 2969 φυλάσσων
2749 2910 2857 2962 σε,
2884 2913 2962 2950 ικ.
3001 2913 3053 2950 τ.
3085 2897 3132 2949 ὲ.
3177 2893 3272 2965 Μὴ
3331 2894 3646 2961 περιτραπῇς

2084 2989 2216 3067 (49),
2230 2988 2393 3062 φησὶ,
2461 2989 2594 3060 μηδὲ
2628 2989 3022 3061 σκανδαλισθῇς
3043 3029 3058 3053 ,
3096 2989 3188 3041 καὶ
3218 2989 3347 3041 τότε
3395 2985 3531 3050 ἕξεις
3563 2982 3641 3037 τὸν

2082 3082 2215 3136 Θεὸν
2239 3085 2399 3154 χεῖρα
2422 3081 2711 3154 ὀρέγοντα·
2747 3080 2886 3134 ὥστε
2920 3082 3047 3151 παρ’
3083 3079 3237 3150 ἡμῶν
3274 3080 3361 3133 δεῖ
3390 3074 3525 3132 εἶναι
3558 3075 3641 3138 τὰς

2006 3150 2049 3208 c
2083 3150 2295 3245 ἀρχὰς,
2329 3150 2426 3225 καὶ
2515 3171 2646 3235 Θεὸς
2674 3171 2768 3225 τοῦ
2793 3171 2976 3244 ὀρέξαι
3006 3150 3162 3243 χεῖρα
3184 3170 3429 3243 ἕτοιμος.

2166 3263 2411 3335 Ἡμέρας
2441 3267 2473 3318 ό
2506 3262 2670 3332 ἣλιος
2697 3265 2769 3318 οὐ
2800 3264 3136 3334 συγκαύσει
3167 3277 3240 3316 σε
3260 3302 3276 3326 ,
3317 3261 3460 3316 οὐδὲ
3487 3259 3525 3329 ἠ
3558 3273 3642 3314 σε·

2082 3352 2271 3421 llis-nl
2300 3352 2414 3422 τὴν
2457 3355 2677 3419 νύκτα,
2708 3373 2762 3408 κ.
2816 3373 2867 3409 τ.
2904 3356 2952 3407 ὲ.
3005 3349 3207 3420 Οὗτος,
3233 3348 3394 3424 οἶμαι
3455 3352 3589 3423 (50),
3616 3350 3640 3405 ὁ

2081 3444 2232 3515 ἥλιος
2259 3443 2316 3508 ὃς
2346 3444 2626 3499 ἀνατέλλει
2651 3447 2742 3500 ἐπὶ
2761 3446 2861 3518 τὴν
2891 3448 3193 3516 σπαρεῖσαν
3223 3444 3331 3516 γῆν
3362 3443 3455 3499 καὶ
3476 3441 3640 3513 ξηραὶ·

2083 3552 2190 3588 νων
2243 3535 2444 3608 αὐτὴν,
2497 3534 2619 3589 καθ’
2665 3536 2735 3608 ἢν
2792 3554 2811 3588 ι
2869 3536 2898 3589 ὁ
2936 3535 3125 3608 ἄφρων
3174 3535 3251 3598 ὡς
3318 3533 3513 3604 σελήνη
3562 3529 3639 3584 ἁλι

2083 3627 2258 3683 λοιοῦτ
2266 3647 2342 3685 αι.
2384 3649 2402 3682 ι

2150 3723 2367 3791 Κύριος
2395 3722 2650 3793 φυλάξει
2696 3720 2811 3789 τὴν
2843 3720 3086 3776 εἷσοδόν
3121 3736 3238 3777 σου
3271 3721 3376 3776 καὶ
3401 3718 3512 3790 τὴν
3553 3717 3634 3783 ἐξ·

2081 3806 2227 3862 οδόν
2253 3823 2371 3863 σου
2390 3808 2510 3864 ἀπὸ
2531 3808 2635 3863 τοῦ
2664 3808 2901 3879 viii-ﬁmi
2917 3807 3029 3874 ἕως
3055 3808 3164 3862 τοῦ
3182 3807 3420 3876 αἰῶνος,
3450 3826 3501 3860 κ.
3528 3823 3576 3861 τ.
3593 3806 3632 3858 ὲ.

2070 3901 2290 3969 Ἕξοδον
2324 3901 2421 3974 τὴν
2455 3901 2568 3974 (51)
2630 3900 2739 3955 ἀπὸ
2783 3901 2981 3964 κακίας
3032 3903 3112 3964 είς
3166 3901 3410 3973 ἀρετὴν,
3457 3897 3634 3954 εἴσοδον

2067 3993 2164 4066 τὴν
2194 3993 2302 4048 ἀπὸ
2325 3993 2423 4064 τῆς
2453 3991 2654 4065 ἀρετῆς
2684 3991 2764 4054 είς
2787 3988 2885 4061 τὴν
2913 3988 3116 4058 γνῶσιν
3140 3990 3234 4043 τοῦ
3260 3989 3424 4045 Θεοῦ.

2607 4258 2897 4313 ΨΑΔΜΟΣ
2928 4259 3106 4314 PKA'.

2150 4351 2518 4423 Εὑφράνθην
2560 4350 2657 4404 ἐπὶ
2695 4349 2820 4416 τοῖς
2854 4351 3118 4417 εὶρηκόσι
3158 4365 3281 4418 μοι’
3328 4351 3436 4416 Eli;
3483 4343 3631 4401 οἶκον

2075 4447 2294 4515 Κυρίου
2327 4443 2759 4512 πορευσόμεθα.
2829 4441 3110 4509 Ἑστῶτες
3169 4439 3334 4512 ἦσαν
3379 4444 3433 4496 ol
3468 4438 3629 4504 πόδες

2073 4536 2244 4607 ἡμῶν
2266 4535 2336 4588 ἐν
2364 4533 2494 4601 ταῖς
2536 4532 2752 4599 αὐλαῖς
2786 4548 2925 4595 σου,
2971 4532 3390 4603 Ἰερουσαλὴμ,
3426 4550 3478 4585 κ.
3507 4548 3552 4585 τ.
3582 4531 3606 4583 ἑ

2070 4629 2335 4682 Δύνανται
2382 4628 2433 4680 οἱ
2486 4625 2771 4700 εἰρηκότες
2802 4625 2912 4695 (52)
2938 4624 3015 4696 τῷ
3061 4625 3277 4696 δικαίῳ·
3314 4644 3333 4676 ι
3368 4626 3460 4688 Είς
3488 4618 3619 4676 οἷκον

2070 4721 2274 4794 Κυρίου
2298 4716 2696 4793 πορευσόμεθα,
2720 4736 2739 4768 ι
2767 4716 2922 4770 αὐτοὶ
2942 4715 3118 4785 λέγειν
3142 4718 3237 4770 καὶ
3256 4716 3367 4783 τὸ,‹
3389 4713 3625 4775 Ἐστῶτες

2066 4807 2205 4882 ἦσαν
2229 4813 2278 4864 oi
2308 4811 2467 4874 πόδες
2493 4808 2677 4881 ἡμῶν,
2718 4826 2737 4859 ι
2773 4809 2886 4871 τοῖς
2914 4807 3189 4879 εἰρηκόσιν
3240 4807 3351 4879 Υίῷ
3384 4809 3475 4861 καὶ
3500 4804 3624 4874 ἁγίῳ

2068 4901 2377 4972 Πνεύματι,
2435 4900 2531 4953 καὶ
2573 4899 2826 4969 ἀγγέλοις
2871 4900 3049 4968 ἁγίοις
3088 4899 3120 4971 ἥ
3171 4898 3501 4972 ἀνθρώποις,
3524 4897 3622 4957 toi;

2070 4992 2161 5048 διὰ
2183 4993 2276 5046 τοῦ
2309 4992 2422 5063 βίου
2453 4992 2632 5056 καλῶς
2673 4991 2770 5065 τὴν
2807 4993 2900 5046 ἐπὶ
2927 4993 3020 5046 τὸν
3048 4987 3199 5047 οἷκον
3247 4993 3340 5046 τοῦ
3369 4990 3497 5045 Θεοῦ
3543 5005 3620 5042 πο-

2073 5086 2225 5157 ρείαν
2253 5085 2612 5157 ποιουμένοις.

2148 5177 2258 5232 Τοῦ
2282 5177 2488 5233 αὑτοῦ.
2516 5196 2535 5229 ι
2573 5175 2838 5241 Ἐστῶτες
2862 5169 3001 5248 ἦσαν
3030 5174 3142 5247 (53)
3161 5175 3210 5228 oi
3243 5174 3399 5239 πόδες
3426 5169 3610 5244 ἡμῶν.

3212 5267 3292 5333 ὡς
3332 5268 3423 5323 καὶ
3446 5268 3501 5319 ἐν
3522 5260 3609 5333 τῷ,

463 5395 514 5430 ⁸⁸
547 5396 744 5468 Philip.
770 5414 812 5467 ι,
834 5398 924 5454 23.
1001 5399 1047 5434 ⁸⁸
1073 5401 1200 5457 Act.
1231 5413 1357 5467 xm,
1385 5396 1479 5453 56.
1553 5394 1600 5428 “
1627 5391 1798 5450 Eccli.
1832 5404 2004 5460 xxv",
2041 5391 2129 5449 l2.

463 5539 577 5613 (i7)
604 5542 824 5613 Κηδάρ,
856 5554 964 5613 etc.
993 5544 1196 5601 Catena
1220 5539 1524 5606 Corderiid

462 5612 575 5699 ς
906 5610 1059 5696 ἦραζ
1069 5627 1174 5672 etc.
1187 5618 1402 5699 Catena
1418 5613 1682 5672 Corderii.

463 5684 577 5750 (493
605 5684 704 5755 Μῂ
732 5686 1112 5755 περιῳαπῇς,
1147 5697 1253 5743 etc.
1290 5684 1516 5741 Eadem.

464 5755 566 5827 εὖθ’
610 5751 817 5824 Οὗτος,
836 5751 1150 5827 οίμαιίόιο.
1179 5758 1402 5815 Sebeda:
1428 5756 1637 5817 Grabii.

2138 5555 2254 5629 (51)
2282 5556 2539 5623 Ἔξοδον
2562 5557 2695 5627 τήν,
2727 5566 2836 5612 etc.
2867 5554 3099 5614 Eadem.

2137 5650 2251 5718 (52)
2275 5650 2567 5704 Δύνανται
2584 5653 2639 5705 οἱ
2663 5651 2983 5720 εἰρηκότες,
3009 5659 3115 5706 etc.
3134 5650 3335 5708 Catena
3366 5641 3599 5709 Corderii.

2139 5739 2252 5813 (55)
2293 5739 2585 5809 Ἑστῶτες
2608 5736 2791 5815 ἦσαν,
2821 5752 2925 5803 etc.
2958 5741 3181 5799 Eadem.
