3928 6158
359 198 493 254 1655

1270 191 1581 249 SELECTA
1617 192 1685 248 IN
1725 190 2066 249 PSALMOS.
2107 224 2179 235 —
2209 195 2410 253 PSAL.
2446 197 2657 254 CXXII.

3464 198 3603 257 1654

355 339 375 371 ι
415 316 801 389 Διεμερίσαντο
830 315 897 370 τὰ
922 313 1114 386 ἱμάτιά
1151 331 1252 386 μου
1274 316 1519 378 ἑαυτοῖς·
1564 332 1583 367 ι
1618 314 1713 369 καὶ
1747 316 1807 369 ὲν
1826 313 1921 386 τῷ,

2038 314 2119 371 his
2139 315 2225 371 δτι
2267 334 2286 369 ι
2322 316 2631 372 Diviscrunt
2657 314 2762 371 sibi
2791 316 3119 371 vestimenta
3150 328 3293 383 mea;
3330 331 3352 366 ι
3387 310 3516 369 item
3552 314 3589 366 ir

354 430 376 465 ί
410 410 656 464 Ἕδωκαν
684 411 765 472 εἰς
784 407 846 461 τὸ
873 406 1073 480 βρῶμά
1108 423 1210 478 μου
1239 406 1424 478 χολήν.
1459 426 1480 459 ι

434 501 818 571 Ἰερουσαλὴμ
835 497 1304 569 οἰκοδομουμένη
1325 499 1405 564 ὠς
1426 499 1624 565 πόλις,
1639 493 1716 569 ἧς
1737 498 1776 567 ἡ
1799 514 1932 567 μετ-

349 593 463 663 οχὴ
495 593 687 663 αὐτῆς
710 594 809 647 ἐπὶ
838 593 904 647 τὸ
934 591 1104 656 αὐτὸ,
1149 608 1204 644 κ.
1234 607 1286 643 τ.
1324 592 1370 643 ὲ.
1410 591 1573 645 Ὅταν
1603 593 1637 663 ή
1670 589 1777 645 τῶν
1815 588 1929 663 (54)

347 686 711 740 πιστευόντων
730 683 926 755 καρδία
947 683 1210 755 καὶψυχὴ
1238 685 1336 753 μία
1353 677 1410 755 ᾗ,
1432 683 1528 736 καὶ
1550 682 1609 736 τὸ
1639 680 1770 735 αὐτὸ
1789 682 1929 752 ὑπὲρ

345 777 590 849 ἀλλήλων
619 775 921 849 μεριμνῶσι
953 775 1021 829 τὰ
1064 774 1222 846 μέλη,
1263 773 1621 846 Ἰερουσαλήμ
1656 774 1798 841 είσι,
1835 771 1932 828 καὶ

346 870 423 935 ὡς
442 870 617 937 πόλις,
638 862 705 941 ἧς
727 871 760 939 ὴ
791 867 993 940 μετοχὴ
1018 866 1189 937 αὐτῆς
1207 866 1300 920 ἐπὶ
1322 865 1381 919 τὸ
1404 864 1557 919 αὑτό.

426 1042 580 1097 Ἐκεῖ
598 1045 710 1112 γὰρ
737 1042 1047 1111 ἀνέϐησαν
1073 1044 1135 1096 αἱ
1162 1043 1374 1112 φυλαὶ,
1417 1060 1472 1096 κ.
1508 1059 1561 1096 τ.
1609 1043 1659 1096 ἑ.
1708 1041 1929 1112 11pm-

344 1135 491 1189 τεύει
549 1134 662 1207 (55)
695 1134 789 1187 ἐπὶ
816 1134 922 1188 τῶν
954 1135 1266 1206 μελλουσῶν
1298 1134 1479 1205 φυλῶν
1502 1134 1812 1189 ἀναϐαίνειν
1833 1132 1930 1184 ἐπὶ

343 1230 445 1301 τὴν
469 1228 670 1300 ἀρετὴν
698 1227 792 1282 καὶ
813 1226 1014 1296 γνῶσιν
1037 1228 1131 1281 τοῦ
1155 1227 1290 1281 Θεοῦ
1307 1244 1321 1258 ο
1347 1228 1523 1281 πᾶσαι
1545 1225 1655 1299 γὰρ
1682 1227 1739 1279 at
1764 1223 1928 1294 φυλαὶ

343 1322 672 1391 τετυχήκασι
697 1319 798 1390 τῆς
828 1320 1029 1392 ἀρετῆς
1066 1320 1162 1374 καὶ
1186 1320 1285 1390 τῆς
1307 1318 1561 1389 γνώσεως
1591 1316 1685 1372 τοῦ
1711 1316 1866 1371 Θεοῦ.

417 1414 539 1465 Ὅτι
569 1411 693 1465 ἐκεῖ
708 1409 999 1465 ἐκάθισαν
1025 1412 1246 1479 θρόνοι,
1274 1428 1328 1464 κ.
1352 1427 1404 1465 τ.
1434 1413 1481 1465 ὲ.
1510 1409 1645 1481 Περὶ
1669 1408 1776 1462 τῶν
1797 1407 1925 1480 θρό-

344 1522 451 1560 νων
475 1504 587 1575 (56)
621 1503 825 1557 τούτων
862 1502 957 1556 καὶ
995 1504 1053 1555 ὲν
1084 1501 1164 1572 τῷ
1202 1501 1521 1573 Εὐαγγελίῳ
1572 1500 1789 1571 εἴρηται
1824 1499 1918 1554 τό·

350 1616 370 1650 ι
403 1594 724 1668 Καθήσεσθε
746 1596 838 1649 ἐπὶ
867 1595 1089 1667 θρόνους
1114 1593 1346 1659 δώδεκα,
1384 1595 1662 1665 κρίνοντες
1701 1593 1799 1658 τὰς
1823 1591 1923 1647 δὼ-

2037 402 2147 460 illis
2174 405 2243 471 ⁸⁸,
2283 423 2304 458 ι
2337 406 2615 463 Dederont
2645 406 2698 459 in
2727 419 2911 460 escam
2943 419 3120 459 meam
3150 402 3243 459 l'el.
3282 422 3301 450 ι

2108 497 2274 554 Vens.
2321 498 2377 551 '5.
2415 496 2714 552 Jerusalem
2763 511 2878 566 qua:
2927 494 3229 563 adiﬁcatur
3277 503 3331 546 ut
3384 493 3601 558 ciuitas,

2039 591 2194 661 cujus
2219 589 2561 660 participalio
2596 588 2709 659 ejus
2741 587 2797 641 in
2820 587 3071 656 idipsum,
3102 593 3208 639 etc.
3242 582 3471 650 Quando
3493 597 3605 638 crc-

2036 680 2281 734 dentium
2304 687 2388 733 est
2413 693 2508 733 cor
2538 693 2701 731 unum
2725 683 2777 731 et
2806 675 2985 730 anima
3012 690 3138 740 una,
3163 684 3217 729 et
3240 677 3484 730 eamdem
3509 690 3605 744 pro

2035 783 2097 824 se
2149 769 2382 823 invicem
2434 768 2673 823 membra
2725 767 3148 823 sollicitudinem
3197 767 3421 830 habent.
3479 774 3606 820 tunc

2034 867 2165 913 sunt
2189 855 2512 923 Jerusalem,
2544 865 2602 912 et
2629 857 2785 927 quasi
2812 857 3030 923 civitas,
3063 856 3217 925 cujus
3250 854 3603 927 participatio

2033 952 2149 1024 ejus
2176 951 2229 1005 in
2259 950 2516 1020 idipsum.

2107 1042 2272 1099 Vens.
2310 1041 2365 1098 4.
2406 1040 2544 1097 Illuc
2565 1041 2704 1095 enim
2729 1040 3077 1096 ascenderunt
3105 1042 3294 1107 tribus,
3328 1049 3437 1097 etc.
3466 1038 3604 1095 Pro-

2032 1129 2225 1199 phetat
2258 1129 2325 1183 de
2357 1129 2625 1194 tribubus,
2654 1143 2773 1197 qua:
2796 1143 3106 1185 ascensum
3132 1139 3291 1186 erant
3320 1130 3390 1186 ad
3425 1130 3600 1184 virtu-

2034 1230 2140 1274 tem
2173 1228 2231 1275 et
2258 1221 2627 1291 cognitionem
2673 1220 2791 1277 Dei.
2841 1221 3043 1277 Omnes
3095 1224 3237 1279 enim
3273 1222 3448 1279 tribus
3491 1224 3603 1279 vir—

2035 1313 2166 1370 tutis
2195 1322 2252 1368 et
2282 1313 2610 1395 cognitionis
2643 1312 2734 1369 Dei
2769 1314 3064 1385 participes
3086 1315 3245 1370 facta:
3271 1326 3421 1371 sunt.

2104 1405 2266 1461 Vens.
2309 1405 2362 1460 5.
2408 1407 2548 1471 Quia
2579 1406 2689 1459 illic
2718 1407 2965 1460 sederunt
2994 1408 3162 1474 sedas,
3189 1417 3299 1464 etc.
3341 1408 3417 1464 De
3448 1408 3602 1466 hisce

2028 1499 2246 1554 sedibus
2278 1496 2443 1553 etiam
2478 1499 2533 1552 in
2568 1497 2857 1567 Evangelia
2882 1497 3168 1554 “'dictum
3197 1511 3280 1555 est
3314 1516 3330 1555 :
3372 1517 3393 1551 ι
3428 1499 3599 1557 Sede-

2029 1591 2158 1646 bitis
2208 1604 2373 1660 super
2414 1589 2574 1645 sedes
2617 1589 2924 1657 duodecim,
2961 1588 3271 1658 iudicantes
3309 1590 3599 1646 duodecim

342 1687 475 1741 δεκα
514 1686 687 1757 φυλὰς
715 1685 810 1740 τοῦ
856 1686 1091 1758 Ἰσραήλ.
1127 1706 1146 1739 s
1184 1686 1320 1758 Περὶ
1354 1685 1464 1739 τῶν
1500 1686 1559 1738 ὲν
1600 1687 1666 1757 τῇ
1728 1685 1921 1755 Ἰερου-

2038 1683 2207 1737 tribus
2241 1680 2431 1736 Israel.
2461 1700 2483 1734 ι
2526 1680 2604 1736 De
2636 1680 2705 1735 iis
2727 1695 2850 1751 quae
2874 1680 3229 1753 Jerosolymis
3259 1691 3418 1737 erant
3448 1682 3598 1738 sedi-

346 1779 529 1851 σαλὴμ
557 1778 762 1850 θρόνων
792 1779 821 1832 ό
864 1777 1133 1849 Ἱερεμίας
1158 1776 1331 1841 οὕτως
1367 1777 1534 1848 φησί’
1582 1794 1602 1829 ι
1648 1778 1759 1832 Καὶ
1800 1773 1923 1830 εἷπε

343 1870 550 1945 Κύριος
578 1870 715 1942 πρὸς
758 1870 855 1941 μέ’
905 1870 1037 1923 Ἀπὸ
1063 1868 1355 1940 προσώπου
1380 1867 1476 1923 τοῦ
1507 1869 1690 1941 Βορρᾶ
1723 1870 1925 1923 ἐκκαυ-

344 1963 570 2036 θήσεται
600 1964 670 2018 τὰ
701 1964 848 2018 κακὰ
873 1964 965 2017 ἐπὶ
986 1964 1194 2027 πάντας
1223 1964 1351 2028 τοὺς
1400 1962 1785 2027 κατοικοῦντας
1825 1961 1925 2034 τὴν

342 2057 475 2128 τῆν’
507 2057 643 2111 διότι
675 2058 785 2111 ίδοὺ
816 2055 928 2126 ἐγὼ
950 2055 1100 2111 καλῶ
1144 2057 1328 2121 πάσας
1366 2056 1466 2121 τὰς
1503 2055 1778 2127 βασιλείας
1817 2054 1924 2110 ἀπὸ

343 2150 547 2223 Baeda,
568 2150 717 2221 λέγει
746 2151 951 2223 Κύριος
969 2168 983 2182 ’
1018 2150 1112 2205 καὶ
1145 2150 1358 2221 ἥξουσι,
1387 2151 1483 2204 καὶ
1512 2149 1766 2221 θήσουσιν
1799 2147 1929 2202 ἔκα-

345 2259 469 2307 στος
506 2243 598 2297 τὸν
631 2242 819 2316 θρόνον
869 2242 1036 2297 αὑτοῦ
1086 2243 1178 2296 ἐπὶ
1204 2241 1272 2296 τὰ
1305 2241 1556 2313 πρόθυρα
1589 2241 1701 2294 τῶν
1744 2240 1930 2295 πυλῶν

354 2333 730 2407 Ἰερουσαλὴμ,
765 2335 858 2387 καὶ
882 2335 974 2387 ἐπὶ
1012 2333 1188 2389 πάντα
1218 2332 1287 2386 τὰ
1313 2333 1470 2403 τείχη
1509 2332 1580 2386 τὰ
1615 2331 1799 2402 κύκλῳ
1829 2332 1929 2385 αὺ-

340 2428 462 2499 τῆς,
495 2426 589 2481 καὶ
614 2427 707 2480 ἐπὶ
734 2427 912 2489 πάσας
937 2424 1037 2489 τὰς
1074 2424 1259 2488 πόλεις
1320 2423 1514 2481 Ἰούδα.
1560 2424 1673 2478 Καὶ
1710 2423 1926 2495 λαλήσω

344 2519 485 2593 μετὰ
516 2520 750 2593 κρίσεως
784 2518 923 2592 πρὸς
950 2518 1147 2581 αὐτοὺς
1193 2516 1321 2587 περ)⁵
1357 2517 1539 2587 πάσης
1582 2515 1685 2586 τῆς
1723 2516 1923 2580 κακίας

341 2613 544 2678 αὐτῶν,
574 2609 643 2684 ἦς
675 2608 1031 2681 ὲγκατέλιπόν
1064 2626 1154 2681 με,
1190 2607 1285 2662 καὶ
1326 2605 1524 2661 ἔθυσαν
1571 2606 1713 2671 θεοῖς
1762 2606 1919 2660 ἀλλο-

339 2707 532 2777 τρίοις,
572 2706 669 2760 καὶ
708 2702 1124 2776 προσεκύνησαν
1169 2704 1281 2767 τοῖς
1331 2700 1513 2772 ἔργοις
1562 2699 1670 2753 τῶν
1723 2699 1920 2773 χειρῶν

340 2813 544 2851 αυτων.
577 2814 597 2849 Ι

866 2973 1160 3028 ΨΑΛΜΟΣ
1214 2971 1389 3025 ΡΚΒ’.

410 3070 569 3139 Πρὸς
598 3067 673 3123 σὲ
699 3064 816 3138 ἦρα
836 3066 979 3132 τοὺς
1005 3063 1354 3134 ὀφθαλμούς
1382 3078 1502 3131 μου
1520 3100 1536 3126 ,
1576 3059 1685 3115 τὸν
1720 3077 1921 3117 κατοι-

340 3162 567 3219 κοῦντα
592 3162 662 3216 ἐν
680 3158 761 3226 τῷ
789 3156 1044 3228 οὐρανῷ,
1074 3175 1130 3212 κ.
1158 3174 1207 3213 τ.
1245 3157 1292 3209 ὲ.
1330 3154 1388 3208 'O
1414 3154 1545 3219 Θεὸς
1573 3155 1685 3227 (57)
1717 3158 1777 3210 ὲν
1820 3155 1921 3226 μὲν

339 3259 453 3322 τοῖς
495 3256 824 3327 σωματικοῖς
848 3254 1097 3325 οὐρανοῖς
1117 3251 1193 3314 ὡς
1214 3248 1543 3322 δημιουργὸς
1569 3251 1815 3303 κατοικεῖ
1833 3249 1923 3304 διὰ

340 3348 440 3420 τῆς
467 3343 847 3400 πολυποικίλου
883 3342 1073 3412 σοφίας
1089 3340 1254 3395 αὑτοῦ
1278 3357 1292 3371 ’
1323 3342 1380 3394 ὲν
1401 3339 1458 3394 δὲ
1484 3342 1596 3405 τοῖς
1611 3341 1821 3411 νοητοῖς
1844 3340 1920 3406 ὡς

342 3439 679 3508 δικαιοσύνη,
714 3436 809 3490 καὶ
850 3434 1070 3504 γνώσει,
1102 3433 1196 3486 καὶ
1221 3431 1401 3503 σοφίᾳ.

426 3531 571 3587 Ἰδοὺ
598 3531 678 3597 ὡς
698 3526 992 3599 ὀφθαλμοὶ
1032 3525 1269 3580 δούλων
1296 3526 1387 3591 εἰς
1408 3523 1612 3594 χεῖρας
1660 3521 1778 3576 τῶν
1816 3540 1921 3577 κυ-

336 3627 487 3696 ρίων
507 3622 724 3688 αὐτῶν,
771 3625 852 3688 ὠς
883 3618 1177 3690 ὀφθαλμοὶ
1218 3616 1545 3685 παιδίσκης
1594 3618 1683 3682 είς
1718 3614 1922 3684 χεῖρας

341 3714 454 3783 τῆς
476 3715 686 3783 κυρίας
711 3709 931 3779 αὐτῆς,
963 3709 1149 3774 οὕτως
1170 3711 1224 3762 al
1244 3706 1539 3777 ὀφθαλμοὶ
1571 3703 1741 3776 ἡμῶν
1770 3705 1922 3774 πρὸς

344 3809 565 3877 Κύριον
588 3806 736 3861 Θεὸν
772 3802 962 3873 ἡμῶν,
989 3801 1100 3868 ἓως
1130 3796 1204 3856 οὗ
1237 3796 1605 3867 οικτειρήσαι
1632 3794 1789 3867 ἡμᾶς
1810 3835 1825 3861 ,
1861 3815 1917 3852 κ.

342 3916 395 3953 τ.
431 3899 478 3952 ἑ.
515 3896 703 3951 Δοῦλοι
745 3895 948 3963 κυρίων
975 3894 1086 3967 (58)
1136 3891 1348 3964 Πατρὺς
1391 3892 1485 3945 καὶ
1526 3889 1656 3944 Υίοῦ
1706 3889 1923 3961 πνεῦμα

345 3991 441 4045 καὶ
470 3988 629 4061 σῶμα
647 4005 660 4019 ·
693 3986 957 4057 παιδίσκη
979 3984 1038 4039 δὲ
1070 3984 1269 4056 κυρίας
1294 3982 1389 4036 τοῦ
1423 3983 1579 4052 ἁγίου
1604 3981 1922 4052 Πνεύματος

343 4086 378 4156 ή
409 4082 575 4154 dum.
611 4080 694 4135 Τὰ
720 4080 779 4134 δὲ
809 4079 937 4151 τρία
977 4076 1182 4149 Κύριος
1204 4077 1234 4128 ὁ
1266 4075 1398 4139 Θεὸς
1439 4072 1598 4145 ήμῶν
1646 4075 1793 4126 ἐστιν
1813 4090 1826 4103 ο
1871 4073 1919 4125 oi

347 4175 455 4247 γὰρ
477 4176 624 4246 τρεῖς
659 4172 722 4225 τὸ
765 4171 824 4224 ἓν
861 4172 1019 4223 είσιν.
1073 4165 1369 4237 Ὀφθαλμοὶ
1419 4165 1550 4235 γοῦν
1591 4164 1791 4218 δούλων
1841 4165 1922 4227 είς

344 4270 530 4341 χεῖρας
571 4264 773 4337 κυρίων
792 4261 1043 4335 ὁρῶντες,
1064 4260 1154 4313 ὅτε
1181 4257 1268 4313 διὰ
1294 4257 1493 4329 χειρῶν
1539 4256 1783 4318 νεύοντες
1824 4271 1921 4307 κε-

2029 1775 2133 1830 bus
2157 1772 2420 1829 Jeremias
2442 1773 2523 1830 sic
2550 1773 2627 1829 ait
2651 1772 2732 1829 ":
2765 1791 2785 1825 ι
2818 1772 2886 1828 Et
2921 1774 3058 1829 dixit
3086 1773 3341 1829 Dominus
3367 1774 3435 1828 ad
3464 1788 3552 1828 me
3581 1793 3597 1829 :

2027 1868 2070 1921 A
2115 1866 2255 1922 facie
2289 1866 2573 1936 Aquilonis
2621 1866 2982 1922 exardescent
3018 1866 3156 1920 mala
3200 1880 3365 1935 super
3404 1880 3597 1920 omnes

2030 1958 2369 2014 habitatores
2399 1968 2560 2014 terra:
2601 1977 2615 2013 :
2650 1960 2776 2027 quia
2811 1974 2939 2015 ecce
2983 1972 3084 2029 ego
3132 1971 3370 2014 convoco
3414 1958 3596 2014 omnia

2031 2065 2197 2122 regna
2232 2060 2393 2105 terra:
2425 2050 2495 2104 ab
2518 2049 2807 2118 Aquilone,
2841 2050 2919 2104 ait
2950 2049 3230 2104 Dominus.
3262 2046 3327 2103 Et
3354 2046 3593 2113 venient,

2030 2153 2086 2201 et
2113 2153 2317 2214 ponent
2343 2140 2720 2211 unusquisque
2771 2140 2968 2197 solium
3019 2154 3176 2197 suum
3229 2154 3393 2210 super
3431 2140 3597 2195 vesti-

2029 2237 2155 2293 btila
2200 2243 2480 2306 portarum
2517 2232 2845 2301 Jerusalem,
2886 2243 2942 2290 et
2974 2249 3141 2305 super
3182 2248 3371 2289 onlnes
3409 2247 3596 2291 muros

2026 2331 2117 2401 qui
2175 2331 2228 2385 in
2284 2328 2518 2384 circuitu
2562 2329 2703 2397 ejus,
2762 2336 2819 2383 et
2876 2342 3041 2397 super
3093 2327 3378 2383 universas
3431 2327 3598 2382 urbes

2025 2421 2197 2477 Judre.
2245 2421 2314 2477 Et
2346 2421 2540 2491 loquar
2570 2421 2636 2472 ad
2666 2433 2761 2475 eos
2799 2433 2922 2473 cum
2950 2419 3156 2489 judicio
3191 2420 3256 2474 de
3284 2418 3434 2473 omni
3480 2433 3598 2472 ma-

2024 2514 2146 2569 litia
2176 2526 2361 2567 eorum
2380 2551 2397 2578 ,
2426 2512 2695 2582 quomodo
2726 2510 3135 2580 dereliquerunt
3170 2526 3277 2578 me,
3305 2519 3360 2566 et
3389 2511 3594 2567 sacrifi-

2026 2614 2293 2662 caverunt
2318 2605 2426 2661 diis
2450 2604 2668 2670 alienis,
2693 2611 2748 2658 et
2763 2603 3126 2658 adoraverunt
3149 2617 3312 2659 onera
3337 2617 3592 2658 manuum

2025 2712 2268 2754 suarum.
2286 2727 2307 2763 ,

2517 2956 2742 3014 PSALM
2754 2954 2839 3011 US
2892 2955 3102 3012 CXXII.

2093 3068 2257 3121 Vens.
2300 3063 2351 3116 l.
2397 3061 2478 3116 Ad
2505 3068 2556 3116 te
2585 3060 2750 3115 levari
2779 3054 2957 3112 oculos
2985 3069 3151 3122 meos,
3190 3053 3274 3113 sui
3297 3052 3505 3106 habitas
3533 3053 3593 3107 in

2021 3160 2187 3224 catis,
2224 3167 2333 3212 etc.
2360 3154 2506 3209 Deus
2536 3154 2588 3207 in
2612 3151 2893 3222 corporeis
2917 3148 3073 3205 caelis
3099 3145 3309 3200 habitat
3337 3155 3590 3214 :aaqnarn

2019 3248 2202 3320 upifex
2238 3260 2338 3317 per
2373 3242 2727 3313 multiplicem
2774 3255 2930 3296 suam
2975 3235 3298 3308 sapientiam
3332 3251 3347 3301 ;
3390 3235 3444 3288 in
3478 3237 3591 3305 spi-

2023 3341 2273 3398 ritalibus
2313 3353 2444 3393 vero
2475 3333 2970 3407 tanquamjustitia
3008 3344 3108 3401 per
3129 3326 3490 3395 cognitionem
3534 3334 3592 3381 et

2021 3429 2374 3502 sapientiam.

2099 3525 2257 3578 Vens.
2297 3520 2354 3574 2.
2396 3516 2532 3571 Ecce
2569 3515 2704 3570 sicut
2751 3512 2895 3568 oculi
2935 3526 3201 3566 servorum
3254 3511 3309 3564 in
3349 3507 3592 3561 manibus

2019 3614 2358 3668 dominorum
2384 3622 2603 3663 suorum
2627 3621 2646 3671 ;
2677 3606 2812 3658 sicut
2849 3603 2990 3658 oculi
3018 3602 3230 3655 ancillae
3256 3602 3317 3654 in
3346 3599 3592 3653 manibus

2021 3706 2252 3760 doniinae
2274 3717 2387 3755 sua:
2426 3715 2445 3752 :
2486 3700 2565 3752 ita
2594 3696 2735 3750 oculi
2775 3694 2942 3748 nostri
2989 3694 3059 3746 ad
3100 3691 3384 3746 Dominum
3425 3691 3590 3747 Deum

2022 3808 2282 3859 nostrum,
2329 3794 2493 3846 donec
2522 3789 2846 3842 misereatur
2874 3785 3059 3847 nostri,
3085 3792 3193 3838 etc.
3229 3782 3382 3837 Servi
3415 3782 3594 3839 domi-

2023 3903 2215 3943 norum
2245 3885 2424 3938 Patris
2450 3892 2504 3936 et
2535 3879 2653 3934 Filii
2700 3887 2824 3931 sunt
2870 3875 3098 3946 spiritus
3124 3884 3180 3930 et
3220 3888 3418 3943 corpus
3446 3891 3465 3942 ;
3495 3889 3594 3929 sn-

2020 3980 2143 4034 cilla
2176 3991 2304 4030 vero
2335 3972 2566 4028 domina:
2607 3968 2842 4039 Spiritus
2892 3966 3064 4021 sancti
3109 3973 3195 4020 est
3234 3966 3436 4019 anima.
3467 3964 3593 4022 Haec

2022 4078 2197 4123 autem
2227 4068 2329 4121 tria
2363 4061 2620 4119 Dominus
2654 4060 2794 4114 Deus
2821 4065 3001 4112 noster
3030 4065 3137 4120 est,
3166 4055 3433 4125 siquidem
3478 4065 3590 4112 tres

2022 4174 2186 4214 unum
2214 4167 2359 4213 sunt.
2390 4153 2542 4211 Oculi
2576 4153 2741 4222 igitur
2777 4161 3063 4204 servorum
3102 4146 3155 4200 in
3189 4161 3382 4201 manus
3417 4145 3594 4200 domi-

2024 4266 2216 4307 norum
2245 4248 2567 4317 respiciunt,
2594 4244 2719 4299 dum
2759 4255 2856 4310 per
2892 4253 3086 4293 manus
3121 4247 3420 4292 annuentes
3456 4251 3594 4306 prte-

345 4323 656 4415 λεύισούσιν.“
677 4359 747 4411 Ἢ
777 4323 957 4428 χεῖρες
984 4323 1188 4425 κυρίων
1222 4323 1327 4422 μὲν
1347 4323 1562 4421 Πατρδς
1591 4349 1685 4403 καὶ
1712 4347 1843 4401 Υίοῦ
1870 4349 1917 4401 oi

2038 4343 2249 4412 :ipinnt.
2273 4339 2438 4411 822
2474 4336 2567 4391 Vel
2594 4348 2784 4388 manus
2803 4330 3147 4385 dominorum
3174 4327 3350 4383 Patris
3376 4343 3440 4382 ac
3466 4327 3589 4382 Filii

345 4452 603 4525 ἑκατέρου
647 4450 899 4520 ἄγγελοι·
944 4448 1141 4519 κυρίας
1172 4445 1229 4499 δὲ
1259 4442 1354 4499 τοῦ
1402 4443 1559 4513 ἁγίου
1605 4440 1920 4511 Πνεύματος

345 4548 399 4600 αί
425 4548 622 4600 οἰκεῖαι
640 4542 804 4599 αὐτοῦ
837 4542 1113 4613 δυνάμεις.

421 4638 534 4693 Τοῦ
561 4636 769 4692 αὐτοῦ.
804 4634 923 4689 Τῶν
952 4633 1049 4704 μὲν
1071 4632 1304 4703 ἑχόντων
1328 4628 1440 4701 (59)
1467 4626 1528 4681 τὸ
1549 4623 1764 4697 πνεῦμα
1818 4624 1918 4696 τῆς

342 4729 586 4794 δουλείας
638 4731 717 4793 είς
757 4726 942 4798 φόϐον,
967 4726 1018 4779 οἱ
1046 4722 1315 4795 ὀφθαλμοὶ
1356 4721 1437 4785 είς
1487 4721 1674 4792 χεῖρας
1713 4715 1918 4788 κυρίων

344 4824 440 4878 καὶ
474 4824 553 4885 εἰς
579 4822 766 4891 χεῖρας
794 4818 991 4890 κυρίας
1009 4831 1025 4848 ’
1056 4815 1151 4870 τοῦ
1179 4815 1237 4869 δὲ
1258 4814 1321 4868 τὸ
1360 4811 1577 4884 πνεῦμα
1607 4811 1708 4883 τῆς
1745 4806 1920 4862 υἱοθε-

348 4918 469 4980 σίας
489 4915 723 4987 ἕχοντος,
748 4913 885 4985 πρὸς
914 4910 1118 4983 Κύριον
1149 4908 1242 4962 τὸν
1271 4906 1424 4962 Θεόν.

402 5099 543 5150 Ὅτι
569 5094 669 5149 ἐπὶ
688 5092 845 5147 πολὺ
874 5064 1268 5158 esuriamu-
1287 5081 1755 5150 ἑξουδενώσεως,
1778 5094 1833 5131 κ.
1864 5092 1916 5129 τ.

349 5192 397 5244 ἐ.
433 5187 725 5260 Σύμμαχος
756 5182 866 5256 (60)
882 5180 1053 5244 οὕτως
1073 5196 1088 5211 ·
1122 5196 1143 5233 ι
1171 5174 1487 5232 Ὅτι“πολὺν
1514 5168 1919 5245 ὲχορτάσθημεν

348 5278 747 5351 ὲξευτελισμόν.
785 5295 805 5330 ι

2025 4442 2156 4489 sunt
2185 4433 2467 4501 utriusque
2493 4425 2666 4500 angeli
2693 4442 2709 4491 ;
2744 4422 2976 4480 domina:
2999 4434 3128 4476 vero
3150 4419 3321 4475 sancti
3358 4418 3594 4489 Spiritus

2024 4534 2149 4582 sunt
2184 4522 2416 4595 propriae
2443 4519 2560 4589 ejus
2591 4515 2843 4570 virtutes.

2096 4594 2379 4683 Ejusdem.
2414 4609 2614 4663 Eorum
2670 4601 2889 4673 quidem
2935 4614 3028 4668 qui
3076 4595 3282 4652 habent
3338 4594 3591 4665 spiritum

2023 4703 2304 4762 servitutis
2338 4703 2392 4755 in
2421 4699 2637 4758 timore,
2668 4691 2812 4749 oculi
2848 4700 2974 4746 sunt
3003 4689 3071 4742 ad
3100 4701 3293 4742 manus
3339 4686 3590 4740 domino-

2020 4814 2141 4855 rum
2170 4807 2226 4852 et
2253 4800 2318 4849 ad
2355 4807 2546 4848 manus
2578 4787 2813 4844 domina:
2850 4800 2866 4849 ;
2904 4782 3046 4836 illius
3072 4791 3253 4834 autem
3296 4781 3388 4848 qui
3427 4777 3593 4847 spiri-

2026 4899 2138 4945 tum
2172 4887 2335 4943 habet
2364 4881 2668 4955 adoptionis
2703 4878 2964 4941 liliorum,
2992 4872 3135 4927 oculi
3167 4880 3294 4927 sunt
3320 4873 3387 4925 ad
3416 4869 3598 4925 Domi-

2023 4996 2152 5035 num
2187 4977 2379 5032 Deum.

2095 5071 2259 5127 Vens.
2301 5069 2355 5124 5.
2398 5066 2538 5134 Quia
2565 5062 2789 5118 multum
2821 5060 3004 5131 repleti
3032 5074 3213 5115 sumus
3240 5053 3593 5124 despectione.

2022 5173 2130 5220 etc.
2167 5161 2528 5234 Symmachus
2576 5156 2658 5212 sic
2696 5154 2868 5209 vertit
2909 5169 2924 5206 :
2980 5170 3001 5204 ι
3037 5149 3174 5219 Quia
3210 5147 3379 5202 multa
3404 5143 3590 5199 satiati

2027 5268 2215 5311 sumus
2243 5250 2609 5321 despectione.
2642 5265 2662 5299 ι

417 5379 461 5411 ⁸⁷
499 5341 642 5432 Psal:
679 5388 793 5438 ιιι,
835 5370 923 5426 l9.
996 5368 1043 5403 ⁸⁸
1070 5365 1215 5422 Psal.
1245 5378 1433 5429 uvm,
1466 5359 1557 5416 22.
1633 5355 1702 5389 ⁸⁸“
1719 5353 1906 5410 Matth.

2046 5391 2061 5419 ,
2084 5350 2176 5406 28.
2250 5348 2295 5380 ⁸⁹
2327 5345 2526 5401 Jerem.
2560 5359 2601 5408 ι,
2634 5341 2700 5398 14
2725 5350 2780 5396 ct
2799 5354 2951 5409 seqq.

421 5474 534 5544 (54)
558 5473 742 5527 Ὅταν
766 5470 806 5539 ἡ
831 5467 969 5544 τῶν,
998 5467 1322 5544 etc.f.a_tena
1350 5455 1615 5544 Qorderli.

444 5530 533 5615 55)
562 5530 1080 5615 Προφηςὲεύειίοιο.
1111 5533 1335 5615 Sclied‘a‘:
1355 5530 1612 5615 εωθιξᾷ
1633 5592 1749 5615 ,ΛΠ

447 5593 535 5682 55)
559 5593 840 5682 ἢὲρῗινῶν
865 5593 1112 5682 θρόνων,
1142 5598 1484 5682 etcum-tene
1506 5593 1774 5654 Corderii.

484 5629 536 5760 ’ἧς
559 5629 840 5749 ᾳῧρὲἔῗὲξ
853 5629 1454 5737 λέῗέῗᾜοῐξῖςῖἒῦῗίἶ

2096 5447 2209 5520 (58)
2233 5442 2443 5498 Δοῦλοι
2476 5440 2717 5509 κυρίων,
2740 5446 2847 5492 etc.
2871 5435 3073 5490 Catena
3104 5428 3369 5487 Cortlerii.

2093 5537 2206 5609 (59)
2235 5534 2357 5591 Τῶν
2377 5532 2497 5604 μὲν
2519 5529 2803 5601 ἑχόντων,
2828 5536 2936 5580 etc.
2964 5522 3189 5579 Eadem.

2093 5628 2207 5704 (60)
2246 5627 2576 5699 Σύμμαχος,
2611 5629 2719 5679 etc.
2753 5616 2981 5674 Schedte
3006 5614 3212 5673 Grabii.
