3928 6158
344 135 484 191 1635
1730 116 1818 171 EX
1860 114 1924 171 Ol

2027 113 2163 168 ENE
3461 110 3598 168 1656

414 250 690 321 Ejusdem.
717 265 737 299 ι
768 241 1207 312 Contemptibilia
1231 237 1415 293 mundi
1434 235 1593 305 elegit
1613 234 1755 288 Deus
1782 234 1853 288 ὀ.
1883 255 1901 286 ι

2081 231 2198 286 Τοῦ
2216 229 2421 285 αὑτοῦ.
2442 248 2461 282 ι
2484 229 2567 283 Τὰ
2586 227 2979 300 ὲξουδενωμένα
2997 228 3104 301 (GI)
3126 227 3223 283 τοῦ
3246 228 3472 298 κόσμου
3491 210 3610 295 εξε-¹

342 320 549 397 Idcirco
618 346 838 408 oportet
888 342 1232 401 contemptos
1289 330 1480 384 sedere
1528 327 1584 380 in
1639 325 1904 380 Ecclesia.

2027 324 2195 388 ,ἐξατο
2215 325 2244 376 δ
2264 323 2412 386 Θεός⁸
2440 342 2458 374 ι
2496 322 2577 375 διδ
2597 322 2677 375 δεῖ
2700 324 2825 383 τοὺς
2850 322 3316 392 ὲξουδενωμένους
3359 320 3601 385 καθίζειν

340 436 518 504 Atque
547 433 649 487 hoc
674 438 760 485 est
793 426 939 499 quod
967 421 1295 491 contemptis
1322 421 1516 477 solatio
1547 434 1670 475 esse
1714 418 1907 490 possit.

2027 435 2065 469 ιν
2093 419 2159 487 τῇ
2209 415 2523 486 Ἐκκλησία.
2562 415 2671 468 Καὶ
2710 415 2825 468 ἐστι
2861 413 3017 467 τοῦτο
3061 413 3378 483 δυνάμενον
3423 429 3599 481 παρα-

2011 506 2354 579 μυθήσασθαι
2385 505 2862 578 ὲξουδενωμένους.

418 610 578 664 Vsus.
614 607 672 663 4.
714 606 944 662 Mullum
966 604 1159 674 repleta
1184 614 1258 657 est
1284 604 1465 657 anima
1496 610 1704 665 nostra,
1727 616 1912 668 oppro-

2092 600 2214 652 Ἐπὶ
2243 598 2745 668 πλεῖονέπλήσθη
2804 599 2842 666 ἡ
2869 596 3035 666 ψυχὴ
3078 595 3287 666 iusin“
3343 594 3416 648 τὸ
3459 594 3603 650 ὄνει-

343 702 512 755 brium
538 700 933 754 abundantibus
958 706 1011 751 et
1036 697 1298 767 dupectio
1327 694 1586 768 superbis,
1620 702 1728 747 etc.
1771 692 1911 746 Ecce

2027 689 2114 756 ῗος
2140 690 2265 756 τοῖς
2299 690 2626 759 εὐθηνοῦσι
2664 688 2763 742 καὶ
2794 690 2833 756 ἠ
2865 686 3271 752 ἐξουδένωσνις
3306 684 3443 751 τοῖς
3466 688 3600 739 ὑπε-

345 792 399 845 III
435 798 754 861 peccatores
783 797 838 843 et
866 788 1229 844 abundantes.
1257 783 1626 855 Symmachus
1646 796 1776 836 vero
1795 784 1909 838 sic:

2027 781 2333 850 Μεθάνοις,
2367 800 2422 835 κ.
2457 800 2510 835 τ.
2555 784 2602 837 ὲ.
2636 782 2765 835 Ἰδοὺ
2803 776 2945 835 οὗτοι
2969 779 3081 850 (62)
3126 777 3467 849 ἁμαρτωλοὶ
3515 780 3602 831 καὶ

351 882 591 953 «ξΜιιΙιὶε
636 883 832 937 satiata
885 890 971 935 est
1014 880 1195 934 anima
1240 891 1449 943 nostra,
1493 876 1917 947 obloqucutibus

2027 872 2379 944 εὐθηνοῦντες.
2428 873 2484 927 '0
2511 874 2567 927 δὲ
2596 873 2888 945 Σύμμαχος
2915 871 3112 936 οὕτως·
3143 890 3161 921 ι
3185 869 3430 923 Πολλῶν
3455 871 3601 942 ἐχορ-

344 970 767 1035 abundantibus,
801 978 855 1024 et
893 967 1310 1039 despicientibus
1340 966 1609 1035 superbis.
1647 984 1665 1018 ι
1717 965 1911 1034 Aquila

2027 963 2188 1036 ιάσθη
2213 968 2246 1036 ἡ
2275 963 2419 1036 ψυχὴ
2449 964 2625 1036 ήμῶν,
2649 963 3042 1018 ὲπιλαλοὺντων
3067 962 3171 1014 τῶν
3192 960 3599 1032 εὐθηνούντων,

346 1067 572 1113 autem:
622 1074 643 1108 ι
682 1056 907 1111 Multum
954 1055 1157 1126 repleta
1204 1065 1289 1111 est
1326 1057 1504 1110 anima
1559 1064 1741 1111 nostra
1785 1056 1913 1111 sub-

2027 1061 2111 1114 ιιαὶ
2164 1060 2600 1126 ἐξευτελιζόντων
2644 1062 2752 1115 τῶν
2806 1060 3190 1133 ὑπερηφάνων.
3248 1076 3271 1110 ι
3334 1058 3599 1123 Ἀκύλας’

347 1149 669 1203 sannatione
734 1146 1222 1218 exprobrantium,
1299 1145 1650 1217 despectione
1720 1160 1912 1216 super-

2027 1170 2044 1203 ι
2080 1150 2254 1204 Πολλὰ
2286 1151 2589 1224 ἐνεπλήσθη
2619 1154 2653 1223 ἡ
2674 1152 2816 1223 ψυχὴ
2836 1151 2992 1222 ἡμῶν
3015 1150 3109 1204 τοῦ
3143 1149 3472 1221 μυχθισμοῦ
3500 1150 3602 1204 τῶν

348 1241 564 1296 borum.
594 1258 613 1292 ι
2017 1242 2403 1312 ὀνειδιζόντων,
2436 1244 2528 1298 τοῦ
2557 1242 2934 1315 ὲξοοθενισμοῦ
2964 1243 3070 1296 τῶν
3104 1242 3510 1314 ὑπερηφάνων.
3544 1260 3564 1295 ι

827 1421 1053 1476 PSALM
1066 1420 1150 1476 US
1206 1419 1438 1476 CXXIII.

420 1521 586 1576 Vsus.
627 1519 681 1573 I.
728 1517 851 1572 Nisi
895 1520 1020 1585 quia
1066 1516 1323 1570 Dominus
1346 1526 1460 1569 erat
1494 1518 1548 1568 in
1583 1516 1747 1580 nobis,
1773 1517 1915 1570 dicat

356 1629 494 1667 nunc
530 1610 721 1675 Israel,
752 1619 860 1664 etc.
904 1608 1210 1663 Verisimile
1256 1620 1341 1663 est
1382 1610 1691 1679 quempiam
1739 1622 1917 1664 sacer-

353 1712 540 1764 dotum
598 1707 649 1760 in
696 1706 877 1773 aliquo
932 1703 1195 1773 graduum
1258 1704 1647 1757 consistentem
1719 1703 1916 1772 populo

352 1812 511 1853 mane
531 1796 596 1852 ad
627 1796 882 1865 templum
902 1792 1140 1846 venienti
1166 1792 1366 1862 aliquid
1390 1792 1653 1861 ejusmodi
1677 1793 1914 1846 dixisse:

358 1910 378 1944 ε
418 1890 569 1944 Dicat
618 1903 760 1943 nunc
805 1884 968 1940 Israel
1003 1900 1017 1937 :
1058 1881 1168 1938 Nisi
1220 1886 1346 1954 quia
1399 1884 1660 1939 Dominus
1700 1893 1820 1938 erat
1863 1884 1914 1936 in

359 1982 566 2047 nobis;
620 1999 639 2032 ι
686 1978 877 2033 deinde
922 1977 1173 2033 Israclem
1212 1977 1265 2032 id
1296 1975 1440 2045 quod
1492 1975 1538 2029 ei
1592 1984 1916 2043 praeceptum

353 2084 473 2131 erat
502 2071 752 2128 faciendo
783 2071 1070 2137 incoepisse
1093 2068 1310 2138 quidem
1332 2068 1403 2122 ab
1437 2067 1503 2121 iis
1529 2067 1732 2132 verbis,
1765 2084 1784 2117 ι
1813 2066 1918 2119 Do-

357 2166 535 2220 minus
569 2173 690 2219 erat
720 2164 773 2217 in
803 2162 1004 2222 nobis;
1045 2179 1063 2212 ι
1101 2159 1447 2229 sulijunxisse
1477 2168 1655 2211 autem
1704 2157 1915 2226 reliqua

354 2252 570 2326 psalmi.
601 2256 867 2311 Caeterum
913 2252 1063 2317 illud,
1112 2269 1131 2302 ι
1170 2250 1282 2305 Nisi
1332 2251 1460 2319 quia
1502 2250 1759 2304 Dominus
1802 2257 1920 2302 erat

355 2350 410 2402 in
452 2346 631 2411 nobis,
669 2366 689 2398 ι
724 2362 829 2402 non
861 2347 1039 2417 quivis
1072 2346 1237 2409 dicat,
1276 2346 1368 2400 sed
1407 2357 1568 2396 verus
1603 2339 1786 2403 Israel,
1832 2339 1917 2393 cui

360 2434 618 2490 Dominus
664 2444 748 2489 est
799 2435 1045 2489 dicenti:
1087 2452 1104 2485 ι
1142 2433 1307 2488 Nobis
1346 2447 1492 2487 unus
1538 2440 1623 2485 est
1662 2430 1921 2483 Dominus

357 2525 513 2581 .Icsus
542 2526 814 2593 Christus,
864 2543 962 2597 per
1010 2542 1171 2594 quem
1222 2526 1426 2590 omnia,
1466 2536 1520 2580 et
1577 2540 1674 2578 nos
1709 2538 1804 2592 per
1840 2524 1920 2591 ip-

358 2634 477 2672 sum
514 2620 598 2672 “z
635 2638 654 2671 ι
687 2620 829 2689 quod
869 2629 923 2674 et
965 2619 1163 2674 Paulus
1210 2617 1342 2673 dicit
1366 2619 1454 2671 ":
1500 2635 1518 2668 ι
1549 2616 1683 2671 Nam
1728 2625 1783 2669 et
1820 2631 1919 2685 ego

358 2708 599 2766 Israelita
629 2727 771 2767 sum.
806 2729 823 2763 ι
852 2710 982 2765 Item
1027 2711 1156 2765 illud
1195 2711 1241 2743 ”
1272 2729 1284 2764 :
1320 2730 1337 2762 ι
1373 2709 1638 2766 Israelita:
1678 2718 1826 2775 sunt,
1866 2718 1920 2762 et

358 2819 483 2875 ego.
521 2821 541 2857 ι
579 2801 763 2872 Itaque
803 2803 1095 2867 verisimile
1137 2813 1221 2859 est
1272 2805 1412 2858 hunc
1460 2806 1728 2872 psalmum
1770 2818 1797 2855 a
1830 2818 1923 2872 po-
1948 2782 1991 2839 ε

358 2895 488 2967 pulo
526 2895 746 2950 recitari
783 2895 1000 2951 solitum
1055 2912 1120 2950 ex
1165 2906 1434 2965 praecepto
1477 2893 1778 2950 sacerdotis
1815 2910 1830 2959 ;
1877 2894 1923 2947 si

360 2983 576 3053 quando
600 2984 830 3053 populus
863 2985 915 3038 in
948 2984 1086 3039 bello
1115 2985 1456 3052 periclitatus
1488 2985 1703 3047 fuisset,
1736 2983 1818 3036 vel
1857 2997 1925 3035 ex

362 3076 631 3145 aliquibus
668 3076 910 3146 gentium
958 3076 1171 3131 insidiis
1207 3086 1455 3131 servatus
1486 3084 1648 3142 esset,
1681 3075 1925 3130 hosﬁbus

363 3166 595 3222 devictis
644 3183 659 3220 :
716 3165 1015 3235 prmsertim
1068 3167 1112 3220 si
1163 3166 1466 3220 admirabili
1500 3166 1731 3233 quadam
1779 3165 1922 3220 cele-

364 3257 561 3313 britate
605 3254 819 3310 fortiter
861 3256 1087 3324 prmliati
1129 3256 1374 3310 victores
1416 3258 1731 3311 rediissent.
1773 3256 1927 3310 Dicat

363 3354 541 3399 autem
574 3342 738 3398 Israel
765 3344 927 3398 etiam
958 3343 1110 3396 illud:
1143 3362 1163 3394 ι
1195 3344 1348 3413 δαιρε
1366 3355 1811 3414 expugnaverunt
1841 3360 1926 3399 me

366 3453 395 3492 a
418 3436 700 3507 iuventute
734 3450 877 3501 mea,
917 3453 936 3486 ι
981 3444 1042 3489 ιιι
1074 3436 1125 3488 in
1155 3435 1365 3503 psalmo
1391 3450 1591 3491 cxxvnt
1619 3434 1838 3493 dicitur.

440 3528 600 3583 Vsus.
739 3524 904 3580 Forte
921 3526 1061 3581 vivos
1086 3526 1427 3596 deglutissent
1458 3544 1574 3595 nos,
1604 3539 1708 3581 etc.
1737 3526 1926 3581 Prodi~

368 3630 539 3676 torem
593 3618 787 3675 Judam
837 3620 1020 3675 vivum
1070 3619 1459 3689 deglulierunl.
1517 3618 1718 3673 Habuit
1760 3620 1926 3687 enim,

367 3726 660 3784 antequam
706 3713 963 3780 traderet,
1003 3720 1168 3767 vitam
1217 3713 1555 3781 quardixit:
1600 3730 1620 3765 ι
1659 3711 1769 3785 Ego
1808 3729 1926 3768 sum

366 3809 476 3863 vita
502 3808 569 3861 “.
606 3826 625 3859 ι
658 3805 763 3862 Eos
790 3816 971 3861 autem
1001 3809 1090 3875 qui
1122 3807 1189 3860 ab
1220 3805 1375 3860 initio
1414 3804 1631 3859 malitia:
1681 3806 1927 3860 innutriti

368 3905 518 3961 sunt,
544 3897 697 3951 vivos
731 3898 1083 3967 deglutiunta

440 3988 603 4060 823
642 3987 806 4046 Vens.
847 3991 901 4044 4.
944 3988 1199 4044 Forsitan
1248 4007 1385 4056 aqua
1426 3992 1773 4046 absorbuisset
1810 4009 1927 4056 nos,

369 4091 475 4137 etc.
514 4081 721 4150 Aquam
762 4080 990 4149 ﬁgurate
1022 4082 1153 4136 dicit
1186 4083 1507 4138 lentationes
1541 4099 1662 4152 quae
1690 4085 1921 4138 animum

370 4175 710 4240 demergunt.
748 4170 881 4240 Ipsae
926 4181 1104 4228 autem
1145 4176 1466 4231 lentationes
1512 4177 1673 4230 etiam
1721 4177 1926 4246 cogita-

368 4265 544 4319 tiones
573 4273 853 4319 vocantur.

445 4353 608 4412 Vns.
650 4354 706 4409 5.
750 4353 1051 4409 Torrentem
1104 4358 1432 4424 pertransivil
1490 4360 1665 4412 anima
1723 4370 1924 4427 nostra,

369 4456 476 4503 etc.
537 4445 860 4501 Torrentem
907 4446 1103 4500 iterum
1150 4456 1311 4501 vocat
1349 4449 1726 4516 cogitationes,
1783 4452 1924 4520 quod

373 4554 479 4593 nun
510 4540 820 4609 perdurent.
850 4540 945 4595 sed
969 4539 1253 4596 confestim
1298 4542 1351 4596 in
1390 4553 1624 4597 mentem
1662 4540 1923 4609 insiliant,

370 4638 426 4683 Cl
449 4643 637 4683 I'III‘SIIS
669 4638 939 4685 arescant.

442 4719 716 4790 Ejusdem.
763 4738 782 4772 ι
827 4719 894 4776 Ει
936 4721 1139 4777 factum
1190 4731 1273 4777 est
1320 4723 1541 4779 verbum
1603 4724 1815 4779 Domini
1862 4725 1929 4779 ad

373 4812 540 4866 Ellam
571 4829 585 4866 :
622 4811 769 4868 Vade
810 4814 936 4868 hinc
972 4814 1038 4869 ad
1065 4816 1355 4883 orientem,
1396 4825 1453 4871 et
1495 4818 1827 4873 abscondere
1875 4820 1951 4873 in.

371 4914 612 4961 torrente
636 4905 924 4971 Chorrath,
954 4906 1046 4975 qui
1096 4917 1182 4962 est
1222 4923 1386 4977 super
1426 4907 1619 4964 faciem
1654 4907 1929 4965 Iordanis.

374 4995 589 5063 Eterit,
644 4998 712 5053 de
750 5007 990 5052 torrente
1030 4998 1185 5053 bibes
1229 5013 1444 5068 aquam,
1486 5009 1541 5054 et
1570 5001 1751 5053 corvis
1780 5016 1933 5053 mau-

372 5088 513 5143 dabo
544 5090 753 5145 nutrire
786 5099 838 5145 te
869 5090 998 5145 illic.
1045 5091 1113 5146 Et
1163 5090 1289 5145 Iecit
1325 5091 1470 5146 Elius
1511 5092 1664 5161 juxta
1704 5093 1929 5146 verbum

442 5224 490 5257 ⁹⁰
517 5222 539 5277 ι
571 5225 695 5281 Cor.
735 5242 774 5292 ι,
803 5226 893 5283 28.
967 5229 1013 5260 ⁹¹
1041 5228 1061 5283 I
1085 5226 1213 5283 Cor.
1247 5242 1363 5291 vnt,
1395 5224 1448 5282 6.
1524 5229 1569 5260 ⁹²
1609 5226 1764 5281 Rom.
1796 5244 1871 5295 xl,
1911 5234 1961 5288 l.

445 5342 556 5417 (6i)
592 5347 665 5417 Ta
680 5346 1138 5417 ἐξουρενωμένα,
1167 5358 1270 5401 etc.
1298 5345 1495 5417 Catena
1530 5346 1792 5403 Cordcrii.

445 5413 557 5481 (62)
589 5414 743 5470 Ἰδοὺ
770 5413 1083 5480 οὗτοι,ὀιο.
1124 5417 1347 5472 Sclteda:
1369 5415 1575 5472 Grabii.

445 5484 556 5547 (63⁷)
586 5487 761 5551 Εἰκὸς
781 5487 919 5547 τῶν,
950 5498 1054 5539 etc.
1081 5487 1278 5542 Catena
1317 5486 1575 5543 Cordcrii.

446 5558 554 5625 (Ui)
595 5556 701 5611 Τιίν
728 5556 1041 5625 προδότην,
1069 5567 1173 5639 etc:
1199 5557 1422 5613 Schedtn
1447 5557 1654 5614 Grabii.

2547 1425 2845 1479 ΨΑΛΜΟΣ
2887 1426 3059 1481 PKP.

2087 1521 2157 1572 Ei
2181 1517 2266 1587 μὴ
2289 1518 2377 1572 ὅτι
2398 1519 2611 1585 Κύριος
2625 1515 2704 1588 ἦν
2720 1519 2789 1571 ἐν
2810 1517 2970 1587 ἡμῖν,
2988 1516 3211 1573 eiad-'6
3232 1516 3321 1586 δὴ
3344 1515 3598 1584 Ἰσραὴλ,

2016 1629 2070 1665 κ.
2096 1630 2148 1665 τ.
2176 1613 2221 1665 ὲ.
2259 1611 2416 1673 Εἰκὸς
2443 1610 2549 1663 τῶν
2576 1609 2685 1681 (65)
2714 1611 2900 1682 ἱερέων
2925 1610 3047 1662 τινὰ
3082 1608 3310 1662 ἑστῶτα
3347 1608 3445 1661 ἐπὶ
3468 1624 3602 1671 τινος

2016 1706 2123 1759 τῶν
2151 1703 2476 1773 ἀναϐαθμῶν
2506 1702 2680 1772 λέγειν
2712 1702 2916 1756 ἐλθόντι
2947 1701 3025 1772 τῷ
3060 1700 3174 1771 λαῷ
3201 1702 3305 1753 ἐπὶ
3347 1700 3444 1753 τὸν
3481 1700 3599 1752 νῶν

2015 1795 2182 1848 ἕωθεν
2212 1794 2450 1848 τοιοῦτόν
2480 1812 2533 1846 τι
2553 1811 2567 1823 ι
2609 1812 2628 1844 ‹
2660 1793 2880 1845 Εἰπάτω
2912 1792 2975 1861 δὴ
3019 1789 3268 1863 Ἰσραὴλ,
3294 1787 3365 1843 El
3409 1791 3485 1860 μὴ
3524 1789 3596 1842 ὅτι

2017 1889 2218 1961 Κύριος
2248 1884 2315 1960 ἦν
2343 1890 2399 1941 ὲν
2429 1888 2560 1958 ἡμῖν
2579 1905 2592 1917 ο
2638 1905 2656 1937 ι
2694 1882 2813 1939 εἶτα
2858 1883 3115 1938 ποιοῦντα
3144 1884 3211 1937 τὸ
3260 1882 3597 1956 προσταχθὲν

2016 1982 2106 2033 τὸν
2144 1978 2359 2051 Ἰσραὴλ
2400 1977 2660 2048 ἄρχεσθαι
2695 1978 2791 2048 μὲν
2833 1976 2940 2030 ἀπὸ
2972 1975 3064 2028 τοῦ
3088 2015 3104 2039 ,
3135 1993 3155 2027 ι
3186 1976 3409 2048 Κύριος
3450 1970 3516 2045 ἦν
3542 1976 3595 2027 ἐν

2016 2075 2176 2144 ἡμῖν·
2227 2089 2246 2121 ι
2284 2070 2573 2124 συνάπτειν
2600 2070 2657 2124 δὲ
2680 2070 2748 2123 τὰ
2784 2070 2909 2141 ἑξῆς
2949 2069 3041 2123 τοῦ
3080 2068 3337 2139 ψαλμοῦ.
3381 2067 3593 2135 Λετὲτω

2017 2166 2081 2237 δὴ
2105 2165 2184 2227 τὸ,
2212 2184 2232 2216 ί
2265 2166 2327 2218 Εἰ
2365 2164 2438 2235 μὴ
2466 2165 2547 2217 ὅτι
2573 2164 2774 2235 Κύριος
2802 2159 2870 2235 ἦν
2905 2164 2963 2215 ὲν
2986 2164 3141 2235 ἡμῖν,
3165 2182 3184 2215 ι
3212 2163 3321 2232 οὐχ
3343 2163 3374 2214 ό
3401 2158 3585 2229 τυχὼν,

2019 2256 2131 2309 ἀλλ’
2163 2258 2191 2309 ὁ
2222 2255 2469 2327 ἀληθινὸς
2532 2256 2767 2327 Ἰσραὴλ,
2834 2249 2879 2323 ᾧ
2913 2256 3115 2324 Κύριός
3156 2256 3315 2306 ἐστιν
3363 2251 3581 2305 εἰπόντι·

2025 2367 2044 2398 ι
2085 2348 2244 2418 Ἡμῖν
2271 2345 2350 2411 εἷς
2377 2348 2581 2418 Κύριος
2619 2347 2821 2419 Ἰησοῦς
2852 2347 3103 2419 Χριστὸς,
3125 2346 3194 2398 δι’
3215 2340 3281 2399 οὗ
3309 2343 3381 2397 τὰ
3402 2344 3581 2405 πάντα,

2020 2440 2112 2493 καὶ
2140 2442 2303 2511 ἡμεῖς
2324 2439 2392 2492 δι’
2423 2440 2589 2493 αὑτοῦ
2612 2458 2624 2469 ·
2657 2459 2674 2491 ι
2710 2440 2847 2512 ὅπερ
2868 2442 2961 2494 καὶ
2982 2439 3196 2501 Παῦλος
3233 2434 3359 2490 εἷπε
3379 2454 3394 2467 ’
3433 2455 3451 2486 ι
3485 2434 3582 2487 Kal

2020 2534 2128 2606 γὰρ
2157 2533 2270 2603 ἐγὼ
2313 2532 2652 2605 Ἰσραηλίτης
2680 2534 2822 2605 εἰμί’
2867 2553 2886 2585 ι
2929 2533 3023 2587 καὶ
3056 2532 3146 2585 τόο
3182 2550 3204 2582 ί
3267 2527 3578 2601 Ἰσραηλῖταξ

2021 2628 2149 2690 εἰσι,
2174 2627 2243 2680 κά
2258 2625 2348 2695 ίώ.
2386 2646 2404 2677 ι
2426 2626 2536 2680 Καὶ
2552 2626 2739 2679 τοῦτόν
2771 2644 2834 2695 γε
2861 2626 3007 2690 εἰκὸς
3026 2625 3132 2679 ὑπὸ
3150 2624 3253 2677 τοῦ
3280 2621 3413 2676 λαοῦ
3446 2620 3577 2687 λέγε·

2022 2718 2146 2773 σθαι
2173 2719 2263 2772 τὸν
2287 2718 2497 2791 ψαλμὸν
2517 2721 2580 2773 ἐκ
2606 2717 2950 2791 προστάξεως
2984 2717 3199 2788 ἱερέως,
3245 2716 3428 2768 εἴποτε
3474 2726 3577 2763 κιν-

2023 2812 2281 2876 δυνεύσας
2299 2813 2327 2865 ὁ
2349 2811 2470 2876 λαὸς
2497 2813 2554 2866 ὲν
2574 2811 2810 2882 πολέμῳ,
2834 2812 2867 2881 ἦ
2891 2826 2996 2862 τινι
3015 2809 3122 2862 ἀπὸ
3139 2809 3257 2860 τῶν
3283 2806 3449 2861 ἐθνῶν
3469 2808 3571 2857 ἐπι-

2025 2903 2185 2975 ϐουλῇ
2213 2904 2464 2976 διεσώθη,
2487 2905 2710 2975 νικήσας
2738 2903 2863 2965 τοὺς
2887 2900 3180 2971 πολεμίους
3200 2917 3214 2930 ·
3273 2899 3500 2969 μάλιστα
3533 2896 3575 2947 εἰ

2028 2993 2167 3063 μετά
2211 3011 2353 3058 τινος
2386 2994 2684 3065 παραδόξου
2721 2992 3037 3062 ἐπιφανείας
3080 2990 3574 3063 ἀνδραγαθήσαντες

2025 3085 2347 3156 ἐπανῄεσαν.
2374 3087 2592 3140 Εἰπὰτω
2619 3087 2674 3139 δὲ
2697 3087 2726 3139 ό
2764 3085 2977 3157 Ἰσραὴλ
3005 3086 3099 3139 καὶ
3122 3085 3207 3150 τὸ,
3240 3104 3260 3137 ‹
3300 3081 3576 3144 Πλεονὰκις

2025 3178 2368 3250 ἐπολέμησαν
2396 3197 2463 3251 με
2491 3182 2556 3234 ὲκ
2586 3179 2833 3252 νεότητός
2864 3196 2985 3250 μου,
3012 3198 3031 3230 ι
3068 3177 3142 3242 ὡς
3162 3180 3224 3232 ὲν
3256 3186 3377 3250 ρκη¹
3398 3172 3573 3247 ψαλμῷ

2025 3269 2259 3337 λέγεται.

2100 3534 2238 3600 Ἄρα
2282 3526 2508 3599 ζῶντας
2546 3531 2622 3586 ἂν
2669 3533 2950 3587 κατέπιον
2986 3531 3164 3602 ἡμᾶς,
3205 3551 3260 3585 κ.
3308 3550 3357 3585 τ.
3394 3531 3437 3583 ὲ.
3479 3529 3569 3581 Τὸν

2027 3626 2288 3698 προδότην
2314 3627 2421 3697 (64)
2464 3626 2660 3680 Ἰούδαν
2687 3627 2863 3691 ζῶντα
2884 3629 3138 3681 κατέπιον
3158 3645 3169 3657 ·
3212 3624 3324 3697 εἶχε
3353 3625 3454 3693 γὰρ
3479 3621 3571 3692 πρὸ

2025 3720 2126 3789 τῆς
2147 3720 2492 3791 παραδόσεως
2523 3719 2619 3789 τὴν
2648 3718 2789 3789 ζωὴν
2810 3719 2906 3790 τὴν
2935 3720 3213 3773 εἰποῦσαν·
3256 3739 3275 3771 ι
3318 3717 3449 3787 Ἐγώ
3468 3718 3567 3786 εἰμι

2028 3813 2062 3881 ἡ
2089 3810 2228 3882 ξωή’
2277 3831 2294 3862 ³
2323 3811 2446 3874 τοὺς
2477 3811 2532 3864 δὲ
2559 3812 2649 3865 ἀπ’
2666 3812 2838 3883 ἀρχῆς
2857 3814 2921 3882 τῇ
2960 3810 3129 3881 κακίᾳ
3146 3810 3564 3883 ἐντρεφομένους,

2028 3903 2249 3973 νεκροὺς
2277 3903 2679 3956 καταπίνουσιν.

2102 3995 2250 4061 'Apa
2279 3993 2344 4047 τὸ
2376 3993 2530 4060 ὕδωρ
2549 3993 2625 4046 ἂν
2657 3994 3081 4047 κατεπόντισεν
3115 3990 3305 4060 ἡμᾶς,
3348 4007 3399 4041 κ.
3447 4004 3491 4039 τ.
3520 3985 3561 4038 ὲ.

2031 4083 2214 4156 Ὕδωρ
2239 4085 2511 4157 τροπικῶς
2530 4084 2639 4155 (65)
2652 4083 2797 4153 λέγει
2820 4086 2943 4147 τοὺς
2968 4086 3305 4154 πειρασμους
3338 4081 3453 4140 τοὺς
3481 4094 3563 4129 κα-

2026 4177 2439 4241 ταποντίζοντας
2466 4178 2563 4249 τὴν
2591 4177 2768 4248 ψυχήν
2787 4194 2800 4206 ⁸
2829 4177 2877 4228 οἱ
2895 4176 2950 4229 δὲ
2977 4176 3128 4229 αὐτοὶ
3169 4174 3453 4247 πειρασμοὶ
3483 4167 3563 4221 καὶ

2027 4270 2274 4340 λογισμοὶ
2307 4268 2608 4323 καλοῦνται.

2101 4362 2427 4430 Χείμαρῤον
2454 4358 2698 4427 διῆλθεν
2732 4362 2770 4428 ἡ
2799 4359 2968 4429 ψυχὴ
2998 4357 3183 4428 ἡμῶν,
3217 4376 3270 4411 κ.
3311 4374 3357 4408 τ.
3387 4355 3430 4408 ἐ.
3455 4349 3562 4404 Χεί-

2032 4457 2240 4526 μαρρον
2281 4452 2391 4523 (66)
2419 4452 2474 4506 δὲ
2505 4452 2665 4506 πάλιν
2699 4452 2845 4519 λέγει
2879 4453 3005 4514 τοὺς
3036 4451 3351 4521 λογισμοὺς,
3391 4446 3467 4499 δή
3505 4440 3556 4494 τὺ

2034 4545 2106 4615 μὴ
2128 4544 2394 4616 χρονίζειν
2420 4545 2637 4609 αὐτοὺς,
2673 4545 2810 4599 ἀλλὰ
2843 4544 3050 4614 ἁθρόως
3081 4544 3348 4613 ἐπιπηδᾷν
3379 4542 3451 4601 εἰς
3478 4536 3555 4588 τὸν

2030 4637 2174 4701 νοῦν,
2211 4638 2303 4691 καὶ
2329 4636 2487 4689 πάλιν
2534 4636 2898 4707 ξηραίνεσθαι.

2108 4730 2214 4784 Τοῦ
2236 4730 2440 4784 αὑτοῦ.
2478 4748 2496 4780 ι
2515 4731 2623 4783 Kal
2652 4729 2865 4797 ἐγένετο
2890 4728 2999 4801 (67)
3037 4730 3188 4801 ῥῆμα
3216 4725 3408 4797 Κυρίου
3438 4716 3551 4787 πρὸς

2043 4822 2250 4875 Ἦλιού·
2286 4822 2520 4893 Πορεύου
2551 4822 2796 4877 ἐντεῦθεν
2823 4823 2962 4877 κατὰ
3003 4822 3261 4884 ἀνατολὰς
3280 4860 3295 4884 ,
3327 4817 3413 4870 καὶ
3435 4809 3547 4883 κρύ-

2036 4915 2161 4987 ϐηθι
2187 4918 2244 4969 ὲν
2266 4915 2343 4986 τῷ
2371 4916 2651 4988 χειμάρρῳ
2676 4916 2893 4989 Χοῤῥὰθ
2944 4915 3019 4985 τῷ
3057 4917 3147 4968 ἐπὶ
3175 4911 3443 4987 προσώπου
3472 4898 3548 4955 τοῦ

2048 5008 2327 5081 Ἰορδάνου.
2354 5008 2462 5061 Kal
2488 5008 2659 5074 ἕσται,
2691 5010 2755 5061 ὲκ
2776 5008 2868 5061 τοῦ
2890 5009 3184 5079 χειμάρρου
3210 5005 3379 5060 πίεσαι
3407 4998 3541 5063 ὓδωρ’

2037 5100 2130 5153 καὶ
2159 5103 2269 5163 τοῖς
2294 5098 2514 5171 κόραξιν
2543 5099 2855 5172 ὲντελοῦμαι
2881 5100 3181 5171 διατρέφειν
3213 5115 3270 5151 σε
3310 5094 3432 5150 ἐκεῖ.
3455 5083 3544 5142 Καὶ

2038 5237 2083 5269 ’³
2114 5237 2154 5291 II
2185 5238 2309 5293 Cor.
2341 5254 2418 5304 ιι,
2441 5237 2529 5293 22.
2605 5238 2651 5270 ⁵⁸
2677 5236 2829 5291 Joau.
2862 5252 2971 5299 xlv,
3003 5235 3057 5290 6.

2107 5354 2219 5424 (63)
2249 5354 2439 5422 ’Υδωρ
2455 5350 2761 5422 τροπικῶς,
2787 5361 2889 5405 etc.
2915 5349 3145 5405 Eaedem.

2102 5446 2211 5515 (66)
2237 5448 2575 5515 Xeipaﬁdor,
2602 5454 2707 5500 etc.
2746 5445 2975 5498 Eaedem.

2105 5538 2216 5597 (67)
2244 5539 2349 5592 Kal
2374 5536 2624 5607 ἐγένετο,
2653 5545 2755 5591 etc.
2790 5535 2986 5590 Catena
3009 5531 3266 5587 Corderii.
