  <div class='ocr_page' id='page_1' title='image "/cluster/home/n/w/nwhite01/storage/ocr_20150623/12/mdp.39015028786690/844.png"; bbox 0 0 3928 6158; ppageno 0'>
   <div class='ocr_carea' id='block_1_1' title="bbox 263 195 1814 260">
    <p class='ocr_par' dir='ltr' id='par_1_1' title="bbox 263 198 1814 258">
     <span class='ocr_line' id='line_1_1' title="bbox 263 198 1814 258; baseline -0.003 0"><span class='ocrx_word' id='word_1_1' title='bbox 263 202 408 258; x_wconf 69' lang='grc'><strong>1637</strong></span> <span class='ocrx_word' id='word_1_2' title='bbox 1168 198 1478 256; x_wconf 79' lang='lat' dir='ltr'><strong>SELECTA</strong></span> <span class='ocrx_word' id='word_1_3' title='bbox 1507 198 1576 255; x_wconf 88' lang='lat' dir='ltr'><strong>IN</strong></span> <span class='ocrx_word' id='word_1_4' title='bbox 1613 198 1814 254; x_wconf 65' lang='lat' dir='ltr'><strong>PSALR</strong></span> 
     </span>
    </p>
   </div>
   <div class='ocr_carea' id='block_1_2' title="bbox 1957 195 3508 260">
    <p class='ocr_par' dir='ltr' id='par_1_2' title="bbox 1987 195 3508 260">
     <span class='ocr_line' id='line_1_2' title="bbox 1987 195 3508 260; baseline 0.003 -8"><span class='ocrx_word' id='word_1_5' title='bbox 1987 232 2056 240; x_wconf 92' lang='lat'>—</span> <span class='ocrx_word' id='word_1_6' title='bbox 2091 197 2285 253; x_wconf 79' lang='lat' dir='ltr'><strong>PSAL.</strong></span> <span class='ocrx_word' id='word_1_7' title='bbox 2325 195 2558 252; x_wconf 76' lang='lat' dir='ltr'><strong>CXXIV.</strong></span> <span class='ocrx_word' id='word_1_8' title='bbox 3371 203 3508 260; x_wconf 71' lang='grc'><strong>1638</strong></span> 
     </span>
    </p>
   </div>
   <div class='ocr_carea' id='block_1_3' title="bbox 255 314 1806 395">
    <p class='ocr_par' dir='ltr' id='par_1_3' title="bbox 255 319 1806 395">
     <span class='ocr_line' id='line_1_3' title="bbox 255 319 1806 395; baseline -0.003 -18"><span class='ocrx_word' id='word_1_9' title='bbox 255 324 521 395; x_wconf 77' lang='grc' dir='ltr'>ἐποίησεν</span> <span class='ocrx_word' id='word_1_10' title='bbox 569 322 751 377; x_wconf 75' lang='grc' dir='ltr'>Ἠλιοῦ</span> <span class='ocrx_word' id='word_1_11' title='bbox 790 319 930 375; x_wconf 82' lang='grc' dir='ltr'>κατὰ</span> <span class='ocrx_word' id='word_1_12' title='bbox 955 320 1015 375; x_wconf 80' lang='grc' dir='ltr'>τὸ</span> <span class='ocrx_word' id='word_1_13' title='bbox 1042 321 1192 392; x_wconf 77' lang='grc' dir='ltr'>ῥῆμα.</span> <span class='ocrx_word' id='word_1_14' title='bbox 1214 321 1443 392; x_wconf 81' lang='grc' dir='ltr'>Κυρίου,</span> <span class='ocrx_word' id='word_1_15' title='bbox 1466 321 1560 374; x_wconf 75' lang='grc' dir='ltr'><strong>καὶ</strong></span> <span class='ocrx_word' id='word_1_16' title='bbox 1588 319 1806 374; x_wconf 79' lang='grc' dir='ltr'><strong>ἐκάθισε</strong></span> 
     </span>
    </p>
   </div>
   <div class='ocr_carea' id='block_1_4' title="bbox 1951 314 3502 395">
    <p class='ocr_par' dir='ltr' id='par_1_4' title="bbox 1951 314 3502 388">
     <span class='ocr_line' id='line_1_4' title="bbox 1951 314 3502 388; baseline 0.004 -15"><span class='ocrx_word' id='word_1_17' title='bbox 1951 318 2179 383; x_wconf 89' lang='lat' dir='ltr'><strong>Domini,</strong></span> <span class='ocrx_word' id='word_1_18' title='bbox 2210 328 2265 375; x_wconf 88' lang='lat' dir='ltr'><strong>et</strong></span> <span class='ocrx_word' id='word_1_19' title='bbox 2289 318 2431 374; x_wconf 91' lang='lat' dir='ltr'><strong>sedit</strong></span> <span class='ocrx_word' id='word_1_20' title='bbox 2459 316 2514 371; x_wconf 94' lang='lat' dir='ltr'><strong>in</strong></span> <span class='ocrx_word' id='word_1_21' title='bbox 2548 323 2788 370; x_wconf 90' lang='lat' dir='ltr'><strong>torrente</strong></span> <span class='ocrx_word' id='word_1_22' title='bbox 2808 314 3078 373; x_wconf 88' lang='lat' dir='ltr'><strong>Chorrath</strong></span> <span class='ocrx_word' id='word_1_23' title='bbox 3107 332 3271 388; x_wconf 81' lang='lat' dir='ltr'><strong>super</strong></span> <span class='ocrx_word' id='word_1_24' title='bbox 3310 319 3502 379; x_wconf 79' lang='lat' dir='ltr'><strong>faciem</strong></span> 
     </span>
    </p>
   </div>
   <div class='ocr_carea' id='block_1_5' title="bbox 262 410 1813 487">
    <p class='ocr_par' dir='ltr' id='par_1_5' title="bbox 262 411 1813 487">
     <span class='ocr_line' id='line_1_5' title="bbox 262 411 1813 487; baseline -0.003 -17"><span class='ocrx_word' id='word_1_25' title='bbox 262 420 325 470; x_wconf 81' lang='grc' dir='ltr'><strong>ἐν</strong></span> <span class='ocrx_word' id='word_1_26' title='bbox 344 415 423 486; x_wconf 83' lang='grc' dir='ltr'>τῷ</span> <span class='ocrx_word' id='word_1_27' title='bbox 450 414 737 487; x_wconf 78' lang='grc' dir='ltr'>χειμάρρῳ</span> <span class='ocrx_word' id='word_1_28' title='bbox 748 412 966 485; x_wconf 81' lang='grc' dir='ltr'>Χορρὰο</span> <span class='ocrx_word' id='word_1_29' title='bbox 987 413 1079 464; x_wconf 73' lang='grc' dir='ltr'><strong>ἐπὶ</strong></span> <span class='ocrx_word' id='word_1_30' title='bbox 1103 411 1393 484; x_wconf 80' lang='grc' dir='ltr'><strong>προσώπου</strong></span> <span class='ocrx_word' id='word_1_31' title='bbox 1423 412 1517 466; x_wconf 83' lang='grc' dir='ltr'><strong>τοῦ</strong></span> <span class='ocrx_word' id='word_1_32' title='bbox 1557 413 1813 485; x_wconf 83' lang='grc' dir='ltr'>Ἰορδάνου</span> 
     </span>
    </p>
   </div>
   <div class='ocr_carea' id='block_1_6' title="bbox 1952 410 3503 487">
    <p class='ocr_par' dir='ltr' id='par_1_6' title="bbox 1952 410 3503 481">
     <span class='ocr_line' id='line_1_6' title="bbox 1952 410 3503 481; baseline 0.003 -16"><span class='ocrx_word' id='word_1_33' title='bbox 1952 410 2214 467; x_wconf 86' lang='lat' dir='ltr'><strong>Iordanis.</strong></span> <span class='ocrx_word' id='word_1_34' title='bbox 2245 410 2311 465; x_wconf 86' lang='lat' dir='ltr'><strong>Et</strong></span> <span class='ocrx_word' id='word_1_35' title='bbox 2344 410 2492 466; x_wconf 80' lang='lat' dir='ltr'><strong>corvi</strong></span> <span class='ocrx_word' id='word_1_36' title='bbox 2521 410 2767 466; x_wconf 81' lang='lat' dir='ltr'><strong>ferebant</strong></span> <span class='ocrx_word' id='word_1_37' title='bbox 2796 413 2847 466; x_wconf 91' lang='lat' dir='ltr'><strong>ei</strong></span> <span class='ocrx_word' id='word_1_38' title='bbox 2885 425 3051 481; x_wconf 87' lang='lat' dir='ltr'><strong>panes</strong></span> <span class='ocrx_word' id='word_1_39' title='bbox 3094 425 3253 467; x_wconf 88' lang='lat' dir='ltr'><strong>mane</strong></span> <span class='ocrx_word' id='word_1_40' title='bbox 3299 426 3355 469; x_wconf 90' lang='lat' dir='ltr'><strong>et</strong></span> <span class='ocrx_word' id='word_1_41' title='bbox 3383 431 3503 470; x_wconf 79' lang='lat' dir='ltr'><strong>car-</strong></span> 
     </span>
    </p>
   </div>
   <div class='ocr_carea' id='block_1_7' title="bbox 261 505 1812 578">
    <p class='ocr_par' dir='ltr' id='par_1_7' title="bbox 261 505 1812 578">
     <span class='ocr_line' id='line_1_7' title="bbox 261 505 1812 578; baseline -0.002 -16"><span class='ocrx_word' id='word_1_42' title='bbox 261 508 380 562; x_wconf 74' lang='grc' dir='ltr'><strong>Καὶ</strong></span> <span class='ocrx_word' id='word_1_43' title='bbox 416 508 466 561; x_wconf 82' lang='grc' dir='ltr'>οἱ</span> <span class='ocrx_word' id='word_1_44' title='bbox 517 507 755 578; x_wconf 88' lang='grc' dir='ltr'>κόρακες</span> <span class='ocrx_word' id='word_1_45' title='bbox 795 505 989 577; x_wconf 77' lang='grc' dir='ltr'>ἔφερον</span> <span class='ocrx_word' id='word_1_46' title='bbox 1013 505 1177 575; x_wconf 82' lang='grc' dir='ltr'>αὐτῷ·</span> <span class='ocrx_word' id='word_1_47' title='bbox 1198 507 1395 577; x_wconf 80' lang='grc' dir='ltr'>ἄρτους</span> <span class='ocrx_word' id='word_1_48' title='bbox 1444 505 1505 559; x_wconf 79' lang='grc' dir='ltr'><strong>τὸ</strong></span> <span class='ocrx_word' id='word_1_49' title='bbox 1563 505 1706 577; x_wconf 75' lang='grc' dir='ltr'>πρωῒ</span> <span class='ocrx_word' id='word_1_50' title='bbox 1747 523 1812 559; x_wconf 88' lang='grc' dir='ltr'><strong>κα</strong></span> 
     </span>
    </p>
   </div>
   <div class='ocr_carea' id='block_1_8' title="bbox 1951 505 3502 578">
    <p class='ocr_par' dir='ltr' id='par_1_8' title="bbox 1951 505 3502 576">
     <span class='ocr_line' id='line_1_8' title="bbox 1951 505 3502 576; baseline 0.003 -18"><span class='ocrx_word' id='word_1_51' title='bbox 1951 519 2039 560; x_wconf 87' lang='lat' dir='ltr'><strong>nes</strong></span> <span class='ocrx_word' id='word_1_52' title='bbox 2065 506 2295 576; x_wconf 83' lang='lat' dir='ltr'><strong>vesperi,</strong></span> <span class='ocrx_word' id='word_1_53' title='bbox 2323 515 2378 559; x_wconf 92' lang='lat' dir='ltr'><strong>et</strong></span> <span class='ocrx_word' id='word_1_54' title='bbox 2404 505 2471 559; x_wconf 89' lang='lat' dir='ltr'><strong>de</strong></span> <span class='ocrx_word' id='word_1_55' title='bbox 2506 512 2749 559; x_wconf 86' lang='lat' dir='ltr'><strong>torrente</strong></span> <span class='ocrx_word' id='word_1_56' title='bbox 2776 505 2995 560; x_wconf 91' lang='lat' dir='ltr'><strong>bibebat</strong></span> <span class='ocrx_word' id='word_1_57' title='bbox 3034 520 3252 573; x_wconf 86' lang='lat' dir='ltr'><strong>aquam.</strong></span> <span class='ocrx_word' id='word_1_58' title='bbox 3307 506 3374 563; x_wconf 84' lang='lat' dir='ltr'><strong>Et</strong></span> <span class='ocrx_word' id='word_1_59' title='bbox 3418 509 3502 563; x_wconf 84' lang='lat' dir='ltr'><strong>fa-</strong></span> 
     </span>
    </p>
   </div>
   <div class='ocr_carea' id='block_1_9' title="bbox 262 596 1813 672">
    <p class='ocr_par' dir='ltr' id='par_1_9' title="bbox 262 596 1813 672">
     <span class='ocr_line' id='line_1_9' title="bbox 262 596 1813 672; baseline -0.001 -18"><span class='ocrx_word' id='word_1_60' title='bbox 262 600 408 671; x_wconf 79' lang='grc' dir='ltr'><strong>κρέα</strong></span> <span class='ocrx_word' id='word_1_61' title='bbox 434 598 496 651; x_wconf 85' lang='grc' dir='ltr'><strong>τὸ</strong></span> <span class='ocrx_word' id='word_1_62' title='bbox 536 597 734 668; x_wconf 90' lang='grc' dir='ltr'>δείλης,</span> <span class='ocrx_word' id='word_1_63' title='bbox 770 598 864 652; x_wconf 73' lang='grc' dir='ltr'>καὶ</span> <span class='ocrx_word' id='word_1_64' title='bbox 892 600 954 651; x_wconf 85' lang='grc' dir='ltr'><strong>ἐκ</strong></span> <span class='ocrx_word' id='word_1_65' title='bbox 983 596 1076 650; x_wconf 90' lang='grc' dir='ltr'><strong>τοῦ</strong></span> <span class='ocrx_word' id='word_1_66' title='bbox 1125 597 1424 670; x_wconf 76' lang='grc' dir='ltr'>χειμάρρου</span> <span class='ocrx_word' id='word_1_67' title='bbox 1458 597 1637 651; x_wconf 74' lang='grc' dir='ltr'>ἔπινεν</span> <span class='ocrx_word' id='word_1_68' title='bbox 1675 599 1813 672; x_wconf 76' lang='grc' dir='ltr'>ὕδωρ</span> 
     </span>
    </p>
   </div>
   <div class='ocr_carea' id='block_1_10' title="bbox 1953 596 3504 672">
    <p class='ocr_par' dir='ltr' id='par_1_10' title="bbox 1953 596 3504 668">
     <span class='ocr_line' id='line_1_10' title="bbox 1953 596 3504 668; baseline 0.005 -20"><span class='ocrx_word' id='word_1_69' title='bbox 1953 604 2084 648; x_wconf 79' lang='lat' dir='ltr'><strong>ctum</strong></span> <span class='ocrx_word' id='word_1_70' title='bbox 2140 604 2225 650; x_wconf 92' lang='lat' dir='ltr'><strong>est</strong></span> <span class='ocrx_word' id='word_1_71' title='bbox 2265 604 2387 663; x_wconf 91' lang='lat' dir='ltr'><strong>pust</strong></span> <span class='ocrx_word' id='word_1_72' title='bbox 2433 596 2570 661; x_wconf 93' lang='lat' dir='ltr'><strong>dies,</strong></span> <span class='ocrx_word' id='word_1_73' title='bbox 2614 605 2668 650; x_wconf 91' lang='lat' dir='ltr'><strong>et</strong></span> <span class='ocrx_word' id='word_1_74' title='bbox 2706 596 2921 650; x_wconf 75' lang='lat' dir='ltr'><strong>exaruit</strong></span> <span class='ocrx_word' id='word_1_75' title='bbox 2965 603 3200 664; x_wconf 87' lang='lat' dir='ltr'><strong>torrens,</strong></span> <span class='ocrx_word' id='word_1_76' title='bbox 3243 598 3369 668; x_wconf 85' lang='lat' dir='ltr'><strong>quia</strong></span> <span class='ocrx_word' id='word_1_77' title='bbox 3398 614 3504 656; x_wconf 88' lang='lat' dir='ltr'><strong>non</strong></span> 
     </span>
    </p>
   </div>
   <div class='ocr_carea' id='block_1_11' title="bbox 262 685 1813 761">
    <p class='ocr_par' dir='ltr' id='par_1_11' title="bbox 262 685 1813 761">
     <span class='ocr_line' id='line_1_11' title="bbox 262 685 1813 761; baseline -0.001 -18"><span class='ocrx_word' id='word_1_78' title='bbox 262 691 379 743; x_wconf 73' lang='grc' dir='ltr'><strong>Καὶ</strong></span> <span class='ocrx_word' id='word_1_79' title='bbox 399 689 615 758; x_wconf 85' lang='grc' dir='ltr'>ἐγένετο</span> <span class='ocrx_word' id='word_1_80' title='bbox 643 687 759 759; x_wconf 84' lang='grc' dir='ltr'>μεθ’</span> <span class='ocrx_word' id='word_1_81' title='bbox 784 687 1014 758; x_wconf 85' lang='grc' dir='ltr'>ἡμέρας,</span> <span class='ocrx_word' id='word_1_82' title='bbox 1045 687 1137 740; x_wconf 74' lang='grc' dir='ltr'><strong>καὶ</strong></span> <span class='ocrx_word' id='word_1_83' title='bbox 1161 685 1431 758; x_wconf 74' lang='grc' dir='ltr'><strong>ἐξηράνθη</strong></span> <span class='ocrx_word' id='word_1_84' title='bbox 1461 688 1490 740; x_wconf 78' lang='grc' dir='ltr'><strong>ὁ</strong></span> <span class='ocrx_word' id='word_1_85' title='bbox 1518 687 1813 761; x_wconf 80' lang='grc' dir='ltr'>χείμαρρος</span> 
     </span>
    </p>
   </div>
   <div class='ocr_carea' id='block_1_12' title="bbox 1366 685 2917 761">
    <p class='ocr_par' dir='ltr' id='par_1_12' title="bbox 1366 685 2917 761">
     <span class='ocr_line' id='line_1_12' title="bbox 1366 685 2917 761; baseline 0.001 -22"><span class='ocrx_word' id='word_1_86' title='bbox 1366 685 1431 756; x_wconf 90' lang='grc' dir='ltr'><strong>θη</strong></span> <span class='ocrx_word' id='word_1_87' title='bbox 1461 688 1490 740; x_wconf 78' lang='grc' dir='ltr'><strong>ὁ</strong></span> <span class='ocrx_word' id='word_1_88' title='bbox 1518 687 1836 761; x_wconf 72' lang='grc' dir='ltr'>χείμαρρος,</span> <span class='ocrx_word' id='word_1_89' title='bbox 1941 688 2117 742; x_wconf 81' lang='lat' dir='ltr'><strong>fuerat</strong></span> <span class='ocrx_word' id='word_1_90' title='bbox 2148 686 2331 756; x_wconf 87' lang='lat' dir='ltr'><strong>pluvia</strong></span> <span class='ocrx_word' id='word_1_91' title='bbox 2358 701 2519 757; x_wconf 85' lang='lat' dir='ltr'><strong>super</strong></span> <span class='ocrx_word' id='word_1_92' title='bbox 2553 697 2754 742; x_wconf 89' lang='lat' dir='ltr'><strong>terram</strong></span> <span class='ocrx_word' id='word_1_93' title='bbox 2791 687 2858 742; x_wconf 80' lang='lat'><strong>”.</strong></span> <span class='ocrx_word' id='word_1_94' title='bbox 2897 704 2917 740; x_wconf 62' lang='grc' dir='ltr'><strong>ι</strong></span> 
     </span>
    </p>
   </div>
   <div class='ocr_carea' id='block_1_13' title="bbox 262 777 1336 849">
    <p class='ocr_par' dir='ltr' id='par_1_13' title="bbox 262 777 1336 849">
     <span class='ocr_line' id='line_1_13' title="bbox 262 777 1336 849; baseline -0.006 -15"><span class='ocrx_word' id='word_1_95' title='bbox 262 782 350 835; x_wconf 79' lang='grc' dir='ltr'><strong>ὅτι</strong></span> <span class='ocrx_word' id='word_1_96' title='bbox 373 780 474 834; x_wconf 86' lang='grc' dir='ltr'><strong>οὐκ</strong></span> <span class='ocrx_word' id='word_1_97' title='bbox 504 780 718 849; x_wconf 84' lang='grc' dir='ltr'>ἐγένετο</span> <span class='ocrx_word' id='word_1_98' title='bbox 746 778 899 842; x_wconf 76' lang='grc' dir='ltr'>ὑετὸς</span> <span class='ocrx_word' id='word_1_99' title='bbox 921 777 1014 829; x_wconf 69' lang='grc' dir='ltr'><strong>ἐπὶ</strong></span> <span class='ocrx_word' id='word_1_100' title='bbox 1033 777 1134 847; x_wconf 81' lang='grc' dir='ltr'>τῆς</span> <span class='ocrx_word' id='word_1_101' title='bbox 1154 777 1277 847; x_wconf 77' lang='grc' dir='ltr'>γῆς.</span> <span class='ocrx_word' id='word_1_102' title='bbox 1317 795 1336 828; x_wconf 69' lang='grc' dir='ltr'><strong>ι</strong></span> 
     </span>
    </p>
   </div>
   <div class='ocr_carea' id='block_1_14' title="bbox 351 863 1902 943">
    <p class='ocr_par' dir='ltr' id='par_1_14' title="bbox 351 869 1841 943">
     <span class='ocr_line' id='line_1_14' title="bbox 351 869 1841 943; baseline -0.004 -12"><span class='ocrx_word' id='word_1_103' title='bbox 351 875 413 931; x_wconf 85' lang='grc' dir='ltr'><strong>Ἠ</strong></span> <span class='ocrx_word' id='word_1_104' title='bbox 448 872 619 943; x_wconf 67' lang='grc' dir='ltr'><strong>ψυχὴ</strong></span> <span class='ocrx_word' id='word_1_105' title='bbox 662 870 831 940; x_wconf 63' lang='lat' dir='ltr'><strong>maior</strong></span> <span class='ocrx_word' id='word_1_106' title='bbox 861 870 942 936; x_wconf 86' lang='grc' dir='ltr'>ὡς</span> <span class='ocrx_word' id='word_1_107' title='bbox 987 870 1306 938; x_wconf 81' lang='grc' dir='ltr'>στρουθίον</span> <span class='ocrx_word' id='word_1_108' title='bbox 1329 869 1587 939; x_wconf 83' lang='grc' dir='ltr'>ἑρῥύσθη</span> <span class='ocrx_word' id='word_1_109' title='bbox 1623 870 1693 925; x_wconf 82' lang='grc' dir='ltr'><strong>ἐκ</strong></span> <span class='ocrx_word' id='word_1_110' title='bbox 1730 871 1841 940; x_wconf 82' lang='grc' dir='ltr'>τῆς</span> 
     </span>
    </p>
   </div>
   <div class='ocr_carea' id='block_1_15' title="bbox 1951 863 3502 943">
    <p class='ocr_par' dir='ltr' id='par_1_15' title="bbox 2010 863 3502 939">
     <span class='ocr_line' id='line_1_15' title="bbox 2010 863 3502 939; baseline 0.005 -19"><span class='ocrx_word' id='word_1_111' title='bbox 2010 863 2176 920; x_wconf 70' lang='lat' dir='ltr'><strong>Vens.</strong></span> <span class='ocrx_word' id='word_1_112' title='bbox 2216 863 2273 918; x_wconf 86' lang='lat'><strong>7.</strong></span> <span class='ocrx_word' id='word_1_113' title='bbox 2316 863 2504 917; x_wconf 83' lang='lat' dir='ltr'><strong>Anima</strong></span> <span class='ocrx_word' id='word_1_114' title='bbox 2537 872 2718 919; x_wconf 84' lang='lat' dir='ltr'><strong>nostra</strong></span> <span class='ocrx_word' id='word_1_115' title='bbox 2739 865 2873 919; x_wconf 96' lang='lat' dir='ltr'><strong>sicut</strong></span> <span class='ocrx_word' id='word_1_116' title='bbox 2908 883 3091 936; x_wconf 80' lang='lat' dir='ltr'><strong>passer</strong></span> <span class='ocrx_word' id='word_1_117' title='bbox 3116 880 3294 939; x_wconf 84' lang='lat' dir='ltr'><strong>erepta</strong></span> <span class='ocrx_word' id='word_1_118' title='bbox 3336 882 3412 926; x_wconf 85' lang='lat' dir='ltr'><strong>est</strong></span> <span class='ocrx_word' id='word_1_119' title='bbox 3438 876 3502 927; x_wconf 85' lang='lat' dir='ltr'><strong>dc</strong></span> 
     </span>
    </p>
   </div>
   <div class='ocr_carea' id='block_1_16' title="bbox 266 957 1817 1035">
    <p class='ocr_par' dir='ltr' id='par_1_16' title="bbox 266 958 1816 1035">
     <span class='ocr_line' id='line_1_16' title="bbox 266 958 1816 1035; baseline -0.001 -18"><span class='ocrx_word' id='word_1_120' title='bbox 266 964 521 1035; x_wconf 73' lang='grc' dir='ltr'>παγίδος</span> <span class='ocrx_word' id='word_1_121' title='bbox 536 961 654 1016; x_wconf 79' lang='grc' dir='ltr'><strong>τῶν</strong></span> <span class='ocrx_word' id='word_1_122' title='bbox 671 961 1044 1029; x_wconf 79' lang='grc' dir='ltr'>θηρευόντων</span> <span class='ocrx_word' id='word_1_123' title='bbox 1065 1001 1080 1024; x_wconf 91' lang='grc'><strong>,</strong></span> <span class='ocrx_word' id='word_1_124' title='bbox 1104 976 1159 1013; x_wconf 90' lang='grc' dir='ltr'><strong>κ.</strong></span> <span class='ocrx_word' id='word_1_125' title='bbox 1178 976 1228 1013; x_wconf 87' lang='grc' dir='ltr'><strong>τ.</strong></span> <span class='ocrx_word' id='word_1_126' title='bbox 1251 960 1295 1014; x_wconf 85' lang='grc' dir='ltr'>ὲ.</span> <span class='ocrx_word' id='word_1_127' title='bbox 1330 958 1702 1032; x_wconf 82' lang='grc' dir='ltr'>Ἐρρύσθημεν</span> <span class='ocrx_word' id='word_1_128' title='bbox 1728 961 1816 1031; x_wconf 88' lang='grc'><strong>(68</strong></span> 
     </span>
    </p>
   </div>
   <div class='ocr_carea' id='block_1_17' title="bbox 1953 957 3504 1035">
    <p class='ocr_par' dir='ltr' id='par_1_17' title="bbox 1953 957 3504 1028">
     <span class='ocr_line' id='line_1_17' title="bbox 1953 957 3504 1028; baseline 0.007 -19"><span class='ocrx_word' id='word_1_129' title='bbox 1953 957 2126 1026; x_wconf 82' lang='lat' dir='ltr'><strong>’aqueo</strong></span> <span class='ocrx_word' id='word_1_130' title='bbox 2162 957 2480 1020; x_wconf 81' lang='lat' dir='ltr'><strong>venantium,</strong></span> <span class='ocrx_word' id='word_1_131' title='bbox 2528 965 2636 1011; x_wconf 89' lang='lat' dir='ltr'><strong>etc.</strong></span> <span class='ocrx_word' id='word_1_132' title='bbox 2688 957 2763 1012; x_wconf 90' lang='lat' dir='ltr'><strong>De</strong></span> <span class='ocrx_word' id='word_1_133' title='bbox 2805 957 2994 1028; x_wconf 91' lang='lat' dir='ltr'><strong>laqueo</strong></span> <span class='ocrx_word' id='word_1_134' title='bbox 3034 971 3350 1017; x_wconf 84' lang='lat' dir='ltr'><strong>venatorum</strong></span> <span class='ocrx_word' id='word_1_135' title='bbox 3399 966 3504 1020; x_wconf 66' lang='lat' dir='ltr'><strong>daa-</strong></span> 
     </span>
    </p>
   </div>
   <div class='ocr_carea' id='block_1_18' title="bbox 264 1048 1815 1126">
    <p class='ocr_par' dir='ltr' id='par_1_18' title="bbox 264 1051 1815 1126">
     <span class='ocr_line' id='line_1_18' title="bbox 264 1051 1815 1126; baseline -0.005 -17"><span class='ocrx_word' id='word_1_136' title='bbox 264 1055 379 1109; x_wconf 83' lang='grc' dir='ltr'>τῶν</span> <span class='ocrx_word' id='word_1_137' title='bbox 420 1052 696 1126; x_wconf 83' lang='grc' dir='ltr'>θηρευτῶν</span> <span class='ocrx_word' id='word_1_138' title='bbox 727 1052 997 1123; x_wconf 86' lang='grc' dir='ltr'><strong>δαιμόνων</strong></span> <span class='ocrx_word' id='word_1_139' title='bbox 1022 1051 1121 1121; x_wconf 81' lang='grc' dir='ltr'>τῆς</span> <span class='ocrx_word' id='word_1_140' title='bbox 1147 1051 1375 1120; x_wconf 83' lang='grc' dir='ltr'>παγίδος</span> <span class='ocrx_word' id='word_1_141' title='bbox 1397 1091 1411 1116; x_wconf 93' lang='grc'><strong>,</strong></span> <span class='ocrx_word' id='word_1_142' title='bbox 1452 1052 1815 1124; x_wconf 76' lang='grc' dir='ltr'>συντρίψαντα</span> 
     </span>
    </p>
   </div>
   <div class='ocr_carea' id='block_1_19' title="bbox 1953 1048 3504 1126">
    <p class='ocr_par' dir='ltr' id='par_1_19' title="bbox 1953 1048 3504 1117">
     <span class='ocr_line' id='line_1_19' title="bbox 1953 1048 3504 1117; baseline 0.007 -17"><span class='ocrx_word' id='word_1_143' title='bbox 1953 1062 2159 1101; x_wconf 89' lang='lat' dir='ltr'><strong>monum</strong></span> <span class='ocrx_word' id='word_1_144' title='bbox 2191 1048 2367 1117; x_wconf 86' lang='lat' dir='ltr'><strong>erepti</strong></span> <span class='ocrx_word' id='word_1_145' title='bbox 2396 1062 2601 1111; x_wconf 88' lang='lat' dir='ltr'><strong>sumus,</strong></span> <span class='ocrx_word' id='word_1_146' title='bbox 2627 1064 2748 1102; x_wconf 92' lang='lat' dir='ltr'><strong>cum</strong></span> <span class='ocrx_word' id='word_1_147' title='bbox 2781 1048 3029 1105; x_wconf 88' lang='lat' dir='ltr'><strong>Christus</strong></span> <span class='ocrx_word' id='word_1_148' title='bbox 3054 1052 3329 1109; x_wconf 91' lang='lat' dir='ltr'><strong>diabolum</strong></span> <span class='ocrx_word' id='word_1_149' title='bbox 3364 1070 3504 1111; x_wconf 84' lang='lat' dir='ltr'><strong>con-</strong></span> 
     </span>
    </p>
   </div>
   <div class='ocr_carea' id='block_1_20' title="bbox 265 1137 1816 1217">
    <p class='ocr_par' dir='ltr' id='par_1_20' title="bbox 265 1144 1816 1217">
     <span class='ocr_line' id='line_1_20' title="bbox 265 1144 1816 1217; baseline -0.001 -17"><span class='ocrx_word' id='word_1_150' title='bbox 265 1146 506 1217; x_wconf 78' lang='grc' dir='ltr'>Χριστοῦ</span> <span class='ocrx_word' id='word_1_151' title='bbox 537 1146 628 1199; x_wconf 83' lang='grc' dir='ltr'><strong>τὸν</strong></span> <span class='ocrx_word' id='word_1_152' title='bbox 653 1144 916 1206; x_wconf 74' lang='grc' dir='ltr'>διάϐολον,</span> <span class='ocrx_word' id='word_1_153' title='bbox 942 1144 1122 1207; x_wconf 83' lang='grc' dir='ltr'>δόντος</span> <span class='ocrx_word' id='word_1_154' title='bbox 1145 1161 1206 1196; x_wconf 89' lang='grc' dir='ltr'><strong>τε</strong></span> <span class='ocrx_word' id='word_1_155' title='bbox 1241 1145 1430 1198; x_wconf 81' lang='grc' dir='ltr'>πατεῖν</span> <span class='ocrx_word' id='word_1_156' title='bbox 1452 1144 1637 1198; x_wconf 88' lang='grc' dir='ltr'>ἐπάνω</span> <span class='ocrx_word' id='word_1_157' title='bbox 1666 1145 1816 1214; x_wconf 65' lang='grc' dir='ltr'>ὅφεω*</span> 
     </span>
    </p>
   </div>
   <div class='ocr_carea' id='block_1_21' title="bbox 1951 1137 3502 1217">
    <p class='ocr_par' dir='ltr' id='par_1_21' title="bbox 1951 1137 3502 1214">
     <span class='ocr_line' id='line_1_21' title="bbox 1951 1137 3502 1214; baseline 0.007 -23"><span class='ocrx_word' id='word_1_158' title='bbox 1951 1137 2178 1202; x_wconf 90' lang='lat' dir='ltr'><strong>triverit,</strong></span> <span class='ocrx_word' id='word_1_159' title='bbox 2210 1148 2269 1192; x_wconf 89' lang='lat' dir='ltr'><strong>et</strong></span> <span class='ocrx_word' id='word_1_160' title='bbox 2300 1138 2503 1192; x_wconf 89' lang='lat' dir='ltr'><strong>dederit</strong></span> <span class='ocrx_word' id='word_1_161' title='bbox 2536 1138 2793 1193; x_wconf 88' lang='lat' dir='ltr'><strong>virtutem</strong></span> <span class='ocrx_word' id='word_1_162' title='bbox 2838 1141 3148 1197; x_wconf 82' lang='lat' dir='ltr'><strong>ambulandi</strong></span> <span class='ocrx_word' id='word_1_163' title='bbox 3183 1160 3346 1214; x_wconf 89' lang='lat' dir='ltr'><strong>super</strong></span> <span class='ocrx_word' id='word_1_164' title='bbox 3387 1162 3502 1202; x_wconf 89' lang='lat' dir='ltr'><strong>ser-</strong></span> 
     </span>
    </p>
   </div>
   <div class='ocr_carea' id='block_1_22' title="bbox 266 1228 1817 1308">
    <p class='ocr_par' dir='ltr' id='par_1_22' title="bbox 266 1236 1817 1308">
     <span class='ocr_line' id='line_1_22' title="bbox 266 1236 1817 1308; baseline -0.003 -16"><span class='ocrx_word' id='word_1_165' title='bbox 266 1239 366 1292; x_wconf 79' lang='grc' dir='ltr'>καὶ</span> <span class='ocrx_word' id='word_1_166' title='bbox 398 1238 691 1308; x_wconf 86' lang='grc' dir='ltr'>σκορπίων,</span> <span class='ocrx_word' id='word_1_167' title='bbox 720 1237 814 1290; x_wconf 78' lang='grc' dir='ltr'><strong>καὶ</strong></span> <span class='ocrx_word' id='word_1_168' title='bbox 835 1237 927 1289; x_wconf 73' lang='grc' dir='ltr'>ἐπὶ</span> <span class='ocrx_word' id='word_1_169' title='bbox 943 1237 1123 1290; x_wconf 83' lang='grc' dir='ltr'>πᾶσαν</span> <span class='ocrx_word' id='word_1_170' title='bbox 1142 1236 1251 1308; x_wconf 79' lang='grc' dir='ltr'>τὴν·</span> <span class='ocrx_word' id='word_1_171' title='bbox 1268 1236 1496 1307; x_wconf 88' lang='grc' dir='ltr'>δύναμιν</span> <span class='ocrx_word' id='word_1_172' title='bbox 1526 1236 1619 1290; x_wconf 91' lang='grc' dir='ltr'><strong>τοῦ</strong></span> <span class='ocrx_word' id='word_1_173' title='bbox 1644 1237 1817 1308; x_wconf 72' lang='grc' dir='ltr'>ἐχθροξ</span> 
     </span>
    </p>
   </div>
   <div class='ocr_carea' id='block_1_23' title="bbox 1953 1228 3504 1308">
    <p class='ocr_par' dir='ltr' id='par_1_23' title="bbox 1953 1228 3504 1297">
     <span class='ocr_line' id='line_1_23' title="bbox 1953 1228 3504 1297; baseline 0.006 -18"><span class='ocrx_word' id='word_1_174' title='bbox 1953 1235 2133 1294; x_wconf 80' lang='lat' dir='ltr'><strong>pentes</strong></span> <span class='ocrx_word' id='word_1_175' title='bbox 2163 1234 2217 1281; x_wconf 84' lang='lat' dir='ltr'><strong>et</strong></span> <span class='ocrx_word' id='word_1_176' title='bbox 2253 1228 2571 1295; x_wconf 87' lang='lat' dir='ltr'><strong>scorpiones</strong></span> <span class='ocrx_word' id='word_1_177' title='bbox 2601 1235 2655 1281; x_wconf 90' lang='lat' dir='ltr'><strong>et</strong></span> <span class='ocrx_word' id='word_1_178' title='bbox 2685 1242 2849 1297; x_wconf 86' lang='lat' dir='ltr'><strong>super</strong></span> <span class='ocrx_word' id='word_1_179' title='bbox 2877 1244 3094 1284; x_wconf 88' lang='lat' dir='ltr'><strong>onmem</strong></span> <span class='ocrx_word' id='word_1_180' title='bbox 3124 1232 3372 1288; x_wconf 83' lang='lat' dir='ltr'><strong>virtutem</strong></span> <span class='ocrx_word' id='word_1_181' title='bbox 3403 1236 3504 1288; x_wconf 81' lang='lat' dir='ltr'><strong>ini-</strong></span> 
     </span>
    </p>
   </div>
   <div class='ocr_carea' id='block_1_24' title="bbox 266 1316 1817 1403">
    <p class='ocr_par' dir='ltr' id='par_1_24' title="bbox 266 1328 1803 1403">
     <span class='ocr_line' id='line_1_24' title="bbox 266 1328 1803 1403; baseline -0.001 -20"><span class='ocrx_word' id='word_1_182' title='bbox 266 1331 346 1394; x_wconf 85' lang='grc' dir='ltr'><strong>ὡς</strong></span> <span class='ocrx_word' id='word_1_183' title='bbox 377 1330 514 1403; x_wconf 85' lang='grc' dir='ltr'>πρὸς</span> <span class='ocrx_word' id='word_1_184' title='bbox 546 1331 738 1401; x_wconf 86' lang='grc' dir='ltr'>μόνους</span> <span class='ocrx_word' id='word_1_185' title='bbox 765 1329 934 1399; x_wconf 76' lang='grc' dir='ltr'>αὐτὴν</span> <span class='ocrx_word' id='word_1_186' title='bbox 968 1328 1254 1399; x_wconf 75' lang='grc' dir='ltr'>ἰσχύουσαν</span> <span class='ocrx_word' id='word_1_187' title='bbox 1277 1330 1401 1393; x_wconf 74' lang='grc' dir='ltr'>τοὺς</span> <span class='ocrx_word' id='word_1_188' title='bbox 1429 1329 1803 1401; x_wconf 75' lang='grc' dir='ltr'>ῥᾳθυμοῦντας</span> 
     </span>
    </p>
   </div>
   <div class='ocr_carea' id='block_1_25' title="bbox 1948 1316 3499 1403">
    <p class='ocr_par' dir='ltr' id='par_1_25' title="bbox 1948 1316 3499 1393">
     <span class='ocr_line' id='line_1_25' title="bbox 1948 1316 3499 1393; baseline 0.007 -24"><span class='ocrx_word' id='word_1_189' title='bbox 1948 1316 2087 1381; x_wconf 77' lang='lat' dir='ltr'><strong>inici,</strong></span> <span class='ocrx_word' id='word_1_190' title='bbox 2117 1332 2236 1387; x_wconf 61' lang='lat' dir='ltr'><strong>quae</strong></span> <span class='ocrx_word' id='word_1_191' title='bbox 2255 1328 2446 1372; x_wconf 90' lang='lat' dir='ltr'><strong>contra</strong></span> <span class='ocrx_word' id='word_1_192' title='bbox 2478 1320 2620 1372; x_wconf 88' lang='lat' dir='ltr'><strong>solos</strong></span> <span class='ocrx_word' id='word_1_193' title='bbox 2651 1319 2903 1373; x_wconf 88' lang='lat' dir='ltr'><strong>socordes</strong></span> <span class='ocrx_word' id='word_1_194' title='bbox 2927 1322 3183 1388; x_wconf 66' lang='lat' dir='ltr'><strong>praavalet</strong></span> <span class='ocrx_word' id='word_1_195' title='bbox 3209 1336 3225 1377; x_wconf 90' lang='lat'><strong>:</strong></span> <span class='ocrx_word' id='word_1_196' title='bbox 3254 1324 3499 1393; x_wconf 87' lang='lat' dir='ltr'><strong>Spiritus</strong></span> 
     </span>
    </p>
   </div>
   <div class='ocr_carea' id='block_1_26' title="bbox 270 1409 1821 1493">
    <p class='ocr_par' dir='ltr' id='par_1_26' title="bbox 270 1420 1821 1493">
     <span class='ocr_line' id='line_1_26' title="bbox 270 1420 1821 1493; baseline 0 -19"><span class='ocrx_word' id='word_1_197' title='bbox 270 1421 582 1493; x_wconf 86' lang='grc' dir='ltr'>Πνεύματος</span> <span class='ocrx_word' id='word_1_198' title='bbox 607 1422 714 1491; x_wconf 89' lang='grc' dir='ltr'><strong>γάρ</strong></span> <span class='ocrx_word' id='word_1_199' title='bbox 736 1438 796 1474; x_wconf 87' lang='grc' dir='ltr'><strong>τε</strong></span> <span class='ocrx_word' id='word_1_200' title='bbox 823 1420 1088 1491; x_wconf 77' lang='grc' dir='ltr'>ἐλάϐομεν</span> <span class='ocrx_word' id='word_1_201' title='bbox 1114 1421 1291 1491; x_wconf 86' lang='grc' dir='ltr'>χάριν,</span> <span class='ocrx_word' id='word_1_202' title='bbox 1315 1422 1406 1474; x_wconf 77' lang='grc' dir='ltr'><strong>καὶ</strong></span> <span class='ocrx_word' id='word_1_203' title='bbox 1430 1421 1738 1493; x_wconf 78' lang='grc' dir='ltr'>τρεφόμεθα</span> <span class='ocrx_word' id='word_1_204' title='bbox 1764 1421 1821 1492; x_wconf 65' lang='grc' dir='ltr'>τι]</span> 
     </span>
    </p>
   </div>
   <div class='ocr_carea' id='block_1_27' title="bbox 1952 1409 3503 1493">
    <p class='ocr_par' dir='ltr' id='par_1_27' title="bbox 1952 1409 3503 1485">
     <span class='ocr_line' id='line_1_27' title="bbox 1952 1409 3503 1485; baseline 0.007 -22"><span class='ocrx_word' id='word_1_205' title='bbox 1952 1409 2081 1463; x_wconf 72' lang='lat' dir='ltr'><strong>enim</strong></span> <span class='ocrx_word' id='word_1_206' title='bbox 2126 1411 2352 1479; x_wconf 80' lang='lat' dir='ltr'><strong>gratiam</strong></span> <span class='ocrx_word' id='word_1_207' title='bbox 2401 1410 2734 1477; x_wconf 88' lang='lat' dir='ltr'><strong>accepimus,</strong></span> <span class='ocrx_word' id='word_1_208' title='bbox 2776 1409 3091 1481; x_wconf 88' lang='lat' dir='ltr'><strong>Christique</strong></span> <span class='ocrx_word' id='word_1_209' title='bbox 3128 1416 3393 1485; x_wconf 83' lang='lat' dir='ltr'><strong>sanguine</strong></span> <span class='ocrx_word' id='word_1_210' title='bbox 3437 1434 3503 1474; x_wconf 88' lang='lat' dir='ltr'><strong>ac</strong></span> 
     </span>
    </p>
   </div>
   <div class='ocr_carea' id='block_1_28' title="bbox 263 1500 1814 1583">
    <p class='ocr_par' dir='ltr' id='par_1_28' title="bbox 263 1508 1299 1583">
     <span class='ocr_line' id='line_1_28' title="bbox 263 1508 1299 1583; baseline -0.004 -18"><span class='ocrx_word' id='word_1_211' title='bbox 263 1510 364 1565; x_wconf 85' lang='grc' dir='ltr'><strong>τοῦ</strong></span> <span class='ocrx_word' id='word_1_212' title='bbox 388 1510 626 1583; x_wconf 75' lang='grc' dir='ltr'>Χριστοῦ</span> <span class='ocrx_word' id='word_1_213' title='bbox 648 1509 837 1581; x_wconf 86' lang='grc' dir='ltr'>αἵματί</span> <span class='ocrx_word' id='word_1_214' title='bbox 858 1526 918 1563; x_wconf 89' lang='grc' dir='ltr'><strong>τε</strong></span> <span class='ocrx_word' id='word_1_215' title='bbox 944 1508 1037 1562; x_wconf 76' lang='grc' dir='ltr'><strong>καὶ</strong></span> <span class='ocrx_word' id='word_1_216' title='bbox 1069 1508 1299 1580; x_wconf 81' lang='grc' dir='ltr'>σώματι.</span> 
     </span>
    </p>
   </div>
   <div class='ocr_carea' id='block_1_29' title="bbox 924 1500 2475 1583">
    <p class='ocr_par' dir='ltr' id='par_1_29' title="bbox 944 1500 2475 1580">
     <span class='ocr_line' id='line_1_29' title="bbox 944 1500 2475 1580; baseline -0.006 -18"><span class='ocrx_word' id='word_1_217' title='bbox 944 1508 1037 1562; x_wconf 76' lang='grc' dir='ltr'><strong>καὶ</strong></span> <span class='ocrx_word' id='word_1_218' title='bbox 1069 1508 1299 1580; x_wconf 81' lang='grc' dir='ltr'>σώματι.</span> <span class='ocrx_word' id='word_1_219' title='bbox 1941 1514 2165 1567; x_wconf 87' lang='lat' dir='ltr'><strong>corpore</strong></span> <span class='ocrx_word' id='word_1_220' title='bbox 2191 1500 2475 1553; x_wconf 83' lang='lat' dir='ltr'><strong>nutritnur.</strong></span> 
     </span>
    </p>
   </div>
   <div class='ocr_carea' id='block_1_30' title="bbox 346 1593 1897 1673">
    <p class='ocr_par' dir='ltr' id='par_1_30' title="bbox 346 1598 1897 1673">
     <span class='ocr_line' id='line_1_30' title="bbox 346 1598 1897 1673; baseline -0.005 -14"><span class='ocrx_word' id='word_1_221' title='bbox 346 1603 454 1659; x_wconf 82' lang='grc' dir='ltr'>Τοῦ</span> <span class='ocrx_word' id='word_1_222' title='bbox 477 1603 682 1657; x_wconf 81' lang='grc' dir='ltr'>αὑτοῦ.</span> <span class='ocrx_word' id='word_1_223' title='bbox 716 1600 1047 1673; x_wconf 84' lang='grc' dir='ltr'>Θηρεύουσιν</span> <span class='ocrx_word' id='word_1_224' title='bbox 1073 1601 1166 1654; x_wconf 76' lang='grc' dir='ltr'>ἐπὶ</span> <span class='ocrx_word' id='word_1_225' title='bbox 1187 1598 1297 1671; x_wconf 81' lang='grc'><strong>(69)</strong></span> <span class='ocrx_word' id='word_1_226' title='bbox 1326 1599 1505 1672; x_wconf 75' lang='grc' dir='ltr'>ψυχὴν</span> <span class='ocrx_word' id='word_1_227' title='bbox 1544 1599 1750 1654; x_wconf 85' lang='grc' dir='ltr'>δικαίου</span> <span class='ocrx_word' id='word_1_228' title='bbox 1782 1601 1839 1654; x_wconf 84' lang='grc' dir='ltr'>αἱ</span> <span class='ocrx_word' id='word_1_229' title='bbox 1872 1664 1897 1673; x_wconf 92' lang='lat'><strong><em>_</em></strong></span> 
     </span>
    </p>
   </div>
   <div class='ocr_carea' id='block_1_31' title="bbox 1946 1593 3497 1673">
    <p class='ocr_par' dir='ltr' id='par_1_31' title="bbox 2012 1593 3497 1664">
     <span class='ocr_line' id='line_1_31' title="bbox 2012 1593 3497 1664; baseline 0.007 -16"><span class='ocrx_word' id='word_1_230' title='bbox 2012 1593 2292 1664; x_wconf 77' lang='lat' dir='ltr'><strong>Ejusdem.</strong></span> <span class='ocrx_word' id='word_1_231' title='bbox 2335 1593 2575 1649; x_wconf 78' lang='lat' dir='ltr'><strong>Virtutes</strong></span> <span class='ocrx_word' id='word_1_232' title='bbox 2603 1593 2929 1652; x_wconf 83' lang='lat' dir='ltr'><strong>adversariae</strong></span> <span class='ocrx_word' id='word_1_233' title='bbox 2963 1608 3229 1654; x_wconf 82' lang='lat' dir='ltr'><strong>venantur</strong></span> <span class='ocrx_word' id='word_1_234' title='bbox 3263 1601 3497 1659; x_wconf 88' lang='lat' dir='ltr'><strong>animam</strong></span> 
     </span>
    </p>
   </div>
   <div class='ocr_carea' id='block_1_32' title="bbox 268 1664 1819 1766">
    <p class='ocr_par' dir='ltr' id='par_1_32' title="bbox 268 1664 1819 1766">
     <span class='ocr_line' id='line_1_32' title="bbox 268 1664 1819 1766; baseline -0.003 -17"><span class='ocrx_word' id='word_1_235' title='bbox 268 1695 640 1766; x_wconf 83' lang='grc' dir='ltr'>ἀντικείμεναι</span> <span class='ocrx_word' id='word_1_236' title='bbox 692 1664 945 1766; x_wconf 74' lang='grc' dir='ltr'>δυνάμεις</span> <span class='ocrx_word' id='word_1_237' title='bbox 973 1736 987 1759; x_wconf 97' lang='grc'><strong>,</strong></span> <span class='ocrx_word' id='word_1_238' title='bbox 1035 1688 1115 1747; x_wconf 83' lang='grc' dir='ltr'>ὧν</span> <span class='ocrx_word' id='word_1_239' title='bbox 1170 1664 1491 1762; x_wconf 42' lang='grc' dir='ltr'>παγίδεςηοὶ</span> <span class='ocrx_word' id='word_1_240' title='bbox 1536 1693 1627 1745; x_wconf 82' lang='grc' dir='ltr'>ὑπ’</span> <span class='ocrx_word' id='word_1_241' title='bbox 1662 1692 1819 1746; x_wconf 51' lang='lat' dir='ltr'><strong>«ora»</strong></span> 
     </span>
    </p>
   </div>
   <div class='ocr_carea' id='block_1_33' title="bbox 1950 1664 3501 1766">
    <p class='ocr_par' dir='ltr' id='par_1_33' title="bbox 1950 1684 3501 1765">
     <span class='ocr_line' id='line_1_33' title="bbox 1950 1684 3501 1765; baseline 0.008 -27"><span class='ocrx_word' id='word_1_242' title='bbox 1950 1684 2090 1753; x_wconf 77' lang='lat' dir='ltr'><strong>iusti,</strong></span> <span class='ocrx_word' id='word_1_243' title='bbox 2125 1699 2358 1755; x_wconf 89' lang='lat' dir='ltr'><strong>quarum</strong></span> <span class='ocrx_word' id='word_1_244' title='bbox 2383 1684 2562 1753; x_wconf 89' lang='lat' dir='ltr'><strong>laquei</strong></span> <span class='ocrx_word' id='word_1_245' title='bbox 2587 1693 2715 1740; x_wconf 86' lang='lat' dir='ltr'><strong>sunt</strong></span> <span class='ocrx_word' id='word_1_246' title='bbox 2744 1688 2798 1742; x_wconf 91' lang='lat' dir='ltr'><strong>hi</strong></span> <span class='ocrx_word' id='word_1_247' title='bbox 2821 1703 2956 1758; x_wconf 90' lang='lat' dir='ltr'><strong>quos</strong></span> <span class='ocrx_word' id='word_1_248' title='bbox 2989 1691 3260 1760; x_wconf 86' lang='lat' dir='ltr'><strong>obsident,</strong></span> <span class='ocrx_word' id='word_1_249' title='bbox 3302 1697 3501 1765; x_wconf 89' lang='lat' dir='ltr'><strong>quiquo</strong></span> 
     </span>
    </p>
   </div>
   <div class='ocr_carea' id='block_1_34' title="bbox 267 1776 1818 1858">
    <p class='ocr_par' dir='ltr' id='par_1_34' title="bbox 267 1784 1818 1858">
     <span class='ocr_line' id='line_1_34' title="bbox 267 1784 1818 1858; baseline -0.001 -20"><span class='ocrx_word' id='word_1_250' title='bbox 267 1786 668 1858; x_wconf 74' lang='grc' dir='ltr'>ἐνεργούμενοι,</span> <span class='ocrx_word' id='word_1_251' title='bbox 694 1787 786 1840; x_wconf 69' lang='grc' dir='ltr'><strong>καὶ</strong></span> <span class='ocrx_word' id='word_1_252' title='bbox 821 1784 1158 1858; x_wconf 78' lang='grc' dir='ltr'>ἐρεθίζοντες</span> <span class='ocrx_word' id='word_1_253' title='bbox 1198 1785 1659 1857; x_wconf 76' lang='grc' dir='ltr'>προσκαλούμενοι</span> <span class='ocrx_word' id='word_1_254' title='bbox 1695 1787 1818 1857; x_wconf 67' lang='grc' dir='ltr'><strong>ἡμᾶε</strong></span> 
     </span>
    </p>
   </div>
   <div class='ocr_carea' id='block_1_35' title="bbox 1946 1776 3497 1858">
    <p class='ocr_par' dir='ltr' id='par_1_35' title="bbox 1946 1776 3497 1849">
     <span class='ocr_line' id='line_1_35' title="bbox 1946 1776 3497 1849; baseline 0.006 -19"><span class='ocrx_word' id='word_1_255' title='bbox 1946 1776 2198 1844; x_wconf 75' lang='lat' dir='ltr'><strong>instigant</strong></span> <span class='ocrx_word' id='word_1_256' title='bbox 2247 1785 2303 1829; x_wconf 91' lang='lat' dir='ltr'><strong>et</strong></span> <span class='ocrx_word' id='word_1_257' title='bbox 2355 1786 2652 1844; x_wconf 87' lang='lat' dir='ltr'><strong>provocant</strong></span> <span class='ocrx_word' id='word_1_258' title='bbox 2701 1794 2799 1834; x_wconf 92' lang='lat' dir='ltr'><strong>nos</strong></span> <span class='ocrx_word' id='word_1_259' title='bbox 2848 1780 2913 1834; x_wconf 88' lang='lat' dir='ltr'><strong>ad</strong></span> <span class='ocrx_word' id='word_1_260' title='bbox 2966 1784 3341 1849; x_wconf 89' lang='lat' dir='ltr'><strong>peccandum;</strong></span> <span class='ocrx_word' id='word_1_261' title='bbox 3371 1785 3497 1844; x_wconf 85' lang='lat' dir='ltr'><strong>item</strong></span> 
     </span>
    </p>
   </div>
   <div class='ocr_carea' id='block_1_36' title="bbox 266 1867 1817 1950">
    <p class='ocr_par' dir='ltr' id='par_1_36' title="bbox 266 1877 1817 1950">
     <span class='ocr_line' id='line_1_36' title="bbox 266 1877 1817 1950; baseline -0.001 -20"><span class='ocrx_word' id='word_1_262' title='bbox 266 1879 349 1941; x_wconf 87' lang='grc' dir='ltr'>εἰς</span> <span class='ocrx_word' id='word_1_263' title='bbox 375 1877 436 1930; x_wconf 85' lang='grc' dir='ltr'>τὺ</span> <span class='ocrx_word' id='word_1_264' title='bbox 476 1880 762 1950; x_wconf 79' lang='grc' dir='ltr'>ἁμαρτεῖν,</span> <span class='ocrx_word' id='word_1_265' title='bbox 809 1880 903 1933; x_wconf 75' lang='grc' dir='ltr'><strong>καὶ</strong></span> <span class='ocrx_word' id='word_1_266' title='bbox 934 1880 1081 1932; x_wconf 75' lang='grc' dir='ltr'>πᾶσα</span> <span class='ocrx_word' id='word_1_267' title='bbox 1113 1877 1210 1949; x_wconf 81' lang='grc' dir='ltr'><strong>ὕλη</strong></span> <span class='ocrx_word' id='word_1_268' title='bbox 1258 1877 1351 1931; x_wconf 55' lang='grc' dir='ltr'><strong>ἐπὶ⁸</strong></span> <span class='ocrx_word' id='word_1_269' title='bbox 1400 1878 1462 1931; x_wconf 84' lang='grc' dir='ltr'><strong>τὸ</strong></span> <span class='ocrx_word' id='word_1_270' title='bbox 1509 1877 1817 1949; x_wconf 84' lang='grc' dir='ltr'>ἁμαρτάνει·</span> 
     </span>
    </p>
   </div>
   <div class='ocr_carea' id='block_1_37' title="bbox 1951 1867 3502 1950">
    <p class='ocr_par' dir='ltr' id='par_1_37' title="bbox 1951 1867 3502 1938">
     <span class='ocr_line' id='line_1_37' title="bbox 1951 1867 3502 1938; baseline 0.006 -17"><span class='ocrx_word' id='word_1_271' title='bbox 1951 1868 2118 1921; x_wconf 71' lang='lat' dir='ltr'><strong>omnis</strong></span> <span class='ocrx_word' id='word_1_272' title='bbox 2151 1867 2378 1920; x_wconf 88' lang='lat' dir='ltr'><strong>materia</strong></span> <span class='ocrx_word' id='word_1_273' title='bbox 2406 1883 2530 1936; x_wconf 81' lang='lat' dir='ltr'><strong>quae</strong></span> <span class='ocrx_word' id='word_1_274' title='bbox 2553 1868 2620 1922; x_wconf 84' lang='lat' dir='ltr'><strong>ad</strong></span> <span class='ocrx_word' id='word_1_275' title='bbox 2646 1871 2975 1938; x_wconf 84' lang='lat' dir='ltr'><strong>peccandum</strong></span> <span class='ocrx_word' id='word_1_276' title='bbox 3002 1870 3188 1927; x_wconf 87' lang='lat' dir='ltr'><strong>allicit.</strong></span> <span class='ocrx_word' id='word_1_277' title='bbox 3213 1872 3327 1928; x_wconf 87' lang='lat' dir='ltr'><strong>Non</strong></span> <span class='ocrx_word' id='word_1_278' title='bbox 3356 1877 3502 1932; x_wconf 89' lang='lat' dir='ltr'><strong>cadit</strong></span> 
     </span>
    </p>
   </div>
   <div class='ocr_carea' id='block_1_38' title="bbox 267 1958 1818 2044">
    <p class='ocr_par' dir='ltr' id='par_1_38' title="bbox 267 1970 1818 2044">
     <span class='ocr_line' id='line_1_38' title="bbox 267 1970 1818 2044; baseline -0.001 -20"><span class='ocrx_word' id='word_1_279' title='bbox 267 1971 708 2044; x_wconf 83' lang='grc' dir='ltr'>προκαλουμένη.</span> <span class='ocrx_word' id='word_1_280' title='bbox 754 1972 828 2025; x_wconf 78' lang='grc' dir='ltr'><strong>Οὐ</strong></span> <span class='ocrx_word' id='word_1_281' title='bbox 872 1972 1059 2025; x_wconf 85' lang='grc' dir='ltr'>πίπτει</span> <span class='ocrx_word' id='word_1_282' title='bbox 1107 1972 1164 2026; x_wconf 85' lang='grc' dir='ltr'>δὲ</span> <span class='ocrx_word' id='word_1_283' title='bbox 1209 1970 1487 2044; x_wconf 88' lang='grc' dir='ltr'>στρουθίον</span> <span class='ocrx_word' id='word_1_284' title='bbox 1526 1972 1606 2034; x_wconf 85' lang='grc' dir='ltr'><strong>είς</strong></span> <span class='ocrx_word' id='word_1_285' title='bbox 1642 1970 1818 2040; x_wconf 78' lang='grc' dir='ltr'>παγίδι</span> 
     </span>
    </p>
   </div>
   <div class='ocr_carea' id='block_1_39' title="bbox 1944 1958 3495 2044">
    <p class='ocr_par' dir='ltr' id='par_1_39' title="bbox 1944 1958 3495 2039">
     <span class='ocr_line' id='line_1_39' title="bbox 1944 1958 3495 2039; baseline 0.008 -28"><span class='ocrx_word' id='word_1_286' title='bbox 1944 1968 2117 2013; x_wconf 88' lang='lat' dir='ltr'><strong>autem</strong></span> <span class='ocrx_word' id='word_1_287' title='bbox 2147 1958 2491 2027; x_wconf 88' lang='lat' dir='ltr'><strong>passerculus</strong></span> <span class='ocrx_word' id='word_1_288' title='bbox 2547 1958 2603 2014; x_wconf 91' lang='lat' dir='ltr'><strong>in</strong></span> <span class='ocrx_word' id='word_1_289' title='bbox 2653 1960 2906 2030; x_wconf 86' lang='lat' dir='ltr'><strong>laqueum</strong></span> <span class='ocrx_word' id='word_1_290' title='bbox 2950 1962 3070 2020; x_wconf 86' lang='lat' dir='ltr'><strong>sine</strong></span> <span class='ocrx_word' id='word_1_291' title='bbox 3098 1962 3261 2022; x_wconf 81' lang='lat' dir='ltr'><strong>Patre</strong></span> <span class='ocrx_word' id='word_1_292' title='bbox 3305 1968 3400 2039; x_wconf 87' lang='lat' dir='ltr'><strong>qui</strong></span> <span class='ocrx_word' id='word_1_293' title='bbox 3441 1969 3495 2026; x_wconf 90' lang='lat' dir='ltr'><strong>iu</strong></span> 
     </span>
    </p>
   </div>
   <div class='ocr_carea' id='block_1_40' title="bbox 265 2049 2223 2135">
    <p class='ocr_par' dir='ltr' id='par_1_40' title="bbox 265 2049 2223 2135">
     <span class='ocr_line' id='line_1_40' title="bbox 265 2049 2223 2135; baseline -0.006 -20"><span class='ocrx_word' id='word_1_294' title='bbox 265 2060 398 2115; x_wconf 78' lang='grc' dir='ltr'>ἄνευ</span> <span class='ocrx_word' id='word_1_295' title='bbox 428 2060 523 2115; x_wconf 91' lang='grc' dir='ltr'><strong>τοῦ</strong></span> <span class='ocrx_word' id='word_1_296' title='bbox 549 2061 762 2133; x_wconf 80' lang='grc' dir='ltr'>Πατρὸς</span> <span class='ocrx_word' id='word_1_297' title='bbox 788 2062 880 2115; x_wconf 91' lang='grc' dir='ltr'><strong>τοῦ</strong></span> <span class='ocrx_word' id='word_1_298' title='bbox 920 2065 978 2117; x_wconf 91' lang='grc' dir='ltr'><strong>ἐν</strong></span> <span class='ocrx_word' id='word_1_299' title='bbox 1008 2066 1120 2126; x_wconf 82' lang='grc' dir='ltr'>τοῖς</span> <span class='ocrx_word' id='word_1_300' title='bbox 1140 2063 1409 2135; x_wconf 79' lang='grc' dir='ltr'>οὐρανοῖς.</span> <span class='ocrx_word' id='word_1_301' title='bbox 1938 2049 2092 2106; x_wconf 63' lang='lat' dir='ltr'><strong>caelis</strong></span> <span class='ocrx_word' id='word_1_302' title='bbox 2119 2060 2223 2105; x_wconf 80' lang='lat' dir='ltr'><strong>est.</strong></span> 
     </span>
    </p>
   </div>
   <div class='ocr_carea' id='block_1_41' title="bbox 351 2140 1902 2225">
    <p class='ocr_par' dir='ltr' id='par_1_41' title="bbox 351 2153 1836 2225">
     <span class='ocr_line' id='line_1_41' title="bbox 351 2153 1836 2225; baseline 0.001 -20"><span class='ocrx_word' id='word_1_303' title='bbox 351 2153 610 2225; x_wconf 79' lang='grc' dir='ltr'>Ήπαγὶς</span> <span class='ocrx_word' id='word_1_304' title='bbox 644 2155 982 2222; x_wconf 75' lang='grc' dir='ltr'>συνετρίϐη,</span> <span class='ocrx_word' id='word_1_305' title='bbox 1011 2156 1109 2209; x_wconf 81' lang='grc' dir='ltr'>καὶ</span> <span class='ocrx_word' id='word_1_306' title='bbox 1144 2156 1314 2225; x_wconf 73' lang='grc' dir='ltr'>ἡμεῖς</span> <span class='ocrx_word' id='word_1_307' title='bbox 1336 2156 1731 2224; x_wconf 79' lang='grc' dir='ltr'>ἐρρύσθημεν,</span> <span class='ocrx_word' id='word_1_308' title='bbox 1781 2170 1836 2207; x_wconf 89' lang='grc' dir='ltr'><strong>κ.</strong></span> 
     </span>
    </p>
   </div>
   <div class='ocr_carea' id='block_1_42' title="bbox 1949 2140 3500 2225">
    <p class='ocr_par' dir='ltr' id='par_1_42' title="bbox 2008 2140 3500 2211">
     <span class='ocr_line' id='line_1_42' title="bbox 2008 2140 3500 2211; baseline 0.008 -16"><span class='ocrx_word' id='word_1_309' title='bbox 2008 2140 2137 2195; x_wconf 80' lang='lat' dir='ltr'><strong>leto.</strong></span> <span class='ocrx_word' id='word_1_310' title='bbox 2180 2140 2419 2211; x_wconf 76' lang='lat' dir='ltr'><strong>Laqueus</strong></span> <span class='ocrx_word' id='word_1_311' title='bbox 2465 2142 2720 2197; x_wconf 86' lang='lat' dir='ltr'><strong>contritus</strong></span> <span class='ocrx_word' id='word_1_312' title='bbox 2767 2154 2880 2211; x_wconf 80' lang='lat' dir='ltr'><strong>est,</strong></span> <span class='ocrx_word' id='word_1_313' title='bbox 2929 2157 2979 2201; x_wconf 83' lang='lat' dir='ltr'><strong>et</strong></span> <span class='ocrx_word' id='word_1_314' title='bbox 3024 2165 3116 2203; x_wconf 86' lang='lat' dir='ltr'><strong>nos</strong></span> <span class='ocrx_word' id='word_1_315' title='bbox 3162 2149 3373 2206; x_wconf 81' lang='lat' dir='ltr'><strong>liberati</strong></span> <span class='ocrx_word' id='word_1_316' title='bbox 3409 2169 3500 2207; x_wconf 86' lang='lat' dir='ltr'><strong>su-</strong></span> 
     </span>
    </p>
   </div>
   <div class='ocr_carea' id='block_1_43' title="bbox 263 2233 1814 2318">
    <p class='ocr_par' dir='ltr' id='par_1_43' title="bbox 263 2243 1814 2318">
     <span class='ocr_line' id='line_1_43' title="bbox 263 2243 1814 2318; baseline 0.001 -21"><span class='ocrx_word' id='word_1_317' title='bbox 263 2260 318 2297; x_wconf 84' lang='grc' dir='ltr'><strong>τ.</strong></span> <span class='ocrx_word' id='word_1_318' title='bbox 346 2243 392 2297; x_wconf 76' lang='grc' dir='ltr'>ἐ.</span> <span class='ocrx_word' id='word_1_319' title='bbox 442 2244 505 2297; x_wconf 86' lang='grc' dir='ltr'><strong><em>Ἦ</em></strong></span> <span class='ocrx_word' id='word_1_320' title='bbox 538 2246 636 2316; x_wconf 86' lang='grc' dir='ltr'><strong>μὲν</strong></span> <span class='ocrx_word' id='word_1_321' title='bbox 653 2245 863 2299; x_wconf 87' lang='grc' dir='ltr'>Παλαιὰ</span> <span class='ocrx_word' id='word_1_322' title='bbox 889 2247 1000 2317; x_wconf 87' lang='grc'>(70)</span> <span class='ocrx_word' id='word_1_323' title='bbox 1026 2246 1266 2318; x_wconf 82' lang='grc' dir='ltr'>Διαθήκη</span> <span class='ocrx_word' id='word_1_324' title='bbox 1294 2247 1392 2311; x_wconf 86' lang='grc' dir='ltr'>τὰς</span> <span class='ocrx_word' id='word_1_325' title='bbox 1416 2248 1535 2300; x_wconf 83' lang='grc' dir='ltr'>κατ’</span> <span class='ocrx_word' id='word_1_326' title='bbox 1561 2247 1814 2317; x_wconf 56' lang='grc' dir='ltr'>ἐνέργειαι</span> 
     </span>
    </p>
   </div>
   <div class='ocr_carea' id='block_1_44' title="bbox 1949 2233 3500 2318">
    <p class='ocr_par' dir='ltr' id='par_1_44' title="bbox 1949 2233 3500 2315">
     <span class='ocr_line' id='line_1_44' title="bbox 1949 2233 3500 2315; baseline 0.01 -28"><span class='ocrx_word' id='word_1_327' title='bbox 1949 2251 2075 2303; x_wconf 76' lang='lat' dir='ltr'><strong>mus,</strong></span> <span class='ocrx_word' id='word_1_328' title='bbox 2105 2243 2209 2291; x_wconf 90' lang='lat' dir='ltr'><strong>etc.</strong></span> <span class='ocrx_word' id='word_1_329' title='bbox 2244 2236 2406 2291; x_wconf 87' lang='lat' dir='ltr'><strong>Vetus</strong></span> <span class='ocrx_word' id='word_1_330' title='bbox 2444 2233 2848 2292; x_wconf 89' lang='lat' dir='ltr'><strong>Testamentum</strong></span> <span class='ocrx_word' id='word_1_331' title='bbox 2884 2239 3103 2309; x_wconf 88' lang='lat' dir='ltr'><strong>laqueos</strong></span> <span class='ocrx_word' id='word_1_332' title='bbox 3144 2244 3234 2312; x_wconf 86' lang='lat' dir='ltr'><strong>qui</strong></span> <span class='ocrx_word' id='word_1_333' title='bbox 3270 2246 3336 2300; x_wconf 86' lang='lat' dir='ltr'><strong>ad</strong></span> <span class='ocrx_word' id='word_1_334' title='bbox 3364 2261 3500 2315; x_wconf 82' lang='lat' dir='ltr'><strong>opus</strong></span> 
     </span>
    </p>
   </div>
   <div class='ocr_carea' id='block_1_45' title="bbox 267 2327 1818 2409">
    <p class='ocr_par' dir='ltr' id='par_1_45' title="bbox 267 2335 1818 2409">
     <span class='ocr_line' id='line_1_45' title="bbox 267 2335 1818 2409; baseline 0.001 -21"><span class='ocrx_word' id='word_1_335' title='bbox 267 2335 543 2409; x_wconf 78' lang='grc' dir='ltr'>συντρίϐει</span> <span class='ocrx_word' id='word_1_336' title='bbox 602 2336 862 2405; x_wconf 85' lang='grc' dir='ltr'>παγίδας,</span> <span class='ocrx_word' id='word_1_337' title='bbox 899 2337 1261 2407; x_wconf 80' lang='grc' dir='ltr'>νομοθετοῦσα</span> <span class='ocrx_word' id='word_1_338' title='bbox 1308 2339 1401 2391; x_wconf 88' lang='grc' dir='ltr'>τό·</span> <span class='ocrx_word' id='word_1_339' title='bbox 1450 2357 1469 2389; x_wconf 76' lang='grc' dir='ltr'><strong>ι</strong></span> <span class='ocrx_word' id='word_1_340' title='bbox 1514 2337 1587 2390; x_wconf 87' lang='grc' dir='ltr'><strong>Οὐ</strong></span> <span class='ocrx_word' id='word_1_341' title='bbox 1627 2336 1818 2407; x_wconf 85' lang='grc' dir='ltr'><strong>μοιχεύ¹</strong></span> 
     </span>
    </p>
   </div>
   <div class='ocr_carea' id='block_1_46' title="bbox 1943 2327 3494 2409">
    <p class='ocr_par' dir='ltr' id='par_1_46' title="bbox 1943 2327 3494 2404">
     <span class='ocr_line' id='line_1_46' title="bbox 1943 2327 3494 2404; baseline 0.008 -25"><span class='ocrx_word' id='word_1_342' title='bbox 1943 2335 2206 2395; x_wconf 85' lang='lat' dir='ltr'><strong>spectant,</strong></span> <span class='ocrx_word' id='word_1_343' title='bbox 2229 2327 2461 2383; x_wconf 89' lang='lat' dir='ltr'><strong>conterit</strong></span> <span class='ocrx_word' id='word_1_344' title='bbox 2482 2329 2583 2383; x_wconf 92' lang='lat' dir='ltr'><strong>hac</strong></span> <span class='ocrx_word' id='word_1_345' title='bbox 2603 2329 2722 2399; x_wconf 79' lang='lat' dir='ltr'><strong>lege</strong></span> <span class='ocrx_word' id='word_1_346' title='bbox 2751 2352 2764 2386; x_wconf 83' lang='lat'><strong>:</strong></span> <span class='ocrx_word' id='word_1_347' title='bbox 2793 2349 2814 2383; x_wconf 79' lang='grc' dir='ltr'><strong>ι</strong></span> <span class='ocrx_word' id='word_1_348' title='bbox 2840 2329 2960 2386; x_wconf 82' lang='lat' dir='ltr'><strong>Non</strong></span> <span class='ocrx_word' id='word_1_349' title='bbox 2988 2335 3349 2389; x_wconf 73' lang='lat' dir='ltr'><strong>nunchaberis</strong></span> <span class='ocrx_word' id='word_1_350' title='bbox 3373 2337 3448 2404; x_wconf 84' lang='lat'><strong>“;</strong></span> <span class='ocrx_word' id='word_1_351' title='bbox 3472 2356 3494 2392; x_wconf 71' lang='grc' dir='ltr'><strong>ι</strong></span> 
     </span>
    </p>
   </div>
   <div class='ocr_carea' id='block_1_47' title="bbox 266 2415 1817 2500">
    <p class='ocr_par' dir='ltr' id='par_1_47' title="bbox 266 2427 1816 2500">
     <span class='ocr_line' id='line_1_47' title="bbox 266 2427 1816 2500; baseline -0.001 -19"><span class='ocrx_word' id='word_1_352' title='bbox 266 2444 384 2492; x_wconf 88' lang='grc' dir='ltr'>σεις</span> <span class='ocrx_word' id='word_1_353' title='bbox 404 2443 419 2458; x_wconf 92' lang='grc'><strong>·</strong></span> <span class='ocrx_word' id='word_1_354' title='bbox 441 2428 512 2499; x_wconf 73' lang='grc' dir='ltr'><strong>»ἡ</strong></span> <span class='ocrx_word' id='word_1_355' title='bbox 538 2427 595 2480; x_wconf 86' lang='grc' dir='ltr'>δὲ</span> <span class='ocrx_word' id='word_1_356' title='bbox 609 2429 782 2499; x_wconf 84' lang='grc' dir='ltr'>Καινὴ</span> <span class='ocrx_word' id='word_1_357' title='bbox 808 2431 907 2493; x_wconf 79' lang='grc' dir='ltr'><strong>τὰς</strong></span> <span class='ocrx_word' id='word_1_358' title='bbox 938 2430 1079 2482; x_wconf 77' lang='grc' dir='ltr'>κατὰ</span> <span class='ocrx_word' id='word_1_359' title='bbox 1095 2428 1331 2482; x_wconf 86' lang='grc' dir='ltr'>διάνοιαν</span> <span class='ocrx_word' id='word_1_360' title='bbox 1352 2427 1561 2500; x_wconf 79' lang='grc' dir='ltr'>φθείρει</span> <span class='ocrx_word' id='word_1_361' title='bbox 1583 2428 1816 2496; x_wconf 75' lang='grc' dir='ltr'>παγίδας</span> 
     </span>
    </p>
   </div>
   <div class='ocr_carea' id='block_1_48' title="bbox 1948 2415 3499 2500">
    <p class='ocr_par' dir='ltr' id='par_1_48' title="bbox 1948 2415 3499 2493">
     <span class='ocr_line' id='line_1_48' title="bbox 1948 2415 3499 2493; baseline 0.008 -23"><span class='ocrx_word' id='word_1_362' title='bbox 1948 2415 2142 2472; x_wconf 88' lang='lat' dir='ltr'><strong>Novum</strong></span> <span class='ocrx_word' id='word_1_363' title='bbox 2167 2432 2295 2473; x_wconf 89' lang='lat' dir='ltr'><strong>vero</strong></span> <span class='ocrx_word' id='word_1_364' title='bbox 2325 2422 2552 2489; x_wconf 87' lang='lat' dir='ltr'><strong>laqueos</strong></span> <span class='ocrx_word' id='word_1_365' title='bbox 2572 2420 2639 2473; x_wconf 92' lang='lat' dir='ltr'><strong>ad</strong></span> <span class='ocrx_word' id='word_1_366' title='bbox 2670 2430 2904 2476; x_wconf 89' lang='lat' dir='ltr'><strong>mentem</strong></span> <span class='ocrx_word' id='word_1_367' title='bbox 2937 2433 3246 2493; x_wconf 78' lang='lat' dir='ltr'><strong>Spectantes</strong></span> <span class='ocrx_word' id='word_1_368' title='bbox 3265 2430 3499 2482; x_wconf 89' lang='lat' dir='ltr'><strong>conterit</strong></span> 
     </span>
    </p>
   </div>
   <div class='ocr_carea' id='block_1_49' title="bbox 264 2509 1815 2591">
    <p class='ocr_par' dir='ltr' id='par_1_49' title="bbox 264 2519 1815 2591">
     <span class='ocr_line' id='line_1_49' title="bbox 264 2519 1815 2591; baseline 0 -18"><span class='ocrx_word' id='word_1_369' title='bbox 264 2519 715 2591; x_wconf 85' lang='grc' dir='ltr'>παραγγέλλουσα</span> <span class='ocrx_word' id='word_1_370' title='bbox 745 2521 832 2574; x_wconf 87' lang='grc' dir='ltr'>τό·</span> <span class='ocrx_word' id='word_1_371' title='bbox 872 2539 892 2571; x_wconf 73' lang='grc' dir='ltr'><strong>ι</strong></span> <span class='ocrx_word' id='word_1_372' title='bbox 924 2521 1037 2574; x_wconf 82' lang='grc' dir='ltr'>Οὐκ</span> <span class='ocrx_word' id='word_1_373' title='bbox 1076 2520 1455 2591; x_wconf 84' lang='grc' dir='ltr'>ἐπιθυμήσεις.</span> <span class='ocrx_word' id='word_1_374' title='bbox 1494 2539 1512 2571; x_wconf 85' lang='grc'><strong>›</strong></span> <span class='ocrx_word' id='word_1_375' title='bbox 1553 2519 1701 2591; x_wconf 85' lang='grc' dir='ltr'>Πλὴν</span> <span class='ocrx_word' id='word_1_376' title='bbox 1747 2522 1815 2573; x_wconf 90' lang='grc' dir='ltr'><strong>ἐπ</strong></span> 
     </span>
    </p>
   </div>
   <div class='ocr_carea' id='block_1_50' title="bbox 1948 2509 3499 2591">
    <p class='ocr_par' dir='ltr' id='par_1_50' title="bbox 1948 2509 3499 2580">
     <span class='ocr_line' id='line_1_50' title="bbox 1948 2509 3499 2580; baseline 0.005 -16"><span class='ocrx_word' id='word_1_377' title='bbox 1948 2513 2039 2565; x_wconf 63' lang='lat' dir='ltr'><strong>ista</strong></span> <span class='ocrx_word' id='word_1_378' title='bbox 2067 2528 2081 2566; x_wconf 91' lang='lat'>:</span> <span class='ocrx_word' id='word_1_379' title='bbox 2115 2529 2135 2563; x_wconf 77' lang='grc' dir='ltr'><strong>ι</strong></span> <span class='ocrx_word' id='word_1_380' title='bbox 2173 2509 2288 2565; x_wconf 84' lang='lat' dir='ltr'><strong>Non</strong></span> <span class='ocrx_word' id='word_1_381' title='bbox 2324 2512 2678 2580; x_wconf 88' lang='lat' dir='ltr'><strong>concupisces</strong></span> <span class='ocrx_word' id='word_1_382' title='bbox 2710 2512 2777 2567; x_wconf 82' lang='grc'><strong>’⁷.</strong></span> <span class='ocrx_word' id='word_1_383' title='bbox 2811 2531 2833 2565; x_wconf 73' lang='lat' dir='ltr'><strong>s</strong></span> <span class='ocrx_word' id='word_1_384' title='bbox 2874 2512 3263 2569; x_wconf 81' lang='lat' dir='ltr'><strong>Verumtamen</strong></span> <span class='ocrx_word' id='word_1_385' title='bbox 3292 2514 3345 2569; x_wconf 89' lang='lat' dir='ltr'><strong>in</strong></span> <span class='ocrx_word' id='word_1_386' title='bbox 3372 2516 3499 2575; x_wconf 76' lang='lat' dir='ltr'><strong>Abi-</strong></span> 
     </span>
    </p>
   </div>
   <div class='ocr_carea' id='block_1_51' title="bbox 268 2594 1819 2685">
    <p class='ocr_par' dir='ltr' id='par_1_51' title="bbox 268 2594 1819 2685">
     <span class='ocr_line' id='line_1_51' title="bbox 268 2594 1819 2685; baseline -0.001 -21"><span class='ocrx_word' id='word_1_387' title='bbox 268 2611 369 2681; x_wconf 86' lang='grc' dir='ltr'><strong>μὲν</strong></span> <span class='ocrx_word' id='word_1_388' title='bbox 392 2611 486 2665; x_wconf 86' lang='grc' dir='ltr'><strong>τοῦ</strong></span> <span class='ocrx_word' id='word_1_389' title='bbox 522 2612 811 2685; x_wconf 77' lang='grc' dir='ltr'>Ἀϐιμέλεχ</span> <span class='ocrx_word' id='word_1_390' title='bbox 852 2613 961 2667; x_wconf 85' lang='grc' dir='ltr'><strong>τῶν</strong></span> <span class='ocrx_word' id='word_1_391' title='bbox 990 2613 1245 2685; x_wconf 86' lang='grc' dir='ltr'>Γεραρῶν</span> <span class='ocrx_word' id='word_1_392' title='bbox 1268 2614 1368 2685; x_wconf 80' lang='grc' dir='ltr'>τὴν</span> <span class='ocrx_word' id='word_1_393' title='bbox 1402 2614 1522 2667; x_wconf 80' lang='grc' dir='ltr'>κατ’</span> <span class='ocrx_word' id='word_1_394' title='bbox 1562 2594 1819 2685; x_wconf 55' lang='grc' dir='ltr'>ἐνέργειαι</span> 
     </span>
    </p>
   </div>
   <div class='ocr_carea' id='block_1_52' title="bbox 1944 2594 3495 2685">
    <p class='ocr_par' dir='ltr' id='par_1_52' title="bbox 1944 2602 3495 2678">
     <span class='ocr_line' id='line_1_52' title="bbox 1944 2602 3495 2678; baseline 0.005 -21"><span class='ocrx_word' id='word_1_395' title='bbox 1944 2603 2144 2658; x_wconf 90' lang='lat' dir='ltr'><strong>melech</strong></span> <span class='ocrx_word' id='word_1_396' title='bbox 2193 2617 2321 2673; x_wconf 81' lang='lat' dir='ltr'><strong>rege</strong></span> <span class='ocrx_word' id='word_1_397' title='bbox 2354 2602 2617 2659; x_wconf 84' lang='lat' dir='ltr'><strong>Gerarum</strong></span> <span class='ocrx_word' id='word_1_398' title='bbox 2668 2604 2916 2675; x_wconf 85' lang='lat' dir='ltr'><strong>laqueum</strong></span> <span class='ocrx_word' id='word_1_399' title='bbox 2959 2606 3024 2660; x_wconf 86' lang='lat' dir='ltr'><strong>ad</strong></span> <span class='ocrx_word' id='word_1_400' title='bbox 3064 2622 3199 2676; x_wconf 86' lang='lat' dir='ltr'><strong>opus</strong></span> <span class='ocrx_word' id='word_1_401' title='bbox 3242 2617 3495 2678; x_wconf 86' lang='lat' dir='ltr'><strong>spectan-</strong></span> 
     </span>
    </p>
   </div>
   <div class='ocr_carea' id='block_1_53' title="bbox 267 2695 1818 2777">
    <p class='ocr_par' dir='ltr' id='par_1_53' title="bbox 267 2703 1818 2777">
     <span class='ocr_line' id='line_1_53' title="bbox 267 2703 1818 2777; baseline 0.001 -22"><span class='ocrx_word' id='word_1_402' title='bbox 267 2703 470 2768; x_wconf 84' lang='grc' dir='ltr'>παγίδα</span> <span class='ocrx_word' id='word_1_403' title='bbox 512 2703 811 2775; x_wconf 73' lang='grc' dir='ltr'>διέφθειρε,</span> <span class='ocrx_word' id='word_1_404' title='bbox 870 2705 944 2775; x_wconf 86' lang='grc' dir='ltr'>μὴ</span> <span class='ocrx_word' id='word_1_405' title='bbox 994 2705 1350 2777; x_wconf 86' lang='grc' dir='ltr'>συγχωρήσας</span> <span class='ocrx_word' id='word_1_406' title='bbox 1405 2706 1503 2776; x_wconf 87' lang='grc' dir='ltr'><strong>τῆς</strong></span> <span class='ocrx_word' id='word_1_407' title='bbox 1557 2704 1818 2776; x_wconf 59' lang='grc' dir='ltr'>ἀλλοτρίαι</span> 
     </span>
    </p>
   </div>
   <div class='ocr_carea' id='block_1_54' title="bbox 1937 2695 3488 2777">
    <p class='ocr_par' dir='ltr' id='par_1_54' title="bbox 1937 2695 3488 2768">
     <span class='ocr_line' id='line_1_54' title="bbox 1937 2695 3488 2768; baseline 0.005 -20"><span class='ocrx_word' id='word_1_408' title='bbox 1937 2703 2042 2749; x_wconf 84' lang='lat' dir='ltr'><strong>tem</strong></span> <span class='ocrx_word' id='word_1_409' title='bbox 2073 2695 2351 2762; x_wconf 90' lang='lat' dir='ltr'><strong>contrivit,</strong></span> <span class='ocrx_word' id='word_1_410' title='bbox 2378 2695 2598 2765; x_wconf 91' lang='lat' dir='ltr'><strong>quando</strong></span> <span class='ocrx_word' id='word_1_411' title='bbox 2636 2712 2743 2752; x_wconf 92' lang='lat' dir='ltr'><strong>non</strong></span> <span class='ocrx_word' id='word_1_412' title='bbox 2780 2698 3027 2767; x_wconf 90' lang='lat' dir='ltr'><strong>permisit</strong></span> <span class='ocrx_word' id='word_1_413' title='bbox 3056 2698 3228 2768; x_wconf 91' lang='lat' dir='ltr'><strong>ipsum</strong></span> <span class='ocrx_word' id='word_1_414' title='bbox 3257 2700 3488 2755; x_wconf 89' lang='lat' dir='ltr'><strong>alienam</strong></span> 
     </span>
    </p>
   </div>
   <div class='ocr_carea' id='block_1_55' title="bbox 263 2789 1814 2866">
    <p class='ocr_par' dir='ltr' id='par_1_55' title="bbox 263 2792 1814 2866">
     <span class='ocr_line' id='line_1_55' title="bbox 263 2792 1814 2866; baseline 0.003 -22"><span class='ocrx_word' id='word_1_415' title='bbox 263 2792 426 2845; x_wconf 76' lang='grc' dir='ltr'>αὑτὸν</span> <span class='ocrx_word' id='word_1_416' title='bbox 470 2792 708 2861; x_wconf 77' lang='grc' dir='ltr'>ἅψασθαι</span> <span class='ocrx_word' id='word_1_417' title='bbox 756 2792 1043 2862; x_wconf 87' lang='grc' dir='ltr'>γυναικός·</span> <span class='ocrx_word' id='word_1_418' title='bbox 1087 2794 1178 2846; x_wconf 78' lang='grc' dir='ltr'><strong>ἐπὶ</strong></span> <span class='ocrx_word' id='word_1_419' title='bbox 1225 2795 1282 2848; x_wconf 86' lang='grc' dir='ltr'>δὲ</span> <span class='ocrx_word' id='word_1_420' title='bbox 1341 2794 1535 2865; x_wconf 74' lang='grc' dir='ltr'>Ἰωσὴφ</span> <span class='ocrx_word' id='word_1_421' title='bbox 1567 2793 1664 2866; x_wconf 76' lang='grc' dir='ltr'><strong>τὴν</strong></span> <span class='ocrx_word' id='word_1_422' title='bbox 1695 2810 1814 2848; x_wconf 79' lang='grc' dir='ltr'>κατι</span> 
     </span>
    </p>
   </div>
   <div class='ocr_carea' id='block_1_56' title="bbox 1939 2789 3490 2866">
    <p class='ocr_par' dir='ltr' id='par_1_56' title="bbox 1939 2789 3490 2861">
     <span class='ocr_line' id='line_1_56' title="bbox 1939 2789 3490 2861; baseline 0.004 -20"><span class='ocrx_word' id='word_1_423' title='bbox 1939 2803 2158 2843; x_wconf 77' lang='lat' dir='ltr'><strong>uxorem</strong></span> <span class='ocrx_word' id='word_1_424' title='bbox 2197 2798 2462 2860; x_wconf 82' lang='lat' dir='ltr'><strong>tangere;</strong></span> <span class='ocrx_word' id='word_1_425' title='bbox 2497 2790 2548 2844; x_wconf 93' lang='lat' dir='ltr'><strong>in</strong></span> <span class='ocrx_word' id='word_1_426' title='bbox 2586 2789 2787 2860; x_wconf 80' lang='lat' dir='ltr'><strong>Joseph</strong></span> <span class='ocrx_word' id='word_1_427' title='bbox 2819 2804 2952 2845; x_wconf 85' lang='lat' dir='ltr'><strong>vero</strong></span> <span class='ocrx_word' id='word_1_428' title='bbox 2992 2789 3244 2860; x_wconf 88' lang='lat' dir='ltr'><strong>laqueum</strong></span> <span class='ocrx_word' id='word_1_429' title='bbox 3294 2793 3383 2861; x_wconf 91' lang='lat' dir='ltr'><strong>qui</strong></span> <span class='ocrx_word' id='word_1_430' title='bbox 3424 2794 3490 2847; x_wconf 88' lang='lat' dir='ltr'><strong>ad</strong></span> 
     </span>
    </p>
   </div>
   <div class='ocr_carea' id='block_1_57' title="bbox 260 2881 1811 2961">
    <p class='ocr_par' dir='ltr' id='par_1_57' title="bbox 260 2885 1811 2961">
     <span class='ocr_line' id='line_1_57' title="bbox 260 2885 1811 2961; baseline -0.001 -23"><span class='ocrx_word' id='word_1_431' title='bbox 260 2885 520 2939; x_wconf 83' lang='grc' dir='ltr'>διάνοιαν.</span> <span class='ocrx_word' id='word_1_432' title='bbox 554 2885 628 2938; x_wconf 81' lang='grc' dir='ltr'><strong>υύ</strong></span> <span class='ocrx_word' id='word_1_433' title='bbox 650 2886 758 2957; x_wconf 81' lang='grc' dir='ltr'><strong>γάρ</strong></span> <span class='ocrx_word' id='word_1_434' title='bbox 787 2887 995 2955; x_wconf 81' lang='grc' dir='ltr'>εἰσάγει</span> <span class='ocrx_word' id='word_1_435' title='bbox 1018 2888 1050 2958; x_wconf 82' lang='grc' dir='ltr'>ἡ</span> <span class='ocrx_word' id='word_1_436' title='bbox 1077 2887 1268 2961; x_wconf 78' lang='grc' dir='ltr'>Γραφὴ</span> <span class='ocrx_word' id='word_1_437' title='bbox 1300 2886 1712 2958; x_wconf 84' lang='grc' dir='ltr'>ἐπιθυμήσαντα</span> <span class='ocrx_word' id='word_1_438' title='bbox 1735 2887 1811 2957; x_wconf 65' lang='grc' dir='ltr'>τῆ</span> 
     </span>
    </p>
   </div>
   <div class='ocr_carea' id='block_1_58' title="bbox 1941 2881 3492 2961">
    <p class='ocr_par' dir='ltr' id='par_1_58' title="bbox 1941 2881 3492 2955">
     <span class='ocr_line' id='line_1_58' title="bbox 1941 2881 3492 2955; baseline 0.004 -22"><span class='ocrx_word' id='word_1_439' title='bbox 1941 2889 2168 2935; x_wconf 84' lang='lat' dir='ltr'><strong>mentem</strong></span> <span class='ocrx_word' id='word_1_440' title='bbox 2198 2883 2501 2951; x_wconf 89' lang='lat' dir='ltr'><strong>spectabat,</strong></span> <span class='ocrx_word' id='word_1_441' title='bbox 2535 2882 2786 2952; x_wconf 82' lang='lat' dir='ltr'><strong>disrupit.</strong></span> <span class='ocrx_word' id='word_1_442' title='bbox 2824 2881 2938 2937; x_wconf 83' lang='lat' dir='ltr'><strong>Non</strong></span> <span class='ocrx_word' id='word_1_443' title='bbox 2977 2885 3119 2938; x_wconf 90' lang='lat' dir='ltr'><strong>enim</strong></span> <span class='ocrx_word' id='word_1_444' title='bbox 3154 2899 3183 2938; x_wconf 91' lang='lat' dir='ltr'><strong>a</strong></span> <span class='ocrx_word' id='word_1_445' title='bbox 3211 2883 3492 2955; x_wconf 83' lang='lat' dir='ltr'><strong>Scriptura</strong></span> 
     </span>
    </p>
   </div>
   <div class='ocr_carea' id='block_1_59' title="bbox 261 2971 1812 3070">
    <p class='ocr_par' dir='ltr' id='par_1_59' title="bbox 261 2971 1812 3051">
     <span class='ocr_line' id='line_1_59' title="bbox 261 2971 1812 3051; baseline 0.001 -22"><span class='ocrx_word' id='word_1_446' title='bbox 261 2977 548 3049; x_wconf 85' lang='grc' dir='ltr'>ἀλλοτρίας</span> <span class='ocrx_word' id='word_1_447' title='bbox 578 2978 738 3031; x_wconf 81' lang='grc' dir='ltr'>αὐτὸν</span> <span class='ocrx_word' id='word_1_448' title='bbox 758 2979 1033 3047; x_wconf 79' lang='grc' dir='ltr'>γυναικός.</span> <span class='ocrx_word' id='word_1_449' title='bbox 1060 2980 1170 3032; x_wconf 75' lang='grc' dir='ltr'><strong>Καὶ</strong></span> <span class='ocrx_word' id='word_1_450' title='bbox 1202 2979 1468 3051; x_wconf 84' lang='grc' dir='ltr'>μακάριος</span> <span class='ocrx_word' id='word_1_451' title='bbox 1500 2980 1597 3050; x_wconf 83' lang='grc' dir='ltr'><strong>μὲν</strong></span> <span class='ocrx_word' id='word_1_452' title='bbox 1630 2971 1691 3031; x_wconf 80' lang='grc' dir='ltr'><strong>οῦ</strong></span> <span class='ocrx_word' id='word_1_453' title='bbox 1717 2996 1812 3032; x_wconf 89' lang='grc' dir='ltr'><strong>συν</strong></span> 
     </span>
    </p>
   </div>
   <div class='ocr_carea' id='block_1_60' title="bbox 1942 2971 3493 3070">
    <p class='ocr_par' dir='ltr' id='par_1_60' title="bbox 1942 2971 3493 3042">
     <span class='ocr_line' id='line_1_60' title="bbox 1942 2971 3493 3042; baseline 0.003 -17"><span class='ocrx_word' id='word_1_454' title='bbox 1942 2971 2170 3026; x_wconf 83' lang='lat' dir='ltr'><strong>refertur</strong></span> <span class='ocrx_word' id='word_1_455' title='bbox 2201 2973 2432 3029; x_wconf 85' lang='lat' dir='ltr'><strong>alienam</strong></span> <span class='ocrx_word' id='word_1_456' title='bbox 2478 2975 2856 3042; x_wconf 80' lang='lat' dir='ltr'><strong>concupivisse</strong></span> <span class='ocrx_word' id='word_1_457' title='bbox 2886 2990 3133 3030; x_wconf 79' lang='lat' dir='ltr'><strong>uxorem.</strong></span> <span class='ocrx_word' id='word_1_458' title='bbox 3181 2976 3262 3031; x_wconf 84' lang='lat' dir='ltr'><strong>Ac</strong></span> <span class='ocrx_word' id='word_1_459' title='bbox 3303 2977 3493 3032; x_wconf 89' lang='lat' dir='ltr'><strong>beatus</strong></span> 
     </span>
    </p>
   </div>
   <div class='ocr_carea' id='block_1_61' title="bbox 262 3064 1813 3144">
    <p class='ocr_par' dir='ltr' id='par_1_61' title="bbox 262 3068 1813 3144">
     <span class='ocr_line' id='line_1_61' title="bbox 262 3068 1813 3144; baseline 0.001 -20"><span class='ocrx_word' id='word_1_460' title='bbox 262 3068 449 3140; x_wconf 77' lang='grc' dir='ltr'>έτριψε</span> <span class='ocrx_word' id='word_1_461' title='bbox 471 3069 673 3143; x_wconf 86' lang='grc' dir='ltr'>Κύριος</span> <span class='ocrx_word' id='word_1_462' title='bbox 700 3071 796 3142; x_wconf 82' lang='grc' dir='ltr'><strong>τὴν</strong></span> <span class='ocrx_word' id='word_1_463' title='bbox 826 3073 946 3125; x_wconf 86' lang='grc' dir='ltr'>κατ’</span> <span class='ocrx_word' id='word_1_464' title='bbox 970 3071 1246 3144; x_wconf 81' lang='grc' dir='ltr'>ἐνέργειαν</span> <span class='ocrx_word' id='word_1_465' title='bbox 1291 3072 1513 3140; x_wconf 82' lang='grc' dir='ltr'>παγίδα,</span> <span class='ocrx_word' id='word_1_466' title='bbox 1551 3071 1813 3144; x_wconf 83' lang='grc' dir='ltr'>μακαριώ·</span> 
     </span>
    </p>
   </div>
   <div class='ocr_carea' id='block_1_62' title="bbox 1942 3064 3493 3144">
    <p class='ocr_par' dir='ltr' id='par_1_62' title="bbox 1942 3064 3493 3137">
     <span class='ocr_line' id='line_1_62' title="bbox 1942 3064 3493 3137; baseline 0.005 -22"><span class='ocrx_word' id='word_1_467' title='bbox 1942 3064 2156 3132; x_wconf 89' lang='lat' dir='ltr'><strong>quidem</strong></span> <span class='ocrx_word' id='word_1_468' title='bbox 2187 3073 2272 3117; x_wconf 91' lang='lat' dir='ltr'><strong>est</strong></span> <span class='ocrx_word' id='word_1_469' title='bbox 2294 3065 2446 3134; x_wconf 86' lang='lat' dir='ltr'><strong>cujus</strong></span> <span class='ocrx_word' id='word_1_470' title='bbox 2480 3076 2815 3135; x_wconf 88' lang='lat' dir='ltr'><strong>spectantem</strong></span> <span class='ocrx_word' id='word_1_471' title='bbox 2845 3067 2910 3120; x_wconf 84' lang='lat' dir='ltr'><strong>ad</strong></span> <span class='ocrx_word' id='word_1_472' title='bbox 2938 3081 3074 3136; x_wconf 88' lang='lat' dir='ltr'><strong>opus</strong></span> <span class='ocrx_word' id='word_1_473' title='bbox 3102 3066 3353 3137; x_wconf 83' lang='lat' dir='ltr'><strong>laqueum</strong></span> <span class='ocrx_word' id='word_1_474' title='bbox 3383 3066 3493 3121; x_wconf 91' lang='lat' dir='ltr'><strong>Do-</strong></span> 
     </span>
    </p>
   </div>
   <div class='ocr_carea' id='block_1_63' title="bbox 258 3153 1809 3236">
    <p class='ocr_par' dir='ltr' id='par_1_63' title="bbox 258 3158 1809 3236">
     <span class='ocr_line' id='line_1_63' title="bbox 258 3158 1809 3236; baseline -0.001 -21"><span class='ocrx_word' id='word_1_475' title='bbox 258 3180 419 3234; x_wconf 90' lang='grc' dir='ltr'>τερος</span> <span class='ocrx_word' id='word_1_476' title='bbox 448 3163 504 3217; x_wconf 86' lang='grc' dir='ltr'>δὲ</span> <span class='ocrx_word' id='word_1_477' title='bbox 530 3158 590 3217; x_wconf 80' lang='grc' dir='ltr'><strong>οῦ</strong></span> <span class='ocrx_word' id='word_1_478' title='bbox 603 3164 702 3236; x_wconf 83' lang='grc' dir='ltr'>τὴν</span> <span class='ocrx_word' id='word_1_479' title='bbox 725 3164 864 3217; x_wconf 84' lang='grc' dir='ltr'>κατὰ</span> <span class='ocrx_word' id='word_1_480' title='bbox 898 3164 1132 3218; x_wconf 83' lang='grc' dir='ltr'>διάνοιαν</span> <span class='ocrx_word' id='word_1_481' title='bbox 1150 3163 1352 3232; x_wconf 85' lang='grc' dir='ltr'>παγίδα</span> <span class='ocrx_word' id='word_1_482' title='bbox 1373 3162 1693 3236; x_wconf 84' lang='grc' dir='ltr'>διέφθειρεν,</span> <span class='ocrx_word' id='word_1_483' title='bbox 1711 3163 1809 3218; x_wconf 66' lang='grc' dir='ltr'>οὐδὲ</span> 
     </span>
    </p>
   </div>
   <div class='ocr_carea' id='block_1_64' title="bbox 1944 3153 3495 3236">
    <p class='ocr_par' dir='ltr' id='par_1_64' title="bbox 1944 3153 3495 3225">
     <span class='ocr_line' id='line_1_64' title="bbox 1944 3153 3495 3225; baseline 0.002 -19"><span class='ocrx_word' id='word_1_484' title='bbox 1944 3153 2117 3206; x_wconf 88' lang='lat' dir='ltr'><strong>minus</strong></span> <span class='ocrx_word' id='word_1_485' title='bbox 2147 3155 2425 3219; x_wconf 85' lang='lat' dir='ltr'><strong>contrivit,</strong></span> <span class='ocrx_word' id='word_1_486' title='bbox 2457 3155 2670 3210; x_wconf 87' lang='lat' dir='ltr'><strong>beatior</strong></span> <span class='ocrx_word' id='word_1_487' title='bbox 2700 3170 2851 3220; x_wconf 87' lang='lat' dir='ltr'><strong>vero,</strong></span> <span class='ocrx_word' id='word_1_488' title='bbox 2876 3155 3028 3225; x_wconf 87' lang='lat' dir='ltr'><strong>cujus</strong></span> <span class='ocrx_word' id='word_1_489' title='bbox 3061 3165 3394 3224; x_wconf 89' lang='lat' dir='ltr'><strong>spectantem</strong></span> <span class='ocrx_word' id='word_1_490' title='bbox 3426 3156 3495 3209; x_wconf 80' lang='lat' dir='ltr'><strong>ad</strong></span> 
     </span>
    </p>
   </div>
   <div class='ocr_carea' id='block_1_65' title="bbox 260 3244 1811 3328">
    <p class='ocr_par' dir='ltr' id='par_1_65' title="bbox 260 3255 1286 3328">
     <span class='ocr_line' id='line_1_65' title="bbox 260 3255 1286 3328; baseline 0.004 -21"><span class='ocrx_word' id='word_1_491' title='bbox 260 3255 458 3327; x_wconf 81' lang='grc' dir='ltr'>εὑρέθη</span> <span class='ocrx_word' id='word_1_492' title='bbox 486 3256 633 3320; x_wconf 85' lang='grc' dir='ltr'>δόλος</span> <span class='ocrx_word' id='word_1_493' title='bbox 659 3259 716 3310; x_wconf 84' lang='grc' dir='ltr'><strong>ἐν</strong></span> <span class='ocrx_word' id='word_1_494' title='bbox 745 3256 823 3327; x_wconf 84' lang='grc' dir='ltr'><strong>τῷ</strong></span> <span class='ocrx_word' id='word_1_495' title='bbox 852 3258 1079 3328; x_wconf 85' lang='grc' dir='ltr'>στόματι</span> <span class='ocrx_word' id='word_1_496' title='bbox 1100 3255 1286 3311; x_wconf 84' lang='grc' dir='ltr'>αὐτοῦ.</span> 
     </span>
    </p>
   </div>
   <div class='ocr_carea' id='block_1_66' title="bbox 1946 3244 3497 3328">
    <p class='ocr_par' dir='ltr' id='par_1_66' title="bbox 1946 3244 3497 3316">
     <span class='ocr_line' id='line_1_66' title="bbox 1946 3244 3497 3316; baseline 0.001 -19"><span class='ocrx_word' id='word_1_497' title='bbox 1946 3244 2324 3311; x_wconf 84' lang='lat' dir='ltr'><strong>cogitationem</strong></span> <span class='ocrx_word' id='word_1_498' title='bbox 2350 3245 2600 3316; x_wconf 90' lang='lat' dir='ltr'><strong>laqueum</strong></span> <span class='ocrx_word' id='word_1_499' title='bbox 2638 3247 2709 3303; x_wconf 91' lang='lat' dir='ltr'><strong>ita</strong></span> <span class='ocrx_word' id='word_1_500' title='bbox 2737 3246 2990 3314; x_wconf 88' lang='lat' dir='ltr'><strong>disrupit,</strong></span> <span class='ocrx_word' id='word_1_501' title='bbox 3026 3254 3085 3298; x_wconf 93' lang='lat' dir='ltr'><strong>ut</strong></span> <span class='ocrx_word' id='word_1_502' title='bbox 3105 3259 3212 3301; x_wconf 88' lang='lat' dir='ltr'><strong>non</strong></span> <span class='ocrx_word' id='word_1_503' title='bbox 3246 3244 3497 3299; x_wconf 81' lang='lat' dir='ltr'><strong>iuventus</strong></span> 
     </span>
    </p>
   </div>
   <div class='ocr_carea' id='block_1_67' title="bbox 1933 3335 2574 3408">
    <p class='ocr_par' dir='ltr' id='par_1_67' title="bbox 1933 3335 2574 3408">
     <span class='ocr_line' id='line_1_67' title="bbox 1933 3335 2574 3408; baseline 0.002 -17"><span class='ocrx_word' id='word_1_504' title='bbox 1933 3335 2007 3391; x_wconf 89' lang='lat' dir='ltr'><strong>sit</strong></span> <span class='ocrx_word' id='word_1_505' title='bbox 2034 3336 2188 3393; x_wconf 90' lang='lat' dir='ltr'><strong>dolus</strong></span> <span class='ocrx_word' id='word_1_506' title='bbox 2223 3338 2276 3392; x_wconf 93' lang='lat' dir='ltr'><strong>in</strong></span> <span class='ocrx_word' id='word_1_507' title='bbox 2314 3353 2408 3393; x_wconf 89' lang='lat' dir='ltr'><strong>ore</strong></span> <span class='ocrx_word' id='word_1_508' title='bbox 2435 3338 2574 3408; x_wconf 83' lang='lat' dir='ltr'><strong>ejus.</strong></span> 
     </span>
    </p>
   </div>
   <div class='ocr_carea' id='block_1_68' title="bbox 1837 3453 1910 3468">
    <p class='ocr_par' dir='ltr' id='par_1_68' title="bbox 1837 3453 1910 3468">
     <span class='ocr_line' id='line_1_68' title="bbox 1837 3453 1910 3468; baseline -0.014 0"><span class='ocrx_word' id='word_1_509' title='bbox 1837 3453 1910 3468; x_wconf 71' lang='lat'><strong><em>—</em></strong></span> 
     </span>
    </p>
   </div>
   <div class='ocr_carea' id='block_1_69' title="bbox 786 3511 2337 3590">
    <p class='ocr_par' dir='ltr' id='par_1_69' title="bbox 786 3511 2337 3590">
     <span class='ocr_line' id='line_1_69' title="bbox 786 3511 2337 3590; baseline -0.001 -18"><span class='ocrx_word' id='word_1_510' title='bbox 786 3518 1078 3573; x_wconf 81' lang='grc' dir='ltr'><strong>ΨΑΛΜΟΣ</strong></span> <span class='ocrx_word' id='word_1_511' title='bbox 1121 3518 1301 3578; x_wconf 71' lang='grc' dir='ltr'><strong>ΡιςΔν.</strong></span> <span class='ocrx_word' id='word_1_512' title='bbox 2096 3511 2111 3520; x_wconf 86' lang='grc'><strong>’</strong></span> <span class='ocrx_word' id='word_1_513' title='bbox 2296 3519 2337 3590; x_wconf 77' lang='grc' dir='ltr'>ε</span> 
     </span>
    </p>
   </div>
   <div class='ocr_carea' id='block_1_70' title="bbox 1564 3511 3115 3590">
    <p class='ocr_par' dir='ltr' id='par_1_70' title="bbox 2096 3511 3115 3590">
     <span class='ocr_line' id='line_1_70' title="bbox 2096 3511 3115 3590; baseline 0.001 -18"><span class='ocrx_word' id='word_1_514' title='bbox 2096 3511 2111 3520; x_wconf 85' lang='grc'><strong>’</strong></span> <span class='ocrx_word' id='word_1_515' title='bbox 2296 3516 2463 3590; x_wconf 68' lang='grc'><strong>824</strong></span> <span class='ocrx_word' id='word_1_516' title='bbox 2508 3515 2827 3572; x_wconf 79' lang='lat' dir='ltr'><strong>PSALMUS</strong></span> <span class='ocrx_word' id='word_1_517' title='bbox 2882 3517 3115 3573; x_wconf 76' lang='lat' dir='ltr'><strong>cxxrv.</strong></span> 
     </span>
    </p>
   </div>
   <div class='ocr_carea' id='block_1_71' title="bbox 337 3597 1888 3678">
    <p class='ocr_par' dir='ltr' id='par_1_71' title="bbox 337 3597 1832 3678">
     <span class='ocr_line' id='line_1_71' title="bbox 337 3597 1832 3678; baseline -0.001 -12"><span class='ocrx_word' id='word_1_518' title='bbox 337 3597 403 3667; x_wconf 72' lang='lat' dir='ltr'><strong>Ol</strong></span> <span class='ocrx_word' id='word_1_519' title='bbox 429 3610 777 3677; x_wconf 79' lang='grc' dir='ltr'>πεποιθότες</span> <span class='ocrx_word' id='word_1_520' title='bbox 804 3610 900 3665; x_wconf 78' lang='grc' dir='ltr'>ἐπὶ</span> <span class='ocrx_word' id='word_1_521' title='bbox 936 3611 1154 3678; x_wconf 79' lang='grc' dir='ltr'>Κύριον</span> <span class='ocrx_word' id='word_1_522' title='bbox 1174 3611 1254 3675; x_wconf 86' lang='grc' dir='ltr'>ὡς</span> <span class='ocrx_word' id='word_1_523' title='bbox 1282 3609 1420 3678; x_wconf 83' lang='grc' dir='ltr'>ὄρος</span> <span class='ocrx_word' id='word_1_524' title='bbox 1466 3609 1638 3675; x_wconf 76' lang='grc' dir='ltr'>Σιὼν,</span> <span class='ocrx_word' id='word_1_525' title='bbox 1688 3628 1743 3665; x_wconf 86' lang='grc' dir='ltr'><strong>κ.</strong></span> <span class='ocrx_word' id='word_1_526' title='bbox 1780 3628 1832 3665; x_wconf 86' lang='grc' dir='ltr'><strong>τ.</strong></span> 
     </span>
    </p>
   </div>
   <div class='ocr_carea' id='block_1_72' title="bbox 1943 3597 3494 3678">
    <p class='ocr_par' dir='ltr' id='par_1_72' title="bbox 2005 3608 3494 3678">
     <span class='ocr_line' id='line_1_72' title="bbox 2005 3608 3494 3678; baseline -0.002 -11"><span class='ocrx_word' id='word_1_527' title='bbox 2005 3611 2171 3667; x_wconf 72' lang='lat' dir='ltr'><strong>Vens.</strong></span> <span class='ocrx_word' id='word_1_528' title='bbox 2214 3612 2265 3665; x_wconf 79' lang='grc'>1.</span> <span class='ocrx_word' id='word_1_529' title='bbox 2310 3614 2412 3677; x_wconf 85' lang='lat' dir='ltr'><strong>Qui</strong></span> <span class='ocrx_word' id='word_1_530' title='bbox 2451 3611 2725 3678; x_wconf 79' lang='lat' dir='ltr'><strong>conﬁdunt</strong></span> <span class='ocrx_word' id='word_1_531' title='bbox 2776 3610 2830 3662; x_wconf 86' lang='lat' dir='ltr'><strong>in</strong></span> <span class='ocrx_word' id='word_1_532' title='bbox 2874 3608 3099 3663; x_wconf 87' lang='lat' dir='ltr'><strong>Domino</strong></span> <span class='ocrx_word' id='word_1_533' title='bbox 3153 3611 3288 3663; x_wconf 86' lang='lat' dir='ltr'><strong>sicut</strong></span> <span class='ocrx_word' id='word_1_534' title='bbox 3346 3625 3494 3664; x_wconf 68' lang='lat' dir='ltr'><strong>mox:</strong></span> 
     </span>
    </p>
   </div>
   <div class='ocr_carea' id='block_1_73' title="bbox 261 3701 1812 3776">
    <p class='ocr_par' dir='ltr' id='par_1_73' title="bbox 261 3702 1812 3776">
     <span class='ocr_line' id='line_1_73' title="bbox 261 3702 1812 3776; baseline -0.003 -17"><span class='ocrx_word' id='word_1_535' title='bbox 261 3707 311 3759; x_wconf 78' lang='grc' dir='ltr'><strong>ι.</strong></span> <span class='ocrx_word' id='word_1_536' title='bbox 345 3706 410 3761; x_wconf 79' lang='grc' dir='ltr'><strong>υἱ</strong></span> <span class='ocrx_word' id='word_1_537' title='bbox 448 3705 871 3776; x_wconf 87' lang='grc' dir='ltr'>προσερχόμενοι</span> <span class='ocrx_word' id='word_1_538' title='bbox 918 3703 1029 3775; x_wconf 78' lang='grc' dir='ltr'><strong>(Ἠ)</strong></span> <span class='ocrx_word' id='word_1_539' title='bbox 1055 3702 1191 3756; x_wconf 87' lang='grc' dir='ltr'>Σιὼν</span> <span class='ocrx_word' id='word_1_540' title='bbox 1213 3703 1327 3774; x_wconf 78' lang='grc' dir='ltr'>δρει</span> <span class='ocrx_word' id='word_1_541' title='bbox 1372 3703 1466 3756; x_wconf 78' lang='grc' dir='ltr'><strong>καὶ</strong></span> <span class='ocrx_word' id='word_1_542' title='bbox 1516 3702 1667 3757; x_wconf 89' lang='grc' dir='ltr'>πόλει</span> <span class='ocrx_word' id='word_1_543' title='bbox 1699 3703 1812 3756; x_wconf 72' lang='grc' dir='ltr'>Θεοί</span> 
     </span>
    </p>
   </div>
   <div class='ocr_carea' id='block_1_74' title="bbox 1942 3701 3493 3776">
    <p class='ocr_par' dir='ltr' id='par_1_74' title="bbox 1942 3702 3493 3769">
     <span class='ocr_line' id='line_1_74' title="bbox 1942 3702 3493 3769; baseline -0.002 -11"><span class='ocrx_word' id='word_1_544' title='bbox 1942 3702 2090 3769; x_wconf 87' lang='lat' dir='ltr'><strong>Sion,</strong></span> <span class='ocrx_word' id='word_1_545' title='bbox 2124 3713 2228 3758; x_wconf 89' lang='lat' dir='ltr'><strong>etc.</strong></span> <span class='ocrx_word' id='word_1_546' title='bbox 2262 3703 2366 3769; x_wconf 86' lang='lat' dir='ltr'><strong>Qui</strong></span> <span class='ocrx_word' id='word_1_547' title='bbox 2399 3704 2664 3757; x_wconf 86' lang='lat' dir='ltr'><strong>accedunt</strong></span> <span class='ocrx_word' id='word_1_548' title='bbox 2691 3702 2756 3757; x_wconf 92' lang='lat' dir='ltr'><strong>ad</strong></span> <span class='ocrx_word' id='word_1_549' title='bbox 2785 3703 2915 3758; x_wconf 86' lang='lat' dir='ltr'><strong>Sion</strong></span> <span class='ocrx_word' id='word_1_550' title='bbox 2946 3710 3184 3756; x_wconf 88' lang='lat' dir='ltr'><strong>montem</strong></span> <span class='ocrx_word' id='word_1_551' title='bbox 3219 3711 3275 3755; x_wconf 91' lang='lat' dir='ltr'><strong>et</strong></span> <span class='ocrx_word' id='word_1_552' title='bbox 3302 3702 3493 3755; x_wconf 86' lang='lat' dir='ltr'><strong>civita-</strong></span> 
     </span>
    </p>
   </div>
   <div class='ocr_carea' id='block_1_75' title="bbox 262 3793 1813 3869">
    <p class='ocr_par' dir='ltr' id='par_1_75' title="bbox 262 3794 1813 3869">
     <span class='ocr_line' id='line_1_75' title="bbox 262 3794 1813 3869; baseline 0 -20"><span class='ocrx_word' id='word_1_553' title='bbox 262 3797 484 3863; x_wconf 81' lang='grc' dir='ltr'>ζῶντος,</span> <span class='ocrx_word' id='word_1_554' title='bbox 520 3796 870 3869; x_wconf 84' lang='grc' dir='ltr'>Ἰερουσαλὴμ</span> <span class='ocrx_word' id='word_1_555' title='bbox 902 3796 1226 3866; x_wconf 84' lang='grc' dir='ltr'>ἐπουρανίῳ,</span> <span class='ocrx_word' id='word_1_556' title='bbox 1260 3794 1483 3866; x_wconf 82' lang='grc' dir='ltr'>φοροῦσι</span> <span class='ocrx_word' id='word_1_557' title='bbox 1513 3794 1612 3865; x_wconf 75' lang='grc' dir='ltr'><strong>τὴν</strong></span> <span class='ocrx_word' id='word_1_558' title='bbox 1654 3795 1813 3849; x_wconf 79' lang='grc' dir='ltr'>εἰκόνι</span> 
     </span>
    </p>
   </div>
   <div class='ocr_carea' id='block_1_76' title="bbox 1941 3793 3492 3869">
    <p class='ocr_par' dir='ltr' id='par_1_76' title="bbox 1941 3793 3492 3861">
     <span class='ocr_line' id='line_1_76' title="bbox 1941 3793 3492 3861; baseline -0.001 -10"><span class='ocrx_word' id='word_1_559' title='bbox 1941 3809 2038 3853; x_wconf 83' lang='lat' dir='ltr'><strong>tem</strong></span> <span class='ocrx_word' id='word_1_560' title='bbox 2084 3798 2180 3852; x_wconf 90' lang='lat' dir='ltr'><strong>Dei</strong></span> <span class='ocrx_word' id='word_1_561' title='bbox 2229 3797 2481 3861; x_wconf 81' lang='lat' dir='ltr'><strong>viventis,</strong></span> <span class='ocrx_word' id='word_1_562' title='bbox 2531 3794 2827 3851; x_wconf 82' lang='lat' dir='ltr'><strong>Jerusalem</strong></span> <span class='ocrx_word' id='word_1_563' title='bbox 2884 3794 3186 3858; x_wconf 64' lang='lat' dir='ltr'><strong>caelestem,</strong></span> <span class='ocrx_word' id='word_1_564' title='bbox 3231 3795 3267 3848; x_wconf 91' lang='lat' dir='ltr'><strong>ii</strong></span> <span class='ocrx_word' id='word_1_565' title='bbox 3312 3793 3492 3850; x_wconf 80' lang='lat' dir='ltr'><strong>ferunt</strong></span> 
     </span>
    </p>
   </div>
   <div class='ocr_carea' id='block_1_77' title="bbox 208 3883 1759 3961">
    <p class='ocr_par' dir='ltr' id='par_1_77' title="bbox 208 3886 1759 3961">
     <span class='ocr_line' id='line_1_77' title="bbox 208 3886 1759 3961; baseline -0.001 -19"><span class='ocrx_word' id='word_1_566' title='bbox 208 3937 225 3949; x_wconf 84' lang='lat'><strong>,</strong></span> <span class='ocrx_word' id='word_1_567' title='bbox 259 3890 356 3942; x_wconf 79' lang='grc' dir='ltr'><strong>τοῦ</strong></span> <span class='ocrx_word' id='word_1_568' title='bbox 382 3889 724 3961; x_wconf 84' lang='grc' dir='ltr'>ἐπουρανίου.</span> <span class='ocrx_word' id='word_1_569' title='bbox 748 3889 842 3941; x_wconf 72' lang='grc' dir='ltr'>καὶ</span> <span class='ocrx_word' id='word_1_570' title='bbox 868 3886 1185 3950; x_wconf 83' lang='grc' dir='ltr'>πεποιθότες</span> <span class='ocrx_word' id='word_1_571' title='bbox 1219 3887 1311 3939; x_wconf 78' lang='grc' dir='ltr'><strong>ἐπὶ</strong></span> <span class='ocrx_word' id='word_1_572' title='bbox 1352 3886 1555 3957; x_wconf 79' lang='grc' dir='ltr'>Κύριον</span> <span class='ocrx_word' id='word_1_573' title='bbox 1593 3888 1759 3955; x_wconf 67' lang='grc' dir='ltr'>γίνονι</span> 
     </span>
    </p>
   </div>
   <div class='ocr_carea' id='block_1_78' title="bbox 1941 3883 3492 3961">
    <p class='ocr_par' dir='ltr' id='par_1_78' title="bbox 1941 3883 3492 3958">
     <span class='ocr_line' id='line_1_78' title="bbox 1941 3883 3492 3958; baseline 0.001 -17"><span class='ocrx_word' id='word_1_574' title='bbox 1941 3887 2222 3958; x_wconf 77' lang='lat' dir='ltr'><strong>imaginem</strong></span> <span class='ocrx_word' id='word_1_575' title='bbox 2249 3887 2509 3953; x_wconf 84' lang='lat' dir='ltr'><strong>caelestis,</strong></span> <span class='ocrx_word' id='word_1_576' title='bbox 2540 3897 2593 3941; x_wconf 91' lang='lat' dir='ltr'><strong>et</strong></span> <span class='ocrx_word' id='word_1_577' title='bbox 2622 3887 2958 3942; x_wconf 88' lang='lat' dir='ltr'><strong>conlidentes</strong></span> <span class='ocrx_word' id='word_1_578' title='bbox 2996 3886 3051 3940; x_wconf 93' lang='lat' dir='ltr'><strong>in</strong></span> <span class='ocrx_word' id='word_1_579' title='bbox 3083 3883 3315 3942; x_wconf 84' lang='lat' dir='ltr'><strong>Domino</strong></span> <span class='ocrx_word' id='word_1_580' title='bbox 3358 3886 3492 3943; x_wconf 76' lang='lat' dir='ltr'><strong>lium</strong></span> 
     </span>
    </p>
   </div>
   <div class='ocr_carea' id='block_1_79' title="bbox 260 3977 1811 4047">
    <p class='ocr_par' dir='ltr' id='par_1_79' title="bbox 260 3977 954 4047">
     <span class='ocr_line' id='line_1_79' title="bbox 260 3977 954 4047; baseline -0.006 -15"><span class='ocrx_word' id='word_1_581' title='bbox 260 3978 338 4043; x_wconf 83' lang='grc' dir='ltr'>ὡς</span> <span class='ocrx_word' id='word_1_582' title='bbox 362 3980 536 4033; x_wconf 83' lang='grc' dir='ltr'>ἐκεῖνο</span> <span class='ocrx_word' id='word_1_583' title='bbox 555 3978 616 4031; x_wconf 87' lang='grc' dir='ltr'><strong>τὸ</strong></span> <span class='ocrx_word' id='word_1_584' title='bbox 642 3977 780 4030; x_wconf 87' lang='grc' dir='ltr'>Σιὼν</span> <span class='ocrx_word' id='word_1_585' title='bbox 812 3977 954 4047; x_wconf 80' lang='grc' dir='ltr'>ὄρος.</span> 
     </span>
    </p>
   </div>
   <div class='ocr_carea' id='block_1_80' title="bbox 1031 3977 2582 4047">
    <p class='ocr_par' dir='ltr' id='par_1_80' title="bbox 1933 3980 2582 4036">
     <span class='ocr_line' id='line_1_80' title="bbox 1933 3980 2582 4036; baseline -0.003 -1"><span class='ocrx_word' id='word_1_586' title='bbox 1933 3982 2075 4036; x_wconf 81' lang='lat' dir='ltr'><strong>sicut</strong></span> <span class='ocrx_word' id='word_1_587' title='bbox 2106 3981 2198 4035; x_wconf 92' lang='lat' dir='ltr'><strong>ille</strong></span> <span class='ocrx_word' id='word_1_588' title='bbox 2225 3996 2379 4035; x_wconf 87' lang='lat' dir='ltr'><strong>mons</strong></span> <span class='ocrx_word' id='word_1_589' title='bbox 2426 3980 2582 4035; x_wconf 92' lang='lat' dir='ltr'><strong>Sion.</strong></span> 
     </span>
    </p>
   </div>
   <div class='ocr_carea' id='block_1_81' title="bbox 339 4066 1890 4141">
    <p class='ocr_par' dir='ltr' id='par_1_81' title="bbox 339 4066 1890 4141">
     <span class='ocr_line' id='line_1_81' title="bbox 339 4066 1890 4141; baseline -0.001 -17"><span class='ocrx_word' id='word_1_590' title='bbox 339 4071 450 4125; x_wconf 88' lang='grc' dir='ltr'>Τοῦ</span> <span class='ocrx_word' id='word_1_591' title='bbox 478 4070 683 4125; x_wconf 82' lang='grc' dir='ltr'>αὐτοῦ.</span> <span class='ocrx_word' id='word_1_592' title='bbox 713 4072 773 4123; x_wconf 74' lang='grc' dir='ltr'><strong>ΕΞ</strong></span> <span class='ocrx_word' id='word_1_593' title='bbox 803 4070 867 4122; x_wconf 87' lang='grc' dir='ltr'><strong>ἐκ</strong></span> <span class='ocrx_word' id='word_1_594' title='bbox 886 4068 979 4121; x_wconf 89' lang='grc' dir='ltr'><strong>τοῦ</strong></span> <span class='ocrx_word' id='word_1_595' title='bbox 1011 4067 1120 4139; x_wconf 67' lang='grc'><strong>(72)</strong></span> <span class='ocrx_word' id='word_1_596' title='bbox 1152 4066 1464 4121; x_wconf 81' lang='grc' dir='ltr'>πεποιθέναι</span> <span class='ocrx_word' id='word_1_597' title='bbox 1499 4068 1591 4121; x_wconf 73' lang='grc' dir='ltr'><strong>ἐπὶ</strong></span> <span class='ocrx_word' id='word_1_598' title='bbox 1625 4067 1828 4141; x_wconf 78' lang='grc' dir='ltr'>Κύριον</span> <span class='ocrx_word' id='word_1_599' title='bbox 1860 4133 1890 4141; x_wconf 82' lang='lat'><em>_</em></span> 
     </span>
    </p>
   </div>
   <div class='ocr_carea' id='block_1_82' title="bbox 1937 4066 3488 4141">
    <p class='ocr_par' dir='ltr' id='par_1_82' title="bbox 2000 4069 3488 4141">
     <span class='ocr_line' id='line_1_82' title="bbox 2000 4069 3488 4141; baseline 0.001 -17"><span class='ocrx_word' id='word_1_600' title='bbox 2000 4072 2273 4141; x_wconf 73' lang='lat' dir='ltr'><strong>Eiusdem.</strong></span> <span class='ocrx_word' id='word_1_601' title='bbox 2327 4073 2384 4127; x_wconf 87' lang='lat' dir='ltr'><strong>Si</strong></span> <span class='ocrx_word' id='word_1_602' title='bbox 2437 4088 2504 4128; x_wconf 77' lang='lat' dir='ltr'><strong>ex</strong></span> <span class='ocrx_word' id='word_1_603' title='bbox 2561 4069 2752 4126; x_wconf 79' lang='lat' dir='ltr'><strong>ﬁducia</strong></span> <span class='ocrx_word' id='word_1_604' title='bbox 2800 4071 2855 4126; x_wconf 91' lang='lat' dir='ltr'><strong>in</strong></span> <span class='ocrx_word' id='word_1_605' title='bbox 2904 4071 3071 4127; x_wconf 90' lang='lat' dir='ltr'><strong>Deum</strong></span> <span class='ocrx_word' id='word_1_606' title='bbox 3112 4069 3173 4125; x_wconf 86' lang='lat' dir='ltr'><strong>ﬁt</strong></span> <span class='ocrx_word' id='word_1_607' title='bbox 3222 4070 3488 4140; x_wconf 88' lang='lat' dir='ltr'><strong>quispiam</strong></span> 
     </span>
    </p>
   </div>
   <div class='ocr_carea' id='block_1_83' title="bbox 258 4133 1809 4234">
    <p class='ocr_par' dir='ltr' id='par_1_83' title="bbox 258 4133 1809 4233">
     <span class='ocr_line' id='line_1_83' title="bbox 258 4133 1809 4233; baseline -0.001 -18"><span class='ocrx_word' id='word_1_608' title='bbox 258 4162 469 4231; x_wconf 72' lang='grc' dir='ltr'>γίνεταί</span> <span class='ocrx_word' id='word_1_609' title='bbox 497 4180 579 4226; x_wconf 82' lang='grc' dir='ltr'><strong>τις</strong></span> <span class='ocrx_word' id='word_1_610' title='bbox 625 4163 700 4227; x_wconf 85' lang='grc' dir='ltr'>ὡς</span> <span class='ocrx_word' id='word_1_611' title='bbox 733 4162 857 4233; x_wconf 82' lang='grc' dir='ltr'>δρος</span> <span class='ocrx_word' id='word_1_612' title='bbox 902 4133 1059 4225; x_wconf 84' lang='grc' dir='ltr'>Σιὼν,</span> <span class='ocrx_word' id='word_1_613' title='bbox 1091 4133 1249 4225; x_wconf 73' lang='grc' dir='ltr'>άλλος</span> <span class='ocrx_word' id='word_1_614' title='bbox 1288 4161 1353 4214; x_wconf 89' lang='grc' dir='ltr'>ἂν</span> <span class='ocrx_word' id='word_1_615' title='bbox 1394 4161 1452 4225; x_wconf 80' lang='grc' dir='ltr'><strong>ἐξ</strong></span> <span class='ocrx_word' id='word_1_616' title='bbox 1493 4161 1651 4215; x_wconf 79' lang='grc' dir='ltr'>ἄλλου</span> <span class='ocrx_word' id='word_1_617' title='bbox 1685 4133 1809 4225; x_wconf 69' lang='grc' dir='ltr'>τινὸς</span> 
     </span>
    </p>
   </div>
   <div class='ocr_carea' id='block_1_84' title="bbox 1940 4133 3491 4234">
    <p class='ocr_par' dir='ltr' id='par_1_84' title="bbox 1940 4163 3491 4234">
     <span class='ocr_line' id='line_1_84' title="bbox 1940 4163 3491 4234; baseline -0.002 -15"><span class='ocrx_word' id='word_1_618' title='bbox 1940 4175 2191 4234; x_wconf 88' lang='lat' dir='ltr'><strong>tanquam</strong></span> <span class='ocrx_word' id='word_1_619' title='bbox 2234 4181 2391 4221; x_wconf 88' lang='lat' dir='ltr'><strong>mons</strong></span> <span class='ocrx_word' id='word_1_620' title='bbox 2430 4166 2583 4228; x_wconf 85' lang='lat' dir='ltr'><strong>Sion,</strong></span> <span class='ocrx_word' id='word_1_621' title='bbox 2622 4164 2762 4219; x_wconf 90' lang='lat' dir='ltr'><strong>alius</strong></span> <span class='ocrx_word' id='word_1_622' title='bbox 2808 4164 2993 4233; x_wconf 83' lang='lat' dir='ltr'><strong>utique</strong></span> <span class='ocrx_word' id='word_1_623' title='bbox 3020 4178 3088 4219; x_wconf 81' lang='lat' dir='ltr'><strong>ex</strong></span> <span class='ocrx_word' id='word_1_624' title='bbox 3118 4163 3223 4218; x_wconf 89' lang='lat' dir='ltr'><strong>alia</strong></span> <span class='ocrx_word' id='word_1_625' title='bbox 3253 4178 3310 4219; x_wconf 86' lang='lat' dir='ltr'><strong>re</strong></span> <span class='ocrx_word' id='word_1_626' title='bbox 3355 4178 3491 4233; x_wconf 89' lang='lat' dir='ltr'><strong>qua-</strong></span> 
     </span>
    </p>
   </div>
   <div class='ocr_carea' id='block_1_85' title="bbox 257 4252 1808 4326">
    <p class='ocr_par' dir='ltr' id='par_1_85' title="bbox 257 4252 1808 4326">
     <span class='ocr_line' id='line_1_85' title="bbox 257 4252 1808 4326; baseline -0.001 -19"><span class='ocrx_word' id='word_1_627' title='bbox 257 4254 456 4325; x_wconf 82' lang='grc' dir='ltr'>γένοιτ’</span> <span class='ocrx_word' id='word_1_628' title='bbox 481 4254 547 4307; x_wconf 77' lang='grc' dir='ltr'><strong>ἂν</strong></span> <span class='ocrx_word' id='word_1_629' title='bbox 572 4253 646 4317; x_wconf 86' lang='grc' dir='ltr'>ὡς</span> <span class='ocrx_word' id='word_1_630' title='bbox 678 4254 804 4326; x_wconf 77' lang='grc' dir='ltr'>ὅρος</span> <span class='ocrx_word' id='word_1_631' title='bbox 828 4252 1051 4324; x_wconf 80' lang='grc' dir='ltr'>Χωρὴϐ,</span> <span class='ocrx_word' id='word_1_632' title='bbox 1080 4252 1175 4305; x_wconf 77' lang='grc' dir='ltr'>καὶ</span> <span class='ocrx_word' id='word_1_633' title='bbox 1200 4252 1355 4315; x_wconf 81' lang='grc' dir='ltr'>ἄλλος</span> <span class='ocrx_word' id='word_1_634' title='bbox 1392 4252 1467 4316; x_wconf 84' lang='grc' dir='ltr'>ὡς</span> <span class='ocrx_word' id='word_1_635' title='bbox 1505 4253 1630 4325; x_wconf 75' lang='grc' dir='ltr'>ὅρος</span> <span class='ocrx_word' id='word_1_636' title='bbox 1661 4254 1808 4307; x_wconf 56' lang='grc' dir='ltr'>Σινάί</span> 
     </span>
    </p>
   </div>
   <div class='ocr_carea' id='block_1_86' title="bbox 1938 4252 3489 4326">
    <p class='ocr_par' dir='ltr' id='par_1_86' title="bbox 1938 4253 3489 4322">
     <span class='ocr_line' id='line_1_86' title="bbox 1938 4253 3489 4322; baseline 0.001 -15"><span class='ocrx_word' id='word_1_637' title='bbox 1938 4257 2073 4322; x_wconf 90' lang='lat' dir='ltr'><strong>piam</strong></span> <span class='ocrx_word' id='word_1_638' title='bbox 2102 4255 2192 4309; x_wconf 85' lang='lat' dir='ltr'><strong>ﬁet</strong></span> <span class='ocrx_word' id='word_1_639' title='bbox 2221 4256 2362 4311; x_wconf 90' lang='lat' dir='ltr'><strong>sicut</strong></span> <span class='ocrx_word' id='word_1_640' title='bbox 2385 4271 2538 4309; x_wconf 93' lang='lat' dir='ltr'><strong>mons</strong></span> <span class='ocrx_word' id='word_1_641' title='bbox 2558 4253 2792 4320; x_wconf 82' lang='lat' dir='ltr'><strong>Choreb,</strong></span> <span class='ocrx_word' id='word_1_642' title='bbox 2826 4255 2951 4309; x_wconf 88' lang='lat' dir='ltr'><strong>item</strong></span> <span class='ocrx_word' id='word_1_643' title='bbox 2992 4254 3137 4310; x_wconf 90' lang='lat' dir='ltr'><strong>alius</strong></span> <span class='ocrx_word' id='word_1_644' title='bbox 3163 4255 3303 4309; x_wconf 88' lang='lat' dir='ltr'><strong>sicut</strong></span> <span class='ocrx_word' id='word_1_645' title='bbox 3333 4269 3489 4310; x_wconf 89' lang='lat' dir='ltr'><strong>mons</strong></span> 
     </span>
    </p>
   </div>
   <div class='ocr_carea' id='block_1_87' title="bbox 258 4342 1809 4416">
    <p class='ocr_par' dir='ltr' id='par_1_87' title="bbox 258 4342 1809 4415">
     <span class='ocr_line' id='line_1_87' title="bbox 258 4342 1809 4415; baseline -0.004 -16"><span class='ocrx_word' id='word_1_646' title='bbox 258 4346 355 4399; x_wconf 76' lang='grc' dir='ltr'>καὶ</span> <span class='ocrx_word' id='word_1_647' title='bbox 383 4347 447 4399; x_wconf 86' lang='grc' dir='ltr'><strong>ἐκ</strong></span> <span class='ocrx_word' id='word_1_648' title='bbox 495 4344 603 4398; x_wconf 85' lang='grc' dir='ltr'><strong>τῶν</strong></span> <span class='ocrx_word' id='word_1_649' title='bbox 639 4346 894 4399; x_wconf 80' lang='grc' dir='ltr'>ἐναντίων</span> <span class='ocrx_word' id='word_1_650' title='bbox 942 4345 1026 4414; x_wconf 79' lang='grc' dir='ltr'>εἴη</span> <span class='ocrx_word' id='word_1_651' title='bbox 1060 4343 1126 4397; x_wconf 77' lang='grc' dir='ltr'>ἄν</span> <span class='ocrx_word' id='word_1_652' title='bbox 1155 4361 1236 4406; x_wconf 79' lang='grc' dir='ltr'><strong>τις</strong></span> <span class='ocrx_word' id='word_1_653' title='bbox 1265 4342 1339 4406; x_wconf 85' lang='grc' dir='ltr'>ὡς</span> <span class='ocrx_word' id='word_1_654' title='bbox 1376 4343 1500 4415; x_wconf 77' lang='grc' dir='ltr'>ὅρος</span> <span class='ocrx_word' id='word_1_655' title='bbox 1527 4344 1809 4412; x_wconf 30' lang='grc' dir='ltr'>Αἰγύπτου.</span> 
     </span>
    </p>
   </div>
   <div class='ocr_carea' id='block_1_88' title="bbox 1937 4342 3488 4416">
    <p class='ocr_par' dir='ltr' id='par_1_88' title="bbox 1937 4345 3488 4416">
     <span class='ocr_line' id='line_1_88' title="bbox 1937 4345 3488 4416; baseline 0.001 -15"><span class='ocrx_word' id='word_1_656' title='bbox 1937 4345 2059 4401; x_wconf 88' lang='lat' dir='ltr'><strong>Sina</strong></span> <span class='ocrx_word' id='word_1_657' title='bbox 2110 4364 2124 4413; x_wconf 91' lang='lat'>;</span> <span class='ocrx_word' id='word_1_658' title='bbox 2181 4357 2235 4402; x_wconf 90' lang='lat' dir='ltr'><strong>ct</strong></span> <span class='ocrx_word' id='word_1_659' title='bbox 2283 4360 2315 4403; x_wconf 87' lang='lat' dir='ltr'><strong>e</strong></span> <span class='ocrx_word' id='word_1_660' title='bbox 2368 4348 2584 4402; x_wconf 82' lang='lat' dir='ltr'><strong>diverso</strong></span> <span class='ocrx_word' id='word_1_661' title='bbox 2632 4346 2725 4401; x_wconf 84' lang='lat' dir='ltr'><strong>ﬁet</strong></span> <span class='ocrx_word' id='word_1_662' title='bbox 2773 4347 2970 4415; x_wconf 89' lang='lat' dir='ltr'><strong>aliquis</strong></span> <span class='ocrx_word' id='word_1_663' title='bbox 3021 4354 3277 4416; x_wconf 89' lang='lat' dir='ltr'><strong>tanquam</strong></span> <span class='ocrx_word' id='word_1_664' title='bbox 3330 4360 3488 4403; x_wconf 79' lang='lat' dir='ltr'><strong>mons</strong></span> 
     </span>
    </p>
   </div>
   <div class='ocr_carea' id='block_1_89' title="bbox 256 4435 1807 4512">
    <p class='ocr_par' dir='ltr' id='par_1_89' title="bbox 256 4435 1807 4510">
     <span class='ocr_line' id='line_1_89' title="bbox 256 4435 1807 4510; baseline -0.001 -19"><span class='ocrx_word' id='word_1_665' title='bbox 256 4438 356 4491; x_wconf 73' lang='grc' dir='ltr'><strong>καὶ</strong></span> <span class='ocrx_word' id='word_1_666' title='bbox 385 4438 508 4510; x_wconf 81' lang='grc' dir='ltr'>δρος</span> <span class='ocrx_word' id='word_1_667' title='bbox 531 4437 865 4502; x_wconf 77' lang='grc' dir='ltr'>Βαϐυλῶνος,</span> <span class='ocrx_word' id='word_1_668' title='bbox 889 4437 982 4490; x_wconf 80' lang='grc' dir='ltr'><strong>καὶ</strong></span> <span class='ocrx_word' id='word_1_669' title='bbox 1005 4436 1258 4491; x_wconf 87' lang='grc' dir='ltr'>τοιούτων</span> <span class='ocrx_word' id='word_1_670' title='bbox 1291 4435 1397 4491; x_wconf 84' lang='grc' dir='ltr'><strong>τῶν</strong></span> <span class='ocrx_word' id='word_1_671' title='bbox 1429 4437 1580 4509; x_wconf 75' lang='grc' dir='ltr'>παρὰ</span> <span class='ocrx_word' id='word_1_672' title='bbox 1600 4441 1709 4501; x_wconf 87' lang='grc' dir='ltr'>τοῖς</span> <span class='ocrx_word' id='word_1_673' title='bbox 1737 4440 1807 4509; x_wconf 74' lang='grc' dir='ltr'><strong>ἐχι</strong></span> 
     </span>
    </p>
   </div>
   <div class='ocr_carea' id='block_1_90' title="bbox 1934 4435 3485 4512">
    <p class='ocr_par' dir='ltr' id='par_1_90' title="bbox 1934 4438 3485 4512">
     <span class='ocr_line' id='line_1_90' title="bbox 1934 4438 3485 4512; baseline -0.002 -17"><span class='ocrx_word' id='word_1_674' title='bbox 1934 4439 2173 4512; x_wconf 68' lang='grc' dir='ltr'><strong>ιλΕεγβιί,</strong></span> <span class='ocrx_word' id='word_1_675' title='bbox 2206 4449 2262 4496; x_wconf 90' lang='lat' dir='ltr'><strong>et</strong></span> <span class='ocrx_word' id='word_1_676' title='bbox 2287 4441 2430 4495; x_wconf 89' lang='lat' dir='ltr'><strong>sicut</strong></span> <span class='ocrx_word' id='word_1_677' title='bbox 2458 4455 2612 4494; x_wconf 89' lang='lat' dir='ltr'><strong>mons</strong></span> <span class='ocrx_word' id='word_1_678' title='bbox 2641 4438 2951 4510; x_wconf 81' lang='lat' dir='ltr'><strong>Babylonis,</strong></span> <span class='ocrx_word' id='word_1_679' title='bbox 2979 4447 3036 4493; x_wconf 89' lang='lat' dir='ltr'><strong>et</strong></span> <span class='ocrx_word' id='word_1_680' title='bbox 3065 4438 3234 4493; x_wconf 85' lang='lat' dir='ltr'><strong>instar</strong></span> <span class='ocrx_word' id='word_1_681' title='bbox 3255 4438 3485 4495; x_wconf 89' lang='lat' dir='ltr'><strong>aliorum</strong></span> 
     </span>
    </p>
   </div>
   <div class='ocr_carea' id='block_1_91' title="bbox 257 4526 1808 4601">
    <p class='ocr_par' dir='ltr' id='par_1_91' title="bbox 257 4526 1808 4600">
     <span class='ocr_line' id='line_1_91' title="bbox 257 4526 1808 4600; baseline 0.002 -21"><span class='ocrx_word' id='word_1_682' title='bbox 257 4526 408 4598; x_wconf 88' lang='grc' dir='ltr'>θροῖς</span> <span class='ocrx_word' id='word_1_683' title='bbox 433 4526 594 4599; x_wconf 84' lang='grc' dir='ltr'>ὀρῶν.</span> <span class='ocrx_word' id='word_1_684' title='bbox 630 4529 701 4581; x_wconf 82' lang='grc' dir='ltr'><em>’Ἡ</em></span> <span class='ocrx_word' id='word_1_685' title='bbox 736 4526 925 4599; x_wconf 83' lang='grc' dir='ltr'>ὥσπερ</span> <span class='ocrx_word' id='word_1_686' title='bbox 963 4529 1013 4581; x_wconf 79' lang='lat' dir='ltr'><strong>oi</strong></span> <span class='ocrx_word' id='word_1_687' title='bbox 1043 4528 1361 4591; x_wconf 81' lang='grc' dir='ltr'>πεποιθότες</span> <span class='ocrx_word' id='word_1_688' title='bbox 1384 4529 1475 4582; x_wconf 78' lang='grc' dir='ltr'><strong>ἐπὶ</strong></span> <span class='ocrx_word' id='word_1_689' title='bbox 1511 4528 1712 4600; x_wconf 85' lang='grc' dir='ltr'>Κύριον</span> <span class='ocrx_word' id='word_1_690' title='bbox 1749 4530 1808 4592; x_wconf 80' lang='grc' dir='ltr'>ὡς</span> 
     </span>
    </p>
   </div>
   <div class='ocr_carea' id='block_1_92' title="bbox 1937 4526 3488 4601">
    <p class='ocr_par' dir='ltr' id='par_1_92' title="bbox 1937 4529 3488 4601">
     <span class='ocr_line' id='line_1_92' title="bbox 1937 4529 3488 4601; baseline 0 -17"><span class='ocrx_word' id='word_1_691' title='bbox 1937 4533 2022 4600; x_wconf 89' lang='lat' dir='ltr'><strong>qui</strong></span> <span class='ocrx_word' id='word_1_692' title='bbox 2063 4533 2202 4601; x_wconf 90' lang='lat' dir='ltr'><strong>apud</strong></span> <span class='ocrx_word' id='word_1_693' title='bbox 2243 4531 2430 4587; x_wconf 85' lang='lat' dir='ltr'><strong>hostes</strong></span> <span class='ocrx_word' id='word_1_694' title='bbox 2457 4539 2602 4595; x_wconf 92' lang='lat' dir='ltr'><strong>sunt,</strong></span> <span class='ocrx_word' id='word_1_695' title='bbox 2631 4530 2916 4584; x_wconf 90' lang='lat' dir='ltr'><strong>montium.</strong></span> <span class='ocrx_word' id='word_1_696' title='bbox 2950 4529 3046 4584; x_wconf 91' lang='lat' dir='ltr'><strong>Vel</strong></span> <span class='ocrx_word' id='word_1_697' title='bbox 3077 4531 3218 4583; x_wconf 88' lang='lat' dir='ltr'><strong>sicut</strong></span> <span class='ocrx_word' id='word_1_698' title='bbox 3239 4530 3329 4598; x_wconf 90' lang='lat' dir='ltr'><strong>qui</strong></span> <span class='ocrx_word' id='word_1_699' title='bbox 3358 4546 3488 4586; x_wconf 90' lang='lat' dir='ltr'><strong>con-</strong></span> 
     </span>
    </p>
   </div>
   <div class='ocr_carea' id='block_1_93' title="bbox 255 4617 1806 4692">
    <p class='ocr_par' dir='ltr' id='par_1_93' title="bbox 255 4618 1806 4692">
     <span class='ocr_line' id='line_1_93' title="bbox 255 4618 1806 4692; baseline 0.001 -20"><span class='ocrx_word' id='word_1_700' title='bbox 255 4619 384 4692; x_wconf 80' lang='grc' dir='ltr'>ὅρος</span> <span class='ocrx_word' id='word_1_701' title='bbox 405 4621 513 4673; x_wconf 79' lang='grc' dir='ltr'>εἰσὶ</span> <span class='ocrx_word' id='word_1_702' title='bbox 538 4618 700 4686; x_wconf 86' lang='grc' dir='ltr'>Σιὼν,</span> <span class='ocrx_word' id='word_1_703' title='bbox 720 4618 892 4683; x_wconf 76' lang='grc' dir='ltr'>οὕτως</span> <span class='ocrx_word' id='word_1_704' title='bbox 924 4619 975 4673; x_wconf 86' lang='grc' dir='ltr'>οἱ</span> <span class='ocrx_word' id='word_1_705' title='bbox 1014 4618 1387 4691; x_wconf 82' lang='grc' dir='ltr'>ὑποδεέστεροι</span> <span class='ocrx_word' id='word_1_706' title='bbox 1424 4619 1500 4684; x_wconf 88' lang='grc' dir='ltr'>ὡς</span> <span class='ocrx_word' id='word_1_707' title='bbox 1530 4620 1597 4674; x_wconf 84' lang='grc' dir='ltr'>τὰ</span> <span class='ocrx_word' id='word_1_708' title='bbox 1642 4620 1806 4691; x_wconf 61' lang='grc' dir='ltr'>κύκλι,</span> 
     </span>
    </p>
   </div>
   <div class='ocr_carea' id='block_1_94' title="bbox 1936 4617 3487 4692">
    <p class='ocr_par' dir='ltr' id='par_1_94' title="bbox 1936 4617 3487 4687">
     <span class='ocr_line' id='line_1_94' title="bbox 1936 4617 3487 4687; baseline 0 -11"><span class='ocrx_word' id='word_1_709' title='bbox 1936 4622 2101 4677; x_wconf 90' lang='lat' dir='ltr'><strong>lidunt</strong></span> <span class='ocrx_word' id='word_1_710' title='bbox 2134 4623 2185 4676; x_wconf 91' lang='lat' dir='ltr'><strong>in</strong></span> <span class='ocrx_word' id='word_1_711' title='bbox 2221 4622 2470 4687; x_wconf 90' lang='lat' dir='ltr'><strong>Domino,</strong></span> <span class='ocrx_word' id='word_1_712' title='bbox 2515 4619 2662 4675; x_wconf 90' lang='lat' dir='ltr'><strong>velut</strong></span> <span class='ocrx_word' id='word_1_713' title='bbox 2707 4632 2866 4675; x_wconf 87' lang='lat' dir='ltr'><strong>mons</strong></span> <span class='ocrx_word' id='word_1_714' title='bbox 2912 4617 3045 4674; x_wconf 91' lang='lat' dir='ltr'><strong>Sion</strong></span> <span class='ocrx_word' id='word_1_715' title='bbox 3089 4629 3237 4685; x_wconf 88' lang='lat' dir='ltr'><strong>sunt,</strong></span> <span class='ocrx_word' id='word_1_716' title='bbox 3284 4619 3357 4675; x_wconf 91' lang='lat' dir='ltr'><strong>ita</strong></span> <span class='ocrx_word' id='word_1_717' title='bbox 3403 4619 3487 4676; x_wconf 90' lang='lat' dir='ltr'><strong>his</strong></span> 
     </span>
    </p>
   </div>
   <div class='ocr_carea' id='block_1_95' title="bbox 257 4711 3485 4788">
    <p class='ocr_par' dir='ltr' id='par_1_95' title="bbox 257 4711 3485 4788">
     <span class='ocr_line' id='line_1_95' title="bbox 257 4711 3485 4788; baseline -0.003 -11"><span class='ocrx_word' id='word_1_718' title='bbox 257 4711 428 4782; x_wconf 74' lang='grc' dir='ltr'><strong>αὐτῆς</strong></span> <span class='ocrx_word' id='word_1_719' title='bbox 459 4711 581 4784; x_wconf 75' lang='grc' dir='ltr'>ὅρη.</span> <span class='ocrx_word' id='word_1_720' title='bbox 1927 4713 2215 4769; x_wconf 67' lang='lat' dir='ltr'><strong>inferiores</strong></span> <span class='ocrx_word' id='word_1_721' title='bbox 2252 4722 2415 4768; x_wconf 89' lang='lat' dir='ltr'><strong>erunt</strong></span> <span class='ocrx_word' id='word_1_722' title='bbox 2441 4715 2583 4770; x_wconf 87' lang='lat' dir='ltr'><strong>sicut</strong></span> <span class='ocrx_word' id='word_1_723' title='bbox 2612 4724 2829 4772; x_wconf 89' lang='lat' dir='ltr'><strong>montes</strong></span> <span class='ocrx_word' id='word_1_724' title='bbox 2860 4715 2951 4788; x_wconf 90' lang='lat' dir='ltr'><strong>qui</strong></span> <span class='ocrx_word' id='word_1_725' title='bbox 2983 4722 3115 4769; x_wconf 90' lang='lat' dir='ltr'><strong>sunt</strong></span> <span class='ocrx_word' id='word_1_726' title='bbox 3159 4712 3213 4767; x_wconf 91' lang='lat' dir='ltr'><strong>in</strong></span> <span class='ocrx_word' id='word_1_727' title='bbox 3255 4712 3485 4767; x_wconf 88' lang='lat' dir='ltr'><strong>circuitu</strong></span> 
     </span>
    </p>
   </div>
   <div class='ocr_carea' id='block_1_96' title="bbox 1925 4819 2062 4872">
    <p class='ocr_par' dir='ltr' id='par_1_96' title="bbox 1925 4819 2062 4872">
     <span class='ocr_line' id='line_1_96' title="bbox 1925 4819 2062 4872; baseline -0.015 -13"><span class='ocrx_word' id='word_1_728' title='bbox 1925 4819 2062 4872; x_wconf 66' lang='lat' dir='ltr'><strong>ejus.</strong></span> 
     </span>
    </p>
   </div>
   <div class='ocr_carea' id='block_1_97' title="bbox 335 4882 1886 4970">
    <p class='ocr_par' dir='ltr' id='par_1_97' title="bbox 335 4882 1826 4956">
     <span class='ocr_line' id='line_1_97' title="bbox 335 4882 1826 4956; baseline 0.004 -20"><span class='ocrx_word' id='word_1_729' title='bbox 335 4885 472 4952; x_wconf 86' lang='grc' dir='ltr'>Ὀρη</span> <span class='ocrx_word' id='word_1_730' title='bbox 510 4884 714 4950; x_wconf 81' lang='grc' dir='ltr'>κύκλῳ</span> <span class='ocrx_word' id='word_1_731' title='bbox 749 4882 971 4953; x_wconf 82' lang='grc' dir='ltr'>αὐτῆς,</span> <span class='ocrx_word' id='word_1_732' title='bbox 1012 4886 1111 4939; x_wconf 77' lang='grc' dir='ltr'>καὶ</span> <span class='ocrx_word' id='word_1_733' title='bbox 1141 4889 1175 4939; x_wconf 86' lang='grc' dir='ltr'><strong>ό</strong></span> <span class='ocrx_word' id='word_1_734' title='bbox 1214 4888 1429 4956; x_wconf 81' lang='grc' dir='ltr'>Κύριος</span> <span class='ocrx_word' id='word_1_735' title='bbox 1484 4888 1685 4952; x_wconf 75' lang='grc' dir='ltr'>κύκλῳ</span> <span class='ocrx_word' id='word_1_736' title='bbox 1718 4887 1826 4942; x_wconf 82' lang='grc' dir='ltr'><strong>τοῦ</strong></span> 
     </span>
    </p>
   </div>
   <div class='ocr_carea' id='block_1_98' title="bbox 1932 4882 3483 4970">
    <p class='ocr_par' dir='ltr' id='par_1_98' title="bbox 2000 4894 3483 4970">
     <span class='ocr_line' id='line_1_98' title="bbox 2000 4894 3483 4970; baseline -0.002 -21"><span class='ocrx_word' id='word_1_737' title='bbox 2000 4896 2164 4950; x_wconf 72' lang='lat' dir='ltr'><strong>Vens.</strong></span> <span class='ocrx_word' id='word_1_738' title='bbox 2203 4896 2259 4951; x_wconf 80' lang='lat'><strong>2.</strong></span> <span class='ocrx_word' id='word_1_739' title='bbox 2299 4895 2502 4952; x_wconf 79' lang='lat' dir='ltr'><strong>Montes</strong></span> <span class='ocrx_word' id='word_1_740' title='bbox 2534 4898 2590 4953; x_wconf 85' lang='lat' dir='ltr'><strong>in</strong></span> <span class='ocrx_word' id='word_1_741' title='bbox 2635 4897 2859 4951; x_wconf 83' lang='lat' dir='ltr'><strong>circuitu</strong></span> <span class='ocrx_word' id='word_1_742' title='bbox 2888 4897 3020 4970; x_wconf 86' lang='lat' dir='ltr'><strong>ejus,</strong></span> <span class='ocrx_word' id='word_1_743' title='bbox 3049 4905 3098 4951; x_wconf 85' lang='lat' dir='ltr'><strong>et</strong></span> <span class='ocrx_word' id='word_1_744' title='bbox 3142 4895 3399 4950; x_wconf 82' lang='lat' dir='ltr'><strong>Dominus</strong></span> <span class='ocrx_word' id='word_1_745' title='bbox 3428 4894 3483 4947; x_wconf 84' lang='lat' dir='ltr'><strong>in</strong></span> 
     </span>
    </p>
   </div>
   <div class='ocr_carea' id='block_1_99' title="bbox 254 4975 1805 5058">
    <p class='ocr_par' dir='ltr' id='par_1_99' title="bbox 254 4975 1805 5051">
     <span class='ocr_line' id='line_1_99' title="bbox 254 4975 1805 5051; baseline 0.003 -21"><span class='ocrx_word' id='word_1_746' title='bbox 254 4975 412 5030; x_wconf 71' lang='grc' dir='ltr'>λαοῦ</span> <span class='ocrx_word' id='word_1_747' title='bbox 435 4975 622 5030; x_wconf 81' lang='grc' dir='ltr'>αὑτοῦ</span> <span class='ocrx_word' id='word_1_748' title='bbox 644 5016 660 5040; x_wconf 89' lang='grc'><strong>,</strong></span> <span class='ocrx_word' id='word_1_749' title='bbox 688 4993 740 5030; x_wconf 88' lang='grc' dir='ltr'><strong>κ.</strong></span> <span class='ocrx_word' id='word_1_750' title='bbox 776 4994 829 5029; x_wconf 91' lang='grc' dir='ltr'>τ.</span> <span class='ocrx_word' id='word_1_751' title='bbox 860 4978 906 5031; x_wconf 86' lang='grc' dir='ltr'><strong>ἐ.</strong></span> <span class='ocrx_word' id='word_1_752' title='bbox 948 4979 1083 5049; x_wconf 87' lang='grc' dir='ltr'>Ὄρη</span> <span class='ocrx_word' id='word_1_753' title='bbox 1114 4978 1296 5050; x_wconf 84' lang='grc' dir='ltr'>κύκλῳ</span> <span class='ocrx_word' id='word_1_754' title='bbox 1321 4980 1429 5050; x_wconf 76' lang='grc'><strong>(75)</strong></span> <span class='ocrx_word' id='word_1_755' title='bbox 1475 4978 1805 5051; x_wconf 81' lang='grc' dir='ltr'>Ἱερουσαλὴι.</span> 
     </span>
    </p>
   </div>
   <div class='ocr_carea' id='block_1_100' title="bbox 1931 4975 3482 5058">
    <p class='ocr_par' dir='ltr' id='par_1_100' title="bbox 1931 4984 3482 5058">
     <span class='ocr_line' id='line_1_100' title="bbox 1931 4984 3482 5058; baseline -0.003 -15"><span class='ocrx_word' id='word_1_756' title='bbox 1931 4990 2154 5043; x_wconf 89' lang='lat' dir='ltr'><strong>circuitu</strong></span> <span class='ocrx_word' id='word_1_757' title='bbox 2187 4990 2368 5058; x_wconf 85' lang='lat' dir='ltr'><strong>populi</strong></span> <span class='ocrx_word' id='word_1_758' title='bbox 2407 4990 2513 5057; x_wconf 85' lang='lat' dir='ltr'><strong>sui,</strong></span> <span class='ocrx_word' id='word_1_759' title='bbox 2556 4999 2664 5045; x_wconf 90' lang='lat' dir='ltr'><strong>etc.</strong></span> <span class='ocrx_word' id='word_1_760' title='bbox 2695 4988 2907 5046; x_wconf 80' lang='lat' dir='ltr'><strong>Mantes</strong></span> <span class='ocrx_word' id='word_1_761' title='bbox 2957 4991 3008 5042; x_wconf 92' lang='lat' dir='ltr'><strong>in</strong></span> <span class='ocrx_word' id='word_1_762' title='bbox 3049 4988 3279 5043; x_wconf 89' lang='lat' dir='ltr'><strong>circuitu</strong></span> <span class='ocrx_word' id='word_1_763' title='bbox 3324 4984 3482 5040; x_wconf 53' lang='lat' dir='ltr'><strong>Jeru.</strong></span> 
     </span>
    </p>
   </div>
   <div class='ocr_carea' id='block_1_101' title="bbox 258 5064 1809 5144">
    <p class='ocr_par' dir='ltr' id='par_1_101' title="bbox 258 5064 1809 5144">
     <span class='ocr_line' id='line_1_101' title="bbox 258 5064 1809 5144; baseline 0 -20"><span class='ocrx_word' id='word_1_764' title='bbox 258 5069 555 5140; x_wconf 83' lang='grc' dir='ltr'>δυνάμεις,</span> <span class='ocrx_word' id='word_1_765' title='bbox 588 5064 774 5139; x_wconf 77' lang='grc' dir='ltr'>οἶμαι,</span> <span class='ocrx_word' id='word_1_766' title='bbox 823 5069 963 5123; x_wconf 86' lang='grc' dir='ltr'>θεῖαί</span> <span class='ocrx_word' id='word_1_767' title='bbox 1016 5073 1141 5125; x_wconf 88' lang='grc' dir='ltr'>είσι.</span> <span class='ocrx_word' id='word_1_768' title='bbox 1182 5091 1203 5125; x_wconf 77' lang='lat' dir='ltr'><strong>t</strong></span> <span class='ocrx_word' id='word_1_769' title='bbox 1246 5072 1665 5142; x_wconf 78' lang='grc' dir='ltr'>Παρεμϐάλλει»</span> <span class='ocrx_word' id='word_1_770' title='bbox 1716 5071 1809 5144; x_wconf 78' lang='grc' dir='ltr'><strong>γὰε</strong></span> 
     </span>
    </p>
   </div>
   <div class='ocr_carea' id='block_1_102' title="bbox 1932 5064 3483 5144">
    <p class='ocr_par' dir='ltr' id='par_1_102' title="bbox 1932 5075 3483 5135">
     <span class='ocr_line' id='line_1_102' title="bbox 1932 5075 3483 5135; baseline -0.003 -3"><span class='ocrx_word' id='word_1_771' title='bbox 1932 5078 2096 5133; x_wconf 86' lang='lat' dir='ltr'><strong>salem</strong></span> <span class='ocrx_word' id='word_1_772' title='bbox 2128 5080 2368 5135; x_wconf 85' lang='lat' dir='ltr'><strong>arbitror</strong></span> <span class='ocrx_word' id='word_1_773' title='bbox 2395 5093 2517 5135; x_wconf 86' lang='lat' dir='ltr'><strong>esse</strong></span> <span class='ocrx_word' id='word_1_774' title='bbox 2540 5080 2752 5135; x_wconf 85' lang='lat' dir='ltr'><strong>divinas</strong></span> <span class='ocrx_word' id='word_1_775' title='bbox 2779 5080 3025 5133; x_wconf 89' lang='lat' dir='ltr'><strong>virtutes.</strong></span> <span class='ocrx_word' id='word_1_776' title='bbox 3055 5075 3190 5131; x_wconf 88' lang='lat' dir='ltr'><strong>Nam</strong></span> <span class='ocrx_word' id='word_1_777' title='bbox 3226 5094 3245 5127; x_wconf 78' lang='grc' dir='ltr'><strong>ι</strong></span> <span class='ocrx_word' id='word_1_778' title='bbox 3274 5083 3483 5130; x_wconf 82' lang='lat' dir='ltr'><strong>castra-</strong></span> 
     </span>
    </p>
   </div>
   <div class='ocr_carea' id='block_1_103' title="bbox 261 5160 1812 5242">
    <p class='ocr_par' dir='ltr' id='par_1_103' title="bbox 261 5160 1812 5235">
     <span class='ocr_line' id='line_1_103' title="bbox 261 5160 1812 5235; baseline 0.001 -20"><span class='ocrx_word' id='word_1_779' title='bbox 261 5183 280 5215; x_wconf 75' lang='grc' dir='ltr'><strong>ι</strong></span> <span class='ocrx_word' id='word_1_780' title='bbox 316 5160 550 5231; x_wconf 78' lang='grc' dir='ltr'>ἅγγελος</span> <span class='ocrx_word' id='word_1_781' title='bbox 597 5160 804 5232; x_wconf 88' lang='grc' dir='ltr'>Κυρίου</span> <span class='ocrx_word' id='word_1_782' title='bbox 838 5161 1022 5233; x_wconf 86' lang='grc' dir='ltr'>κύκλῳ</span> <span class='ocrx_word' id='word_1_783' title='bbox 1066 5162 1176 5216; x_wconf 85' lang='grc' dir='ltr'>τῶν</span> <span class='ocrx_word' id='word_1_784' title='bbox 1230 5164 1582 5235; x_wconf 81' lang='grc' dir='ltr'>φοϐουμένων</span> <span class='ocrx_word' id='word_1_785' title='bbox 1627 5164 1812 5217; x_wconf 70' lang='grc' dir='ltr'>αὐτόνε</span> 
     </span>
    </p>
   </div>
   <div class='ocr_carea' id='block_1_104' title="bbox 1929 5160 3480 5242">
    <p class='ocr_par' dir='ltr' id='par_1_104' title="bbox 1931 5165 3480 5242">
     <span class='ocr_line' id='line_1_104' title="bbox 1931 5165 3480 5242; baseline -0.004 -19"><span class='ocrx_word' id='word_1_786' title='bbox 1931 5179 2168 5225; x_wconf 88' lang='lat' dir='ltr'><strong>metatur</strong></span> <span class='ocrx_word' id='word_1_787' title='bbox 2225 5170 2453 5242; x_wconf 74' lang='lat' dir='ltr'><strong>angelus</strong></span> <span class='ocrx_word' id='word_1_788' title='bbox 2509 5170 2723 5226; x_wconf 88' lang='lat' dir='ltr'><strong>Domini</strong></span> <span class='ocrx_word' id='word_1_789' title='bbox 2788 5171 2840 5226; x_wconf 92' lang='lat' dir='ltr'><strong>in</strong></span> <span class='ocrx_word' id='word_1_790' title='bbox 2901 5170 3131 5225; x_wconf 90' lang='lat' dir='ltr'><strong>circuitu</strong></span> <span class='ocrx_word' id='word_1_791' title='bbox 3180 5165 3480 5223; x_wconf 82' lang='lat' dir='ltr'><strong>timentium</strong></span> 
     </span>
    </p>
   </div>
   <div class='ocr_carea' id='block_1_105' title="bbox 318 5299 2202 5371">
    <p class='ocr_par' dir='ltr' id='par_1_105' title="bbox 318 5299 2202 5371">
     <span class='ocr_line' id='line_1_105' title="bbox 318 5299 2202 5371; baseline 0.002 -16"><span class='ocrx_word' id='word_1_792' title='bbox 318 5308 367 5343; x_wconf 70' lang='grc' dir='ltr'>η</span> <span class='ocrx_word' id='word_1_793' title='bbox 398 5299 467 5356; x_wconf 84' lang='lat' dir='ltr'><strong>Ill</strong></span> <span class='ocrx_word' id='word_1_794' title='bbox 491 5299 622 5368; x_wconf 76' lang='lat' dir='ltr'><strong>Reg.</strong></span> <span class='ocrx_word' id='word_1_795' title='bbox 647 5314 781 5363; x_wconf 76' lang='lat' dir='ltr'><strong>xvii,</strong></span> <span class='ocrx_word' id='word_1_796' title='bbox 806 5299 843 5353; x_wconf 70' lang='grc' dir='ltr'>Ξ</span> <span class='ocrx_word' id='word_1_797' title='bbox 868 5308 921 5354; x_wconf 91' lang='lat' dir='ltr'><strong>et</strong></span> <span class='ocrx_word' id='word_1_798' title='bbox 944 5314 1101 5370; x_wconf 83' lang='lat' dir='ltr'><strong>seqq.</strong></span> <span class='ocrx_word' id='word_1_799' title='bbox 1173 5299 1221 5333; x_wconf 80' lang='lat'><strong>&quot;</strong></span> <span class='ocrx_word' id='word_1_800' title='bbox 1250 5299 1423 5355; x_wconf 79' lang='lat' dir='ltr'><strong>Exod.</strong></span> <span class='ocrx_word' id='word_1_801' title='bbox 1451 5315 1545 5369; x_wconf 80' lang='lat' dir='ltr'><strong>xx,</strong></span> <span class='ocrx_word' id='word_1_802' title='bbox 1577 5302 1661 5357; x_wconf 66' lang='lat' dir='ltr'><strong>lt.</strong></span> <span class='ocrx_word' id='word_1_803' title='bbox 1736 5303 1781 5336; x_wconf 80' lang='lat'><strong>&quot;</strong></span> <span class='ocrx_word' id='word_1_804' title='bbox 1808 5303 1963 5362; x_wconf 81' lang='lat' dir='ltr'><strong>Rom.</strong></span> <span class='ocrx_word' id='word_1_805' title='bbox 1994 5320 2122 5371; x_wconf 83' lang='lat' dir='ltr'><strong>xm,</strong></span> <span class='ocrx_word' id='word_1_806' title='bbox 2146 5305 2202 5360; x_wconf 88' lang='lat'><strong>9.</strong></span> 
     </span>
    </p>
   </div>
   <div class='ocr_carea' id='block_1_106' title="bbox 329 5417 1880 5497">
    <p class='ocr_par' dir='ltr' id='par_1_106' title="bbox 329 5420 1823 5497">
     <span class='ocr_line' id='line_1_106' title="bbox 329 5420 1823 5497; baseline 0.001 -20"><span class='ocrx_word' id='word_1_807' title='bbox 329 5423 439 5494; x_wconf 86' lang='lat'><strong>(68)</strong></span> <span class='ocrx_word' id='word_1_808' title='bbox 462 5421 882 5497; x_wconf 71' lang='grc' dir='ltr'>Ἐρρύονθημεν,</span> <span class='ocrx_word' id='word_1_809' title='bbox 938 5429 1045 5475; x_wconf 90' lang='lat' dir='ltr'><strong>etc.</strong></span> <span class='ocrx_word' id='word_1_810' title='bbox 1102 5420 1326 5497; x_wconf 53' lang='lat' dir='ltr'><strong>Schema}</strong></span> <span class='ocrx_word' id='word_1_811' title='bbox 1376 5420 1595 5497; x_wconf 70' lang='lat' dir='ltr'><strong>Grallij;</strong></span> <span class='ocrx_word' id='word_1_812' title='bbox 1647 5423 1823 5497; x_wconf 83' lang='lat' dir='ltr'><strong>simile</strong></span> 
     </span>
    </p>
   </div>
   <div class='ocr_carea' id='block_1_107' title="bbox 1824 5417 3375 5497">
    <p class='ocr_par' dir='ltr' id='par_1_107' title="bbox 1992 5417 3375 5497">
     <span class='ocr_line' id='line_1_107' title="bbox 1992 5417 3375 5497; baseline -0.004 -18"><span class='ocrx_word' id='word_1_813' title='bbox 1992 5425 2108 5497; x_wconf 72' lang='grc' dir='ltr'><strong>(Ἠ)</strong></span> <span class='ocrx_word' id='word_1_814' title='bbox 2141 5428 2207 5479; x_wconf 82' lang='grc' dir='ltr'><em>Οἱ</em></span> <span class='ocrx_word' id='word_1_815' title='bbox 2233 5426 2719 5495; x_wconf 76' lang='grc' dir='ltr'>προσερχόμενοι,</span> <span class='ocrx_word' id='word_1_816' title='bbox 2751 5432 2857 5479; x_wconf 89' lang='lat' dir='ltr'><strong>etc.</strong></span> <span class='ocrx_word' id='word_1_817' title='bbox 2884 5421 3087 5479; x_wconf 78' lang='lat' dir='ltr'><strong>Catena</strong></span> <span class='ocrx_word' id='word_1_818' title='bbox 3113 5417 3375 5477; x_wconf 87' lang='lat' dir='ltr'><strong>Cordcrii.</strong></span> 
     </span>
    </p>
   </div>
   <div class='ocr_carea' id='block_1_108' title="bbox 260 5490 2833 5587">
    <p class='ocr_par' dir='ltr' id='par_1_108' title="bbox 260 5490 2833 5587">
     <span class='ocr_line' id='line_1_108' title="bbox 260 5490 2833 5587; baseline 0 0"><span class='ocrx_word' id='word_1_819' title='bbox 260 5490 439 5587; x_wconf 59' lang='lat' dir='ltr'><strong>«ex:</strong></span> <span class='ocrx_word' id='word_1_820' title='bbox 462 5490 1785 5587; x_wconf 49' lang='lat' dir='ltr'><strong>auaraearcereareszitacaesarem-</strong></span> <span class='ocrx_word' id='word_1_821' title='bbox 1993 5490 2106 5587; x_wconf 59' lang='grc' dir='ltr'>(τε)</span> <span class='ocrx_word' id='word_1_822' title='bbox 2128 5519 2198 5571; x_wconf 75' lang='grc' dir='ltr'><strong>ει</strong></span> <span class='ocrx_word' id='word_1_823' title='bbox 2228 5490 2295 5570; x_wconf 51' lang='lat' dir='ltr'><strong>ac</strong></span> <span class='ocrx_word' id='word_1_824' title='bbox 2613 5514 2833 5568; x_wconf 64' lang='lat' dir='ltr'><strong>eadem.</strong></span> 
     </span>
    </p>
   </div>
   <div class='ocr_carea' id='block_1_109' title="bbox 351 5561 1902 5629">
    <p class='ocr_par' dir='ltr' id='par_1_109' title="bbox 351 5561 1640 5629">
     <span class='ocr_line' id='line_1_109' title="bbox 351 5561 1640 5629; baseline 0.003 -13"><span class='ocrx_word' id='word_1_825' title='bbox 351 5563 441 5627; x_wconf 88' lang='lat'><strong>69)</strong></span> <span class='ocrx_word' id='word_1_826' title='bbox 474 5563 844 5629; x_wconf 78' lang='grc' dir='ltr'><strong>Θηρεύουσιν·</strong></span> <span class='ocrx_word' id='word_1_827' title='bbox 862 5562 981 5625; x_wconf 81' lang='grc' dir='ltr'>ἐπί,</span> <span class='ocrx_word' id='word_1_828' title='bbox 1011 5572 1117 5616; x_wconf 92' lang='lat' dir='ltr'><strong>etc.</strong></span> <span class='ocrx_word' id='word_1_829' title='bbox 1147 5563 1349 5615; x_wconf 74' lang='lat' dir='ltr'><strong>Catena</strong></span> <span class='ocrx_word' id='word_1_830' title='bbox 1376 5561 1640 5620; x_wconf 88' lang='lat' dir='ltr'><strong>Corderii.</strong></span> 
     </span>
    </p>
   </div>
   <div class='ocr_carea' id='block_1_110' title="bbox 834 5561 2385 5629">
    <p class='ocr_par' dir='ltr' id='par_1_110' title="bbox 834 5561 2385 5629">
     <span class='ocr_line' id='line_1_110' title="bbox 834 5561 2385 5629; baseline 0.01 -16"><span class='ocrx_word' id='word_1_831' title='bbox 834 5562 981 5625; x_wconf 80' lang='grc' dir='ltr'>·ὲπί,</span> <span class='ocrx_word' id='word_1_832' title='bbox 1011 5572 1117 5616; x_wconf 88' lang='lat' dir='ltr'><strong>etc.</strong></span> <span class='ocrx_word' id='word_1_833' title='bbox 1147 5563 1349 5615; x_wconf 74' lang='lat' dir='ltr'><strong>Catena</strong></span> <span class='ocrx_word' id='word_1_834' title='bbox 1376 5561 1640 5620; x_wconf 87' lang='lat' dir='ltr'><strong>Corderii.</strong></span> <span class='ocrx_word' id='word_1_835' title='bbox 1994 5561 2295 5629; x_wconf 51' lang='lat'><strong>3:11:57</strong></span> <span class='ocrx_word' id='word_1_836' title='bbox 2323 5561 2385 5629; x_wconf 49' lang='grc' dir='ltr'><strong>ί]</strong></span> 
     </span>
    </p>
   </div>
   <div class='ocr_carea' id='block_1_111' title="bbox 330 5569 1881 5697">
    <p class='ocr_par' dir='ltr' id='par_1_111' title="bbox 330 5569 1640 5697">
     <span class='ocr_line' id='line_1_111' title="bbox 351 5569 1640 5629; baseline 0.003 -13"><span class='ocrx_word' id='word_1_837' title='bbox 351 5569 441 5627; x_wconf 81' lang='lat'><strong>69)</strong></span> <span class='ocrx_word' id='word_1_838' title='bbox 474 5569 844 5629; x_wconf 78' lang='grc' dir='ltr'>Θηρεῡουσιν·</span> <span class='ocrx_word' id='word_1_839' title='bbox 862 5569 981 5625; x_wconf 80' lang='grc' dir='ltr'>ἐπι,</span> <span class='ocrx_word' id='word_1_840' title='bbox 1011 5572 1117 5616; x_wconf 92' lang='lat' dir='ltr'><strong>etc.</strong></span> <span class='ocrx_word' id='word_1_841' title='bbox 1147 5569 1349 5615; x_wconf 70' lang='lat' dir='ltr'><strong>catena</strong></span> <span class='ocrx_word' id='word_1_842' title='bbox 1376 5569 1640 5620; x_wconf 79' lang='lat' dir='ltr'><strong>Corderii.</strong></span> 
     </span>
     <span class='ocr_line' id='line_1_112' title="bbox 330 5569 1581 5697; baseline 0.002 -12"><span class='ocrx_word' id='word_1_843' title='bbox 330 5569 443 5697; x_wconf 49' lang='lat' dir='ltr'><strong>iro)</strong></span> <span class='ocrx_word' id='word_1_844' title='bbox 489 5632 546 5688; x_wconf 82' lang='grc' dir='ltr'><em>Ἡ</em></span> <span class='ocrx_word' id='word_1_845' title='bbox 568 5631 678 5696; x_wconf 77' lang='grc' dir='ltr'><strong>μὲν</strong></span> <span class='ocrx_word' id='word_1_846' title='bbox 700 5630 949 5695; x_wconf 74' lang='grc' dir='ltr'>Παλαιὰ,</span> <span class='ocrx_word' id='word_1_847' title='bbox 977 5641 1084 5688; x_wconf 87' lang='lat' dir='ltr'><strong>etc.</strong></span> <span class='ocrx_word' id='word_1_848' title='bbox 1122 5630 1346 5687; x_wconf 78' lang='lat' dir='ltr'><strong>Schedae</strong></span> <span class='ocrx_word' id='word_1_849' title='bbox 1376 5633 1581 5689; x_wconf 85' lang='lat' dir='ltr'><strong>Grabii.</strong></span> 
     </span>
    </p>
   </div>
   <div class='ocr_carea' id='block_1_112' title="bbox 1374 5569 2925 5697">
    <p class='ocr_par' dir='ltr' id='par_1_112' title="bbox 1376 5569 2925 5689">
     <span class='ocr_line' id='line_1_113' title="bbox 1376 5569 2925 5689; baseline -0.012 -7"><span class='ocrx_word' id='word_1_850' title='bbox 1376 5569 1640 5689; x_wconf 46' lang='lat'><strong>33235“</strong></span> <span class='ocrx_word' id='word_1_851' title='bbox 1996 5569 2107 5683; x_wconf 65' lang='lat' dir='ltr'><strong>Z753</strong></span> <span class='ocrx_word' id='word_1_852' title='bbox 2129 5569 2286 5679; x_wconf 69' lang='grc' dir='ltr'>ῖορη</span> <span class='ocrx_word' id='word_1_853' title='bbox 2317 5569 2556 5673; x_wconf 51' lang='lat' dir='ltr'><strong>ea...</strong></span> <span class='ocrx_word' id='word_1_854' title='bbox 2578 5618 2682 5665; x_wconf 86' lang='lat' dir='ltr'><strong>etc.</strong></span> <span class='ocrx_word' id='word_1_855' title='bbox 2708 5606 2925 5663; x_wconf 81' lang='lat' dir='ltr'><strong>Eadem.</strong></span> 
     </span>
    </p>
   </div>
  </div>
