3928 6158
253 173 393 232 ιιιι

1168 174 1479 235 FELECTA
1518 179 1583 235 IN
1621 181 1962 242 PSALMOS.
1999 215 2069 225 —
2106 185 2301 244 PSAL.
2337 184 2571 244 CXXVI.

3343 191 3482 246 1649.

230 308 382 361 prog-
434 287 540 344 τοῦ
586 287 831 357 ποιῆσαι
875 288 1002 359 μετ’
1054 293 1269 359 αὐτᾶν,
1319 313 1373 348 κ.
1414 312 1468 352 τ.
1512 297 1560 350 ὲ.
1613 319 1630 348 ι
1666 299 1807 351 Μετᾶ

1922 301 2097 354 minus
2131 302 2305 370 facere
2330 318 2448 356 cum
2473 304 2570 367 eis,
2606 311 2712 358 etc.
2759 321 2778 356 ι
2811 302 2941 360 Post
2975 306 3091 362 haec
3113 307 3257 363 enim
3293 307 3348 362 in
3374 314 3484 363 ter-

240 379 423 436 ταῦτα
448 378 556 449 (80)
584 379 692 451 γὰρ
712 379 804 433 ἐπὶ
832 379 929 452 τῆς
953 376 1055 453 γῆς
1073 379 1249 455 ὤφθη,
1266 387 1360 440 καὶ
1382 387 1495 451 τοῖς
1518 387 1822 459 ἀνθρώποις

244 470 684 542 συνανεστράφη.
721 490 740 522 ι

334 558 743 631 Ἐπίστρεψον,
787 566 983 633 Κύριε,
1034 566 1150 635 τὴν
1193 571 1608 639 αἰχμαλωσίαν
1649 571 1819 641 ’ἡμῶν

236 653 332 719 ὡς
382 652 735 721 χειμάρῤους
783 655 853 707 ἐν
899 655 978 721 τῷ
1025 659 1198 721 νότῳ,
1250 677 1305 712 κ.
1350 678 1403 716 τ.
1449 663 1495 715 ὲ.
1542 663 1819 735 Ἀνωτέρω

242 742 351 814 μὲν
388 743 500 813 (81)
530 744 605 808 ὡς
648 745 747 815 ἤδη
792 748 1123 820 ἐπιστροφῆς
1168 749 1277 804 ἀπὸ
1318 752 1415 822 τῆς
1443 754 1818 824 αἰχμαλωσίας

235 833 548 904 γενομένης
598 836 841 905 εἴρηνται
891 839 940 890 οί
986 838 1079 891 δύο
1112 839 1307 910 στίχοι·
1354 840 1447 894 νῦν
1480 842 1537 896 δὲ
1585 843 1715 897 ὡσεὶ
1761 845 1821 898 ἐν

228 923 595 997 αἰχμαλωσίᾳ
637 924 711 978 ὢν
758 926 930 981 ταῦτά
984 945 1147 999 φησιν
1182 932 1209 982 ὁ
1252 933 1568 1003 Προφήτης·
1609 933 1670 986 τὸ
1718 934 1819 1005 μὲν

234 1015 512 1086 πρότερον
544 1017 918 1089 προφητεύων,
943 1015 1120 1091 οἶμαι,
1160 1023 1287 1093 περ).
1319 1023 1428 1077 τῶν
1471 1026 1813 1079 ἀποστόλων·

235 1108 310 1162 τὸ
338 1110 392 1163 δὲ
433 1109 684 1182 δεύτερον
716 1113 780 1164 ὲκ
815 1114 1104 1185 προσώπου
1131 1112 1305 1185 λέγων
1344 1117 1533 1172 ἐθνῶν.
1558 1119 1678 1172 Τῶν
1709 1119 1817 1191 γὰρ

234 1203 307 1254 ὲν
330 1204 441 1266 τοῖς
468 1201 674 1256 ἔθνεσιν
703 1205 816 1258 ἐστι
844 1206 911 1259 τὰ
935 1207 1041 1260 ἀπὸ
1065 1207 1176 1272 τοῦ,
1209 1227 1226 1259 ι
1259 1209 1586 1279 Ἐμεγάλυνε
1612 1209 1817 1283 Κύριος

164 1370 175 1377 .
231 1295 339 1348 τοῦ
362 1292 584 1365 ποιῆσαι
604 1296 740 1367 μετὰ
770 1298 989 1363 τούτων,
1022 1299 1159 1364 »ἓως
1180 1299 1294 1367 τοῦ,
1319 1320 1337 1352 ι
1371 1302 1457 1366 Ὠς
1486 1304 1815 1375 χειμάρρους

233 1387 306 1441 ὲν
332 1386 409 1457 τῷ
439 1385 593 1459 νότῳ.
624 1407 642 1440 ι

319 1480 384 1531 Ol
421 1478 773 1547 σπείροντες
807 1478 876 1532 ἐν
911 1478 1206 1549 δάκρυσιν
1230 1481 1300 1535 ἐν
1325 1482 1680 1552 ἀγαλλιάσει
1725 1487 1817 1539 θε-

1923 408 1983 447 ra
2009 393 2159 448 visus
2186 403 2290 458 est.
2318 404 2375 449 et
2404 410 2526 449 eum
2558 395 2870 451 hominibus
2902 408 3255 453 conversatus
3284 400 3419 453 est“.
3456 420 3478 452 ι

1989 483 2152 538 Vsus.
2186 483 2244 538 4.
2287 485 2558 552 Converte,
2585 484 2828 549 Domine,
2858 488 3207 557 captivitatem
3244 501 3482 543 nostram

1918 571 2055 627 sicut
2088 583 2293 627 torrens
2325 576 2378 628 in
2417 587 2619 638 austro,
2648 584 2756 630 etc.
2788 575 3051 642 Superius
3094 577 3314 645 quidem
3366 587 3487 632 tan-

1888 677 2083 732 -quam
2118 665 2429 720 reversione
2468 680 2497 719 a
2533 667 2846 735 captivitate
2876 666 2987 735 jam
3021 666 3159 721 facta
3192 667 3322 722 dicti
3352 677 3483 723 sunt

1921 755 2029 809 duo
2064 756 2348 823 versiculi;
2381 773 2524 811 nunc
2552 766 2732 813 autem
2769 768 3023 828 tanquam
3076 761 3128 815 in
3165 761 3482 830 captivitate

1918 845 2188 917 PrOpheta
2221 852 2335 903 haec.
2368 850 2534 917 dicit;
2566 853 2801 920 primum
2835 854 3077 922 quidem,
3126 862 3186 907 ut
3217 853 3480 919 arbitror,

1918 939 1984 994 de
2016 941 2279 1008 apostolis
2314 942 2663 1011 vaticinans;
2698 946 2994 999 secundum
3029 959 3160 1000 vero
3192 944 3478 1014 proferens

1917 1044 1984 1084 ex
2009 1045 2241 1098 persona
2265 1031 2526 1100 gentium.
2554 1031 2650 1086 llla
2683 1034 2826 1087 enim
2858 1049 2977 1105 qute
3030 1044 3159 1091 sunt
3213 1051 3243 1089 a
3291 1035 3479 1093 verbis

1917 1121 2076 1184 istis,
2119 1139 2138 1171 ‹
2191 1120 2557 1190 Magniﬁcavit
2609 1121 2870 1178 Dominus
2916 1124 3096 1179 facere
3119 1138 3241 1179 cum
3286 1125 3407 1190 eis,
3450 1143 3477 1177 ι

1918 1223 2087 1276 usque
2131 1210 2196 1263 ad
2230 1210 2316 1263 illa
2348 1252 2363 1274 ,
2401 1228 2420 1261 ι
2462 1211 2602 1267 sicut
2654 1220 2871 1268 torrens
2907 1213 2964 1267 in
3002 1221 3188 1270 austro
3213 1253 3228 1281 ,
3267 1232 3289 1269 ι
3328 1215 3476 1273 dicta

1914 1310 2041 1356 sunt
2073 1316 2101 1354 a
2127 1302 2399 1370 gentibus.

1982 1486 2146 1542 Vens.
2178 1492 2233 1541 5.
2278 1488 2383 1554 Qui
2409 1493 2670 1543 seminam
2696 1505 2750 1544 ιη
2792 1492 3084 1562 lacrymis,
3135 1493 3192 1545 in
3241 1501 3481 1548 exsulla.

219 1571 497 1640 ριοῦσιν,
533 1590 586 1625 κ.
621 1589 673 1627 τ.
707 1574 754 1626 ὲ.
788 1575 849 1626 Οἱ
899 1575 997 1645 μὲν
1036 1576 1135 1646 τὴν
1178 1575 1287 1647 (82)
1338 1577 1642 1649 πρακτικὴν
1678 1578 1807 1650 μετὰ

1919 1579 2049 1633 tione
2074 1588 2285 1643 meteut,
2313 1591 2418 1634 etc.
2454 1580 2552 1647 Qui
2590 1597 2711 1636 cum
2754 1582 2942 1638 labore
2968 1595 3025 1638 et
3060 1586 3314 1656 lacrymis
3343 1602 3471 1656 ope-

233 1661 410 1716 πόνου
440 1662 533 1716 καὶ
561 1664 807 1736 δακρύων
839 1666 1298 1739 κατεργαζόμενοι
1328 1670 1385 1721 ὲν
1408 1669 1637 1744 δάκρυσι
1666 1671 1807 1725 σπεί-

1919 1681 2124 1738 rantur,
2154 1673 2206 1727 in
2240 1675 2495 1744 Iacrymis
2520 1675 2824 1744 seminant;
2871 1679 2962 1748 qui
2989 1692 3118 1734 vero
3155 1681 3363 1749 absque
3396 1680 3473 1734 la-

234 1768 456 1825 ρουσιν·
489 1756 537 1807 οἰ
574 1754 630 1808 δὲ
659 1757 756 1828 τῆς
784 1756 1035 1825 γνώσεως
1062 1760 1276 1824 ἀπόνως
1306 1761 1807 1834 μεταλαμϐάνοντες

1919 1765 2040 1820 bore
2067 1766 2310 1822 scientiae
2339 1767 2465 1822 tacti
2498 1778 2625 1824 sunt
2656 1771 2944 1841 participes
2967 1811 2983 1839 ,
3024 1773 3076 1827 in
3106 1772 3470 1828 exsultatione

227 1845 303 1899 ὲν
334 1845 648 1917 ἀγαλλιάσει
676 1847 931 1920 θεριοῦσι.

1919 1865 2133 1915 malent.

765 2037 1057 2091 ΨΑΛΜΟΣ
1094 2040 1284 2106 qu'.

324 2122 458 2178 Ἐὰν
483 2123 563 2194 μὴ
594 2126 805 2195 Κύριος
851 2126 1216 2197 οἰκοδομήσῃ
1269 2122 1455 2194 οἶκον,
1483 2128 1569 2196 εἰς
1609 2127 1807 2199 μάτην·

225 2209 574 2271 ἑκοπίασαν
624 2221 678 2271 οἱ
736 2218 1215 2288 οἰκοδομοῦντες·
1277 2219 1386 2274 ἐὰν
1441 2216 1526 2289 μὴ
1592 2223 1805 2290 Κύριος

228 2304 481 2378 φυλάξῃ
507 2310 705 2375 πόλιν,
736 2313 823 2377 εἰς
855 2309 1053 2380 μάτην
1085 2312 1473 2381 ήγρύπνησεν
1504 2316 1535 2366 ό
1571 2314 1808 2383 φυλάσο

228 2414 387 2463 σων,
422 2417 476 2454 κ.
507 2418 557 2453 τ.
589 2402 635 2454 ὲ.
673 2403 951 2473 Χρηπέον
1001 2401 1078 2473 τῷ
1132 2403 1281 2475 ῥητῷ
1334 2403 1446 2475 (85)
1496 2405 1634 2476 πρὸς
1683 2406 1812 2471 τοὺς

229 2494 339 2564 τῆς
382 2494 751 2565 ὑπερηφανίας
789 2492 1100 2565 λογισμούς.
1141 2495 1265 2549 Ἐὰν
1306 2494 1380 2567 μὴ
1421 2495 1624 2569 Κύριος
1665 2498 1811 2551 οἰκο-

227 2584 450 2659 δομήσῃ
477 2586 563 2640 διὰ
614 2586 927 2657 ωνεργείας
966 2585 1064 2657 τῆς
1115 2588 1243 2658 παρ’
1288 2586 1470 2655 αὑτοῦ,
1516 2591 1595 2654 εἰς
1629 2591 1808 2663 μάτην

230 2678 535 2731 ἐκοπίασαν
564 2679 612 2731 οἰ
642 2676 1064 2749 οἰκοδομοῦντες.

314 2767 424 2822 Τοῦ
488 2768 692 2823 αὐτοῦ.
745 2768 968 2839 Πρῶτον
1018 2768 1374 2840 «ᾠκοδόμησε
1431 2767 1551 2842 (84)
1603 2771 1805 2844 Κύριος

2396 2033 2720 2092 PSALMUS
2749 2031 2985 2089 CXXVI.

1982 2130 2149 2189 Vsus.
2178 2133 2229 2187 1.
2286 2130 2412 2186 Nisi
2457 2130 2716 2183 Dominus
2764 2126 3102 2195 wdiﬁcaverit
3133 2123 3379 2184 domum,
3416 2125 3471 2175 ιἰι

1911 2242 2108 2281 vanum
2160 2225 2526 2278 laboraverunt
2570 2221 2662 2292 qui
2702 2220 2991 2287 aediﬁcant.
3038 2214 3161 2270 Nisi
3211 2215 3469 2269 Dominus

1915 2316 2228 2374 custodierit
2274 2315 2571 2380 civitatem,
2617 2312 2817 2382 frustra
2856 2310 3039 2382 vigilat
3076 2309 3167 2380 qui
3219 2310 3470 2374 custodit,

1911 2414 2021 2459 etc.
2055 2403 2321 2459 Utendum
2352 2403 2437 2456 bis
2491 2401 2672 2455 verbis
2718 2409 2905 2455 contra
2963 2401 3223 2468 superbas
3273 2400 3473 2468 cogita-

1909 2497 2104 2551 tiones.
2133 2494 2247 2551 Nisi
2279 2494 2532 2549 Dominus
2560 2492 2918 2549 aediﬁcaverit
2960 2507 3117 2547 suum
3148 2491 3468 2560 impertiens

1908 2588 2186 2655 auxilium,
2219 2587 2273 2643 in
2308 2600 2504 2641 vanum
2533 2586 2919 2642 laboraverunt
2949 2584 3309 2640 aediﬁcantes.

1976 2762 2143 2835 826
2198 2762 2472 2832 Ejusdem.
2502 2761 2742 2816 Primum
2784 2779 2802 2812 ι
2860 2761 3150 2815 aedificavit
3206 2760 3470 2813 Dominus

227 2857 339 2931 τὴν
370 2859 605 2932 πλευρὰν
632 2860 699 2931 ἢν
722 2859 908 2913 ἔλαϐεν
931 2859 1037 2915 ἀπὸ
1068 2860 1161 2913 τοῦ
1198 2862 1371 2933 Ἀδὰμ
1393 2862 1471 2927 εἰς
1501 2866 1762 2935 γυναῖκα·
1784 2887 1803 2920 ι

1919 2865 2115 2912 costam
2146 2872 2313 2926 quam
2362 2855 2570 2924 accepit
2621 2855 2688 2909 de
2716 2854 2885 2908 Adam
2939 2854 2992 2907 in
3029 2852 3401 2907 mulierem':
3442 2869 3466 2907 ι

229 2951 298 3015 ὃς
326 2951 447 3004 ἐπεὶ
480 2953 554 3024 μὴ
583 2952 896 3026 ᾠκοδόμησε
927 2954 1063 3023 μετὰ
1096 2954 1188 3007 τοῦ
1232 2956 1371 3007 Κάῖν
1404 2957 1807 3028 οἰκοδομοῦντος

1919 2949 2006 3018 qui
2058 2950 2312 3020 quoniam
2366 2962 2469 3002 non
2503 2945 2791 3001 :edilieavit
2818 2961 2940 2999 eum
2977 2944 3150 3001 Caino
3190 2946 3467 3001 civitatem

230 3042 332 3096 ἐπὶ
364 3043 440 3114 τῷ
468 3043 690 3114 ὀνόματι
717 3044 809 3098 τοῦ
839 3044 954 3099 υἱοῦ
992 3045 1153 3099 αὐτοῦ
1194 3046 1362 3118 Ἑνὼχ
1394 3045 1566 3114 πόλιν,
1591 3050 1672 3113 εἰς
1715 3050 1810 3122 μά-

226 3151 337 3207 την
370 3135 658 3190 ἐκοπίασεν
682 3135 710 3187 ὁ
737 3132 1029 3209 οἰκοδομῶν
1057 3133 1217 3191 Κάῖν.
1255 3139 1414 3191 Ἀλλὰ
1449 3139 1538 3192 καὶ
1570 3141 1619 3193 οἰ
1657 3145 1811 3214 κινή-

231 3243 430 3291 σαντες
469 3229 563 3280 ἀπ’
601 3227 895 3293 ἀνατολῶν,
924 3230 1018 3282 καὶ
1048 3226 1313 3293 εἰπόντες,
1346 3249 1364 3280 ι
1392 3230 1576 3294 Δεῦτε,
1608 3233 1809 3286 οἰκοδο-

232 3322 504 3393 μήσωμεν
554 3321 766 3385 ἑαυτοῖς
810 3320 964 3374 πόλιν
1003 3321 1096 3374 καὶ
1128 3316 1357 3392 πύργον,
1387 3341 1405 3373 ι
1456 3323 1631 3394 μάτην
1683 3326 1807 3379 ἐκο-

230 3412 441 3467 πίασαν
473 3413 902 3483 οἰκοδομοῦντες,
936 3412 1057 3465 ἐπεὶ
1102 3412 1176 3483 μὴ
1225 3413 1585 3485 συνῳκοδόμει
1624 3415 1807 3479 αὐτοῖς

228 3504 462 3577 Κύριος.
512 3504 833 3571 Ἐστέναξαν
860 3504 926 3566 δ’,
951 3502 1122 3577 οἶμαι,
1158 3506 1396 3578 Ἑϐραῖοι
1438 3508 1495 3559 ὲν
1523 3507 1803 3579 Αἰγύπτῳ,

229 3598 312 3664 ὡς
348 3599 522 3670 μάτην
553 3599 610 3652 ὲν
635 3596 714 3670 τῷ
747 3597 1045 3670 οἰκοδομεῖν
1076 3599 1395 3666 κοπιῶντες,
1426 3600 1547 3655 ἐπεὶ
1592 3601 1666 3673 μὴ
1694 3602 1807 3656 Κύ-

235 3707 355 3765 ριος
384 3692 648 3763 ᾠκοδόμει
676 3694 771 3746 σὺν
796 3692 999 3757 αὐτοῖς.

311 3784 422 3838 Τοῦ
450 3784 653 3838 αὑτοῦ.
699 3784 801 3836 Τὸν
838 3785 897 3837 ἐν
934 3781 1282 3855 Ἰερουσαλὴμ
1324 3783 1435 3855 (85)
1481 3780 1626 3838 οἷκον
1663 3789 1807 3840 οἰκο-

228 3872 523 3946 δομοῦντες
561 3877 736 3945 μάτην
773 3875 1102 3929 ὲκοπίασαν·
1138 3875 1219 3930 διὸ
1262 3875 1574 3949 καθηρέοη·
1608 3878 1708 3931 οὐκ
1738 3878 1805 3932 ἂν

230 3967 535 4039 καθηρέοη,
558 3969 604 4020 εἰ
636 3967 837 4039 Κύριος
866 3968 1027 4020 αὑτὸν
1056 3967 1414 4039 ᾠκοδομήκει.
1444 3969 1546 4023 Τὸν
1574 3968 1629 4022 δὲ
1656 3966 1804 4023 οἷκον

226 4058 328 4113 τοῦ
360 4058 514 4123 Θεοῦ,
557 4059 684 4112 ὄντα
719 4060 1042 4130 Ἐκκλησίαν
1084 4060 1271 4123 αὑτοῦ,
1315 4062 1363 4112 οἱ
1400 4060 1805 4131 οἰκοδομοῦντες

227 4150 517 4204 ἀπόστολοι
552 4152 810 4222 Χριστοῦ,
850 4152 944 4206 καὶ
975 4152 1024 4204 οἱ
1062 4148 1380 4222 τεταγμένοι
1403 4151 1496 4203 ὑπ’
1536 4151 1700 4205 αὐτοῦ
1727 4152 1805 4205 δι-

226 4242 514 4308 δάσκαλοι,
558 4244 617 4296 οὐ
666 4245 840 4315 μάτην
891 4244 1221 4299 ὲκοπίασαν·
1258 4246 1462 4315 Κύριος
1491 4243 1600 4315 γὰρ
1640 4244 1803 4299 αὑτὸν

226 4335 567 4407 ᾠκοδόμησε.
613 4336 722 4388 Καὶ
768 4335 941 4398 ἄλλως
1000 4334 1056 4388 δὲ
1108 4330 1254 4387 οἷκον
1318 4335 1688 4405 οἰκοδομοῦσιν
1741 4335 1802 4388 οὐ

178 4418 187 4423 ’
229 4427 375 4500 μετὰ
406 4422 610 4500 Κυρίου
657 4431 704 4481 οί
753 4425 1068 4500 ἑτερόδοξοι,
1117 4427 1215 4499 τὴν
1257 4426 1582 4498 Ἐκκλησίαν
1633 4444 1802 4498 πονη-

228 4518 539 4591 ρευομένων
563 4537 577 4552 ο
614 4516 693 4572 διὸ
737 4521 817 4583 εἰς
851 4518 1026 4590 μάτην
1072 4518 1388 4572 ὲκοπίασαν.
1448 4516 1676 4588 Ὁμοίως
1706 4518 1801 4571 καὶ

238 4611 505 4667 Ἰουδαῖοι.

306 4704 416 4758 Τοῦ
463 4705 667 4759 αὐτοῦ.
713 4704 828 4773 Ἐφ’
854 4704 975 4756 ὅσον
1027 4702 1136 4774 (86)
1168 4698 1314 4767 οἶκός
1364 4705 1509 4755 ἐστιν
1552 4700 1796 4773 ἡψυχὴ,

224 4797 305 4862 ὡς
357 4798 743 4869 οἰκοδεσπότην
796 4796 909 4866 ἔχει
953 4799 1010 4849 ὲν
1043 4797 1206 4868 ἑαυτῇ
1251 4796 1344 4849 τὸν
1393 4796 1557 4848 Θεόν·
1607 4795 1703 4850 ἐὰν
1741 4796 1800 4850 δὲ

223 4894 456 4961 γένηται
487 4889 632 4953 ναὸς,
674 4888 750 4951 ὡς
789 4887 921 4941 Θεὸν
948 4887 1260 4959 ὑπάρχοντα
1298 4888 1409 4958 ἔχει
1443 4890 1501 4941 ὲν
1540 4887 1675 4959 αὐτῇ
1708 4886 1799 4940 τὸν

223 4987 499 5062 Χριστόν·
543 4986 638 5040 καὶ
683 4985 771 5039 διὰ
818 4985 915 5053 μὲν
952 4983 1260 5054 πρακτικῆς
1309 4982 1502 5035 κτᾶται
1542 4980 1618 5044 ὡς
1656 4982 1800 5034 οἰκο-

221 5077 493 5151 δεσπότην
528 5076 709 5141 αὑτὸν,
739 5075 826 5128 διὰ
865 5074 921 5127 δὲ
965 5074 1199 5144 φυσικῆς
1246 5071 1477 5142 θεωρίας
1526 5070 1601 5135 ὡς
1644 5072 1797 5141 βασι-

222 5173 352 5228 λέα·
400 5172 494 5225 καὶ
535 5169 694 5223 πάλιν
723 5167 810 5221 διὰ
849 5164 1126 5233 Θεολογίας
1158 5164 1233 5227 ὡς
1261 5163 1413 5216 Θεόν.
1450 5162 1560 5215 Καὶ
1588 5161 1666 5232 τῷ
1702 5161 1797 5232 μὲν

303 5290 326 5323 ⁸
359 5286 591 5344 Baruch.
620 5301 704 5350 tu,
738 5284 831 5339 58.
902 5282 923 5312 ’
943 5278 1080 5336 Gen.
1109 5295 1179 5347 tt,
1209 5278 1300 5331 22.
1390 5277 1434 5307 ¹⁶
1464 5276 1598 5331 ibid.
1628 5293 1703 5345 st,
1728 5278 1782 5331 4.

299 5403 410 5475 (80)
436 5401 597 5475 Μετὰ
621 5397 822 5475 ταῦτα,
848 5407 955 5452 etc.
987 5391 1212 5475 Scibeda:
1240 5390 1444 5475 G‘rabii.

322 5460 409 5531 Si;
438 5471 724 5540 Ἀνωτέρω
742 5467 875 5539 μέν,
911 5478 1016 5540 etc.
1038 5465 1251 5540 βαιοηὲ
1279 5460 1547 5540 Gorderii.

322 5542 411 5608 82')
439 5547 501 5597 οε
530 5531 797 5612 μὲνίτήᾶο,
816 5551 928 5612 ftc.
963 5531 1415 5612 S_ched:e§rab_ii.

298 5600 413 5695 (85)
440 5600 743 5682 Χρήστέοκ
770 5600 847 5674 τῷ
858 5604 1038 5676 ῥητῷ,
1063 5616 1170 5658 etc.
1196 5603 1422 5659 Schedz
1458 5600 1669 5657 Grabii.

540 5712 811 5769 l‘naon.
858 5704 976 5766 Gn.
1024 5701 1167 5764 XII.

1911 3041 1963 3097 in
1992 3039 2208 3096 nomine
2234 3041 2325 3093 lilii
2369 3039 2453 3094 sui
2491 3040 2673 3094 Enocb
2715 3039 3036 3101 aediﬁcante,
3069 3038 3126 3091 in
3155 3051 3353 3091 vanum
3387 3037 3468 3090 la-

1904 3132 2122 3189 boravit
2168 3133 2299 3188 Cain
2360 3132 2635 3187 aedilicans
2685 3145 2828 3185 eam.
2881 3131 2986 3185 Sed
3034 3138 3091 3185 et
3147 3131 3202 3184 hi
3253 3130 3346 3199 qui
3403 3132 3471 3183 ab

1905 3224 2116 3282 oriente
2148 3236 2476 3290 moverunt,
2507 3233 2562 3279 et
2588 3224 2863 3291 dixerunt,
2902 3241 2922 3275 ι
2962 3221 3153 3278 Venite
3178 3262 3197 3286 ,
3237 3222 3472 3277 ediﬁce-

1906 3332 2026 3371 mus
2058 3317 2462 3385 nobismetipsis
2486 3314 2763 3369 civitatem
2793 3323 2850 3369 et
2895 3315 3088 3369 turrim
3122 3314 3190 3380 ι’,
3230 3331 3250 3365 ι
3282 3314 3335 3368 in
3369 3330 3471 3366 va-

1904 3424 2031 3462 num
2057 3409 2438 3463 laboraverunt
2476 3406 2825 3471 mdillcantes,
2858 3409 2984 3476 quia
3016 3421 3123 3461 non
3161 3407 3321 3460 simul
3344 3421 3468 3459 cum

1904 3500 2010 3554 illis
2058 3500 2321 3555 Dominus
2374 3500 2699 3556 mdilicabat.
2754 3501 3178 3569 lugemuerunt,
3233 3500 3472 3568 opinor,

1901 3589 2110 3648 Hebraei
2148 3594 2199 3648 in
2243 3593 2519 3665 Egypto.
2568 3604 2756 3663 utpote
2810 3593 3011 3646 frustra
3044 3593 3097 3645 in
3144 3591 3474 3646 mdilicamlo

1902 3682 2236 3750 laborantes,
2272 3687 2398 3755 quia
2449 3686 2706 3738 Dominus
2733 3699 2837 3736 non
2869 3682 3177 3737 aediﬁcabat
3204 3697 3328 3736 eum
3360 3683 3466 3738 eis.

1974 3774 2243 3848 Ejusdem.
2275 3774 2377 3843 Qui
2426 3776 2476 3829 in
2515 3772 2816 3829 Jerusalem
2850 3775 3071 3828 domum
3100 3771 3468 3835 aediﬁcabant,

1905 3870 1956 3925 in
1990 3884 2185 3922 Varium
2241 3870 2655 3928 laboraverunt;
2715 3865 3069 3933 quamobrem
3116 3875 3311 3919 eversa
3358 3870 3467 3917 est.

1906 3961 2335 4031 llamlquaquam
2370 3973 2565 4014 eversa
2602 3959 2837 4022 luisset,
2872 3959 2915 4011 si
2952 3956 3214 4010 Dominus
3242 3970 3363 4009 eam
3391 3971 3468 4009 aa-

1902 4053 2193 4107 dilieasset.
2224 4051 2326 4118 Qui
2354 4062 2534 4108 autem
2565 4053 2780 4105 douuun
2816 4050 2928 4117 Dei,
2964 4065 3084 4120 quae
3113 4058 3201 4104 est
3227 4047 3468 4103 Ecclesia

1901 4146 2039 4214 ejus,
2071 4143 2405 4199 mdilicarunt
2428 4183 2445 4208 ,
2478 4142 2712 4212 apostoli
2747 4142 2970 4206 Christi,
3022 4150 3079 4196 et
3107 4141 3199 4209 qui
3249 4140 3319 4194 ab
3349 4141 3468 4208 ipso

1904 4239 2191 4294 constituti
2221 4246 2347 4293 sunt
2377 4238 2652 4304 doctores,
2682 4237 2902 4291 minime
2936 4235 2988 4288 in
3037 4248 3233 4289 vanum
3259 4234 3474 4287 labora-

1908 4339 2106 4385 verunt
2155 4345 2170 4386 :
2221 4346 2345 4386 nam
2418 4331 2680 4387 Dominus
2738 4329 3027 4385 aediﬁcavit
3075 4342 3241 4385 eam.
3295 4326 3468 4380 Aliter

1908 4418 2072 4477 etiam
2099 4460 2115 4487 ,
2151 4431 2206 4476 et
2238 4438 2342 4477 non
2372 4437 2494 4477 cum
2529 4422 2757 4478 Domino
2784 4422 3000 4476 domum
3028 4419 3296 4475 aediﬁcant
3322 4420 3474 4473 hete-

1906 4515 2122 4579 rodoxi,
2153 4513 2364 4570 scilicet
2396 4514 2693 4570 Ecclesiam
2723 4513 3134 4582 malignantium
3161 4530 3178 4567 :
3209 4513 3471 4580 quamob-

1906 4622 2019 4661 rem
2052 4609 2102 4660 iu
2129 4623 2324 4661 vanum
2355 4607 2760 4662 laboraverunt.
2791 4606 3055 4661 Similiter
3087 4613 3142 4659 et
3172 4602 3368 4658 Judaei.

1975 4693 2250 4768 Ejusdem.
2284 4696 2342 4753 lu
2374 4710 2636 4769 quantum
2664 4699 2857 4754 domus
2885 4708 2968 4753 est
2991 4698 3190 4759 anima.
3214 4707 3468 4766 tanquam

1906 4790 2098 4845 domus
2149 4790 2431 4845 Dominum
2480 4790 2648 4845 habet
2693 4789 2749 4845 in
2816 4804 2877 4846 se
2925 4792 3126 4854 Deum;
3186 4789 3229 4843 si
3286 4797 3469 4841 autem

1906 4878 2002 4933 ﬁat
2055 4881 2339 4951 templum,
2373 4892 2628 4951 tanquam
2674 4881 2842 4936 Deum
2887 4881 3276 4936 subsistentem
3308 4879 3471 4934 habet

1905 4972 1961 5027 in
2012 4988 2071 5027 se
2102 4973 2418 5042 Christum;
2449 4986 2504 5029 et
2548 4975 2807 5043 operibus
2836 4974 3051 5044 quidem
3086 4974 3260 5044 ipsum
3291 4985 3470 5042 posst-

1904 5068 1995 5126 det
2026 5080 2283 5138 tanquam
2332 5072 2530 5125 demus
2577 5068 2887 5133 Dominum,
2916 5067 3159 5121 naturali
3186 5080 3315 5120 vero
3344 5081 3469 5117 cun-

1906 5162 2258 5233 templatione
2306 5172 2565 5232 tanquam
2613 5176 2839 5234 regem,
2877 5170 2932 5215 et
2981 5173 3169 5213 rursus
3202 5156 3466 5225 theologia

1979 5391 2104 5460 (84),
2124 5392 2366 5462 Πρῶτον
2388 5390 2758 5462 ᾠκοδόμησε,
2787 5396 2899 5442 etc.
2923 5385 3122 5462 gateua
3144 5380 3414 5441 Corderii.

1975 5456 2088 5532 (85)
2121 5456 2231 5517 Τόν
2256 5463 2326 5516 ἐν
2357 5456 2907 5532 Ἰὲρουοῖᾳλήμωιιξ
2937 5456 3158 5532 Eadem.

1975 5526 2086 5607 (86)
2122 5533 2239 5603 Ἐφ’
2264 5526 2444 5600 ὅσον,
2468 5542 2573 5588 etc.
2608 5526 2835 5585 Schedae
2862 5526 3069 5582 Grahii.

3041 5685 3124 5748 52
