3928 6158
556 228 699 285 1643
1930 221 2023 277 EX
2057 220 2107 278 Ο

2163 220 2359 277 ιοΕΝΕ
3619 230 3714 288 ltiti

557 353 817 413 tanquam
849 342 1039 397 Deum.
1096 339 1274 413 Atque
1304 356 1336 396 e
1367 342 1531 397 tertio
1553 342 1770 412 quidem
1813 341 2108 396 necessario

2166 343 2196 398 ι
2220 337 2388 409 τρίτῳ
2415 337 2605 392 ἕπεται
2636 337 2693 404 ἐξ
2724 337 2969 410 ἀνάγκης
2996 339 3065 393 τὰ
3094 338 3205 406 δύο,
3229 338 3425 411 ὥσπερ
3442 344 3531 396 καὶ
3556 345 3621 414 τῷ
3638 347 3717 400 διο⁴

553 445 858 506 sequuntur
890 434 998 488 duo
1029 434 1233 503 priora,
1267 434 1724 503 quemadmodum
1757 444 1814 489 et
1854 450 1886 490 e
1919 452 2104 491 secun-

2216 427 2362 498 τέρῳ
2402 428 2463 480 τὸ
2494 427 2708 499 πρῶτον
2728 446 2740 459 ·
2774 428 2850 499 τῷ
2886 429 2943 482 δὲ
2974 427 3170 500 πρώτῳ
3194 429 3289 483 νῦν
3318 430 3421 483 οὐκ
3448 430 3501 497 ἐξ
3533 433 3716 508 ἀνάγκης

555 529 625 581 do
653 525 920 596 primum;
973 524 1068 581 sed
1110 540 1142 580 e
1171 526 1345 596 primo
1378 541 1485 582 non
1517 526 1647 599 item
1690 530 2000 585 necessario
2028 545 2106 587 se

1424 541 1485 582 on
1517 526 1647 599 item
1690 530 2000 585 necessario
2028 545 2117 587 εδ
2215 516 2278 569 τὸ
2296 516 2545 588 δεύτερον
2573 517 2665 570 καὶ
2689 516 2751 568 τὸ
2776 516 2975 586 τρίτον.

553 618 792 674 cundum
817 627 869 672 et
899 618 1141 672 tertium.

618 710 862 765 γεκαὶ.
926 710 1129 765 Vanum
1175 720 1249 765 est
1283 712 1424 767 vobis
1477 722 1600 767 ante
1642 713 1808 767 lucem
1855 730 2116 785 surgere:

2285 717 2390 782 Εις
2433 713 2626 784 μάτην
2661 713 2803 784 ὑμῖν
2845 714 2978 768 ἐστι
3023 715 3089 767 τὸ
3142 713 3425 783 όρθρίζειν
3440 731 3452 744 ·
3486 716 3716 785 ἐγείρεσθε

550 805 753 873 surgite
799 815 1076 874 postquam
1126 805 1392 870 sederitis,
1423 807 1514 877 qui
1552 806 1885 860 manducetis
1930 822 2101 875 panen

2209 807 2359 875 μετὰ
2390 806 2455 859 τὸ
2500 805 2815 875 καθῆσθαι,
2847 809 2902 859 οἱ
2947 806 3251 872 ἐσθίοντες
3300 806 3480 874 ἄρτον
3524 808 3714 876 ὀδύνης,

542 897 793 960 doloris,
841 911 958 950 cum
1015 896 1221 950 dederit
1264 896 1469 950 dilectis
1515 898 1626 950 suis
1672 912 1937 958 somnum,
2003 903 2090 950 etc

2215 898 2360 951 ὅταν
2389 895 2473 962 δῷ
2521 897 2645 962 τοῖς
2693 897 3017 965 ἀγαπητοῖς
3049 898 3229 951 αὑτοῦ
3280 898 3495 960 ὕπνον,
3534 916 3580 951 κ.
3619 903 3698 954 ni

543 987 1019 1057 Quemadmodum
1061 1002 1160 1043 nos
1189 1002 1412 1043 somnus
1440 1002 1468 1041 a
1501 987 1854 1043 sensibilibus
1881 1027 1896 1053 ,
1934 987 2014 1044 sic
2046 988 2094 1042 al

2217 989 2428 1059 Ὥσπερ
2464 987 2493 1038 ὀ
2528 988 2693 1052 ὕπνος
2739 989 2851 1059 (87)
2903 989 3197 1059 ἀφίστησιν
3242 989 3395 1059 ἡμᾶς
3439 991 3538 1043 τῶν
3580 994 3713 1057 eti-:81;-

548 1079 744 1134 iisdem
774 1093 880 1135 nos
900 1080 1067 1135 etiam
1091 1080 1477 1150 contemplatio
1516 1080 1612 1137 Dei
1663 1080 1880 1135 avertit.

2212 1077 2341 1143 τῶν,
2375 1077 2515 1131 οὕτω
2546 1079 2640 1132 καὶ
2673 1079 2706 1150 ἡ
2738 1077 2833 1131 τοῦ
2874 1077 3009 1132 Θεοῦ
3058 1078 3256 1149 θεωρία
3302 1078 3413 1132 τῶν
3445 1080 3602 1133 αὐτῶν
3632 1083 3714 1151 dgi-

2216 1187 2314 1241 στη
2324 1187 2396 1223 σι.

622 1252 900 1325 Ejusdem.
950 1257 1421 1326 Quemadmodum
1474 1261 1792 1316 dormiendo
1810 1276 1877 1316 ne
1897 1261 2113 1332 quidem

2289 1262 2399 1316 Τοῦ
2454 1262 2660 1316 αὐτοῦ.
2710 1263 2917 1333 Ὠσπερ
2971 1261 3265 1326 ὑπνοῦντες
3324 1261 3432 1333 (88)
3487 1262 3585 1314 οὐδ’
3626 1264 3716 1317 αὐτὶ

552 1349 756 1404 scimus
802 1366 903 1407 nos
936 1353 1182 1408 dormire
1205 1392 1221 1417 ,
1274 1355 1346 1408 ita
1380 1363 1437 1408 et
1488 1354 1905 1424 contemplando
1937 1355 2103 1411 nesci-

2212 1351 2370 1406 τοῦτο
2411 1351 2773 1423 γινώσκομεν.
2818 1353 2899 1406 ὅτι
2948 1352 3243 1423 ὑπνοῦμεν,
3293 1352 3437 1405 οὕτω
3491 1353 3574 1404 καὶ
3621 1352 3715 1405 θεω-

555 1454 674 1495 mus
703 1456 803 1497 nos
832 1442 887 1497 in
910 1444 1370 1511 contemplatione
1409 1460 1553 1501 esse.

2216 1443 2432 1514 ροῦντες
2462 1445 2581 1517 μήδ’
2605 1444 2736 1500 αὐτὸ
2765 1444 2922 1498 τοῦτο
2960 1443 3321 1516 γινώσκομεν,
3360 1445 3440 1496 ὅτι
3479 1446 3533 1496 ἐν
3568 1443 3717 1515 Θεωρία

2212 1537 2541 1607 γεγόναμεν.

620 1617 898 1689 Ejusdem.
935 1620 992 1676 Si
1021 1622 1165 1677 actio
1209 1623 1367 1693 panis
1393 1663 1409 1687 ,
1453 1638 1675 1680 somnus
1706 1640 1841 1681 vero
1874 1627 2115 1681 scientize
2146 1700 2159 1701 ί

2291 1629 2402 1683 Τοῦ
2456 1628 2662 1683 αὐτοῦ.
2709 1629 2775 1682 Ei
2821 1628 2855 1698 ἡ
2904 1627 3178 1701 πρακτικὴ
3243 1626 3359 1699 (89)
3410 1628 3560 1697 ἄρτου
3604 1626 3718 1695 λόγον

550 1713 813 1767 rationem
843 1713 1090 1768 continuet
1114 1755 1129 1780 ,
1180 1714 1406 1784 pulchre
1436 1726 1558 1784 post
1584 1731 1737 1773 esum
1771 1718 1930 1786 panis
1961 1718 2101 1772 dolo-

2165 1702 2428 1790 ἐπέχει,
2462 1723 2491 1774 ὁ
2526 1719 2583 1772 δὲ
2615 1719 2781 1782 ὕπνος
2829 1700 3243 1789 τῆςίγνώσεως,
3284 1718 3463 1781 καλῶς
3502 1718 3618 1788 μετὰ

542 1803 625 1859 ris
653 1806 813 1859 datur
844 1806 1002 1861 nobis
1050 1821 1310 1872 somnus;
1364 1807 1479 1862 sola
1533 1809 1678 1864 enim
1728 1810 1965 1880 cognitio
2010 1810 2093 1866 Dei

2215 1811 2417 1883 βρῶσιν
2449 1810 2542 1865 τοῦ
2587 1812 2753 1882 ἄρτου
2791 1811 2893 1882 τῆς
2921 1810 3112 1883 ὀδύνης
3138 1810 3343 1864 δίδοται
3372 1813 3498 1882 ἡμῖν
3520 1814 3546 1864 ό
3568 1810 3715 1872 ὕπνοςο

534 1895 756 1953 solvere
786 1896 925 1953 solet
952 1897 1190 1954 laborem
1222 1900 1577 1969 operationis.

2218 1901 2352 1972 μόνη
2389 1900 2496 1971 γὰρ
2528 1902 2561 1971 ἡ
2599 1899 2800 1970 γνῶσις
2830 1899 2924 1954 τοῦ
2960 1900 3094 1955 Θεοῦ
3130 1901 3347 1971 πέφυκε
3378 1900 3515 1954 λύειν
3541 1899 3621 1953 τὸν
3648 1898 3716 1953 κάς

2219 2008 2387 2062 ματον
2412 1992 2510 2060 τῆς
2542 1992 2866 2063 πρακτικῆς.

614 2073 895 2145 Ejusdem.
946 2073 1008 2132 Si
1056 2091 1281 2133 somnus
1323 2077 1464 2134 solet
1517 2094 1715 2150 corpus
1758 2081 2061 2138 calefacere
2088 2122 2106 2150 ,

2288 2078 2399 2138 Τοῦ
2447 2083 2653 2137 αὑτοῦ.
2686 2084 2750 2137 Ei
2806 2086 2835 2137 ό
2877 2082 3042 2147 ὕπνος
3076 2082 3188 2153 (90)
3240 2083 3400 2137 εἴωθε
3450 2082 3591 2154 σῶμα
3630 2081 3715 2152 θερ-

543 2166 767 2236 pulchre
797 2169 1039 2240 cognitio
1086 2171 1287 2226 dicitur
1336 2186 1580 2227 somnus.
1614 2172 1814 2230 Omnes
1842 2175 1986 2230 enim
2018 2180 2094 2247 qui

2220 2174 2452 2247 μαίνειν,
2502 2173 2681 2238 καλῶς
2726 2174 2760 2245 ἡ
2815 2173 3015 2244 γνῶσις
3051 2174 3273 2244 λέγεται
3321 2174 3513 2239 ὕπνος·
3561 2175 3716 2236 πάντας

544 2261 691 2316 illius
717 2270 998 2332 compotes
1023 2274 1172 2330 sunt,
1202 2262 1335 2319 facit
1362 2266 1556 2336 Spiritu
1592 2266 1885 2323 ferventes.
1951 2322 1955 2328 .

2218 2266 2326 2336 γὰρ
2376 2267 2503 2330 τοὺς
2555 2267 2922 2338 κεκτημένους
2972 2266 3139 2338 αὐτὴν
3194 2270 3342 2321 ποιεῖ
3397 2267 3471 2338 τῷ
3507 2266 3713 2338 πνεύματι

2219 2356 2459 2422 ζέοντας.

613 2436 892 2509 Ejusdem.
945 2438 1409 2508 Quemadmodum
1458 2457 1688 2507 somnus
1739 2447 1913 2502 coctis
1966 2447 2109 2504 cibis

2289 2443 2399 2502 Τοῦ
2444 2446 2650 2501 αὑτοῦ.
2701 2448 2909 2521 ’Ὥσπερ
2952 2450 2981 2502 ὁ
3030 2448 3199 2513 ὕπνος
3255 2450 3473 2504 πέπτων
3518 2449 3607 2519 (91)
3642 2448 3711 2511 τὰς

532 2547 638 2603 per
667 2547 863 2589 succos
888 2533 1059 2588 nutrit
1092 2547 1289 2603 corpus
1313 2573 1330 2598 ,
1358 2524 1440 2589 sic
1464 2535 1631 2592 etiam
1663 2537 1908 2605 cognitio
1935 2540 2079 2594 nutri

2212 2538 2415 2610 τροφὰς
2438 2538 2525 2592 διὰ
2562 2539 2670 2593 τῶν
2697 2541 2885 2611 χυμῶν
2921 2541 3109 2613 τρέφει
3138 2542 3201 2596 τὸ
3230 2542 3411 2613 σῶμα,
3447 2542 3573 2595 οὕτω
3596 2541 3709 2611 καὶὴ

545 2624 806 2691 animam,
839 2624 967 2681 dum
994 2625 1169 2695 ipsam
1204 2625 1508 2696 discipline
1533 2628 1776 2684 rationes
1800 2629 1977 2685 docet.

2211 2629 2410 2698 γνῶσις
2438 2630 2624 2701 τρέφει
2646 2631 2741 2702 τὴν
2765 2632 2961 2705 ψυχὴν,
2985 2633 3110 2696 τοὺς
3139 2634 3245 2704 τῆς
3272 2633 3559 2705 πρακτικῆς
3580 2633 3707 2703 αὐτὴν

2209 2720 2398 2790 λόγους
2427 2721 2774 2776 διδάσκουσα.

606 2811 773 2886 82⁷
803 2808 966 2864 Vens.
1003 2809 1057 2867 3.
1084 2809 1220 2867 Ecce
1246 2810 1526 2864 hareditas
1551 2810 1791 2877 Domini,
1818 2812 1943 2881 ﬁlii,
1968 2829 2107 2868 mer-

2291 2811 2435 2867 Ἰδοὺ
2473 2815 2513 2882 ἡ
2540 2815 2902 2883 κληρονομία
2931 2815 3170 2885 Κυρίου,
3200 2817 3344 2883 υἱοί,
3374 2819 3407 2871 ό
3431 2815 3613 2886 μισθός
3632 2814 3708 2868 τοῦ

534 2922 626 2961 ρει
657 2907 866 2975 [ructus
898 2904 1110 2968 ventris,
1142 2913 1251 2958 etc.
1282 2902 1583 2957 Haereditas
1610 2903 1822 2958 Domini
1851 2920 1959 2959 non
1980 2921 2078 2962 sun

2155 2918 2175 2976 ζ
2210 2905 2442 2973 καρποῦ
2469 2906 2579 2974 τῆς
2611 2906 2890 2977 γαστρὸς,
2922 2926 2976 2961 κ.
3004 2925 3058 2964 τ.
3081 2910 3127 2961 ἑ.
3174 2909 3241 2962 Ἦ
3281 2909 3585 2981 κληρονομία
3611 2905 3706 2973 (9l')

541 2993 699 3060 tiliae,
731 2993 827 3048 sed
852 2992 987 3058 ﬁlii,
1036 2992 1131 3061 qui
1182 3001 1308 3047 sunt
1358 3006 1570 3048 merces
1607 2992 1820 3048 fructus
1873 2996 2092 3052 ventris.

2208 2995 2415 3068 Κυρίου
2446 2997 2506 3050 οὕ
2538 2996 2854 3070 θυγατέρες,
2899 2997 3014 3051 ἀλλ’
3049 2998 3176 3063 υἱοὶ,
3209 3000 3409 3064 οἵτινές
3437 3001 3533 3053 είσι
3568 2996 3707 3069 μισθὸς

534 3083 843 3139 istiusmodi
892 3092 1071 3138 autem
1110 3090 1237 3137 sunt
1287 3081 1380 3136 lilii
1426 3083 1583 3152 justi.
1629 3084 1990 3150 Quamobrem
2020 3093 2085 3142 te1

2207 3085 2301 3138 τοῦ
2332 3086 2545 3157 καρποῦ
2578 3089 2676 3159 τῆς
2708 3088 2960 3159 γαστρός.
2997 3088 3246 3142 Τοιοῦτοι
3274 3090 3331 3143 δὲ
3355 3091 3402 3143 oi
3426 3090 3597 3142 δίκαιοι
3618 3086 3704 3139 soi.

538 3177 594 3230 in
622 3188 766 3229 anno
794 3174 1133 3243 apparebunt
1164 3174 1218 3226 in
1258 3183 1553 3243 conspectu
1588 3173 1797 3228 Domini
1851 3173 1943 3229 Dei
1990 3174 2089 3231 sui.

2207 3176 2298 3229 Διὸ
2319 3176 2439 3247 τρὶς
2473 3178 2797 3249 ὀφθήσονται
2823 3178 2915 3232 τοῦ
2939 3180 3184 3233 ἐνιαυτοῦ
3211 3180 3435 3235 ἐνώπιον
3458 3180 3627 3252 Κυρίου
3640 3175 3705 3230 τοῦ

538 3266 731 3323 Nullus
761 3280 889 3321 vero
923 3264 1067 3319 illius
1102 3264 1320 3333 iniquus
1348 3278 1557 3319 merces
1587 3273 1670 3320 est
1695 3275 1788 3319 aut
1817 3265 2089 3320 baeredita:

2207 3266 2361 3324 Θεοῦ.
2398 3270 2583 3334 Οὐδεὶς
2621 3272 2678 3325 δὲ
2708 3272 2888 3337 ἄδικος
2915 3273 3028 3337 υἱὸς
3057 3273 3252 3344 μισθός
3279 3274 3424 3328 ἐστιν
3449 3275 3479 3344 ἢ
3510 3274 3706 3342 κληρονο-

538 3358 776 3414 Domini.

2211 3359 2309 3430 μία
2333 3362 2554 3431 Κυρίου.

1016 3534 1240 3591 PSALM
1253 3535 1337 3590 US
1360 3533 1619 3591 CXXVII.
2732 3544 3023 3600 ‘PAAMDZ
3057 3547 3238 3601 PKZ'.

606 3632 771 3687 Vens.
801 3631 855 3685 t.
888 3628 1044 3683 Beati
1090 3642 1270 3682 omnes
1307 3628 1400 3698 qui
1431 3628 1614 3687 timeat
1644 3626 1930 3682 Dominum
1959 3667 1975 3693 ,
2003 3646 2096 3700 qui

2274 3631 2562 3700 Μακάριοι
2588 3632 2808 3700 πάντες
2838 3637 2893 3688 οἱ
2922 3637 3280 3704 φοϐούμενοι
3312 3638 3417 3691 τὸν
3440 3636 3637 3703 Κύριον,
3664 3633 3702 3684 οἱ

528 3724 808 3778 ambulant
847 3724 903 3776 in
933 3721 1029 3777 uiis
1067 3719 1206 3790 ejus,
1237 3729 1345 3773 etc.
1375 3718 1554 3775 Multa:
1585 3728 1711 3775 sunt
1734 3720 1835 3773 via:
1862 3720 2074 3775 Domini

2206 3724 2588 3792 πορευόμενοι
2614 3726 2684 3778 ἐν
2717 3725 2845 3792 ταῖς
2884 3726 3045 3794 ὁδοῖς
3075 3726 3289 3794 αὑτοῦ,
3325 3748 3377 3785 κ.
3407 3748 3456 3786 τ.
3484 3730 3527 3783 ὲ.
3553 3725 3702 3781 Πολλοὶ

538 3817 590 3869 in
623 3814 824 3885 quibus
850 3812 1128 3868 ambulant
1156 3812 1326 3876 beati,
1371 3821 1426 3866 et
1451 3827 1546 3882 per
1585 3826 1720 3881 quas
1751 3813 1883 3867 licet
1924 3812 2004 3867 ire
2032 3815 2089 3868 ad

2205 3811 2313 3865 ὁδοὶ
2351 3812 2463 3884 (92)
2495 3814 2720 3886 Κυρίου,
2766 3816 2826 3868 ἐν
2869 3811 2956 3879 αἶς
2986 3818 3036 3870 οἱ
3082 3820 3433 3890 πορευόμενοι
3474 3821 3700 3890 μακάριοι,

534 3920 657 3959 eum
687 3905 781 3974 qui
808 3903 942 3959 dicit
967 3903 1031 3968 εί,
1057 3920 1077 3955 ι
1107 3903 1220 3974 Ego
1256 3918 1373 3958 sum
1409 3903 1520 3970 via,
1552 3920 1573 3954 ι
1600 3903 1741 3957 sicut
1769 3916 1869 3972 per
1898 3902 2085 3957 multat

2205 3904 2296 3973 ἀφ’
2325 3897 2399 3958 ὧν
2440 3907 2585 3959 ἐστιν
2614 3905 2830 3961 ὁδεῦσαι
2883 3909 2973 3962 ἐπὶ
3006 3909 3097 3963 τὸν
3129 3913 3377 3966 εἰπόντα·
3414 3931 3432 3963 ι
3467 3910 3585 3979 Ἐγώ
3617 3911 3700 3977 εἰμι

534 3996 863 4065 margaritas
893 3995 958 4049 ad
1004 4009 1166 4049 unam
1203 3996 1520 4064 pretiosam.
1552 3993 1609 4048 Si
1651 4003 1780 4049 sunt
1808 3995 1949 4049 beati
1983 4010 2085 4051 om-

2205 3996 2238 4066 ἡ
2260 3995 2433 4062 ὁδὸς.»
2452 3997 2527 4061 ὡς
2555 3997 2664 4051 ἀπὸ
2694 3998 2802 4053 τῶν
2833 3999 3041 4054 πολλῶν
3065 4003 3415 4075 μαργαριτῶν
3437 4003 3518 4056 ἐπὶ
3542 4002 3614 4054 τὸν
3635 4015 3702 4051 πο-

536 4101 633 4141 nes
663 4086 753 4155 qui
782 4087 969 4141 timent
995 4085 1415 4155 Dominum,qui
1448 4101 1553 4141 non
1588 4085 2087 4149 timentDominum,

2150 4077 2422 4157 )λύτιμον
2450 4088 2565 4144 ἕνα.
2594 4091 2655 4143 Εἰ
2690 4091 2943 4163 μακάριοι
2976 4094 3175 4158 πάντες
3218 4097 3269 4149 οἱ
3317 4093 3603 4165 φοῦούμενοι
3636 4090 3701 4142 τὸν

536 4193 643 4231 non
680 4186 808 4232 sunt
841 4176 1023 4245 beati;
1069 4177 1507 4246 quandoquidem
1538 4193 1646 4231 non
1695 4178 1774 4232 sic
1828 4176 1969 4232 beati
2003 4177 2087 4246 qui

2201 4177 2424 4249 Κύριον,
2452 4181 2502 4233 οἱ
2550 4182 2623 4253 μὴ
2665 4182 2984 4254 φοϐούμενοι
3017 4185 3109 4238 τὸν
3143 4186 3347 4259 Κύριον
3378 4187 3433 4240 οὐ
3464 4185 3698 4256 μακάριοι·

532 4267 680 4322 foras
727 4266 951 4337 ejiciunt
996 4266 1266 4320 timorem.
1301 4266 1402 4332 Qui
1453 4276 1633 4321 autem
1671 4268 1861 4321 timent
1917 4267 2083 4322 Domi-

2201 4272 2323 4323 ἐπεὶ
2361 4272 2435 4343 μὴ
2484 4273 2655 4338 οὕτως
2712 4276 2969 4347 μακάριοι
3015 4279 3064 4331 oi
3098 4277 3202 4342 ἔξω
3252 4279 3491 4350 βαλόντες
3523 4277 3600 4329 τὸν
3632 4274 3702 4343 φό-

533 4377 682 4429 uum,
718 4361 752 4415 ii
775 4359 1052 4415 ambulant
1076 4361 1128 4414 in
1159 4361 1260 4414 viis
1281 4360 1416 4431 ejus.
1448 4361 1504 4416 Si
1533 4361 1653 4430 quis
1690 4376 1818 4415 vero
1844 4375 1949 4417 non
1981 4374 2084 4414 am-

2199 4362 2312 4416 δον.
2353 4366 2417 4416 Οἱ
2458 4365 2515 4418 δὲ
2565 4367 2884 4439 φοϐούμενοι
2947 4369 3039 4422 τὸν
3091 4370 3298 4442 Κύριον
3341 4369 3622 4441 πορεύονται
3658 4366 3699 4416 ὲν

529 4456 704 4522 bulat,
739 4469 845 4510 non
899 4454 1075 4508 timet.

2196 4458 2315 4519 ταῖς
2351 4457 2491 4521 ὁδοῖς
2547 4459 2729 4512 αὑτοῦ.
2766 4460 2829 4513 Ei
2868 4460 2926 4514 δέ
2958 4478 3044 4526 τις
3091 4463 3166 4534 μὴ
3215 4463 3508 4537 πορεύεται,
3549 4461 3600 4514 οὐ
3628 4473 3696 4527 φο-

2200 4545 2391 4600 δεῖται.

600 4641 877 4713 Ejusdem.
909 4638 966 4694 Si
1005 4638 1166 4693 timor
1200 4636 1422 4691 Domini
1458 4637 1605 4693 addit
1637 4636 1775 4705 dies,
1806 4636 1950 4693 beati
1976 4651 2095 4692 om-

2273 4631 2384 4692 Τοῦ
2420 4638 2626 4692 αὑτοῦ.
2664 4638 2729 4693 Ei
2781 4641 2941 4709 φόϐος
2991 4643 3197 4713 Κυρίου
3249 4643 3360 4713 (95)
3409 4638 3695 4715 προστίθησιν

531 4750 626 4791 nes
657 4734 748 4805 qui
788 4734 982 4787 timent
1005 4729 1317 4786 Dominum.

2198 4726 2441 4797 ἡμέρας,
2493 4731 2750 4802 μακάριοι
2806 4731 3005 4796 πάντες
3053 4734 3105 4785 οἱ
3154 4734 3467 4805 φοϐούμενοι
3508 4731 3584 4783 τὸν
3609 4726 3691 4781 Κύ.

740 4850 749 4857 .
2203 4833 2337 4868 οιον.

599 4916 878 4989 Ejusdem.
911 4917 968 4972 Si
1010 4916 1101 4987 qui
1129 4926 1277 4971 recte
1296 4911 1559 4976 ambulat,
1590 4911 1747 4966 timet
1777 4910 2086 4977 Dominum,

2241 4833 2337 4868 ιον.

2203 4831 2234 4887 ρ
2272 4904 2381 4963 Τοῦ
2412 4905 2619 4966 αὐτοῦ.
2644 4913 2708 4965 Εἰ
2730 4915 2758 4966 ό
2791 4914 3151 4986 πορευόμενος
3181 4916 3293 4989 (94)
3317 4913 3481 4987 ὀρθῶς
3503 4910 3687 4979 φοϐεῖται

530 5012 673 5067 beati
704 5025 895 5064 omnes
921 5009 1013 5079 qui
1042 5009 1239 5064 timent
1275 5005 1582 5062 Dominum.
1926 5076 1931 5079 ἱ

2194 4999 2287 5053 τὸν
2335 5001 2557 5072 Κύριον,
2617 5004 2875 5077 μακάριοι
2932 5008 3133 5071 πάντες
3184 5011 3233 5062 oi
3288 5005 3581 5078 φοϐούμενοι
3622 4997 3686 5051 τὸν

2198 5092 2421 5165 Κύριον.

607 5257 647 5288 ”
670 5254 829 5310 Joan.
861 5270 972 5320 xw,
1008 5253 1061 5310 6.

595 5372 709 5439 (87)
734 5371 961 5437 ’Ὥσπερ
991 5371 1024 5423 ὁ
1055 5367 1266 5439 ὕπνος,
1291 5374 1397 5420 etc.
1430 5361 1660 5439 Sclledaa
1694 5359 1904 5417 Grabii.

2285 5363 2522 5439 (9107B
2539 5363 2920 5439 κληρονομία,
2944 5372 3050 5439 etc.
3080 5364 3279 5439 Catena
3311 5361 3547 5439 ϐριάει-εἰ.

593 5432 706 5508 (88)
732 5432 957 5506 Ὥσπερ
987 5432 1341 5508 ὑπνοῦντες,
1367 5443 1486 5508 e_tc._
1510 5432 1748 5488 Eadem.

2429 5434 2656 5508 Πολλοὶ
2681 5432 2829 5508 ὁδοὶ,
2868 5444 2977 5508 etc.
3003 5433 3203 5508 Catena
3224 5437 3483 5508 iCoﬁrderii.

726 5512 796 5563 Ei
822 5510 861 5575 ἢ
892 5500 1203 5577 ignauum},
1234 5500 1342 5579 eis}.
1366 5504 1601 5579 Eadem.

2422 5507 2493 5579 Et
2522 5504 2703 5579 φόϐος
2728 5504 2969 5579 Κιφιου,
3001 5515 3108 5559 etc.
3149 5506 3367 5579 S_clted:e
3400 5500 3578 5561 Grabiio
3680 5536 3706 5559 οι

593 5574 703 5647 (90)
734 5580 803 5631 Εἰ
831 5582 863 5631 ό
888 5574 1096 5644 ὕὲτνος,
1121 5589 1224 5631 etc.
1262 5577 1496 5647 Eaedem.
1682 5645 1717 5647 _
1790 5645 1803 5647 _

2275 5574 2387 5647 (94)
2415 5576 2484 5630 Ei
2509 5578 2542 5630 ό
2569 5575 2982 5645 πορευόμενος,
3010 5585 3119 5633 etc.
3162 5576 3387 5632 Ecdem-

590 5645 704 5720 (91)
735 5649 961 5718 ’Ὠσπερ
988 5652 1020 5703 ό
1042 5648 1231 5717 ὕπνος
1252 5645 1511 5716 πέπτων,
1539 5658 1645 5705 etc.
1680 5645 1917 5705 Etedem.

2133 5748 2277 5770 ηᾲτ,
