3928 6158
278 235 418 292 1645
1180 230 1489 289 SELECTA
1520 230 1586 287 IN
1624 229 1841 287 PSALM

1955 274 1956 285 η
1995 262 2068 273 -
2102 231 2296 287 PSAL.
2332 232 2611 288 CXXVIII.
3354 241 3494 296 1640

354 351 500 419 Τοὺς
537 351 762 417 πόνους
797 350 916 404 τῶν
963 349 1204 420 καρπῶν
1232 368 1349 407 σου
1389 352 1666 421 φάγεσαι,
1702 368 1755 403 κ.
1786 368 1837 405 τ.

2012 347 2174 403 Vens.
2202 348 2257 402 9..
2313 347 2541 402 Labores
2575 364 2827 402 manuum
2871 359 3083 404 tuarum
3129 356 3494 425 manducabis,

274 446 327 500 ὲ.
361 446 509 512 Ὅσῳ
539 443 754 508 πλείους
791 444 901 515 (95)
929 445 979 497 οἱ
1012 444 1159 497 πόνοι
1187 444 1293 497 τῶν
1326 445 1576 517 καρπῶν,
1602 443 1838 514 τοσούτῳ

1955 449 2048 494 etc.
2082 438 2294 506 Quanto
2327 449 2447 493 sunt
2500 438 2683 508 plures
2730 438 3030 509 palmarum
3060 442 3272 501 labores
3298 487 3314 510 ,
3347 458 3495 507 tanto

273 536 493 599 πλείους
532 537 590 590 αἱ
621 538 679 589 ὲν
714 535 791 606 τῷ
835 535 1077 607 μέλλοντι
1115 535 1271 590 αἰῶνι
1307 536 1522 607 τροφαί.
1557 536 1757 598 Πόνους
1783 534 1840 588 δὲ

1955 531 2221 586 uberiores
2258 531 2311 584 in
2346 530 2524 584 l'tuuro
2553 529 2750 585 saeculo
2785 531 2891 585 cibi
2919 542 3095 587 erunt.
3133 534 3372 594 Labores
3405 556 3497 598 au-

214 648 221 652 ’
272 627 425 694 λέγει
463 627 572 682 τῶν
619 629 677 681 ὲν
708 629 829 691 ταῖς
891 628 1045 699 χερσὶ
1079 616 1274 697 μελῶν,
1325 626 1361 680 ἃ
1392 626 1594 698 καρποὶ⁸
1644 626 1842 697 ὀνομά-

270 717 478 784 ζονται.
524 717 740 787 Ἀγαθοὶ
771 714 863 771 οὖν
893 719 942 771 ol
970 717 1120 771 πόνοι
1147 717 1253 771 τῶν
1281 718 1507 789 καρπῶν
1532 718 1626 771 καὶ
1653 719 1841 789 τρόφισ

275 826 391 882 μοι,
418 810 511 879 ἀφ’
536 802 610 863 ὧν
641 807 1000 879 ἀναϐαίνομεν
1032 808 1124 861 ἐπὶ
1148 807 1240 860 τὸν
1271 805 1446 871 ζῶντα
1470 808 1653 878 ἄρτον.

357 986 425 1040 Ἡ
454 982 606 1055 γυνή
637 995 753 1037 σου
792 982 872 1041 ὡς
914 980 1179 1050 ἄμπελος
1224 973 1565 1047 εὐθηνοῦσα
1607 979 1677 1032 ἐν
1715 979 1839 1046 τοῖς

274 1076 515 1130 redirem
560 1074 668 1143 τῆς
705 1073 896 1138 οἰκίας
931 1087 1045 1126 σου
1064 1088 1077 1100 ·
1110 1073 1164 1124 οὶ
1190 1071 1308 1125 υἱοί
1334 1084 1449 1125 σου
1474 1071 1553 1136 ὡς
1580 1073 1843 1139 νεόφυτα

271 1167 497 1223 ἐλαιῶν
525 1168 728 1230 κύκλῳ
766 1163 873 1233 τῆς
910 1162 1194 1233 τραπέζης
1226 1178 1362 1227 σου,
1403 1181 1459 1217 κ.
1486 1180 1539 1217 τ.
1572 1165 1620 1217 ὲ.
1654 1163 1842 1228 Οὐδεὶς

272 1261 556 1331 ἀλλότριος
594 1259 704 1330 (96)
738 1257 831 1313 τοῦ
871 1256 1005 1310 Θεοῦ
1053 1257 1255 1311 τούτων
1295 1255 1572 1321 τεύξεται·
1618 1256 1679 1310 οὐ
1730 1256 1840 1327 γάρ

276 1356 398 1409 ἔστι
425 1351 730 1425 σωματικὰ,
757 1350 893 1405 ἀλλά
925 1347 1288 1419 πνευματικὰ,
1320 1347 1448 1418 περὶ
1472 1340 1545 1401 ὧν
1567 1347 1739 1401 ταῦτα
1758 1347 1845 1401 λέ-

271 1443 488 1499 λεκται.
526 1444 654 1497 Ὅτε
702 1439 1019 1513 ἀμπελῶνες
1058 1439 1150 1492 καὶ
1198 1437 1452 1501 ὲλαιῶνες
1497 1436 1841 1503 εὐλογοῦνται

270 1536 387 1591 τῶν
432 1535 672 1597 δικαίων,
706 1532 1125 1606 τροπολογητέον
1156 1532 1236 1594 είς
1281 1532 1514 1600 γυναῖκα
1555 1530 1648 1584 καὶ
1694 1530 1844 1594 υἱοὺς

270 1628 371 1684 τὸν
401 1629 579 1697 λόγον,
606 1627 722 1700 ἦτοι
748 1624 1041 1690 αὐτολεξεί.
1071 1626 1141 1679 Ἣ
1171 1626 1251 1678 ὅτι
1286 1626 1445 1695 σοφία
1480 1624 1578 1696 μὲν
1610 1626 1643 1696 ἡ
1683 1623 1839 1696 γυνὴ,

274 1718 511 1793 πράξεις
534 1718 590 1772 δὲ
615 1698 664 1773 οἱ
689 1716 813 1771 υἱοί.
847 1717 987 1788 Γυνὴ
1025 1715 1103 1778 δὲ,
1142 1718 1175 1786 ὴ
1205 1710 1338 1769 οὖσα
1378 1717 1535 1787 μερὶς
1561 1714 1758 1786 ἀγαθὴ,
1804 1715 1837 1784 ἢ
1876 1698 1915 1752 Β

270 1816 310 1886 ἠ
347 1812 497 1885 παρά
532 1810 610 1883 τῷ
643 1809 942 1881 Σολομῶντι
971 1808 1206 1881 ἀνδρεία,
1239 1806 1478 1879 ἄμπελός
1511 1808 1655 1862 ἐστιν
1683 1806 1842 1876 εὐθη-

272 1902 466 1965 νοῦσα,
494 1903 589 1956 καὶ⁵
617 1900 846 1973 μάλιστα
872 1900 960 1953 ὅτε
993 1898 1236 1968 οἰκουρός
1270 1898 1415 1950 ἐστιν
1441 1894 1640 1967 ἀγαθή.
1683 1895 1746 1947 Ἦ
1783 1894 1842 1948 δὲ

278 1995 358 2068 μὴ
389 1993 607 2065 τοιαύτη
639 1990 774 2061 γυνὴ
812 1990 871 2056 ἐξ
898 1988 1142 2061 ἀμπέλου
1175 1987 1291 2042 ἐστὶ
1322 1987 1596 2057 Σοδόμων·
1630 1985 1725 2040 καὶ
1754 1984 1843 2038 λέ-

272 2101 431 2155 γοιτο
477 2083 522 2137 δ’
557 2081 622 2137 ἂν
668 2082 804 2154 πρὸς
839 2079 1272 2152 μεταϐάλλουσαν
1304 2079 1383 2142 είς
1425 2077 1484 2131 τὸ
1513 2078 1693 2148 χεῖρον
1741 2093 1840 2145 γυ-

273 2178 472 2230 ναῖκα·
513 2193 532 2226 ι
562 2173 685 2238 Πῶς
735 2172 1003 2245 ὲστράφης
1050 2173 1129 2234 εἰς
1176 2171 1479 2243 πικρίαν,ή
1529 2168 1767 2240 ἄμπελος
1807 2168 1843 2238 ἠ

274 2265 534 2337 ἀλλοτρία
553 2280 566 2328 ;
597 2283 616 2316 ι

356 2352 467 2408 Τοῦ
497 2352 701 2407 αὐτοῦ.
746 2352 888 2424 Γυνὴ
932 2351 1025 2406 τοῦ
1071 2349 1163 2405 νοῦ
1216 2351 1330 2423 (97)
1384 2352 1418 2422 ἠ
1461 2350 1621 2418 σοφία
1669 2346 1839 2404 ἐστίν.

282 2462 304 2496 ι
345 2444 635 2516 Ἐράσθητι
684 2443 814 2515 γὰρ,
842 2444 1025 2514 φησιν,
1074 2442 1274 2513 αὐτῆς,
1330 2442 1424 2495 καὶ¹
1477 2441 1705 2513 τηρήσει
1758 2456 1838 2493 σε.

275 2534 525 2607 Τίμησον
553 2535 741 2608 αὐτὴν,
769 2536 856 2591 ἵνα
895 2552 954 2588 σε
988 2533 1275 2607 περιλάϐῃ,
1308 2534 1399 2587 καὶ
1431 2533 1603 2603 κτήσῃ
1629 2530 1723 2584 ἀπ’
1745 2531 1843 2583 αὐ-

271 2627 380 2697 τῆς
406 2624 595 2693 λόγους
634 2626 845 2695 σοφούς.
871 2644 890 2676 ι
916 2656 987 2666 -
1020 2642 1039 2675 ι
1062 2621 1227 2677 Εἶπον
1258 2622 1355 2694 τὴν
1391 2620 1577 2690 σοφίαν
1608 2620 1840 2691 ἀδελφὴν

278 2717 385 2788 σὴν
427 2713 592 2771 εἶναι·
618 2736 637 2768 ιι
673 2716 906 2788 ἀδελφὴν
939 2716 995 2770 δὲ
1027 2715 1195 2786 αὐτὴν
1250 2712 1524 2785 ὀνομάζει,
1574 2712 1706 2765 διότι
1746 2710 1841 2765 καὶ

274 2808 420 2879 αὐτὴ
458 2810 523 2862 ὲκ
553 2808 645 2862 τοῦ
674 2809 885 2880 Πατρὸς
923 2809 1136 2862 πάντων
1166 2806 1299 2860 ὲστί.
1346 2803 1756 2876 Μνημονευτέον
1782 2802 1841 2858 δὲ

273 2900 378 2954 καὶ
410 2900 503 2954 τοῦ
541 2901 786 2973 Ἀϐραάμ
815 2900 932 2965 πῶς
976 2902 1073 2970 τὴν
1108 2900 1241 2953 ἰδίαν
1288 2900 1518 2967 γυναῖκα
1562 2897 1841 2969 ὠνόμασεν

271 2990 532 3062 ἀδελφὴν,
563 2991 778 3055 πάντως
822 2990 915 3045 τοῦ
974 2989 1293 3061 βουλομένου
1342 2988 1439 3060 τὴν
1479 2988 1668 3059 σοφίαν
1701 2984 1839 3043 εῖναι

270 3082 564 3138 διδάσκων.

362 3172 505 3229 Ἰδοὺ
534 3174 722 3241 οὕτως
748 3172 1213 3245 εὐλογηθήσεται
1242 3173 1545 3241 ἅνθρωπος
1569 3172 1604 3225 ὁ
1632 3171 1846 3240 φοϐού-

267 3285 459 3340 μενος
498 3267 604 3322 τὸν
648 3268 881 3336 Κύριον,
924 3285 977 3321 κ.
1006 3286 1055 3321 τ.
1088 3268 1134 3320 ἐ.
1179 3267 1238 3320 '0
1268 3265 1554 3337 λεγόμενος
1604 3262 1713 3335 (98)
1752 3262 1846 3316 ἀν-

271 3358 496 3432 θρωπος
533 3357 621 3412 διὰ
651 3359 712 3413 τὸ
757 3358 1034 3429 φοϐεῖσθαι
1079 3358 1169 3413 τὸν
1224 3357 1424 3428 Κύριον
1466 3354 1633 3427 ἀγρὸν
1692 3353 1801 3424 ἔχει
1826 3370 1839 3384 °

269 3450 518 3521 ἄμπελον
548 3450 606 3504 δὲ
646 3453 706 3503 ὲν
751 3453 864 3514 τοῖς
909 3449 1112 3504 κλίτεσι
1157 3451 1255 3520 τῆς
1304 3448 1480 3512 οἰκίας
1530 3446 1698 3500 αὐτοῦ
1745 3446 1844 3514 τὴν

267 3545 537 3613 γυναῖκα⁶
583 3543 814 3611 νεόφυτα
848 3543 905 3596 δὲ
950 3540 1143 3595 ὲλαιῶν
1191 3540 1374 3613 κύκλῳ
1424 3540 1522 3611 τῆς
1562 3536 1837 3611 τραπέζης

268 3632 470 3689 ἑαυτοῦ
495 3634 621 3697 τοὺς
646 3635 814 3699 υἱούς.

343 3727 454 3781 Καὶ
509 3725 657 3792 ιδοις
691 3727 861 3793 υἱοὺς
908 3726 1026 3782 τῶν
1068 3726 1215 3782 υἱῶν
1254 3743 1390 3788 σου,
1425 3742 1480 3781 κ.
1506 3741 1557 3777 τ.
1586 3724 1631 3776 ὲ.
1665 3722 1773 3774 Καὶ
1810 3721 1840 3773 ὁ

268 3816 525 3888 Σολομὼν
566 3820 677 3890 (99)
711 3837 905 3891 φησιν’
948 3838 968 3871 ι
1007 3819 1232 3888 Ἀγαθὸς
1266 3819 1402 3890 ἀνὴρ
1444 3816 1837 3887 κληρονομήσει

268 3909 427 3975 υἱοὺς
458 3910 607 3963 υἱῶν.
634 3929 653 3962 ι

794 4090 1085 4144 ΨΑΛΜΟΣ
1121 4091 1302 4143 PKH’.

346 4184 681 4250 Πλεονάκις
716 4182 1104 4252 ἐπολέμησάν
1148 4201 1224 4253 με
1264 4182 1332 4235 ἐκ
1379 4179 1658 4247 νεότητός
1696 4194 1836 4247 μου,

267 4275 489 4331 limite)
532 4277 608 4347 δὴ
666 4277 938 4348 Ἰσραὴλ,
987 4296 1040 4333 κ.
1075 4295 1125 4331 τ.
1178 4278 1224 4330 ὲ.
1272 4277 1331 4330 Ὀ
1381 4278 1447 4329 ὲκ
1498 4274 1701 4328 παίδων
1760 4269 1838 4342 (I)

268 4369 671 4441 ἀγωνιζόμενος
711 4370 885 4425 ταῦτα
915 4371 1057 4443 ἐρεῖ,
1101 4368 1195 4422 καὶ
1242 4369 1300 4420 ἐν
1331 4365 1408 4437 τῷ
1446 4364 1705 4427 πολλάκις
1741 4378 1840 4416 πε-

267 4460 609 4531 πολεμῆσθαι
636 4462 864 4533 νικήσας
893 4462 1018 4525 τοὺς
1050 4458 1364 4530 πολεμίους’
1397 4457 1491 4512 καὶ
1517 4459 1546 4510 ὁ
1579 4455 1801 4524 φάσκων
1820 4469 1833 4483 ’

272 4562 293 4597 ι
331 4545 391 4599 ’0
423 4545 553 4609 Θεὸς
575 4549 603 4600 ὁ
625 4549 839 4619 τρέφων
872 4565 938 4618 με
964 4551 1028 4601 ὲκ
1056 4548 1300 4617 νεότητός
1343 4563 1464 4617 μου.
1493 4565 1511 4595 ι

355 4637 722 4707 Ἐμάκρυναιν
750 4639 865 4710 τὴν
900 4642 1155 4711 ἀνομίαν
1186 4637 1401 4706 αὐτῶν,
1433 4658 1485 4693 κ.
1521 4657 1571 4693 τ.
1610 4639 1658 4693 ὲ.
1692 4637 1837 4709 Χρή-

268 4745 430 4801 σιμον
455 4733 533 4796 εἰς
568 4730 727 4786 τοῦτο
759 4732 833 4804 (2)
861 4734 941 4797 τὸ,
974 4752 992 4784 ι
1019 4733 1152 4787 Οὐαὶ
1179 4734 1227 4786 οἱ
1260 4731 1627 4803 ἐπισπώμενοι
1667 4732 1840 4803 ἀμαρ-

260 4823 390 4886 τίας
439 4823 515 4886 ὡς
564 4823 778 4895 σχοινίῳ
811 4824 1024 4898 μακρῷ,
1064 4826 1157 4879 καὶ
1210 4825 1284 4889 ὡς
1315 4825 1476 4894 ζυγοῦ
1527 4824 1708 4897 ἱμάντι
1739 4824 1836 4878 δα-

269 4914 485 4985 μάλεως
502 4914 600 4978 ea;
613 4915 844 4986 ἀνομίας
878 4936 897 4967 ι
927 4918 1076 4988 Ὅσῳ
1103 4917 1160 4971 δέ
1180 4935 1263 4981 τις
1288 4917 1554 4990 μακρύνει
1584 4917 1682 4989 τὴν
1707 4919 1833 4972 dvo-

265 5006 402 5078 μίαν
430 5005 645 5071 ἑαυτοῦ,
674 5005 912 5078 τοσούτῳ
931 5007 1193 5080 μακρύνει
1216 5009 1404 5063 ἑαυτὸν
1425 5007 1532 5063 ἀπὸ
1551 5009 1644 5064 τοῦ
1675 5009 1830 5065 Θεοῦ.

336 5115 777 5184 Γενηθήτωσαν
815 5118 959 5171 ὡσεὶ
1019 5118 1230 5188 χόρτος
1273 5118 1574 5189 δωμάτων,
1610 5119 1679 5187 ὃς
1717 5122 1831 5189 πρὸ
1908 5100 1924 5115 ί

263 5200 375 5262 τοῦ
414 5204 833 5276 ἐκσπωθῆναι
862 5206 1180 5278 ἐξηράνθη,
1211 5227 1262 5264 κ.
1297 5229 1344 5265 τ.
1383 5212 1429 5266 ἐ.
1478 5213 1542 5266 Ἦ
1579 5213 1831 5266 διδασκα-

1867 4087 1912 4140 D

1939 629 2050 676 tem
2092 631 2248 676 vocat
2285 622 2648 676 musculorum
2692 625 2780 692 qui
2821 624 2873 678 in
2924 626 3170 682 manibus
3215 641 3343 684 sunt
3378 673 3392 696 ,
3437 642 3496 690 et

1934 708 2204 779 iuncturae
2256 712 2623 768 nominantur.
2680 713 2812 768 Boni
2866 715 3033 783 igitur
3081 728 3213 773 sunt
3271 722 3488 781 labores

1942 801 2308 857 musculorum
2346 812 2400 856 et
2432 804 2758 869 nutrientes,
2805 821 2835 859 a
2866 807 3063 875 quibus
3095 809 3163 864 ad
3184 825 3380 880 panem
3417 818 3501 872 vi-

1940 907 2065 946 vum
2092 893 2453 949 ascendimus.

2013 981 2181 1037 Vens.
2212 982 2265 1038 5.
2299 980 2446 1036 Uxor
2472 995 2562 1036 tua
2609 984 2744 1039 sicut
2774 988 2891 1043 vitis
2925 989 3202 1048 abundans
3230 995 3287 1051 in
3314 996 3501 1056 lateri-

1945 1072 2040 1127 bus
2078 1075 2265 1128 domus
2291 1086 2417 1131 tute.
2444 1074 2578 1131 Filii
2606 1080 2686 1133 tui
2720 1083 2852 1135 sicut
2899 1085 3116 1140 novellte
3149 1087 3406 1146 olivarum
3443 1095 3501 1148 in

1942 1165 2165 1218 circuitu
2212 1183 2402 1221 menste
2440 1177 2544 1221 tua:
2569 1208 2585 1234 ,
2629 1180 2735 1225 etc.
2762 1171 2930 1227 Nemo
2960 1190 2990 1229 a
3017 1177 3124 1231 Deo
3155 1178 3362 1236 alienus
3384 1185 3498 1240 haec

1944 1270 2348 1326 consequetur:
2382 1274 2486 1312 non
2515 1260 2660 1315 enim
2701 1273 2828 1317 sunt
2862 1268 3192 1337 corporalia,
3220 1274 3316 1327 sed
3341 1276 3503 1345 spiri-

1946 1351 2134 1416 tualia,
2175 1351 2240 1405 de
2282 1351 2476 1420 quibus
2508 1354 2623 1408 haec
2670 1356 2808 1411 dicta
2841 1368 2987 1414 sunt.
3019 1361 3249 1429 Quando
3279 1369 3417 1424 vites
3447 1380 3501 1426 et

1942 1439 2098 1495 oliva:
2142 1441 2411 1511 justorutn
2458 1441 2893 1511 benedicuntur,
2938 1463 3119 1507 sermo
3166 1457 3501 1530 tropologice

1943 1532 2236 1586 sumendus
2266 1542 2350 1587 est
2391 1532 2459 1588 de
2504 1549 2672 1589 uxore
2706 1545 2761 1590 et
2808 1537 2931 1594 liliis
2957 1580 2974 1606 ,
3005 1543 3089 1599 vel
3120 1546 3189 1602 de
3234 1551 3399 1608 verbo
3429 1556 3499 1609 ad

1946 1626 2191 1679 verbum.
2223 1626 2321 1681 Vel
2358 1628 2481 1696 quia
2513 1628 2770 1697 sapientia
2795 1634 3011 1702 quidem
3042 1654 3176 1694 uxor
3203 1651 3304 1707 est,
3334 1648 3504 1703 artio-

1948 1729 2045 1769 nes
2089 1729 2217 1770 vero
2267 1716 2386 1771 lilii.
2435 1716 2626 1773 Mulier
2659 1731 2837 1777 autem
2870 1740 2989 1794 quae
3028 1738 3113 1784 est
3154 1745 3280 1800 pars
3316 1735 3457 1792 bona
3483 1779 3501 1806 ,

1946 1804 2029 1860 vel
2056 1821 2175 1877 quae
2204 1809 2345 1877 apud
2402 1809 2747 1868 Salomonem
2796 1815 2952 1873 lortis’
2997 1820 3216 1890 dicitur,
3254 1827 3378 1885 vitis
3410 1804 3497 1888 est

1946 1897 2248 1963 abundans,
2278 1909 2334 1955 et
2367 1902 2600 1959 maxime
2627 1907 2843 1974 quando
2877 1920 2960 1964 est
2990 1914 3126 1968 bona
3163 1920 3503 1979 materfami-

1946 1986 2067 2042 lias.
2088 1991 2158 2042 At
2190 1990 2387 2045 mulier
2421 2007 2540 2061 quae
2568 2010 2671 2050 non
2704 2008 2789 2051 est
2818 2000 3190 2071 ejusmodi,de
3219 2012 3374 2069 vinea
3403 2014 3504 2071 So-

1947 2080 2225 2136 domorum
2246 2092 2350 2137 est.
2379 2083 2519 2151 Quin
2546 2096 2602 2142 et
2627 2090 2693 2143 ad
2718 2092 3002 2150 mulierem
3030 2097 3084 2153 in
3120 2101 3358 2161 deterius
3383 2124 3502 2164 mu-

1950 2182 2115 2226 tatam
2144 2174 2249 2229 dici
2275 2178 2446 2243 possit
2476 2200 2488 2234 :
2523 2197 2542 2230 ι
2574 2179 2855 2248 Quomodo
2880 2201 3141 2247 conversa
3172 2209 3232 2251 es
3267 2196 3320 2252 in
3349 2215 3504 2258 ama-

1948 2259 2256 2329 ritudinem,
2286 2267 2414 2320 vitis
2438 2267 2615 2323 aliena
2645 2273 2687 2302 ¹²
2710 2272 2733 2326 7
2758 2293 2779 2324 ι

2016 2351 2297 2456 ξλαεάεηι.
2331 2357 2485 2414 Uxor
2533 2364 2729 2419 mentis
2780 2375 2864 2420 est
2912 2371 3197 2439 sapientia.
3260 2395 3280 2430 ι
3329 2379 3503 2456 Dilige

1946 2444 2114 2512 enim,
2146 2448 2341 2517 inquit,
2379 2466 2523 2519 eam,
2550 2464 2605 2508 et
2650 2462 2997 2516 conservabit
3035 2474 3106 2518 te.
3139 2465 3348 2525 Honora
3380 2444 3501 2531 eam

1949 2546 2009 2591 ut
2040 2548 2092 2593 te
2123 2540 2482 2610 amplexetur,
2514 2555 2564 2599 et
2595 2548 2772 2604 disces
2794 2551 2863 2604 ab
2887 2568 2948 2607 ea
2981 2570 3263 2616 sermones
3288 2566 3504 2634 sapien-

1949 2635 2026 2682 tes
2054 2629 2118 2684 ³³.
2160 2648 2180 2683 ι
2210 2633 2473 2705 -828
2510 2654 2529 2689 ι
2565 2637 2660 2694 Dic
2702 2642 3022 2710 sapientiam
3067 2662 3310 2706 sororem
3352 2629 3502 2712 tuam

1946 2730 2069 2773 esse
2098 2718 2163 2775 “.
2202 2739 2223 2774 ι
2255 2721 2504 2780 Sororem
2533 2737 2712 2783 autem
2736 2730 2881 2786 illam
2915 2736 3177 2807 nominat,
3209 2754 3497 2814 propterea

1947 2810 2090 2878 quod
2134 2820 2189 2868 et
2229 2813 2342 2883 ipsa
2371 2830 2400 2869 a
2444 2815 2604 2874 Patre
2634 2821 3010 2880 universorum
3039 2838 3141 2882 est.
3194 2810 3248 2886 In
3299 2810 3504 2892 memo-

1947 2901 2085 2955 riam
2148 2904 2312 2959 etiam
2368 2911 2725 2966 revocandum
2770 2922 2854 2968 est
2911 2922 3177 2986 quomodo
3223 2925 3499 2983 Abraham

1951 2994 2225 3062 propriam
2283 3012 2506 3052 uxorein
2562 3003 2911 3070 appellaverit
2964 3022 3246 3081 sororem,
3301 3014 3505 3075 docens

1946 3087 2168 3140 omnino
2193 3087 2481 3155 cujuslibet
2508 3093 2740 3148 volentis
2765 3111 2884 3151 esse
2907 3100 3252 3168 sapientiam.

2013 3178 2178 3235 Vens.
2201 3180 2258 3236 4.
2288 3181 2422 3237 Ecce
2455 3185 2532 3238 sic
2561 3186 2890 3242 benedicetur
2916 3191 3070 3245 homo
3087 3195 3179 3264 qui
3213 3196 3359 3252 timet
3388 3197 3503 3255 Do-

1945 3271 2145 3324 minum
2172 3311 2188 3337 ,
2235 3284 2344 3330 etc.
2394 3274 2442 3330 Is
2472 3278 2560 3345 qui
2599 3279 2801 3334 dicitur
2827 3285 2987 3338 homo
3010 3299 3108 3353 per
3134 3288 3376 3345 timorem
3407 3290 3508 3347 Do-

1950 3361 2082 3416 mini
2116 3377 2304 3430 agrum
2342 3366 2541 3435 habet;
2593 3371 2755 3425 vitem
2805 3383 2982 3427 autem
3019 3375 3074 3430 in
3120 3378 3379 3436 lateribus
3416 3382 3507 3437 do-

1949 3467 2067 3508 mus
2112 3471 2222 3511 suae
2266 3472 2536 3524 uxorem;
2590 3463 2829 3520 novellas
2876 3467 3110 3535 denique
3148 3471 3410 3526 olivarum
3448 3476 3502 3529 in

1945 3544 2172 3599 circuitu
2204 3563 2405 3605 mensa:
2432 3566 2545 3606 suae
2571 3552 2725 3608 lilios.

1942 3718 1949 3723 ’
2016 3721 2181 3777 Vens.
2233 3723 2286 3779 6.
2323 3724 2394 3779 Et
2436 3728 2611 3781 videas
2656 3728 2793 3795 ﬁlios
2820 3731 3057 3798 ﬁ'iorum
3104 3742 3316 3788 tuorum
3341 3776 3357 3801 ,
3390 3747 3496 3793 etc.

1947 3808 2203 3865 Salomon
2239 3830 2457 3885 quoque
2482 3818 2559 3870 ait
2595 3819 2638 3847 ¹⁸
2682 3835 2699 3872 :
2748 3838 2767 3870 ι
2808 3820 2902 3875 Vir
2925 3824 3127 3892 probus
3157 3824 3501 3884 haereditabit

1948 3902 2085 3958 lilios
2118 3908 2369 3961 liliorutn.
2429 3929 2447 3960 ›

2407 4084 2728 4142 PSALMUS
2768 4087 3045 4144 CXXVIII.

2020 4174 2186 4231 Vens.
2216 4177 2270 4231 i.
2297 4177 2446 4248 Swpe
2482 4193 2899 4251 expugnaverunt
2930 4197 3010 4236 me
3030 4200 3063 4236 a
3088 4182 3348 4251 iuventute
3368 4202 3504 4254 mea,

1941 4263 2080 4319 dicat
2113 4283 2251 4321 nunc
2276 4267 2464 4336 Israel,
2492 4281 2598 4326 etc.
2641 4272 2766 4327 Haec
2795 4275 2938 4329 dicet
2970 4274 3013 4328 is
3043 4274 3134 4344 qui
3168 4290 3197 4329 a
3222 4277 3507 4345 juventute

1943 4357 2267 4424 decertavit,
2297 4373 2352 4416 et
2400 4364 2706 4422 dimicando
2741 4367 2923 4423 hostes
2948 4384 3326 4441 saepenumero
3355 4374 3507 4427 devi-

1940 4448 2061 4514 cit;
2116 4453 2205 4521 qui
2239 4455 2401 4508 etiam
2442 4456 2579 4512 dicit
2610 4458 2697 4512 “z
2740 4478 2758 4510 ι
2795 4460 2938 4516 Deus
2979 4462 3072 4532 qui
3122 4465 3304 4532 pascis
3343 4478 3431 4519 me
3473 4481 3505 4518 a

1939 4540 2223 4611 iuventute
2266 4561 2405 4601 mea.
2450 4566 2469 4600 ι

2017 4635 2180 4690 Vens.
2213 4638 2266 4692 5.
2314 4636 2765 4705 Prolongaverunt
2795 4643 3122 4712 iniquitatem
3159 4661 3310 4698 suam
3337 4686 3354 4711 ,
3396 4654 3503 4702 etc.

1945 4727 2064 4782 Huc
2098 4740 2307 4798 spectat
2341 4731 2473 4788 illud
2508 4734 2548 4765 "
2577 4771 2591 4797 ,
2647 4750 2667 4784 ι
2732 4733 2819 4787 Vae
2859 4736 2948 4803 qui
3008 4737 3230 4790 trahunt
3284 4749 3505 4807 peccata

1943 4824 2099 4894 quasi
2131 4824 2370 4881 funiculo
2419 4828 2580 4900 longo
2605 4869 2620 4894 ,
2648 4839 2704 4885 et
2738 4831 2894 4900 quasi
2917 4829 3030 4901 jugi
3058 4832 3290 4901 corrigia
3320 4834 3505 4888 vitula:

1942 4914 2277 4985 iniquitates.
2303 4937 2322 4970 ι
2345 4917 2614 4985 Quantum
2644 4931 2825 4975 autem
2849 4922 2972 4989 quis
2999 4921 3282 4992 prolongat
3305 4925 3503 4992 iniqui-

1945 5013 2105 5060 tatem
2131 5021 2307 5075 suam,
2335 5010 2669 5065 tantumdem
2704 5011 2923 5081 elongat
2945 5014 3292 5081 semetipsum
3315 5028 3344 5066 a
3371 5014 3499 5068 Deo.

2022 5118 2183 5175 Vens.
2221 5121 2274 5175 6.
2301 5121 2464 5177 Fiant
2495 5124 2629 5177 sicut
2657 5124 2832 5194 fenum
2864 5134 3141 5192 tectorum,
3162 5128 3302 5196 quod
3327 5131 3504 5198 prius-

1936 5228 2094 5281 quam
2123 5214 2375 5267 evellatur
2396 5217 2607 5268 exaruit
2637 5255 2652 5279 ,
2687 5226 2791 5270 etc.
2822 5217 3076 5272 Doctrina
3107 5219 3501 5275 sublimitatum

337 5301 381 5333 “
406 5299 605 5356 Jerem.
638 5317 699 5367 ll,
725 5302 817 5356 2|.
892 5303 935 5334 “
962 5303 1119 5358 Prov.
1152 5319 1227 5367 tv,
1254 5304 1308 5367 6,
1337 5305 1389 5362 8.
1453 5304 1498 5336 “
1525 5307 1654 5360 ibid.
1680 5321 1775 5369 vn,
1808 5307 1841 5360 4

1955 5307 2119 5360 ‘ibid.
2145 5306 2374 5370 1111,22.
2451 5306 2495 5338 “
2541 5307 2676 5363 Gen.
2717 5324 2905 5372 xum,
2930 5308 3017 5363 I5.
3102 5310 3144 5341 ⁸⁷
3171 5310 3295 5365 Isai.
3324 5327 3378 5378 ν,
3412 5314 3501 5376 18.

339 5395 453 5469 (95)
489 5397 643 5469 "Octo
690 5399 961 5465 πλείους,
992 5407 1100 5456 etc.
1150 5398 1352 5469 Catena
1404 5399 1667 5465 Corderii,
1708 5416 1827 5469 qua:

265 5472 323 5550 et
361 5467 464 5550 alia
496 5468 656 5550 plura
684 5469 902 5539 subjicit
929 5480 1182 5539 tanquam
1207 5468 1475 5541 Origeuis,
1510 5467 1823 5528 licet'l‘heo-

266 5535 453 5677 (ἰοί.ξῶ
466 5548 698 5676 εὸιὲὲεὶς
723 5610 1057 5677 ἀλλότριος,
1082 5621 1186 5666 etc.
1230 5610 1426 5665 Eadem
1461 5610 1687 5667 Catena.

338 5670 451 5747 (97)
490 5670 799 5748 Γυνὴ’τοῦ
818 5670 948 5749 νοῧ,
972 5670 1094 5751 etc.
1128 5682 1354 5739 Schcdz
1375 5681 1586 5739 Grabii.

2012 5401 2125 5470 (98)
2169 5401 2234 5455 Ὀ
2255 5405 2603 5471 λεγομενος,
2641 5412 2749 5457 etc.
2780 5403 2980 5457 Catena
3007 5401 3272 5458 Corderii.

2005 5472 2260 5544 (99)7Kal
2288 5476 2321 5527 ό
2349 5473 2653 5544 Σολομὼν,
2681 5484 2785 5544 etc.
2828 5472 3055 5544 Sclteda:
3076 5472 3289 5544 (Grabii.

2038 5539 2107 5613 l)'
2124 5543 2186 5595 '0
2211 5543 2282 5613 ex
2302 5539 2550 5605 ammon},
2579 5555 2684 5613 etc.
2717 5543 2920 5597 Catena
2946 5542 3216 5601 Corderii.

2028 5611 2084 5684 2)
2110 5611 2417 5684 Χρήσιμον
2436 5615 2523 5679 εὶς
2544 5611 2738 5679 τοῦτο,
2773 5623 2879 5669 etc.
2917 5613 3139 5673 Eadem.
