3928 6158
247 277 391 335 1649

1250 277 1562 337 SELECTA
1599 278 1670 336 IN
1703 277 2043 338 PSALMOS.
2078 308 2151 324 —-
2188 277 2378 335 PSAL.
2412 277 2688 336 CXXXI.1

3353 278 3494 335 M50

242 395 523 470 πρακτικὴ
547 396 607 451 οὐ
634 396 703 451 τὰ
732 400 980 470 νοήματα
1009 399 1109 471 τῆς
1133 399 1358 473 καρδίας
1381 402 1673 472 περιαιρετ,
1694 398 1830 455 ἀλλὰ

1957 397 2223 467 ςίιειίοηοε
2267 400 2465 465 cordis,
2501 397 2596 455 sed
2624 394 2984 470 cogitationes
3012 395 3294 453 affectibus
3314 395 3486 451 olmo-

240 487 315 542 τὰ
339 486 559 559 ἐμπαθῆ
586 489 853 561 νοήματα.

805 662 1098 717 ΨΑΔΜΟΣ
1134 663 1260 717 Ρ·Λ⁸.

315 751 508 819 Κύριε,
535 753 648 821 οὐχ
680 751 891 821 ὐιωθη
929 755 969 822 ἠ
1003 754 1216 823 καρδία
1236 772 1376 825 μου,
1410 755 1554 811 οὐδὲ
1581 756 1825 827 ἐμετεω-

232 842 545 911 ρίσθησαν
573 843 629 897 οὶ
660 843 957 914 ὀφθαλμοί
995 863 1137 915 μου,
1188 863 1245 899 κ.
1292 863 1344 900 τ.
1386 846 1435 900 ὲ.
1486 839 1661 902 Δῦται
1708 867 1825 918 φω-

242 932 336 986 ναὶ
364 931 473 1004 (12)
500 932 712 987 δικαίου
753 936 811 989 ὲν
855 936 1155 1011 χαρίσμασι
1195 937 1449 1010 μεγάλοις
1486 940 1580 993 καὶ
1611 939 1826 1011 Θαυμα-

242 1020 380 1084 σίοις
426 1020 501 1092 μὴ
545 1021 925 1093 τετυφωμένου
944 1064 959 1090 ,
1005 1024 1138 1097 μηδὲ
1183 1026 1632 1098 ὑπεραιρομένου,
1690 1028 1827 1101 μηδὲ

242 1112 629 1185 φυσιουμένου,
671 1114 809 1171 ἀλλὰ
848 1119 945 1172 καὶ
987 1120 1049 1173 ἐν
1090 1118 1302 1184 τούτοις
1346 1120 1833 1194 ταπεινοφρονοῦν-

241 1220 387 1351 τοςιςι
410 1295 496 1366 μὴ
540 1300 1101 1369 ἐταπεινοςορόνουν,
1133 1301 1295 1356 ἀλλὰ
1321 1301 1542 1371 ὕψωσα
1569 1301 1683 1371 τὴν
1710 1307 1828 1372 ψυ-

1932 491 2071 548 xias.

2423 660 2746 719 PSALMUS
2784 660 2998 717 CXXX.

2005 760 2170 816 Vens.
2203 759 2250 814 Ι.
2287 759 2530 821 Domine,
2574 774 2677 813 non
2712 769 2788 812 est
2840 758 3127 811 exaltatum
3174 774 3266 811 cor
3294 773 3491 823 meum,

1931 869 2092 924 neque
2130 850 2252 906 elati
2296 860 2415 905 sunt
2443 849 2582 903 oculi
2607 850 2726 915 mei,
2760 860 2864 904 etc.
2896 849 2988 904 Hm
3018 859 3144 904 sunt
3172 864 3334 904 voces
3357 848 3488 917 justi

1932 945 1988 1001 in
2014 943 2222 1014 magnis
2253 951 2307 997 et
2340 941 2666 996 admirandis
2690 942 2879 1012 gratiis
2912 940 3135 995 minime
3168 940 3491 1010 superbien-

1934 1036 2027 1100 tis,
2057 1048 2234 1103 neque
2269 1047 2388 1089 sese
2435 1033 2733 1100 elfereutis,
2771 1049 2945 1105 neque
2994 1035 3369 1100 tumescentis,
3399 1045 3495 1087 νο-

1928 1135 2049 1175 rum
2082 1120 2243 1174 etiam
2268 1120 2323 1174 in
2356 1119 2440 1176 his
2473 1120 2748 1176 humiliter
2778 1137 2835 1177 se
2858 1125 3120 1193 gerentis.

2006 1322 2163 1378 Vsus.
2198 1322 2251 1376 2.
2287 1321 2350 1378 Si
2386 1338 2489 1375 non
2524 1320 2793 1376 humiliter
2819 1321 3123 1388 sentiebam,
3146 1322 3237 1378 sed
3264 1321 3493 1377 exaltavi

242 1386 391 1483 χήν-
405 1406 550 1459 μου.
596 1390 689 1457 Ὡς
732 1390 800 1446 τὸ
856 1391 1527 1463 ἁπογεγαλακτισμένον
1574 1393 1675 1447 ἐπὶ
1712 1393 1829 1462 τὴν

1957 1416 2162 1469 :nimam
2196 1428 2387 1468 meam.
2432 1409 2581 1467 Sicut
2625 1410 2919 1467 ablactatus
2962 1428 3118 1483 super
3150 1422 3320 1467 matre
3369 1429 3490 1478 sua,

237 1478 468 1550 μητέρα
502 1481 710 1545 αὐτοῦ,
748 1482 829 1548 ὡς
856 1482 1297 1550 ἀνταποδώσεις
1322 1482 1422 1537 ἐπὶ
1465 1482 1582 1553 τὴν
1615 1483 1828 1554 ψυχήν

1959 1507 2006 1559 ic
2031 1505 2283 1560 retribues
2310 1506 2364 1559 in
2395 1508 2630 1560 animam
2670 1521 2856 1567 meam,
2884 1513 2989 1559 etc.
3029 1504 3488 1571 Quemadmodum

240 1592 380 1666 μου,
412 1591 468 1629 κ.
499 1592 549 1629 τι
575 1576 623 1629 ὲ.
662 1576 747 1639 Ὦς
769 1578 798 1630 6
836 1575 1019 1631 Ἰσαὰκ
1043 1576 1150 1648 (l5)
1180 1579 1273 1632 καὶ
1292 1579 1322 1631 6
1344 1578 1598 1649 Σαμουὴλ
1623 1580 1830 1647 ἀπεγα-

1959 1614 2085 1654 saac
2112 1607 2166 1654 et
2208 1598 2427 1653 Samuel
2460 1597 2714 1653 ablactati
2744 1594 2987 1659 fuerunt,
3014 1594 3180 1666 830
3208 1594 3289 1651 sic
3325 1595 3489 1651 etiam

242 1665 632 1740 λακτίσθησαν,
679 1667 853 1733 οὕτως
909 1669 1002 1723 καὶ
1058 1662 1213 1735 οὗτος
1272 1671 1513 1735 ἐκείνους
1561 1671 1657 1725 καὶ
1706 1672 1829 1735 τοὺς

1957 1692 2021 1747 lic
2051 1691 2142 1760 qui
2173 1689 2293 1745 illus
2323 1689 2535 1759 illisque
2565 1687 2766 1743 similes
2792 1662 3168 1743 imitatus—est:
3200 1685 3317 1742 Non
3346 1688 3495 1742 exal-

242 1760 464 1830 ὁμοίους
493 1762 674 1825 αὐτοῖς
711 1762 1107 1833 μιμησάμενος.
1133 1764 1244 1834 Οὐχ
1274 1763 1502 1833 ὑψοῦται
1534 1764 1591 1817 δὲ
1629 1765 1655 1834 ἡ
1684 1764 1829 1835 ψυχὴ

1957 1793 2078 1836 atur
2123 1792 2302 1834 autem
2347 1782 2524 1835 anima
2558 1779 2813 1835 ablactati
2852 1777 3102 1849 quopiam
3144 1778 3292 1834 illam
3319 1779 3495 1836 extol-

241 1853 341 1907 τοῦ
376 1854 947 1923 ἀπογαλακτισθέντος
983 1856 1128 1921 τινὸς
1184 1857 1446 1927 ὑψοῦντος
1492 1857 1679 1929 αὐτὴν,
1714 1857 1829 1911 ἀλλ’

246 1945 477 2017 ὑψοῦται
528 1947 621 2000 ἐπὶ
652 1946 750 2019 τὴν
792 1948 983 2002 ἑαυτοῦ
1032 1949 1265 2020 μητέρα,
1308 1950 1436 2021 περὶ
1466 1944 1534 2019 ἦς
1576 1949 1828 2020 εἴρηται·

250 2056 271 2091 s
316 2038 381 2091 Ἦ
416 2038 475 2093 δὲ
516 2038 628 2094 ἄνω
665 2040 1019 2113 Ἰερουσαλὴμ
1049 2041 1310 2115 ἐλευθέρα
1341 2043 1510 2110 ἐστὶν,
1550 2042 1674 2113 ἣτις
1716 2042 1831 2096 ἐστὶ

249 2130 434 2202 μήτηρ
465 2129 647 2202 ἡμῶν,
682 2150 702 2184 ι
739 2133 835 2188 καὶ
861 2133 931 2187 τὰ
955 2134 1104 2205 ἑξῆς.

322 2224 433 2276 Τοῦ
463 2223 672 2279 αὐτοῦ.
709 2223 786 2296 Τῇ
819 2225 914 2278 τοῦ
946 2225 1059 2298 (14)
1091 2228 1705 2301 ἀπογεγαλακτισμένου
1730 2228 1832 2299 ψυ-

246 2317 317 2388 χῇ
364 2316 684 2373 ἀποδίδωσιν
728 2319 759 2372 6
805 2318 1010 2391 Κύριος
1061 2321 1250 2392 μισθὸν
1287 2323 1388 2395 τῆς
1436 2323 1530 2377 ἐπὶ
1579 2323 1831 2377 τοσοῦτον

250 2406 589 2472 ἀναϐάσεως.

332 2500 666 2555 Ἐλπισάτω
705 2501 944 2571 Ἰσραὴλ
994 2502 1095 2557 ἐπὶ
1150 2503 1256 2558 τὸν
1303 2505 1520 2572 Κύριον
1554 2504 1673 2559 ἀπὸ
1722 2504 1829 2558 τοῦ

245 2594 366 2651 νῦν
396 2595 497 2649 καὶ
537 2595 648 2662 ἕως
673 2594 780 2650 τοῦ
816 2594 1051 2662 αἰῶνος,
1092 2614 1144 2650 κ.
1180 2613 1232 2649 τ.
1278 2598 1325 2650 ὲ.
1358 2597 1446 2650 Ἐν
1478 2597 1579 2667 μὲν
1605 2598 1674 2668 τῇ
1717 2595 1829 2667 (15)

248 2688 357 2760 πρὸ
384 2687 585 2759 ταύτης
616 2687 726 2759 ᾠδῇ
772 2686 1048 2742 λέλεκται·
1091 2707 1110 2739 ι
1148 2688 1281 2742 Ἀπὸ
1326 2689 1573 2760 φυλακῆς
1620 2688 1829 2762 πρωῖσς

248 2781 529 2836 ὲλπισάτω
571 2781 787 2853 Ἰσραὴλ
819 2782 911 2835 ἐπὶ
952 2782 1046 2836 τὸν
1094 2779 1332 2853 Κύριον·
1376 2799 1396 2833 s
1454 2779 1515 2831 ὲν
1556 2779 1614 2833 δὲ
1657 2777 1828 2852 ταύτῃ

250 2874 347 2927 καὶ
373 2874 477 2938 ἕως
521 2874 686 2940 πότε;
719 2892 739 2926 ι
770 2872 869 2927 Διὰ
895 2874 956 2928 τὸ
1006 2873 1116 2928 ἀπὸ
1163 2872 1257 2927 τοῦ
1308 2872 1405 2927 νῦν
1447 2874 1541 2926 καὶ
1588 2872 1693 2937 ἕως
1734 2871 1831 2927 τοῦ

250 2965 473 3029 αἰῶνος.
517 2985 536 3019 ι
569 2968 704 3021 Μετ’
736 2966 940 3020 ἐκεῖνον
967 2967 1077 3039 γάρ
1103 2982 1187 3029 τις
1219 2964 1480 3021 ἀπολαύει
1510 2964 1581 3020 τὰ
1618 2964 1830 3031 ἐλπιζό-

253 3074 413 3130 μενα.

799 3243 1094 3297 mmo}:
1125 3243 1296 3296 PAA'.
1859 3252 1903 3310 ο

318 3333 655 3404 Μνήσθητι,
709 3336 904 3403 Κύριε,
954 3335 1058 3388 τοῦ
1100 3334 1299 3399 Δαυῒδ,
1334 3335 1433 3389 καὶ
1476 3332 1679 3403 πάσης
1719 3332 1831 3403 τῆς

250 3430 584 3497 πραότητος
610 3428 815 3492 αὐτοῦ,
848 3446 904 3482 κ.
933 3446 983 3482 τ.
1019 3428 1066 3481 ὲ.
1096 3426 1334 3480 Ἐκείνου
1362 3426 1688 3498 μνημονεύει
1720 3426 1829 3498 (16)

249 3522 289 3575 ὁΔ
304 3519 509 3592 Κύριος
532 3520 628 3573 τοῦ
674 3521 732 3574 ὲν
770 3513 814 3588 ᾧ
845 3519 1075 3589 γίνεται,
1110 3518 1361 3574 κάκείνου
1394 3519 1456 3572 οὺ
1507 3518 1830 3590 μνημονεύει

251 3613 346 3667 τοῦ
380 3614 438 3667 ὲν
467 3605 513 3681 ᾧ
547 3614 607 3666 οὐ
634 3613 858 3681 γίνεται.
894 3613 958 3665 Εἰ
996 3612 1053 3666 δὲ
1104 3612 1408 3684 πραότητος
1447 3610 1770 3681 μνημονεύει
1803 3614 1833 3665 6

252 3705 478 3776 Κύριος,
508 3704 707 3776 πολλῆς
735 3704 1030 3777 ἀοργησίας
1057 3703 1235 3774 χρεία,
1267 3704 1356 3756 ἵνα
1383 3719 1466 3765 τις
1500 3701 1716 3771 δέξηται
1743 3701 1831 3755 τὸν

252 3799 477 3870 Κύριον.
518 3798 769 3869 Πραότης
818 3797 925 3868 γάρ
969 3799 1115 3849 ἐστιν
1166 3793 1433 3864 ἀταραξία
1483 3792 1654 3865 θυμοῦ
1693 3793 1834 3848 κατὰ

255 3891 514 3962 στέρησιν
542 3887 746 3961 ἡδονῶν
779 3888 1180 3961 προσγινομένη
1216 3886 1493 3959 φθαρτῶν.

333 4070 444 4126 Τοῦ
500 4070 707 4125 αὐτοῦ.
751 4070 897 4124 Ἀντὶ
953 4088 972 4120 ι
1029 4068 1333 4140 πραότητος
1373 4070 1486 4143 (17)
1523 4093 1541 4127 ι
1609 4065 1834 4131 Ἀκύλας

261 4181 281 4216 ι
323 4163 618 4235 κακουχίαν
654 4182 672 4215 ι
702 4162 961 4228 ἐξέδωκεν
979 4179 992 4191 ·
1014 4163 1042 4215 6
1063 4161 1121 4214 δὲ
1148 4159 1443 4232 Σύμμαχος
1470 4177 1491 4210 ι
1517 4157 1779 4221 κάκωσιν,
1809 4177 1828 4210 ι

257 4258 293 4327 ἡ
318 4257 377 4310 δὲ
405 4257 632 4327 πέμπτη
674 4274 691 4305 ι
727 4254 1074 4307 ταπείνωσιν.
1116 4272 1135 4304 ι

333 4350 485 4415 Ἕως
521 4343 594 4404 οὗ
625 4347 775 4415 εὕρω
805 4347 991 4399 τόπον
1024 4343 1105 4410 τῷ
1145 4344 1358 4413 Κυρίῳ,
1417 4360 1472 4398 κ.
1526 4360 1579 4397 τ.
1630 4343 1677 4395 ὲ.
1737 4340 1838 4394 T6-

259 4459 361 4505 πος
395 4440 504 4513 (18)
537 4441 743 4513 Κυρίου
776 4441 804 4493 6
835 4438 958 4502 νοῦς
989 4437 1243 4509 καθαρός.

328 4534 597 4603 Εῦρομεν
646 4531 840 4600 αὐτὴν
881 4533 952 4585 ἐν
994 4529 1118 4596 τοῖς
1161 4528 1387 4594 πεδίοις
1432 4526 1540 4581 τοῦ
1585 4525 1834 4597 δρυμοῦ,

1930 1872 2095 1936 lente,
2142 1873 2239 1927 sed
2272 1871 2543 1926 exnltatur
2575 1885 2740 1940 super
2781 1881 3012 1927 matrem
3055 1885 3228 1936 suam,
3272 1872 3337 1926 de
3386 1886 3493 1939 qua

1930 1965 2132 2019 dictum
2158 1970 2243 2017 est
2271 1979 2286 2017 :
2325 1979 2344 2013 ι
2373 1960 2466 2016 Illa
2496 1969 2675 2016 autem
2706 1974 2824 2029 qua:
2847 1976 3062 2016 sursum
3088 1970 3170 2016 est
3193 1958 3492 2017 Jerusalem

1930 2056 2100 2112 libera
2133 2064 2238 2121 est,
2264 2067 2384 2124 quae
2411 2061 2496 2109 est
2522 2064 2697 2109 mater
2722 2062 2907 2109 nostra
2923 2052 3154 2116 “,Ietc.

2002 2231 2278 2302 Ejusdem.
2329 2230 2598 2288 Ablactati
2669 2231 2865 2288 animae
2922 2230 3171 2289 retribuit
3235 2232 3499 2291 Dominus

1931 2331 2236 2384 mercedem
2273 2333 2428 2380 tanta:
2449 2325 2807 2382 ascensionis.

2005 2508 2169 2565 Vens.
2209 2511 2265 2565 5.
2301 2509 2488 2580 Sperat
2515 2506 2692 2562 Israel
2708 2506 2760 2559 in
2808 2506 3034 2560 Domino
3074 2521 3141 2559 ea:
3165 2506 3264 2559 hoc
3291 2522 3430 2561 nunc
3448 2512 3501 2561 et

1930 2620 2091 2675 usque
2121 2606 2177 2659 in
2223 2603 2497 2670 steculum,
2523 2614 2631 2658 etc.
2663 2604 2721 2659 in
2754 2599 3076 2673 praecedenti
3108 2599 3327 2670 quidem
3371 2612 3501 2652 can-

1929 2696 2040 2751 tico
2095 2695 2295 2751 dictum
2361 2702 2445 2749 est
2490 2708 2506 2745 :
2551 2695 2638 2748 «Α
2704 2694 2946 2751 custodia
3006 2691 3265 2746 matutina
3318 2695 3502 2755 speret

1929 2788 2095 2845 Israel
2121 2788 2173 2843 in
2206 2788 2462 2856 Domino;
2489 2806 2507 2840 ι
2542 2788 2597 2842 in
2628 2788 2729 2843 hoc
2758 2801 2888 2843 vero
2915 2781 3230 2856 quousque?
3253 2798 3271 2832 ι
3297 2780 3372 2834 Ex
3396 2779 3499 2834 boc

1930 2895 2104 2949 nunc,
2148 2879 2353 2949 inquit,
2409 2888 2465 2934 et
2511 2892 2687 2950 usque
2726 2881 2781 2932 in
2829 2874 3106 2933 saxulum.
3135 2892 3155 2925 ›
3210 2870 3341 2927 Post
3394 2868 3499 2925 hoc

1933 2971 2078 3028 enim
2103 2971 2358 3028 saeculum
2386 2970 2582 3025 fruitur
2601 2968 2724 3040 quis
2750 2969 2818 3025 iis
2840 2983 2959 3040 quae
2980 2974 3318 3037 speraverat.

2419 3237 2740 3296 PSALMUS
2776 3237 3011 3296 CXXXI.

2004 3334 2168 3391 Vnus.
2190 3334 2241 3389 1.
2261 3332 2546 3398 Memento,
2576 3332 2818 3403 Domine,
2848 3330 3044 3396 David,
3073 3338 3122 3384 et
3150 3330 3320 3384 omnis
3347 3343 3505 3385 matt-

1932 3429 2225 3483 suetudinis
2266 3427 2400 3498 ejus,
2425 3435 2533 3482 etc.
2567 3424 2713 3480 Illius
2744 3425 2989 3479 meminit
3035 3422 3291 3478 Dominus
3316 3422 3369 3476 in
3396 3436 3504 3492 quo

1932 3532 2049 3587 est;
2111 3520 2254 3575 illius
2293 3535 2423 3575 vero
2477 3533 2582 3574 nou
2630 3517 2880 3573 meminit
2935 3518 2987 3570 in
3030 3530 3137 3585 quo
3169 3530 3273 3569 non
3302 3524 3405 3570 est.
3441 3515 3502 3570 Si

1934 3625 2112 3668 autem
2153 3611 2584 3667 mansuetudinis
2629 3609 2875 3664 meminit
2925 3607 3202 3670 Dominus,
3233 3606 3396 3659 multa
3427 3605 3504 3660 le-

1937 3704 2106 3759 nitate
2149 3717 2284 3771 opus
2318 3710 2433 3768 est,
2461 3709 2520 3755 ut
2557 3701 2681 3770 quis
2715 3699 2973 3766 suscipiat
3006 3697 3315 3751 Dominum.
3352 3695 3507 3750 Man-

1934 3795 2164 3850 suetutlo
2201 3794 2346 3848 enim
2406 3800 2492 3847 est
2541 3789 2707 3844 animi
2765 3798 2939 3843 status
2985 3787 3406 3857 imperturbatus
3449 3795 3505 3842 et

1934 3886 2116 3941 omnis
2140 3883 2342 3939 furoris
2362 3896 2579 3951 expers,
2602 3894 2762 3950 quem
2795 3878 3227 3948 corruptibilium
3255 3876 3504 3949 volupta-

1937 3989 2049 4034 tum
2082 3977 2313 4048 privatio
2346 3981 2623 4043 procurat.

2008 4070 2282 4141 Ejusdem.
2324 4067 2430 4122 Pro
2476 4067 2976 4123 «mansuetudine»
3026 4063 3221 4134 Aquila
3271 4063 3510 4121 reddidit

1942 4178 2264 4226 «aerumna;
2296 4180 2314 4213 ι
2370 4158 2728 4231 Symmachus
2796 4157 3264 4224 «alliietiouemp
3315 4156 3508 4227 quinta

1937 4254 2107 4309 editio
2143 4271 2162 4304 ι
2193 4250 2648 4307 ltumilialionem.
2673 4269 2694 4302 ι

2012 4345 2174 4402 Vsus.
2211 4345 2264 4402 5.
2304 4345 2482 4401 Donec
2540 4345 2800 4399 inveniam
2851 4342 3022 4397 locum
3088 4340 3337 4408 Domino,
3394 4351 3503 4399 ctc.

1940 4437 2115 4493 Locus
2145 4439 2356 4493 Domini
2398 4453 2552 4493 mens
2584 4453 2743 4507 pura.

2016 4531 2181 4587 Vens.
2214 4532 2265 4586 6.
2305 4531 2606 4586 Invenimus
2657 4549 2774 4587 eam
2824 4531 2881 4586 in
2937 4528 3138 4594 campis
3195 4527 3360 4592 silva,
3395 4537 3504 4581 etc.

260 4644 316 4681 κ.
348 4598 498 4680 τίὲ.
542 4625 677 4696 Περὶ
726 4598 827 4695 τῆξ
872 4622 981 4695 (19)
1028 4623 1220 4695 σοφίας
1268 4620 1417 4690 λέγει
1461 4618 1831 4692 προφητικῶς,

1957 4623 2263 4696 Prophetice
2294 4625 2532 4695 loquitur
2552 4625 2619 4681 de
2649 4623 2920 4695 sapientia
2947 4637 3067 4692 qua:
3100 4628 3185 4677 est
3203 4621 3472 4676 Christus.

257 4720 383 4792 ἥτις
418 4719 563 4773 ἐστὶν
592 4720 621 4773 6
647 4717 897 4788 Χριστός.

335 4815 400 4866 οι
428 4810 602 4879 ἱερεῖς
629 4822 745 4864 σου
784 4807 1138 4863 ἐνδύσονται
1175 4805 1587 4871 δικαιοσύνην,
1637 4801 1735 4855 καὶ
1782 4803 1837 4855 οὶ

260 4906 421 4961 ὅσιοί
462 4920 577 4959 σου
622 4900 1109 4972 amunia-artat,
1149 4917 1204 4954 κ.
1248 4917 1300 4953 τ.
1340 4899 1388 4952 ὲ.
1415 4898 1620 4968 ’Ὠσπερ
1654 4893 1836 4949 ἐνδύε-

260 4997 353 5051 ταί
388 4995 500 5066 (20)
527 5013 613 5058 τις
642 4993 1004 5064 δικαιοσύνην,
1036 4991 1177 5045 οὕτω
1221 4991 1315 5044 καὶ
1352 4989 1702 5062 σωφροσύνην
1744 4986 1839 5040 καὶ

264 5086 516 5158 ἀνδρείαν
548 5086 640 5139 καὶ
668 5085 889 5155 ἀγάπην
919 5084 1012 5136 καὶ
1046 5081 1446 5154 μακροθυμίαν,
1479 5082 1576 5136 καὶ
1602 5079 1702 5145 τὰς
1725 5078 1837 5135 λοι-

265 5179 376 5243 «at;
407 5177 628 5250 ἀρετάς.

337 5316 386 5349 ¹²
420 5313 598 5372 Galat.
638 5324 715 5381 tv,
737 5309 831 5367 26.

369 5477 458 5543 la)
498 5471 686 5534 Αὗται
707 5474 919 5548 φωναί,
944 5474 1287 5548 etc._Catena
1327 5473 1601 5533 Corderii.

368 5549 456 5616 13)
489 5548 582 5616 Ὧς
611 5551 644 5602 ὁ
685 5544 901 5613 Ἰσαάκ,
923 5556 1031 5600 etc.
1060 5544 1281 5603 Eadem.

369 5616 456 5688 14)
491 5618 570 5689 Τῇ
617 5619 746 5683 τοῦ,
772 5628 877 5689 etc.
916 5616 1140 5689 Eade_m.

345 5684 460 5759 (Ιὸ)
505 5684 610 5743 Ἑν
633 5689 750 5758 μὲν
778 5686 874 5757 τῇ,
901 5700 1006 5743 etc.
1045 5684 1269 5759 Eadem.

346 5692 439 5759 (I5
505 5692 610 5743 Ἐν
633 5692 750 5758 μὲν
778 5692 874 5757 τῇ,
901 5700 1006 5743 etc.
1046 5692 1269 5743 Eadem.

346 5692 460 5833 μοί
501 5761 767 5815 Ἐκείνου
789 5757 1168 5830 μνημονεύει,
1200 5768 1307 5815 etc.
1342 5758 1565 5817 Schedae
1598 5757 1805 5816 Grabii.

2012 4803 2177 4860 Vens.
2197 4804 2249 4861 9.
2272 4803 2582 4861 Sacerdotes
2610 4806 2689 4859 tui
2712 4805 2999 4860 induentur
3005 4803 3293 4875 justitiam,
3317 4813 3364 4859 et
3385 4816 3511 4855 san-

1943 4896 2016 4949 eti
2032 4895 2112 4949 tui
2134 4895 2490 4965 exsultabant,
2509 4907 2611 4954 etc.
2631 4896 3095 4965 Quemadmodum
3124 4895 3364 4950 induitur
3388 4893 3510 4962 quis

1940 4985 2248 5056 justitiam,
2303 4989 2375 5043 ita
2436 4999 2492 5044 et
2552 4988 2893 5060 prudentiam
2938 4994 2993 5043 et
3041 4984 3413 5045 fortitudinem
3454 4993 3510 5038 et

1943 5079 2259 5137 cbaritatem
2282 5090 2339 5137 et
2358 5081 2826 5153 longanimitatem
2844 5089 2899 5136 et
2919 5078 3164 5150 reliquas
3183 5078 3428 5133 virtutes.

2509 5479 2706 5547 "mtoc,
2731 5484 2839 5533 etc.
2867 5476 3104 5533 Eaedem.

2050 5549 2137 5616 18)
2174 5550 2379 5616 Τόπος,
2409 5561 2515 5604 etc.
2540 5549 2778 5604 Eaedem.

2174 5619 2314 5692 Περὶ
2340 5618 2469 5692 τῆςν
2502 5630 2609 5692 με·
2644 5617 2876 5692 me”!

2052 5476 2138 5692 l7;
2181 5478 2329 5533 Ἀντί
2358 5478 2511 5548 apud

2052 5549 2115 5603 18
2174 5550 2379 5616 Τόπος,
2409 5561 2511 5604 etc.

2174 5619 2314 5692 Περὶ
2340 5618 2469 5692 τῆςν
2502 5639 2511 5692 ἕ

2023 5684 2140 5764 (Ξο)
2171 5684 2711 5759 Ὠσπερένδύεται,
2736 5700 2843 5746 etc.
2872 5684 3108 5745 Eadem.
