3928 6158
503 218 636 275 1651
1881 214 1974 270 EX
2012 213 2054 270 0

2123 212 2317 269 IGENE
3563 190 3674 263 ian

986 335 1307 391 PSALML‘S
1346 334 1604 391 CXXXII.
2089 339 2140 397 Α

2089 339 2140 397 Α
2709 331 2999 386 ΨΔΛΜΟΣ
3022 331 3186 384 PAB'.

573 428 733 482 Vens.
761 429 815 482 2.
854 425 997 483 Sicut
1026 438 1346 497 unguentum
1376 429 1431 482 in
1458 429 1647 497 capite,
1674 426 1812 498 quod
1842 426 2059 482 descen-

2243 425 2335 491 Ὡς
2355 426 2549 495 μύρον
2565 424 2665 479 ἐπὶ
2693 422 2962 494 κεφαλῆς
2987 422 3055 475 τὸ
3093 418 3449 474 καταϐαῖνον
3477 418 3561 472 ἐπὶ
3593 418 3677 471 κώ-

498 519 576 573 dit
605 520 663 573 in
695 520 932 580 barbam.
964 519 1181 573 barbam
1212 520 1414 585 Aaron,
1444 530 1553 575 etc.
1599 519 1943 588 Unguentum
1979 528 2049 573 esl

2159 534 2336 587 γωνα,
2383 517 2490 571 τὸν
2548 515 2799 587 πώγωνα
2840 516 2950 569 τὸν
2987 512 3215 582 Ἀαρὼν,
3264 529 3323 564 κ.
3368 527 3419 563 τ.
3455 511 3499 563 ἑ.
3532 509 3674 580 Μύρον

499 609 738 680 Spiritus
767 619 1007 678 sanctus,
1033 619 1193 681 caput
1230 626 1400 673 mens.
1427 612 1594 667 barba
1623 611 1796 677 ratio;
1827 610 1939 666 haec
1968 626 2050 664 ra-

2159 612 2275 665 ἐστὶ
2301 610 2413 679 (21)
2437 610 2498 663 τὸ
2518 609 2740 680 Πνεῦμα
2765 608 2826 661 τὸ
2857 608 3030 676 ἅγιον,
3054 604 3260 674 κεφαλὴ
3291 602 3349 656 δὲ
3383 603 3411 655 6
3437 599 3564 665 νοῦς,
3591 599 3677 653 πώ-

507 702 582 756 ιίο
617 711 800 758 autem
831 718 930 759 cor
956 703 1215 759 continet.
1242 702 1416 759 Barba
1448 719 1575 759 vero
1597 707 1780 759 Aaron
1815 704 1955 759 ratio
1980 713 2058 758 est

2159 719 2272 771 γων
2296 702 2354 756 δὲ
2384 704 2413 756 6
2444 701 2599 770 λόγος
2618 718 2632 732 ο
2673 700 2989 771 ἐμπεριέχει
3030 698 3088 753 δὲ
3125 697 3217 768 τὴν
3252 693 3472 765 καρδίαν
3494 693 3521 743 6
3541 691 3676 761 λόγος.

500 810 623 865 qua:
672 795 907 867 obstruit
945 804 999 850 et
1047 795 1263 851 cohibet
1304 794 1547 861 affectus,
1591 796 1927 867 virtutesque
1953 797 2051 852 Dea

2158 791 2365 860 Πώγων
2417 792 2473 845 δὲ
2517 791 2615 845 τοῦ
2647 789 2853 861 Ἀαρὼν
2893 792 2923 844 6
2960 788 3114 863 λόγος
3149 788 3179 839 6
3220 782 3591 855 καταφρὰττων
3629 782 3679 836 τὰ

503 895 806 942 consecrat.
837 885 995 957 831
1028 885 1195 941 Porro
1222 888 1395 957 gratia
1429 887 1661 957 Spiritus
1695 889 1866 943 sancti
1897 889 2054 945 etiam

2159 881 2326 952 πάθη,
2355 882 2448 935 καὶ
2479 881 2776 953 ίερουργῶν
2815 881 2892 952 τῷ
2931 879 3050 950 Θεῷ
3080 877 3178 942 τὰς
3208 875 3428 947 ἀρετάς.
3457 871 3678 926 Καταὸαί-

505 993 676 1047 usque
705 980 773 1033 ad
802 994 954 1033 oram
986 977 1153 1047 ipsius
1198 980 1505 1035 vestimenti
1555 980 1858 1048 descendit,
1889 980 1941 1036 id
1975 989 2056 1036 est

2158 992 2238 1029 νει
2269 976 2325 1030 δὲ
2359 977 2392 1047 ἡ
2424 974 2519 1029 τοῦ
2552 975 2861 1047 Πνεύματος
2891 974 3051 1046 χάρις
3092 975 3187 1028 καὶ
3233 972 3330 1026 ἐπὶ
3358 969 3455 1040 τὴν
3493 963 3589 1022 ὧαν
3609 966 3677 1020 τοῦ

501 1083 599 1141 per
623 1070 855 1124 activam
903 1071 1159 1125 virtutem
1189 1070 1624 1125 communicatur
1662 1069 1825 1125 etiam
1869 1070 2052 1126 morali

2159 1067 2454 1134 ὲνδύματος
2477 1068 2674 1122 αὐτοῦ·
2705 1068 2948 1123 τουτέστι
2986 1066 3271 1121 διαδίδοται
3324 1063 3412 1117 διὰ
3451 1062 3540 1133 τῆς
3577 1078 3680 1133 πριι-

501 1159 870 1232 ριιίιοεοριιίςε.
896 1160 1001 1217 Ora
1028 1162 1171 1217 enim
1200 1162 1529 1228 vestimenti,
1555 1161 1674 1233 ejus
1703 1172 1788 1218 est
1811 1163 1950 1219 linis.

2158 1160 2352 1230 κτικῆς
2382 1160 2581 1231 ἀρετῆς
2629 1160 2724 1213 καὶ
2779 1159 2873 1213 ἐπὶ
2910 1160 3010 1231 τῆς
3040 1157 3232 1229 ἠθικῆς
3289 1156 3602 1226 φιλοσοφίας.
3632 1156 3681 1209 Ἡ

2158 1250 2268 1322 γὰρ
2294 1245 2379 1304 ὧα
2411 1251 2504 1304 τοῦ
2538 1250 2853 1321 ἐνδύματος,
2881 1248 3045 1303 αὑτοῦ
3078 1251 3191 1303 ἐστι
3219 1247 3283 1301 τὸ
3313 1248 3503 1318 πέρας.

578 1341 745 1397 Vens.
780 1340 833 1396 5.
868 1339 1017 1397 Sicut
1047 1356 1135 1396 ros
1163 1340 1517 1412 Aermon,qui
1546 1342 1805 1397 descendit
1829 1343 1885 1398 in
1910 1360 2061 1400 mou-

2241 1344 2334 1410 Ὡς
2377 1343 2595 1412 δρόσος
2644 1342 2900 1412 Ἀερμὼν
2941 1345 2981 1412 ἡ
3029 1341 3470 1397 καταϐαίνουσα
3503 1337 3591 1393 ἐπι
3628 1337 3682 1392 τὰ

500 1439 574 1484 tes
596 1428 748 1496 Sion,
767 1440 873 1485 etc.
908 1430 965 1485 In
993 1430 1413 1485 Deuterouomio
1440 1430 1649 1501 Moyses
1674 1433 1888 1501 quidem
1914 1434 2051 1489 hunc

2158 1434 2263 1503 ὄρη
2292 1434 2466 1498 Σιὼν,
2496 1453 2550 1489 κ.
2582 1452 2632 1488 τ.
2664 1436 2712 1488 ὲ.
2756 1436 2844 1487 Ἐν
2874 1433 2952 1504 τῷ
2982 1434 3388 1505 Δευτερονομίῳ
3416 1431 3519 1501 (22)
3554 1431 3683 1483 Minit—

501 1529 739 1576 montem
770 1520 999 1591 appellat
1036 1520 1302 1586 Aermon;
1331 1519 1621 1601 Plitenices
1659 1533 1835 1578 autem
1864 1535 2052 1580 vocant

2159 1531 2256 1601 σῆς
2292 1527 2388 1597 μὲν
2411 1526 2473 1580 τὸ
2503 1526 2627 1598 ὅρος
2652 1524 2810 1579 τοῦτο
2835 1523 3089 1595 ὀνομάζει
3117 1523 3363 1596 Ἀερμών
3380 1540 3394 1555 ⁸
3421 1524 3469 1576 οε
3487 1521 3683 1582 Φοίνικες

501 1612 736 1677 Sauior;
789 1613 1088 1667 Amorrbaei
1118 1627 1247 1667 vero
1293 1594 1506 1666 Saneir.
1555 1611 1651 1666 Est
1684 1624 1865 1670 autem
1916 1615 2052 1671 ultra

2156 1594 2224 1675 δὲ·
2240 1594 2497 1674 καλοῦσιν
2537 1594 2674 1670 *αὐτὸ
2706 1594 2939 1688 Σανιὼρ,
2977 1619 3028 1669 οἱ
3071 1617 3129 1670 δὲ
3168 1594 3479 1688 ’Ᾰειορῤαἰοι
3507 1611 3680 1682 Σανείρ.

498 1704 809 1761 Jordanem.
840 1703 1008 1759 Porro
1043 1719 1223 1760 sermo
1266 1715 1351 1761 est
1398 1718 1675 1779 apostatas
1731 1704 1953 1776 angelos
2003 1707 2049 1762 in

2131 1701 2135 1743 ⁵
2163 1712 2317 1764 Ἐστι
2345 1710 2402 1763 δὲ
2427 1708 2597 1778 πέραν
2619 1707 2712 1761 τοῦ
2752 1706 3038 1778 Ἰορδάνου.
3067 1707 3236 1775 Λόγος
3268 1706 3327 1759 δὲ
3348 1705 3469 1767 τοὺς
3490 1702 3682 1756 ἀποστα-

502 1796 604 1851 Ιιοο
635 1806 814 1851 monte
827 1798 893 1852 de
920 1797 1221 1854 defectione
1245 1816 1342 1854 sua
1368 1801 1593 1858 consilia
1612 1803 1757 1859 inter
1780 1814 1840 1858 se
1866 1800 2053 1857 iniisse

2153 1802 2425 1873 τήσαντας
2467 1799 2575 1853 τῶν
2612 1799 2857 1867 ἀγγέλων
2901 1800 2994 1852 ἐπὶ
3030 1797 3187 1853 τοῦτο
3216 1797 3280 1849 τὸ
3315 1795 3436 1867 ὅρος
3464 1789 3680 1861 ἐσκέφθαι

498 1899 553 1942 et
582 1888 788 1944 l‘aadera
815 1890 1103 1961 pepigisse.

2155 1895 2281 1965 περ).
2330 1892 2431 1962 τῆς
2478 1890 2812 1955 ἀποστασίας
2851 1890 3030 1945 αὐτῶν
3063 1891 3155 1944 καὶ
3195 1887 3465 1960 συνθήκας
3498 1898 3682 1953 mmm-

571 2068 843 2138 Ejusdem.
871 2067 1078 2125 Montes
1107 2068 1234 2125 Sion
1272 2074 1398 2126 sunt
1441 2071 1691 2127 sublimia
1736 2082 2055 2129 contuentes

2221 2005 2247 2039 ν
2313 2028 2327 2042 .

2153 2003 2217 2041 κε
2230 2004 2338 2133 7ῗῦ
2371 2079 2575 2133 αὐτοῦ.
2610 2080 2749 2150 Ὄρη
2783 2077 2921 2132 Σιὼν
2952 2076 3065 2149 (25)
3090 2078 3139 2130 οἱ
3172 2074 3243 2129 τὰ
3286 2072 3463 2145 ὑψηλὰ
3491 2066 3680 2124 σκοπεύ-

500 2162 674 2218 sancti
704 2161 758 2216 in
785 2177 921 2230 quos
944 2163 1222 2218 descendit
1253 2180 1361 2221 ros.
1400 2163 1633 2220 Aermou
1665 2165 2051 2235 interpretatur

2153 2187 2304 2234 οντες
2336 2170 2497 2240 ἅγιοι,
2543 2170 2627 2240 ἐφ’
2657 2170 2752 2235 οὓς
2801 2170 3114 2225 καταϐαίνει
3161 2171 3195 2240 ἠ
3242 2166 3448 2240 δρόσος.
3480 2160 3681 2234 ’Δερμὼν

500 2255 703 2310 aversio
731 2256 983 2323 ferarum.
1013 2255 1179 2310 Aiunt
1202 2266 1381 2312 autem
1428 2256 1718 2314 Iordanem
1746 2259 1871 2315 inde
1898 2260 2051 2314 oriri.

2153 2262 2210 2314 δὲ
2239 2262 2594 2334 ἑρμηνεύεται
2622 2261 2975 2332 ἀποστροφὴ
3010 2262 3244 2329 θηρίων,
3278 2260 3412 2313 Φασὶ
3434 2257 3487 2311 δὲ
3507 2256 3586 2310 καὶ
3611 2253 3682 2306 τὸν

500 2348 616 2402 lloc
656 2348 818 2402 etiam
868 2349 1201 2419 signiﬁcatur
1252 2350 1394 2405 sacri
1465 2349 1802 2420 baptismatis
1843 2354 2050 2422 gratia;

2170 2352 2436 2425 Ἰορδάνην
2462 2355 2591 2407 ποτὲ
2612 2356 2728 2408 ἐκεῖ
2748 2353 3054 2423 γεννᾶσθαι.
3082 2352 3156 2422 Ση
3166 2350 3350 2422 μαίνει
3375 2348 3430 2402 δὲ
3458 2342 3683 2401 καὶτοῦτο

498 2436 615 2493 lucc
642 2438 784 2493 enim
812 2454 1026 2508 semper
1052 2441 1327 2496 descendit
1355 2444 1408 2495 in
1434 2451 1672 2508 sanctos,
1699 2452 1755 2497 et
1783 2458 1878 2513 per
1905 2442 2049 2498 illam

2157 2442 2257 2517 τὴν
2297 2443 2392 2497 τοῦ
2440 2444 2594 2514 ἁγίου
2650 2445 3021 2516 βαπτίσματος
3067 2444 3259 2516 χάριν·
3306 2440 3440 2511 αὕτη
3485 2436 3579 2508 γὰρ
3612 2434 3679 2489 ἀεὶ

499 2524 712 2587 ave'rsio
742 2529 802 2584 lit
830 2530 1154 2601 spiritalium
1192 2530 1448 2589 ferarum.

2160 2535 2470 2592 καταὸαίνει
2503 2539 2597 2592 ἐπὶ
2622 2526 2748 2602 τοὺς
2785 2538 2992 2607 ἁγίους,
3028 2538 3122 2591 καὶ
3158 2536 3223 2589 δι’
3260 2535 3431 2606 αὐτῆς
3450 2532 3626 2602 γίνεται
3655 2526 3678 2598 ᾗ

2160 2623 2477 2700 ἀποστροφὴ
2508 2629 2616 2684 τῶν
2646 2630 2850 2700 νοητῶν
2883 2628 3106 2700 θηρίων.

951 2823 1271 2881 PSALMUS
1308 2824 1586 2881 CXXXIII.

2688 2838 2979 2893 ΨΑΛΜΟΣ
3010 2837 3177 2891 PAI‘.

562 2915 729 2971 Vens.
759 2916 811 2971 l.
839 2912 976 2970 Ecce
1016 2932 1151 2971 nunc
1199 2918 1482 2974 benedicite
1524 2919 1823 2985 Dominum,
1871 2940 2049 2979 omnes

2237 2926 2381 2982 Ἰδοὺ
2411 2927 2487 2995 δὴ
2507 2926 2804 2997 εὐλογεῖτε
2830 2927 2937 2981 τὸν
2950 2929 3185 2995 Κύριον,
3211 2926 3434 2990 πάντες
3448 2925 3498 2976 oi
3514 2919 3677 2975 δοῦλοι

491 3008 624 3061 servi
655 3007 885 3071 Domini,
931 3009 1020 3077 qui
1053 3011 1203 3064 statis
1241 3011 1295 3064 in
1339 3013 1493 3067 domo
1538 3014 1773 3082 Domini,
1801 3016 1858 3071 in
1893 3017 2042 3072 atriis

2148 3018 2389 3088 Κυρίου,
2412 3021 2463 3073 oi
2491 3018 2745 3084 ἑστῶτες
2775 3017 2883 3089 (24)
2900 3017 2969 3071 ἐν
2998 3016 3141 3083 οῑκῳ
3157 3015 3401 3081 Κυρίου,
3508 3005 3675 3071 αὐλαῖς

495 3099 680 3151 domus
708 3098 803 3151 Dei
837 3100 1023 3162 nostri,
1049 3110 1156 3155 etc.
1191 3119 1209 3152 ι
1232 3102 1336 3168 Qui
1374 3106 1552 3171 statis,
1584 3105 1778 3175 inquit,
1806 3108 1859 3163 in
1895 3112 2046 3167 doma

2152 3111 2322 3166 οικου
2344 3111 2491 3166 Θεοῦ
2514 3109 2699 3181 ἡμῶν,
2722 3128 2777 3165 κ.
2800 3129 2850 3164 τ.
2880 3111 2928 3164 ὲ.
2951 3129 2971 3161 ι
3001 3111 3063 3163 Oi
3083 3108 3340 3171 ἑστῶτες,
3408 3105 3574 3174 φησὶν,
3632 3099 3676 3150 ἒν

499 3189 731 3252 Domini,
776 3204 875 3244 nec
923 3190 1061 3244 sicut
1107 3207 1248 3247 unus
1289 3194 1356 3247 de
1400 3195 1733 3264 principibus
1760 3217 1780 3251 ι
1834 3202 2050 3269 caditis,

2153 3204 2287 3276 οἴκῳ
2309 3204 2534 3276 Κυρίου,
2568 3223 2585 3255 ι
2615 3203 2711 3257 καὶ
2745 3201 2820 3273 μὴ
2853 3220 2873 3254 ι
2911 3201 2987 3265 ὡς
3013 3196 3095 3265 εἷς
3123 3200 3230 3253 τῶν
3280 3198 3541 3272 ἀρχόντων
3569 3212 3586 3245 ι
3610 3188 3677 3243 πί·

492 3278 587 3333 sed
616 3279 811 3333 videtis
841 3292 906 3334 ne
936 3280 1163 3346 cadatis,
1206 3301 1227 3334 ι
1246 3282 1551 3341 benedicite
1590 3289 1895 3347 Dominum.
1923 3313 1942 3346 ι

2154 3313 2399 3361 πτοντες,
2428 3297 2564 3351 ἀλλὰ
2593 3299 2688 3352 καὶ
2717 3297 3003 3369 βλέποντες
3036 3293 3111 3366 μὴ
3143 3292 3370 3363 πέσητε,
3401 3308 3421 3342 ι
3452 3284 3674 3353 εὐλογεῖτε

568 3458 837 3531 Ejusdem.
870 3460 968 3527 Qui
1009 3461 1449 3532 contemplationi
1496 3463 1661 3520 dediti
1695 3475 1842 3532 sunt,
1874 3468 1927 3523 in
1954 3471 2050 3524 do-

2156 3388 2247 3443 τδν
2276 3388 2497 3460 Κύριον.
2543 3411 2562 3441 ο

2233 3482 2343 3536 Τοῦ
2372 3482 2575 3536 αὐτοῦ.
2614 3483 2678 3535 Οί
2706 3481 2803 3553 μὲν
2826 3480 2938 3552 (25)
2964 3477 3290 3551 θεωρητικοὶ
3330 3478 3388 3531 ὲν
3429 3475 3548 3543 οἴκῳ
3570 3462 3676 3522 Θεῶ

493 3572 582 3612 ιιιυ
616 3554 709 3609 Dei
755 3562 910 3620 sunt;
936 3554 1025 3624 qui
1061 3565 1242 3609 autem
1290 3556 1491 3613 actioni
1531 3568 1748 3626 vacant,
1802 3559 1857 3615 iu
1894 3563 2044 3618 atriis

2155 3574 2311 3637 εἰσιν,
2340 3573 2390 3625 οί
2415 3571 2471 3625 δὲ
2502 3573 2793 3642 πρακτικοὶ
2826 3573 2885 3625 ὲν
2916 3569 3105 3633 αὐλαῖς
3133 3569 3286 3623 οἴκου
3315 3565 3446 3622 Θεοῦ
3470 3560 3619 3636 ἡμῶν.

492 3657 620 3705 sum
652 3646 842 3703 domus
866 3647 958 3703 Dei
986 3648 1186 3705 nostri.

564 3741 726 3797 Vens.
754 3741 810 3796 2.
843 3741 914 3795 In
955 3742 1189 3796 noctibus
1244 3742 1473 3799 extollite
1521 3761 1708 3799 manus
1751 3756 1949 3802 vestras
1990 3749 2048 3803 in

2236 3745 2331 3797 Ἐν
2344 3744 2473 3811 ταῖς
2502 3743 2682 3809 νυξὶν
2705 3743 2961 3813 ἐπάρατε
2991 3745 3099 3810 τὰς
3116 3742 3322 3813 χεῖρας
3350 3737 3504 3810 ὑμῶν
3523 3736 3598 3801 εις
3620 3729 3675 3784 τά

491 3843 753 3900 sancta,et
777 3834 1063 3887 benedicite
1085 3832 1390 3898 Dominum,
1422 3844 1529 3891 etc.
1546 3835 1651 3891 Pro
1676 3856 1693 3888 ι
1719 3838 1772 3892 in
1801 3850 2041 3907 sancta,»

2153 3834 2306 3905 ἅγια,
2325 3837 2422 3890 καὶ
2441 3836 2738 3908 εὐλογεῖτε
2762 3836 2868 3890 τὸν
2879 3837 3116 3904 Κύριον,
3147 3853 3202 3889 κ.
3218 3852 3269 3887 τ.
3289 3836 3337 3887 ὲ.
3354 3822 3673 3894 ’Δντὶτοῦβω

493 3924 630 3980 alius
655 3925 816 3979 vertit
844 3942 864 3977 ι
893 3933 1103 3988 sancte,
1128 3943 1147 3976 ι
1177 3924 1314 3981 alius
1345 3944 1365 3977 ι
1388 3925 1745 3983 sanctiﬁcata.
1775 3945 1794 3980 ι
1826 3928 1932 3983 Per
1981 3929 2044 3983 il-

2160 3946 2179 3980 ι
2211 3929 2289 3991 εἰς
2313 3927 2382 3981 τὰ
2404 3928 2999 4005 ἆγιαμὲτεροςιάγίως,
3023 3948 3043 3981 ³
3067 3928 3275 3999 ἕτερος(
3302 3920 3630 4005 ἡγιασμένωῖ⁶
3655 3932 3669 4005 Ϊ

493 4018 585 4072 Iud
632 4025 810 4071 autem
841 4034 859 4067 ι
887 4017 938 4070 in
980 4016 1138 4071 domo
1162 4015 1396 4080 Domini.
1418 4037 1436 4070 ι
1472 4019 1710 4074 ostendit
1746 4019 1944 4089 ubique
1985 4019 2044 4073 Ii-

2153 4017 2253 4072 Διὰ
2282 4019 2337 4073 δὲ
2360 4019 2455 4073 τοῦ
2495 4038 2514 4071 ι
2546 4022 2605 4076 ὲν
2636 4003 2768 4092 οῖιιῳ
2800 4020 3000 4092 Κυρίου
3038 4040 3057 4072 ι
3084 4018 3308 4084 ἔδειξεν,
3342 4018 3414 4081 ὡς
3443 4003 3672 4077 πανταῇοῦ

495 4122 621 4161 cere
649 4106 873 4160 cuilibet
910 4118 1130 4161 sanctas
1162 4122 1357 4162 manus
1390 4108 1673 4174 extollere,
1701 4108 2046 4164 nihilominus

2158 4108 2257 4180 μὲν
2289 4109 2464 4181 αἴρειν
2493 4110 2672 4174 ὁσίους
2703 4112 2887 4181 χεῖράς
2913 4128 2994 4173 τις
3019 4110 3080 4164 οὐ
3113 4108 3440 4163 κεκώλυταιο
3467 4104 3553 4172 οὐχ
3576 4101 3674 4170 ἣκι-

494 4209 673 4256 tamen
698 4198 752 4252 in
785 4196 917 4252 lucis
947 4199 1278 4254 consecratis
1302 4201 1405 4256 hoc
1432 4200 1716 4257 decentius
1743 4201 1884 4256 lieri.

2156 4198 2356 4273 ambs
2400 4201 2457 4252 ὲν
2502 4202 2611 4263 τοῖς
2660 4200 3053 4271 ὰφιερωμένοις
3099 4197 3256 4255 τοῦτο
3294 4199 3543 4272 προσήκει
3590 4206 3675 4261 κω·

2159 4292 2293 4364 ρίοις
2317 4294 2506 4348 ποιεῖν.

956 4488 1274 4547 PSALMUS
1311 4487 1593 4545 cxxxuv.
2081 4500 2133 4559 ο
2478 4475 2488 4480 ’
2698 4472 2987 4550 spasmos
3017 4496 3183 4548 PAA'.

561 4590 728 4645 Vens.
766 4586 879 4651 1,2.
909 4583 1147 4639 Laudate
1177 4597 1360 4635 nomen
1404 4581 1642 4649 Domini,
1673 4584 1906 4651 laudate,
1940 4602 2048 4640 ser-

2223 4586 2449 4643 Αινεῒτε
2483 4587 2550 4642 τὸ
2581 4587 2767 4656 ὄνομα
2800 4588 3038 4654 Κυρίου,
3070 4584 3303 4650 alucitis,
3339 4582 3545 4642 δοῦλοι,
3577 4572 3672 4630 Κύι-

491 4685 563 4752 υἱ,
594 4682 899 4743 Dominum,
925 4677 1014 4747 qui
1044 4676 1195 4731 statis
1230 4677 1286 4730 in
1328 4675 1482 4728 domo
1530 4674 1768 4743 Domini,
1799 4677 1855 4732 in
1896 4680 2042 4734 atriis

2148 4695 2309 4749 ριον,
2335 4683 2389 4734 οὶ
2412 4677 2664 4744 ἑστῶτες
2687 4678 2758 4731 ἐν
2784 4678 2926 4745 οἴκῳ
2952 4678 3192 4745 Κυρίου,
3225 4677 3296 4729 ἐν
3312 4672 3511 4737 αὐλαῖς
3531 4668 3670 4751 οικιζυ

494 4779 680 4829 domus
719 4773 816 4828 Dei
849 4772 1036 4835 nostri,
1076 4781 1181 4825 etc.
1226 4767 1467 4824 Laudate
1508 4785 1613 4825 non
1640 4769 1733 4826 alii
1766 4786 1926 4841 quam
1954 4775 2045 4842 qui

2160 4774 2306 4827 Θεοῦ
2336 4773 2522 4843 ἡμῶν,
2558 4790 2611 4827 κ.
2639 4790 2691 4827 τ.
2726 4775 2773 4827 ὲ.
2802 4774 3009 4827 Αἰνεῖτε
3041 4773 3140 4827 οὐκ
3171 4771 3317 4827 ἄλλοι
3350 4766 3509 4841 (27)ἢ
3537 4759 3671 4816 ἑστῶ-

496 4868 671 4930 statis,
703 4880 801 4919 nec
821 4864 944 4917 alibi
968 4879 1127 4932 quam
1154 4864 1205 4918 in
1238 4863 1395 4918 domo
1424 4863 1655 4929 Domini,
1683 4864 1735 4917 in
1770 4864 1925 4920 atriis
1952 4865 2047 4919 do-

2155 4882 2266 4931 τες,
2294 4866 2386 4920 καὶ
2417 4866 2518 4919 οὐκ
2545 4865 2776 4935 ἀλλαχοῦ
2815 4865 2849 4935 ἢ
2893 4868 2950 4919 ὲν
2993 4864 3126 4934 οἴκῳ
3172 4863 3394 4935 Κυρίου,
3423 4862 3476 4912 ὲν
3518 4851 3669 4911 αὐλαῖς

498 4975 617 5017 mus
646 4960 736 5014 Dei
764 4957 958 5013 nostri.
987 4954 1213 5012 Notabis
1233 4966 1409 5010 autem
1438 4956 1657 5011 domum
1696 4956 1917 5026 quidem
1949 4956 2049 5011 Do-

2158 4958 2304 5012 οίκου
2361 4957 2496 5011 Θεοῦ
2551 4958 2731 5030 ήμῶν.
2786 4954 3071 5028 Σημειώσῃ
3127 4956 3216 5018 δὲ,
3276 4957 3358 5010 ὅτι
3419 4947 3549 5009 οἶκος
3590 4941 3666 5014 μὲν

499 5053 626 5107 mini
659 5052 785 5115 dici,
820 5048 962 5103 atria
996 5062 1127 5103 vero
1180 5046 1269 5101 Dei
1321 5048 1527 5114 nostri;
1560 5058 1614 5101 et
1655 5048 1903 5116 superius
1927 5050 2050 5118 qui-

2155 5050 2357 5122 Κυρίου
2385 5048 2621 5119 λέγεται,
2656 5048 2815 5103 αὐλαὶ
2844 5048 2901 5102 δὲ
2937 5047 3031 5104 τοῦ
3074 5047 3207 5102 Θεοῦ
3234 5049 3266 5119 ή
3276 5046 3387 5117 μῶν
3404 5061 3417 5074 ·
3444 5041 3528 5095 καὶ
3553 5036 3663 5090 ἀνω-

496 5147 616 5199 ιιεηι
644 5144 849 5199 dictum
883 5154 1003 5195 esse
1034 5157 1052 5191 ι
1083 5136 1409 5202 benedicite,
1437 5157 1455 5190 ι
1490 5153 1633 5193 nunc
1679 5147 1860 5194 autem
1894 5139 2047 5195 «lau-

2151 5139 2296 5212 τέρω
2322 5140 2419 5210 μὲν
2447 5141 2695 5211 εἰρῆσθαι
2725 5157 2745 5192 ι
2786 5140 3074 5210 εὐλογεῖτε,
3115 5160 3134 5193 ι
3166 5139 3262 5194 νῦν
3288 5140 3343 5193 δὲ
3376 5158 3393 5189 ι
3424 5133 3612 5189 αίνείτε·
3642 5140 3658 5174 ι

494 5237 649 5303 date;
674 5255 694 5289 ι
726 5244 890 5305 atque
927 5231 1037 5287 illic
1078 5231 1293 5301 quidem
1340 5232 1514 5289 solum
1567 5230 1696 5299 dici,
1729 5250 1749 5285 ι
1774 5232 1864 5302 qui
1894 5232 2045 5290 statis

2150 5234 2311 5287 κάκεῖ
2348 5233 2445 5305 μὲν
2482 5234 2638 5304 μόνον
2676 5234 2755 5299 τὸ,
2783 5253 2803 5286 ι
2842 5235 2893 5288 οἱ
2922 5233 3155 5297 ἑστῶτες
3188 5235 3245 5287 ἐν
3274 5232 3403 5303 οἴκῳ
3433 5222 3655 5296 Κυρίουνι

569 5432 682 5503 (21)
711 5435 917 5503 Μῦρόν
943 5437 1094 5497 ἐστι,
1125 5442 1230 5490 etc.
1255 5433 1459 5490 Catena
1486 5433 1753 5490 Corderii.
1852 5502 1855 5503 ν

1716 5436 1753 5488 i.
1852 5502 1855 5503 ν
2231 5433 2346 5503 (25)
2382 5436 2448 5487 Ol
2473 5433 2610 5503 μέν,
2652 5445 2762 5491 etc.
2802 5435 3025 5491 ScIteda!
3049 5435 3257 5491 Grabii.

564 5504 676 5573 (22)
722 5502 817 5558 Ἐν
841 5506 919 5571 τῷ
942 5506 1389 5573 Δευτερονομίφ,
1423 5514 1533 5560 etc.
1568 5505 1791 5561 Schedae
1833 5502 2042 5561 Grabii.

1786 5524 1791 5559 ι
1833 5502 2042 5561 Grabii.
2229 5502 2341 5573 (26)
2382 5502 2524 5558 Ἁντὶ
2558 5505 2683 5570 τοῦ,
2716 5517 2822 5560 etc.
2855 5506 3051 5561 Catena
3074 5506 3337 5561 Corderii.

563 5571 674 5683 (⁸25)
705 5575 850 5642 Ὀρη
888 5574 1059 5641 Σιών,
1091 5571 1198 5630 etc.
1228 5571 1433 5631 Catena
1466 5574 1732 5630 Corderii.

564 5645 651 5683 ἔνη.
710 5647 772 5683 Di
801 5643 1054 5683 ὁητιῖιτορ
1106 5656 1192 5683 nlo
1239 5643 1437 5683 Figulum
1468 5645 1669 5683 Calussa
1914 5665 1920 5672 -

2228 5571 2342 5647 (27)
2378 5574 2604 5633 Αἰνεῖτε
2634 5578 2744 5632 οὐκ
2771 5574 2965 5641 ἄλλοι,
3000 5586 3105 5632 etc.
3132 5576 3333 5633 Eadem
3363 5571 3558 5629 Catena.

564 5643 673 5714 (at)
710 5647 772 5698 Οἱ
800 5643 1073 5713 ἑστῶτες,
1106 5656 1215 5702 etc.
1239 5643 1438 5703 Eadem
1468 5645 1696 5703 Catena.
