3928 6158
250 212 426 274 1653

1211 222 1516 280 SELECTA
1553 223 1621 280 lN
1654 225 1994 282 PSALMOS.
2031 256 2105 271 —
2139 224 2333 282 PSAL.
2371 223 2635 282 CXXXV.

3390 226 3543 282 1654-

249 336 354 400 ὠς
405 339 464 390 ὲν
512 336 591 408 τῷ
633 338 901 411 Ἑϐραῖκῷ
923 356 937 370 ·
972 339 1069 394 νῦν
1109 340 1169 394 δὲ
1219 341 1355 411 μετὰ
1381 339 1498 408 τοῦ,
1526 362 1545 394 ι
1576 342 1636 395 ἐν
1667 342 1831 399 αὐλαῖι

1960 344 2013 397 in
2039 343 2204 398 domo
2240 342 2474 405 Domini,
2498 360 2518 394 ι
2554 350 2614 397 ut
2651 342 2757 397 fert
2807 351 2986 399 textus
3014 342 3347 411 Hebraicus;
3380 361 3525 402 nunc

248 429 431 484 οἴκου
459 429 592 484 Θεοῦ
620 432 797 503 ἡμῶν.
841 451 860 485 ι

343 520 473 574 ὀτι
524 520 640 593 ἐγὼ
689 523 939 593 ἔγνωκα,
987 525 1077 580 ὅτι
1116 524 1305 597 μέγας
1336 530 1370 581 ὁ
1416 529 1651 596 Κύριος,
1685 526 1784 580 καὶ
1816 531 1850 583 ό

242 613 492 681 Κύριος
524 613 694 683 ἡμῶν
722 617 881 684 παρὰ
919 617 1149 685 πάντας
1198 620 1340 685 τοὺς
1380 619 1574 686 θεοὺς,
1614 637 1670 675 κ.
1716 636 1770 674 τ.
1799 622 1846 674 ὲ.

254 704 335 758 '0
382 705 480 775 μὲν
519 705 702 779 Ἰοθώρ
754 725 887 780 φησι
912 708 1059 781 (28)·
1098 729 1120 762 ι
1154 710 1268 765 Νῦν
1320 710 1513 780 ἔγνων,
1544 713 1627 766 ὅτι
1678 711 1850 783 μέγας

240 795 479 869 Κύριος
508 798 658 871 παρὰ
687 801 894 864 πάντας
931 803 1060 865 τοὺς
1091 801 1277 865 θεούςο
1325 821 1345 855 ι
1372 805 1401 857 6
1432 802 1490 857 δὲ
1526 804 1846 876 Προφήτης⁶

246 905 273 938 s
325 888 460 942 ’Ὅτι
488 889 598 959 ὲγὼ
621 891 791 960 ἔγνων
821 912 841 945 ι
875 893 1111 966 πρῶτον,
1139 913 1158 947 ι
1183 895 1267 949 ὅτι
1301 894 1476 965 μέγας
1506 897 1536 948 6
1567 895 1791 967 Κύριος,
1821 916 1842 949 ι

239 972 411 1044 εἶτα,
441 999 460 1031 ‹
491 982 586 1035 καὶ
604 984 634 1036 6
649 983 850 1056 Κύριος
870 983 1027 1056 ἡμῶν
1053 984 1204 1057 παρὰ
1228 986 1434 1049 πάντας
1460 986 1585 1050 τοὺς
1609 985 1782 1051 θεούς.
1820 1006 1840 1040 t

328 1071 546 1127 Πάντα
576 1072 694 1129 ὅσα
716 1075 1020 1145 ἠθέλησεν
1042 1080 1076 1131 ό
1101 1078 1332 1146 Κύριος,
1360 1077 1648 1147 ἐποίησεν
1669 1079 1740 1133 ἐν
1764 1079 1847 1147 τῷ

236 1164 506 1233 οὐρανῷ
537 1166 635 1221 καὶ
660 1168 731 1221 ἐν
757 1167 832 1237 τῇ
857 1167 954 1239 τῇ,
990 1169 1060 1222 ἐν
1093 1169 1222 1236 ταῖς
1264 1168 1619 1237 θαλάσσαις,
1652 1171 1751 1226 καί
1775 1171 1847 1227 ἐν

236 1256 494 1324 πάσαις
531 1259 661 1325 ταῖς
690 1260 1002 1326 ἀϐύσσοις,
1037 1279 1092 1315 κ.
1121 1279 1173 1316 τ.
1206 1262 1255 1316 ὲ.
1281 1262 1421 1317 Ὅσα
1453 1263 1706 1334 ἐποίησεν
1731 1262 1844 1335 (29)

235 1350 273 1402 6
318 1351 536 1422 Κύριος
557 1353 614 1405 ὲν
642 1351 720 1422 τῷ
741 1352 973 1424 οὐρανῷ,
1009 1355 1105 1408 καὶ
1131 1356 1189 1407 ὲν
1217 1357 1284 1426 τῇ
1311 1356 1478 1427 γῇ,ὲν
1507 1360 1627 1420 ταῖς
1654 1356 1847 1413 θαλάσ-

240 1460 392 1506 σαις
422 1445 516 1497 καὶ
544 1446 602 1498 ὲν
639 1448 757 1510 ταῖς
787 1442 1043 1511 ἀϐύσσοις
1070 1447 1211 1502 καλά
1241 1449 1406 1513 ἐστιν,
1443 1448 1538 1503 ἂτε
1581 1448 1843 1521 θελήματι

240 1533 539 1604 γενόμενα
586 1534 741 1589 Θεοῦ.
777 1537 841 1590 Εἰ
872 1535 931 1594 δέ
974 1537 1058 1602 τίς
1095 1538 1243 1591 ἐστιν
1290 1540 1348 1592 ὲν
1382 1539 1617 1611 οὐρανῷ,
1652 1541 1728 1605 ὼς
1776 1540 1845 1596 τὰ

235 1624 611 1694 πνευματικὰ
640 1627 740 1698 τῆς
769 1627 1049 1699 πονηρίας,
1084 1629 1117 1700 ἢ
1148 1630 1207 1683 ἐν
1233 1632 1301 1700 τῇ
1339 1633 1434 1702 γῇ,
1464 1631 1541 1694 ὡς
1573 1633 1623 1685 οἱ
1666 1633 1846 1705 ἀμαρ-

1957 442 2136 488 autem
2171 432 2410 502 adjungi,
2450 450 2469 483 ι
2494 432 2548 487 in
2583 432 2741 487 atriis
2770 432 2962 489 domus
2999 435 3091 489 Dei
3126 437 3327 491 nostri.
3359 455 3378 489 ι

2025 523 2188 595 832
2217 524 2383 580 Vens.
2424 523 2480 580 5.
2514 522 2653 589 Quia
2678 540 2772 594 ego
2793 526 3011 595 cognovi
3036 528 3176 597 quod
3201 544 3421 599 magnus
3449 541 3525 585 est

1956 614 2241 682 Dominus,
2270 627 2319 671 et
2351 616 2609 673 Dominus
2638 627 2816 673 noster
2840 634 2950 687 prce
2982 619 3231 675 omnibus
3265 622 3391 685 diis,
3417 632 3526 678 etc.

1953 707 2144 764 Jethro
2167 709 2386 779 quidem
2412 710 2552 765 ait“
2584 726 2600 765 :
2640 728 2659 761 ι
2682 709 2836 765 Nunc
2868 711 3095 781 cognovi
3134 712 3260 781 quia
3300 729 3527 784 magnus

1954 800 2213 856 Dominus
2261 810 2459 870 praeter
2506 816 2696 858 omnes
2757 801 2981 869 deos“
3045 801 3315 873 PrOpheta
3362 821 3525 873 vero,

1959 893 2127 960 «Quia
2151 908 2251 964 ego
2279 894 2508 965 cognovi
2548 894 2783 963 primum
2810 895 2939 967 quia
2983 910 3215 966 magnus
3238 906 3322 951 est
3346 896 3526 951 Domi-

1951 1001 2108 1050 nus,»
2129 987 2345 1051 deinde,
2381 1002 2401 1035 ι
2425 995 2480 1040 et
2495 985 2754 1042 Dominus
2771 994 2953 1043 noster
2968 1001 3078 1056 pra:
3093 987 3346 1043 omnibus
3362 988 3485 1042 diis.
3500 1007 3519 1038 ι

2026 1078 2191 1133 Vsus.
2222 1076 2275 1132 6.
2313 1076 2508 1133 Omnia
2537 1093 2864 1148 quaecunque
2893 1078 3060 1133 valuit
3086 1077 3370 1143 Dominus,
3401 1078 3520 1148 fecit

1951 1172 2007 1225 in
2041 1170 2168 1225 caelo
2197 1181 2246 1225 et
2281 1170 2339 1225 in
2381 1180 2543 1236 terra,
2589 1172 2643 1226 in
2681 1171 2819 1224 mari
2850 1181 2899 1224 et
2937 1171 2993 1225 in
3024 1172 3266 1226 omnibus
3295 1172 3521 1242 abyssis,

1950 1274 2058 1319 etc.
2097 1263 2443 1332 Quacunque
2478 1262 2610 1319 fecit
2642 1263 2904 1320 Dominus
2929 1264 2982 1318 in
3010 1264 3150 1320 caelo
3186 1274 3240 1318 et
3272 1264 3324 1317 in
3352 1274 3518 1329 terra,

1951 1356 2005 1411 in
2037 1355 2281 1410 maribus
2306 1362 2359 1409 et
2393 1357 2448 1409 in
2482 1355 2720 1424 abyssis,
2744 1355 2883 1411 bona
2913 1363 3064 1419 sunt,
3104 1362 3295 1424 utpote
3324 1353 3523 1408 volun-

1950 1456 2065 1503 tate
2101 1447 2200 1501 Dei
2225 1444 2387 1502 facta.
2416 1445 2472 1501 Si
2509 1449 2632 1516 quis
2671 1457 2852 1502 autem
2876 1456 2959 1503 est
2984 1446 3037 1502 in
3070 1446 3228 1513 ccelo,
3260 1446 3519 1516 quemad-

1950 1538 2166 1593 modum
2199 1537 2462 1607 spiritalia
2497 1538 2788 1607 nequitiae;
2821 1537 2904 1591 vel
2961 1536 3014 1591 in
3050 1547 3218 1602 terra,
3249 1546 3311 1591 ut
3342 1537 3521 1592 homi-

1953 1646 2049 1688 nes
2095 1641 2439 1702 peccatores;
2481 1628 2568 1683 vel
2608 1622 2972 1694 in‘maribns,
3006 1638 3064 1683 ut
3090 1629 3295 1686 malitia
3328 1631 3521 1686 draco-

233 1718 425 1772 τωλοὶ
458 1718 752 1791 ἄνθρωποι,
783 1720 896 1792 ἢέν
926 1724 1047 1785 ταῖς
1078 1721 1394 1787 θαλάσσαις,
1424 1722 1501 1787 ὡς
1532 1726 1565 1795 ἡ
1599 1722 1695 1777 τοῦ
1714 1725 1831 1797 δρά-

1953 1726 2060 1789 nis;
2084 1726 2169 1780 vel
2214 1726 2269 1780 in
2314 1724 2551 1796 abyssis,
2577 1733 2636 1779 ut
2670 1723 3001 1793 perversitas
3044 1737 3234 1779 eorum
3263 1723 3356 1793 qui
3387 1723 3519 1781 illuc

232 1828 450 1876 κοντος
474 1813 661 1879 κακία,
692 1814 725 1887 ἦ
754 1816 812 1868 ὲν
835 1818 955 1879 ταῖς
976 1815 1253 1881 ἁϐὐσσοις,
1289 1816 1365 1880 ὡς
1403 1818 1436 1889 ἡ
1476 1817 1711 1890 πονηρία
1732 1819 1840 1873 τῶν

232 1905 748 1977 προστασσομένων
778 1908 894 1960 ἐκεῖ
934 1907 1212 1962 ἀπελθεῖν·
1260 1909 1429 1962 κακὸν
1467 1909 1625 1963 τοῦτο
1669 1910 1766 1981 οὐχ
1809 1912 1841 1965 6

228 1996 391 2060 Θεὸς
427 1996 646 2070 ἐποίησε
669 1997 748 2069 τῷ
776 1997 1037 2071 θελήματι
1068 2000 1235 2054 αὐτοῦ
1253 2018 1268 2031 ·
1298 2019 1318 2052 t
1360 2002 1456 2055 Ἐκ
1484 2002 1594 2073 γὰρ
1634 2002 1839 2073 στόμα-

229 2106 339 2154 τος
365 2089 623 2159 Ὑψίστου
649 2091 749 2145 οὐκ
767 2091 1103 2158 ἐξελεύσεται
1121 2092 1190 2146 τὰ
1211 2092 1357 2147 κακὰ
1374 2094 1467 2147 καὶ
1492 2093 1554 2146 τὸ
1569 2093 1788 2162 ἀγαθόν.
1814 2112 1834 2145 ι

321 2182 444 2236 Τοῦ
477 2183 683 2238 αὐτοῦ.
712 2184 921 2257 Ὥσπερ
973 2186 1004 2238 6
1050 2186 1278 2258 οὐρανὸς
1321 2186 1432 2257 (30)
1468 2186 1637 2256 ἁγίων
1677 2185 1838 2240 δυνά-

233 2272 402 2346 μεών
436 2276 584 2329 εστιν
625 2278 957 2351 οἰκητήριον,
986 2277 1128 2332 οὕτω
1165 2280 1257 2333 καὶ
1295 2281 1328 2350 ή
1367 2280 1438 2351 γῆ
1481 2278 1590 2333 τῶν
1632 2278 1841 2350 ἀνθρὼ-

230 2383 391 2419 πων.
431 2384 450 2418 ι
484 2367 540 2420 '0
582 2367 810 2439 οὐρανὸς
888 2368 1017 2441 γὰρ,
1072 2370 1225 2438 φησὶ,
1331 2370 1425 2423 τοῦ
1476 2369 1707 2443 οὐρανοῦ
1760 2371 1837 2442 τῷ

230 2456 470 2529 Κυρίῳ,
500 2457 598 2528 τὴν
626 2458 683 2511 δὲ
703 2458 806 2529 γῆν
826 2457 993 2513 ἔδωκε
1020 2462 1133 2523 τοῖς
1159 2461 1293 2523 υἱοῖς
1319 2458 1429 2512 τῶν
1451 2457 1771 2529 ἀνθρώπιον.
1811 2478 1830 2511 s

230 2552 357 2604 Καὶ
392 2550 585 2623 ὥσπερ
616 2553 674 2605 ὲν
704 2555 825 2617 ταῖς
852 2552 1127 2625 τροπικῶς
1169 2552 1491 2625 λεγομέναις
1537 2552 1836 2617 θαλάσσαις

229 2642 493 2703 οίκοόειν
527 2645 573 2697 οἱ
602 2645 961 2716 ἀντικείμενοι
986 2647 1118 2716 ἡμῖν
1146 2645 1416 2717 δαίμονες,
1460 2648 1517 2699 ὲν
1555 2641 1643 2710 αἷς
1680 2646 1776 2701 καὶ
1805 2647 1835 2699 6

229 2742 467 2815 δράκων
504 2737 744 2809 ἐπλάσθη
785 2736 878 2792 τοῦ
922 2739 1210 2810 ἐμπαίζειν
1250 2737 1433 2810 αὐτῷ·
1472 2737 1615 2792 οὕτω
1644 2738 1739 2792 καὶ
1776 2740 1835 2793 ὲν

230 2836 367 2899 ταῖς
402 2830 780 2906 ἀλληγορικῶς
817 2831 1136 2903 λεγομέναις
1179 2831 1435 2895 ἀϐύσσοις
1470 2832 1521 2885 οἱ
1562 2830 1832 2901 καταχθό-

232 2944 352 2983 νιοι
394 2927 669 2998 δαίμονες.

324 3020 586 3089 Ἀνάγων
612 3017 872 3089 νεφέλας
897 3015 968 3081 ἐξ
1003 3015 1267 3085 ἐσχάτου
1296 3015 1406 3085 τῆς
1430 3015 1545 3086 γῆς
1563 3033 1576 3047 ·
1607 3017 1830 3085 ἀστρα-

1942 1818 2091 1872 abire
2117 1817 2257 1887 iussi
2286 1827 2435 1881 sunt,
2467 1817 2669 1873 ntalum
2701 1818 2807 1873 hoc
2843 1830 3184 1888 nequaquam
3219 1816 3350 1872 fecit
3376 1816 3518 1873 Deus

1943 1909 2221 1964 voluntate
2258 1925 2379 1966 sua.
2415 1908 2590 1964 «Nam
2631 1925 2698 1964 ex
2753 1924 2851 1965 ore
2894 1909 3164 1965 Altissimi
3206 1924 3315 1966 non
3352 1923 3513 1981 egre-

1942 2001 2157 2057 dientur
2183 2000 2323 2057 mala
2346 2009 2405 2057 et
2433 2000 2637 2057 bonum
2654 2000 2723 2060 ".
2748 2020 2770 2054 ι

2011 2178 2294 2251 Ejusdem.
2323 2178 2791 2249 Quemadmodum
2831 2180 3032 2235 caelum
3060 2189 3371 2239 sanctarum
3398 2186 3515 2239 vir-

1942 2276 2137 2334 tutum,
2184 2271 2265 2325 sic
2320 2280 2370 2325 et
2438 2280 2583 2325 terra
2634 2271 2913 2326 hominum
2971 2279 3057 2326 est
3115 2272 3510 2331 habitaculum.

1943 2377 1964 2411 ι
1992 2359 2201 2416 Cretum
2234 2362 2403 2429 enim,
2431 2361 2606 2431 inquit
2628 2362 2695 2428 ",
2723 2363 2850 2418 coeli
2902 2363 3150 2427 Domino,
3180 2372 3379 2419 terram
3421 2379 3515 2419 au-

1940 2460 2048 2505 tem
2078 2452 2232 2508 dedit
2285 2452 2411 2509 [iliis
2447 2452 2750 2509 hominum.
2776 2471 2796 2506 ι
2843 2453 2912 2508 Ει
2953 2455 3407 2525 quemadmodum
3455 2460 3535 2519 in

1939 2543 2146 2612 tropice
2191 2543 2353 2600 dictis
2399 2543 2641 2601 maribus
2675 2545 2975 2600 adversarii
3031 2546 3190 2602 nobis
3236 2547 3511 2603 daemones

1936 2636 2204 2703 habitant,
2232 2638 2452 2710 illicque
2478 2641 2645 2695 etiam
2683 2641 2849 2697 draco
2875 2640 3036 2698 ﬁctus
3056 2651 3141 2699 est
3166 2650 3226 2697 ut
3252 2642 3510 2700 illuderet

1933 2728 2008 2794 ei,
2040 2729 2121 2786 sic
2144 2739 2201 2786 et
2231 2732 2284 2786 in
2312 2732 2599 2804 allegorice
2635 2737 2846 2792 vocatis
2884 2737 3101 2809 abyssis
3131 2736 3384 2793 habitant
3418 2737 3510 2795 in-

1933 2821 2075 2880 ferni
2101 2824 2401 2882 daemones.

2003 3000 2168 3061 Vatis.
2210 3003 2263 3057 7.
2300 3003 2546 3060 Educens
2586 3007 2746 3062 nubes
2770 3007 2837 3062 ab
2864 3018 3097 3064 extremo
3123 3018 3302 3074 terrm,
3327 3009 3506 3080 fulgu-

229 3110 363 3177 στὰς
397 3084 486 3176 εἰς
517 3084 697 3164 ὐιετὸιἐ
725 3084 1035 3178 ἐποίησεν,
1160 3124 1211 3160 τ.
1248 3109 1295 3161 ἐ.
1335 3084 1549 3179 Νεφέλη
1575 3109 1692 3163 ἐστὶ
1717 3108 1830 3180 (31)

1953 3108 1996 3147 ἀ
2033 3095 2089 3149 in
2121 3095 2357 3164 pluviam
2392 3098 2539 3167 fecit,
2571 3107 2679 3154 etc.
2726 3098 2909 3155 Nubes
2936 3110 3019 3156 est
3055 3110 3252 3155 natura
3294 3102 3506 3157 ratione

230 3204 410 3274 φύσις
436 3201 646 3274 λογικὴ,
676 3204 800 3267 τοὺς
831 3203 959 3273 περὶ
1000 3201 1265 3273 Προνοίας
1308 3200 1501 3269 λόγους
1534 3218 1831 3255 πεπιστευ-

234 3294 384 3367 μένη
407 3309 421 3324 '
458 3291 709 3364 ἀστραπὴ
746 3292 803 3345 δέ
844 3293 960 3345 ἐστι
997 3290 1312 3345 διδασκαλία
1347 3292 1711 3365 πνευματικὴ,
1741 3291 1828 3348 λο-

232 3379 411 3448 γικὰς
448 3379 626 3451 ψυχὰς
655 3381 762 3435 ἀπὸ
788 3382 988 3444 κακίας
1011 3383 1099 3434 ἐπ’
1129 3379 1329 3453 ἀρετὴν
1353 3381 1720 3451 ὲπανάγουσα.

307 3471 428 3526 Καὶ
462 3472 644 3526 ἔδωκε
668 3473 781 3542 τὴν
803 3473 919 3545 γῆν
941 3474 1145 3529 αὐτῶν
1170 3474 1594 3543 κληρονομίαν,
1620 3491 1675 3531 κ.
1699 3493 1750 3529 τ.
1779 3476 1827 3530 έ.

232 3563 301 3617 Εἰ
333 3567 369 3635 ἡ
406 3563 740 3636 κληρονομία
769 3566 878 3635 (52)
907 3567 1065 3638 ἡμῶν
1088 3566 1289 3635 γνῶσίς
1312 3567 1461 3619 ἐστιν
1484 3569 1518 3638 ἠ
1550 3566 1644 3620 τοῦ
1669 3566 1827 3631 Θεοῦ,

234 3655 362 3719 πῶς
387 3655 638 3724 λέγονται
680 3659 929 3729 κατέχειν
957 3659 1159 3730 ταύτην
1196 3661 1244 3712 oi
1292 3659 1688 3730 ἁντικείμενοι;
1721 3660 1830 3713 Καὶ

234 3746 506 3820 ζητήσεις
552 3749 761 3819 μήποτε
814 3749 1061 3819 λέγονται
1106 3751 1376 3822 κατέχειν,
1406 3751 1504 3822 οὐχ
1544 3750 1620 3815 ὡς
1664 3749 1826 3819 γινώ-

235 3855 489 3902 σκοντες,
521 3839 634 3892 ἀλλ’
662 3841 738 3904 ὡς
766 3842 1064 3907 κωλύοντες
1096 3844 1245 3914 ἡμᾶς
1273 3843 1447 3897 ἐλθεῖν
1481 3842 1618 3914 πρὸς
1637 3843 1823 3914 αὐτήν.

146 3924 149 3927 ’
307 3934 661 4004 Εὐλογητὸς
689 3937 905 4004 Κύριος
929 3935 997 3989 ἐκ
1038 3936 1192 3991 Σιὼν
1220 3939 1253 3990 ὁ
1294 3934 1583 3990 κατοικῶν
1621 3936 1826 4003 Ἰερου-

230 4026 476 4095 σαλὴμ,
517 4043 572 4080 κ.
616 4045 668 4081 τ.
704 4029 751 4081 ἐ.
804 4028 862 4082 '0
894 4029 953 4081 ὲν
998 4028 1215 4101 καθαρᾷ
1249 4028 1361 4100 (55)
1403 4028 1602 4100 καρδίᾳ
1648 4043 1829 4080 κατοι-

1933 3187 2177 3256 pmdita,
2223 3191 2309 3245 cui
2355 3192 2562 3246 credita
2598 3201 2726 3247 sunt
2756 3192 2970 3263 eloquia
3014 3194 3083 3250 de
3117 3192 3503 3260 Providentia;

1934 3279 2115 3347 fulgur
2162 3290 2346 3337 autem
2390 3292 2478 3337 est
2511 3283 2761 3340 doctrina
2804 3285 3067 3355 spiritalis
3119 3302 3244 3358 quae
3294 3288 3506 3344 animas

1934 3373 2147 3429 ratione
2172 3377 2428 3444 prteditas
2449 3393 2480 3432 a
2506 3378 2710 3434 malitia
2736 3380 2802 3434 ad
2828 3382 3081 3437 virtutem
3110 3392 3355 3435 revocat.

2002 3461 2165 3519 Vlns.
2196 3466 2283 3520 12.
2304 3465 2371 3519 Et
2391 3467 2536 3522 dedit
2562 3477 2758 3524 terram
2783 3486 2964 3524 eorum
2993 3471 3372 3537 Ittereditatem,
3392 3479 3502 3527 etc.

1930 3555 1988 3611 Si
2018 3557 2312 3613 baereditas
2354 3570 2537 3615 nostra
2568 3563 2804 3633 cognitio
2842 3563 2932 3618 Dei
2982 3572 3090 3628 est,
3115 3566 3387 3633 quomodo
3415 3566 3500 3619 di—

1930 3660 2126 3704 cuntur
2152 3666 2272 3705 eam
2300 3652 2547 3707 obtinere
2573 3654 2907 3709 adversarii?
2934 3654 3002 3709 Et
3028 3671 3240 3725 quaeres
3267 3670 3335 3710 ne
3360 3657 3504 3714 forte

1928 3740 2180 3798 dicantur
2235 3743 2521 3810 obtinere,
2588 3761 2695 3800 non
2767 3758 3023 3816 tanquam
3085 3761 3504 3818 cognoscentes,

1932 3832 2026 3887 sed
2058 3842 2311 3902 tanquam
2342 3836 2695 3903 prohibentes
2719 3850 2786 3890 ne
2817 3836 2884 3890 ad
2918 3851 3038 3891 eam
3069 3838 3419 3894 accedamus.

1999 3925 2164 3980 Vens.
2191 3927 2282 3981 2l.
2307 3927 2624 3984 Benedictus
2668 3927 2926 3983 Dominus
2952 3946 3017 3983 ex
3041 3930 3194 3998 Sion,
3224 3933 3318 4002 qui
3345 3933 3501 3986 habi-

1928 4025 2003 4070 tat
2028 4018 2082 4071 in
2110 4016 2432 4087 Jerusalem,
2460 4030 2564 4074 etc.
2596 4019 2697 4087 Qui
2732 4021 2786 4074 in
2820 4022 2985 4077 corde
3015 4037 3148 4092 puro
3179 4023 3406 4091 habitat,
3443 4026 3499 4080 in

232 4118 354 4172 κῶν
379 4122 625 4173 κατοικεῖ
664 4121 722 4173 ὲν
761 4119 1134 4192 Ἰερουσαλήμ.
1177 4121 1466 4175 Κατοικεῖν
1497 4119 1555 4173 δὲ
1580 4118 1741 4173 αὐτὸν
1769 4120 1826 4172 ὲν

1959 4110 2226 4164 erusalem
2266 4111 2500 4167 habitat.
2556 4112 2738 4182 Ipsum
2770 4121 2949 4167 autem
2977 4115 3228 4169 habitare
3257 4115 3310 4169 in
3340 4115 3501 4171 Jeru-

243 4211 609 4284 ⁹1ερουσαλὴμ
634 4212 758 4283 ἔφη,
799 4214 861 4266 οὐ
893 4213 990 4285 τὴν
1031 4214 1181 4267 θείαν
1216 4213 1380 4284 φύσιν
1403 4215 1519 4266 ἐκεῖ
1563 4211 1827 4284 περιγρά-

1926 4200 2092 4256 salem
2128 4203 2284 4270 dixit,
2318 4219 2426 4259 non
2462 4206 2604 4275 quod
2636 4204 2874 4260 divinam
2925 4205 3035 4260 illic
3084 4216 3333 4261 naturam
3383 4208 3500 4262 cir-

231 4320 377 4373 φων,
410 4303 526 4357 ἀλλ’
549 4305 665 4357 ἐκεῖ
694 4305 992 4375 τηνικαῦτα
1015 4304 1113 4377 τὴν
1146 4303 1296 4358 θείαν
1322 4304 1643 4375 ἐπιφάνειαν
1669 4300 1826 4365 εἰδὼς

1953 4296 2287 4362 .umscribat,
2319 4298 2411 4352 sed
2443 4298 2585 4367 quod
2626 4297 2736 4353 illic
2771 4297 2939 4353 Deum
2969 4299 3022 4353 in
3051 4300 3251 4371 templo
3274 4299 3499 4359 Jerusa-

230 4398 293 4452 ὲν
317 4397 401 4469 τῷ
428 4396 542 4468 ναῷ
565 4398 664 4469 τῆς
700 4399 1004 4472 Ἱερουσαλή
1013 4416 1071 4471 μ.

766 4578 1059 4632 ΨΑΛΜΟΣ
1110 4576 1282 4632 ΡΛΕ’.
1843 4595 1888 4648 ι)

318 4666 802 4738 Ἐξομολογεῐσθε
841 4668 922 4735 τῷ
948 4670 1173 4738 Κυρίῳ,
1204 4670 1293 4724 ὅτι
1328 4670 1548 4741 ἀγαθὸς
1568 4709 1586 4734 ,
1615 4669 1702 4724 ὅτι
1732 4674 1819 4739 εἰς

1930 4389 2035 4443 lem
2065 4388 2405 4445 tnanifestari
2432 4392 2620 4447 sciret.

2290 4573 2454 4646 333
2500 4572 2820 4629 PSALMUS
2857 4572 3117 4632 cxxxv.

1996 4668 2159 4722 Vens.
2208 4666 2261 4721 1.
2311 4667 2640 4734 Con/itemini
2700 4666 2928 4723 Domino
2976 4671 3226 4739 quoniam
3280 4671 3448 4726 bonus
3477 4713 3492 4736 ,

230 4758 344 4810 τὸν
381 4756 570 4811 αἰῶνα
609 4759 676 4812 τὸ
723 4760 896 4826 ἕλεος
936 4762 1124 4816 αὐτοῦ
1145 4803 1160 4826 ,
1188 4780 1242 4815 κ.
1277 4778 1331 4815 τ.
1362 4762 1410 4815 ὲ.
1445 4763 1507 4816 Οἱ
1544 4762 1818 4815 ταλαιπω-

1953 4762 2172 4813 uoniant
2197 4759 2253 4813 in
2275 4760 2526 4812 sa'culunt
2546 4760 2905 4814 misericordia
2932 4761 3072 4826 eius,
3107 4770 3214 4817 etc.
3246 4762 3494 4820 lniclices

235 4849 463 4919 ροῦντες
492 4849 599 4920 (54)
629 4852 687 4904 ὲν
723 4852 800 4923 τῷ
832 4852 989 4907 αἰῶνι
1023 4855 1248 4918 εἰκότως
1275 4854 1533 4927 χρῄζουσι
1573 4857 1668 4909 καὶ
1700 4855 1815 4909 ἐλέ-

229 4958 327 5006 ους
358 4943 419 4993 ὲν
449 4941 526 5011 τῷ
558 4943 734 4997 αἰῶνι.

318 5032 807 5105 Ἐξομολογεῖσθε
840 5035 922 5103 τῷ
956 5036 1077 5103 Θεῷ
1109 5036 1226 5091 τῶν
1252 5037 1435 5101 θεῶν,
1468 5039 1557 5092 ὅτι
1588 5042 1675 5105 εἰς
1705 5040 1812 5092 τὸν

229 5126 426 5181 αἰῶνα
473 5125 542 5179 τὸ
583 5128 752 5195 ἕλεος
792 5128 1017 5194 αὐτοῦ,
1058 5147 1112 5184 κ.
1160 5147 1213 5183 τ.
1260 5131 1307 5183 ὲ.
1367 5132 1432 5183 Ἦ
1474 5129 1810 5202 ἐξομολόγη-

231 5234 322 5282 σις
352 5217 466 5290 (55)
509 5217 608 5292 τὴν
635 5219 983 5291 εὐχαριστίαν
1025 5220 1119 5273 καὶ
1162 5219 1465 5290 δοξολογίαν
1513 5221 1806 5291 σημαίνει·

1922 4852 1976 4906 ἱιι
2030 4852 2230 4907 saeculo
2275 4852 2535 4923 indigent,
2589 4862 2645 4907 ut
2685 4854 2877 4908 rationi
2916 4866 3342 4911 consentaneum
3383 4870 3487 4923 est,

1920 4946 2086 4998 etiam
2115 4944 2491 4998 misericordia
2520 4944 2574 4998 in
2606 4943 2824 4999 smeulo.

1994 5033 2158 5089 Vens.
2203 5035 2260 5088 2.
2310 5034 2647 5104 Conﬁtemini
2691 5034 2801 5090 Deo
2859 5036 3096 5104 deorum,
3141 5040 3390 5108 quoniam
3437 5040 3493 5094 in

1917 5129 2169 5183 sa'culum
2206 5129 2570 5184 misericordia
2598 5129 2738 5196 eius,
2788 5138 2897 5186 etc.
2928 5131 3335 5201 Exomologesis
3368 5148 3492 5201 gra-

1918 5223 2115 5278 tiarum
2138 5223 2407 5277 actionem
2439 5233 2494 5277 et
2522 5221 2972 5295 gloriﬁcationem
2998 5223 3289 5294 signibcat.
3327 5222 3491 5279 Usur-

305 5341 354 5377 ’³
379 5339 551 5398 Exod.
576 5356 731 5409 mu,
755 5342 841 5397 11.
918 5341 965 5376 ³⁸
992 5343 1277 5409 Τιπειωιι,
1302 5345 1388 5399 '58.
1464 5344 1511 5377 ⁸⁸
1543 5345 1683 5401 Psal.
1722 5359 1882 5413 cxm,
1904 5345 1989 5402 16.

309 5456 424 5530 (28)
464 5458 528 5530 f0
556 5457 674 5529 μὲν
705 5457 890 5527 Ἰοθώρ
910 5474 1081 5530 φησι,
1111 5470 1217 5515 etc.
1246 5460 1449 5517 Catena
1484 5461 1751 5518 Corderii.

335 5527 427 5598 d9)
464 5527 619 5583 Ὄοά
645 5527 954 5598 ἐποίησεν,
983 5527 1100 5586 etc.
1128 5530 1348 5585 Eadem.

334 5597 427 5737 50)
451 5599 673 5667 Ὥσπερ
714 5605 746 5655 ό
781 5597 1057 5667 οὐρανός,
1091 5611 1197 5678 etc.
1234 5602 1459 5659 Sciteda:
1494 5602 1703 5661 Grabii.

336 5665 398 5722 ’51
459 5670 694 5737 Νεφέλη
727 5672 922 5737 ἐστίν,
952 5681 1058 5729 etc.
1089 5672 1320 5728 tandem.

311 5665 427 5737 (51)
459 5665 694 5740 Νεφέλη
727 5665 922 5737 ἐστίν,
952 5665 1058 5729 etc.
1089 5672 1320 5728 Eaedem.

1986 5462 2099 5535 (52)
2126 5467 2196 5518 Εἰ
2222 5466 2261 5533 ἡ
2287 5465 2672 5535 κληρονομία,
2704 5474 2809 5521 etc.
2842 5465 3080 5522 Eaedem.

1987 5535 2099 5605 (33)
2137 5535 2201 5588 Ὀ
2228 5536 2298 5588 ὲν
2320 5535 2569 5604 καθαρᾷ,
2598 5547 2703 5589 etc.
2742 5536 2974 5591 Eaedem.

1982 5606 2093 5675 (34)
2122 5608 2185 5657 Oi
2222 5606 2754 5674 ταιαιπωροῦντες,
2785 5617 2893 5662 etc.
2925 5608 3160 5663 Etedem.

1997 5677 2111 5741 (53)
2159 5676 2219 5734 Ἡ
2241 5676 2696 5742 ἐξομολόγησις,
2731 5688 2840 5734 etc.
2872 5679 3107 5735 Etctlcttt.
