3928 6158
444 225 585 287 1655

1823 224 1918 283 EX
1946 224 2250 283 ORIGENE

3542 217 3701 274 1656

442 356 601 416 patnr
639 354 819 402 autem
873 344 1036 400 etiam
1088 358 1187 414 pro
1254 345 1593 402 confessione
1643 357 2009 416 peccatorum,

2121 348 2290 399 κεῖται
2324 344 2382 398 δὲ
2409 343 2502 398 καὶ
2535 343 2628 398 ἐπὶ
2652 343 2752 415 τῆς
2778 341 3215 414 ὲξομολογήσεως
3241 339 3354 394 τῶν
3381 337 3697 409 ἁμαρτιῶν,

445 437 588 490 sicut
612 438 711 490 hoc
739 436 881 490 loco.

518 526 791 597 Ejusdem.
824 527 965 582 Deus
982 527 1210 581 deorum
1234 536 1316 583 est
1336 526 1545 582 illorum
1574 528 1641 583 ad
1670 542 1805 597 quos
1830 543 2008 584 sermo

443 618 536 672 Dei
568 620 748 672 factus
783 628 867 671 est
904 618 1198 673 secundum
1233 617 1568 687 Scripturam
1615 635 1734 689 quae
1766 620 1898 675 dicit
1941 620 2006 688 “,

448 728 465 759 ι
495 709 606 779 Ego
633 708 875 776 dixi,Dii
899 715 1049 764 estis.
1075 725 1098 763 ι
1125 709 1191 763 Ει
1223 710 1288 776 ³⁷,
1323 727 1343 761 ι
1368 710 1476 780 Ego
1514 725 1630 765 sum
1663 711 1804 765 Deus
1838 711 2010 766 Abra-

442 797 590 864 ham,
616 809 670 854 et
702 800 843 855 Deus
865 799 1034 865 Isaac,
1061 809 1113 854 et
1135 800 1275 855 Deus
1298 798 1517 866 Jacob,»
1543 801 1792 857 videlicet
1815 817 2008 857 secun-

443 890 572 944 dum
609 904 862 960 magnam
892 905 1020 962 erga
1051 890 1173 946 illos
1208 890 1550 947 dilectionem
1579 903 1634 947 et
1670 892 2010 948 familiarita-

444 990 573 1036 tem.
613 982 922 1036 Daemonum
953 997 1081 1037 vero
1128 984 1270 1038 Deus
1317 992 1403 1038 est
1443 985 1736 1040 secundum
1779 987 2012 1043 creatio-

443 1090 587 1131 nem.
633 1074 923 1144 Apostolus
968 1076 1130 1130 etiam
1165 1076 1243 1130 ait
1285 1076 1353 1143 ³⁸,
1398 1074 1502 1133 Etsi
1558 1086 1683 1134 sunt
1728 1079 1801 1134 dii
1858 1081 2008 1136 multi

441 1176 499 1223 et
544 1168 746 1222 domini
803 1168 953 1222 multi
997 1168 1050 1223 in
1083 1168 1223 1225 coelo
1270 1179 1327 1225 et
1375 1170 1429 1225 in
1480 1179 1645 1237 terra,
1694 1186 1790 1227 eos
1829 1182 2009 1228 tamen

442 1261 576 1316 deos
596 1261 692 1330 qui
719 1270 843 1331 post
884 1260 1206 1317 Trinitatem
1232 1263 1311 1318 sic
1343 1264 1700 1333 appellantur,
1734 1264 1866 1321 tales
1890 1279 2012 1322 esse

441 1370 538 1424 per
591 1355 892 1409 divinitatis
949 1354 1449 1425 participationem.
1523 1355 1772 1411 Salvator
1831 1366 2009 1412 autem

443 1462 550 1500 non
581 1461 682 1515 per
708 1446 1205 1516 participationem,
1247 1447 1340 1502 sed
1388 1447 1686 1504 secundum
1719 1448 2010 1502 essentiam

442 1538 584 1594 Deus
607 1547 712 1594 est.
745 1537 919 1594 Porro
942 1537 1092 1608 illud,
1128 1557 1147 1591 ι
1171 1537 1434 1605 Quoniam
1470 1539 1523 1593 in
1557 1539 1814 1595 saeculum
1846 1540 2013 1595 mise-

441 1630 674 1685 ricordia
722 1631 861 1700 ejus,
889 1649 908 1683 ι
959 1645 1056 1699 per
1102 1634 1319 1685 modum
1364 1630 1695 1687 laudationis
1740 1631 2008 1701 adjicitur.

2110 440 2184 501 ὡς
2209 437 2458 493 ἐνταῦθα.

2185 529 2293 585 Τοῦ
2312 530 2518 583 αὐτοῦ.
2537 528 2669 591 Θεὸς
2700 525 2836 580 θεῶν
2853 525 2964 597 (56)
2991 526 3141 579 ἐστιν
3163 523 3395 578 ἐκείνων
3418 522 3525 576 τῶν
3551 522 3697 594 πρκ

2110 620 2202 685 οὒς
2224 623 2253 674 ὁ
2276 619 2432 689 λόγος
2466 618 2559 673 τοῦ
2592 617 2728 672 Θεοῦ
2768 617 3013 686 ἐγένετο,
3047 615 3188 669 κατά
3215 614 3317 686 τὴν
3339 615 3381 666 Γ
3384 614 3563 685 ραφὴν
3586 614 3694 684 τὴν

2110 714 2398 783 λέγουσαν·
2440 732 2459 764 ι
2502 712 2642 779 Ἐγὼ
2675 708 2837 766 εἶπα·
2870 712 2995 765 Θεοί
3030 714 3151 765 ἐστε
3171 728 3185 741 ·
3217 712 3347 775 καὶ,
3390 709 3534 778 Ἐγὼ
3554 709 3695 773 Θεδς

2123 805 2392 876 Ἀϐραὰμ,
2423 806 2517 858 καὶ
2539 805 2669 869 Θεὸς
2702 804 2908 867 Ἰσαὰκ,
2929 804 3023 857 καὶ⁵
3045 801 3415 867 ΘεὺςΊακώϐ·
3431 821 3450 852 ι
3485 800 3692 872 δηλαδὴ

2110 892 2250 946 κατὰ
2273 891 2372 963 τὴν
2394 892 2591 964 πολλὴν
2621 892 2755 964 πρὸς
2787 893 2983 955 αὐτοὺς
3014 892 3232 962 ἀγάπην
3259 892 3354 944 καὶ
3384 891 3690 944 οὶκείωσιν.

2110 984 2232 1037 Τῶν
2247 984 2304 1037 δὲ
2326 984 2591 1057 δαιμόνων
2605 985 2736 1049 Θεός
2755 987 2871 1038 ἐστι
2887 985 3027 1039 κατὰ
3039 985 3137 1057 τὴν
3149 983 3537 1056 δημιουργίαν.
3553 985 3696 1054 Φησὶ

2109 1074 2275 1130 δὲκαὶ
2293 1079 2321 1129 ὁ
2357 1077 2674 1142 Ἀπόστολος
2690 1094 2705 1108 ο
2731 1078 2902 1149 Εἴπερ
2928 1077 3034 1130 εἰσὶ
3062 1076 3175 1130 θεοὶ
3188 1077 3373 1131 πολλοὶ
3389 1078 3488 1129 καὶ
3507 1076 3695 1144 κύριοι

2111 1167 2296 1221 πολλοὶ
2320 1170 2376 1221 ὲν
2407 1167 2487 1238 τῷ
2503 1167 2716 1239 οὐρανῷ
2741 1170 2833 1222 καὶ
2853 1170 2944 1222 ἐπὶ
2966 1171 3064 1240 τῆς
3089 1170 3212 1240 γῆς·
3229 1169 3365 1223 ἀλλὰ
3379 1170 3511 1232 τοὺς
3536 1168 3698 1237 λεγο-

2114 1260 2308 1329 μένους
2341 1258 2475 1329 μετά
2499 1260 2595 1329 τὴν
2628 1260 2833 1330 Τριάδα
2860 1260 3013 1323 θεοὺς
3039 1261 3297 1332 μετουσίᾳ.
3324 1260 3587 1333 θεότητος
3616 1256 3698 1313 εἶ-

2110 1366 2199 1404 ναι
2227 1350 2499 1414 τοιούτους
2520 1368 2533 1380 ·
2568 1353 2597 1405 ὁ
2620 1351 2677 1404 δὲ
2704 1351 2893 1422 Σωτὴρ
2922 1352 2982 1404 οὐ
3020 1352 3162 1405 κατά
3192 1352 3485 1423 μετουσίαν
3507 1393 3525 1415 ,
3554 1352 3696 1406 ἀλὶὰ

2112 1447 2233 1498 κατ’
2265 1446 2451 1499 οὐσίαν
2480 1444 2595 1498 ἐστὶ
2632 1444 2783 1508 Θεός.
2819 1444 2894 1497 Τὸ
2922 1444 3012 1507 δὲ,
3050 1463 3069 1497 ι
3113 1445 3234 1499 Ὅτι
3276 1447 3356 1509 εἱς
3393 1446 3488 1497 τὸν
3514 1446 3698 1499 αἰῶνα.

2111 1535 2172 1588 τὺ
2206 1535 2354 1600 ἐλεος
2378 1536 2561 1600 αὐτοῦ,
2594 1555 2613 1588 ι
2645 1535 2911 1607 ὲφυμνίας
2941 1536 3127 1608 τρόπῳ
3152 1535 3486 1604 ὲπιλέγεται.
3534 1537 3696 1589 Ἐπεὶ

2111 1628 2220 1701 γὰρ
2241 1628 2329 1682 ἀεὶ
2350 1629 2508 1694 ἐλεεῖ,
2536 1629 2758 1692 εἰκότως
2780 1630 2827 1683 οἱ
2854 1629 3214 1702 ὲφυμνοῦντες
3228 1628 3500 1697 λέγουσιν,
3522 1649 3544 1681 ι
3569 1631 3699 1685 ⁹Οτι

442 1722 574 1774 Cum
607 1722 749 1777 enim
791 1736 1005 1790 semper
1033 1721 1383 1787 misereatur,
1425 1721 1621 1777 merito
1643 1721 2009 1780 collaudantes

2121 1721 2191 1786 εἰς
2210 1720 2302 1774 τὸν
2328 1719 2552 1788 citima,»
2587 1721 2682 1775 καὶ
2707 1719 2776 1774 τά
2797 1720 2946 1792 ἑξῆς.

439 1814 619 1875 aiunt,
658 1831 677 1864 ι
700 1812 964 1879 Quoniam
990 1812 1040 1866 in
1072 1812 1355 1878 saxulum,
1386 1831 1407 1866 ι
1435 1820 1543 1868 etc.

516 1905 676 1960 Vens.
720 1904 776 1959 4.
815 1904 921 1970 Qui
980 1904 1100 1973 fecit
1142 1904 1409 1958 mirabilia
1444 1919 1640 1973 magna
1683 1902 1847 1969 solus,
1896 1911 2008 1959 etc.

439 1996 692 2053 Ostendit
737 1997 910 2065 ipsum
953 2003 1216 2066 perpetuo
1272 1993 1595 2050 benefacere
1638 2007 1695 2051 et
1743 1996 2011 2051 mirabilia

440 2088 677 2157 operari.
720 2086 787 2140 Et
820 2085 935 2141 haec
983 2086 1114 2149 duo,
1162 2086 1265 2140 tria
1296 2095 1352 2141 et
1381 2098 1613 2154 quatuor
1656 2086 1754 2154 ipsi
1796 2088 2011 2156 pr0pria

438 2179 613 2249 ponit,
647 2179 788 2248 quod
820 2177 1010 2243 faciat,
1043 2180 1188 2248 quod
1214 2178 1488 2234 mirabilia
1515 2220 1532 2245 ,
1562 2178 1706 2248 quod
1742 2179 2012 2234 mirabilia

439 2285 658 2339 magna,
690 2280 745 2324 et
781 2271 925 2338 quod
957 2270 1107 2325 solus
1139 2268 1324 2326 faciat.
1361 2270 1485 2327 Haec
1521 2281 1699 2325 autem
1726 2270 1862 2324 dixit
1905 2285 2010 2325 non

438 2372 500 2416 ut
542 2362 709 2417 ﬁiium
736 2361 1109 2431 vilipenderet,
1141 2364 1235 2417 sed
1279 2372 1336 2417 ut
1380 2363 1671 2418 discrimen
1719 2364 1859 2418 inter
1888 2378 2010 2418 eum

438 2464 496 2509 et
516 2455 788 2510 daemones
812 2455 1122 2510 collocaret.
1168 2454 1236 2508 Et
1265 2469 1511 2524 quaenam
1549 2465 1673 2509 sunt
1698 2454 1812 2510 haec
1849 2457 2013 2510 mira-

438 2546 559 2600 cula
595 2562 715 2615 qua:
741 2547 889 2601 solus
916 2547 1090 2602 facit?
1122 2546 1281 2602 Certe
1308 2548 1358 2600 iu
1391 2547 1655 2616 principio
1691 2545 1881 2616 psalmi
1909 2560 2010 2600 non

441 2643 509 2696 de
543 2642 781 2712 potentia
814 2640 1149 2709 loquebatur,
1189 2639 1285 2695 sed
1322 2640 1386 2694 de
1434 2641 1694 2696 bonitate.
1731 2640 2013 2706 Quomodo

441 2749 572 2805 ergo
603 2733 802 2789 accidit
836 2744 894 2787 ut
921 2733 1026 2800 iam
1056 2734 1310 2803 deinceps
1353 2733 1609 2802 loquatur
1641 2733 1707 2786 de
1732 2731 2016 2801 potentia?

446 2827 585 2894 Quia
615 2827 871 2881 nimirum
895 2827 1011 2881 haec
1043 2826 1299 2881 miracula
1329 2841 1436 2880 non
1462 2824 1633 2880 solum
1671 2833 1799 2880 sunt
1825 2833 2014 2894 poten-

445 2919 554 2985 tiaz,
587 2919 681 2974 sed
720 2920 883 2975 etiam
922 2919 1180 2976 bonitatis
1204 2928 1260 2973 et
1291 2917 1659 2988 benignitatis.

2185 1900 2271 1968 Τῷ
2294 1901 2611 1970 ποιήσαντι
2636 1900 2936 1971 θαυμάσια
2971 1901 3204 1972 μεγάλα
3244 1902 3437 1972 μόνῳ,
3463 1920 3521 1956 κ.
3548 1920 3609 1956 τ.
3640 1904 3695 1959 ὲ.

2109 1995 2388 2050 Δείκνυσιν
2410 1994 2571 2049 αὐτὸν
2597 1994 2711 2064 (57)
2739 1994 3001 2065 διηνεκῶς
3025 1995 3412 2066 εὐεργετοῦντα
3438 1997 3534 2048 καὶ
3560 1995 3693 2049 θαυ-

2114 2088 2527 2162 ματοποιοῦντα.
2560 2088 2670 2141 Καὶ
2695 2086 2788 2143 δύο
2826 2086 2999 2143 ταῦτα
3019 2087 3184 2141 αὐτοῦ
3212 2087 3391 2159 τίθησι
3428 2088 3527 2141 καὶ
3560 2089 3695 2161 τρία

2111 2181 2207 2235 καὶ
2246 2182 2515 2252 τέσσαρα·
2542 2180 2624 2233 ὅτι
2651 2196 2711 2232 τε
2736 2182 2911 2246 ποιεῖ,
2945 2180 3039 2234 καὶ
3067 2180 3151 2232 ὅτι
3174 2179 3448 2251 θαύματα,
3479 2180 3579 2232 καὶ
3607 2181 3690 2234 ὅτι

2116 2274 2324 2346 μεγάλα
2360 2272 2612 2344 θαύματα
2631 2311 2645 2333 ,
2681 2272 2774 2326 καὶ
2801 2274 2882 2326 ὅτι
2913 2272 3070 2344 μόνος
3111 2274 3275 2325 ποιεῖ.
3320 2271 3510 2325 Ταῦτα
3537 2272 3599 2324 δὲ
3626 2271 3691 2325 ού

2112 2368 2249 2439 πρὸς
2280 2366 2536 2437 ἀθέτησιν
2563 2365 2658 2419 τοῦ
2692 2365 2877 2429 παιδὸς
2895 2405 2909 2429 ,
2940 2363 3076 2420 ἀλλὰ
3114 2364 3251 2435 πρὸς
3280 2364 3689 2435 ἀντιδιαστολὴν

2112 2461 2325 2532 εἴρηται
2354 2458 2465 2513 τῶν
2495 2460 2782 2530 δαιμόνων.
2812 2460 2922 2513 Καὶ
2942 2459 3064 2513 τίνα
3106 2457 3283 2512 ταῦτὰ
3315 2459 3435 2512 ἔστι
3464 2458 3693 2514 1.10:1!»-

2116 2563 2260 2616 ματα
2282 2545 2317 2600 ἃ
2350 2546 2509 2616 μόνος
2561 2550 2705 2600 ποιεῖ
2739 2562 2753 2612 ;
2788 2548 3044 2616 Καίτοιγε
3084 2546 3385 2620 ἀρχόμενος
3420 2549 3516 2603 τοῦ
3553 2549 3692 2618 ψαλ-

2116 2635 2215 2707 μοῦ
2250 2636 2309 2693 ού
2348 2636 2477 2708 περὶ
2508 2636 2789 2707 δυνάμεως
2825 2636 3007 2705 ἔλεγεν
3035 2681 3049 2703 ,
3086 2638 3221 2692 ἀλλὰ
3253 2641 3383 2709 περὶ
3418 2638 3694 2709 ἀγαθότη-

2112 2745 2219 2791 τος.
2251 2728 2375 2792 Πῶς
2420 2724 2512 2782 οὖν
2564 2730 2657 2784 νῦν
2699 2733 2780 2793 εἰς
2810 2731 2902 2783 τὸν
2943 2731 3071 2802 ’περὶ⁵
3102 2732 3385 2802 δυνάμεως
3427 2733 3690 2804 ἐμπίπτει

2113 2820 2268 2890 λόγον
2303 2821 2537 2877 ἐνταῦθα
2574 2821 2759 2876 λοιπόν
2794 2839 2808 2887 ;
2844 2824 2964 2877 ’Ότι
3003 2824 3124 2893 οὐχί
3170 2823 3452 2895 δυνάμεως
3501 2823 3692 2894 μόνον,

2115 2913 2251 2967 ἀλλὰ
2289 2915 2384 2968 καὶ
2418 2915 2749 2987 ἀγαθότητος
2783 2915 2878 2969 καὶ
2917 2914 3323 2987 φιλανθρωπίας
3355 2914 3535 2972 ταῦτά
3572 2917 3691 2969 ὲιτι

2115 3005 2184 3059 τὰ
2221 3006 2496 3078 θαύματα.

519 3094 680 3150 Vens.
723 3095 780 3150 6.
845 3095 949 3162 Qui
990 3097 1220 3165 ﬁrmauit
1261 3104 1457 3150 terram
1500 3113 1656 3167 super
1685 3112 1871 3166 aquas,
1905 3103 2010 3150 etc.

2193 3097 2276 3163 Τῷ
2302 3076 2701 3165 στερεώσαντι
2737 3095 2852 3165 τὴν
2895 3095 3014 3167 γῆν
3052 3096 3151 3150 ἐπὶ
3190 3095 3309 3150 τῶν
3336 3094 3594 3159 ὑδάτων,
3634 3113 3694 3149 κ.

445 3184 503 3240 Si
568 3200 721 3253 aqua;
779 3185 1148 3241 fulcimentum
1204 3194 1289 3242 est
1340 3196 1517 3253 terra,
1552 3186 1824 3256 quomodo
1871 3195 2014 3241 terra

446 3291 610 3345 super
641 3290 811 3346 aquas
835 3278 1041 3332 firmata
1072 3280 1196 3333 est?
1231 3277 1511 3345 Quomodo
1534 3280 1693 3332 etiam
1711 3277 1811 3332 Job
1831 3292 2016 3332 verum

446 3368 597 3433 dicit,
628 3383 750 3424 cum
784 3369 860 3423 ait
895 3387 910 3423 :
956 3387 975 3421 ι
1006 3369 1110 3437 Qui
1141 3370 1396 3441 appendit
1430 3380 1632 3424 terram
1668 3384 1832 3439 super
1872 3370 2019 3423 nihi-

446 3464 559 3516 lunt
591 3462 680 3516 "‘I
710 3479 727 3512 ο
755 3458 860 3514 Sed
890 3464 1016 3519 vide
1064 3480 1133 3520 ne
1185 3463 1326 3520 forte
1381 3473 1526 3519 terra
1577 3478 1695 3531 quae
1746 3472 1833 3517 est
1878 3461 2017 3517 infra

448 3554 703 3625 abyssum
729 3593 746 3618 ,
785 3567 1022 3623 appensa
1080 3554 1153 3611 sit
1197 3569 1359 3624 super
1413 3553 1683 3619 nihilum;
1723 3566 1786 3607 ea
1838 3561 2019 3606 autem

447 3660 567 3714 qua:
598 3655 682 3701 est
713 3660 872 3715 supra
912 3646 1167 3717 abyssum
1210 3657 1355 3702 terra
1394 3655 1449 3700 et
1479 3647 1532 3700 in
1579 3660 1685 3716 qua
1724 3644 1888 3699 etiam
1924 3659 2022 3699 nos

448 3737 797 3805 habitamus,
847 3755 1012 3810 super
1058 3741 1324 3811 abyssum
1390 3740 1602 3794 ﬁrmata
1675 3739 1748 3794 sit
1781 3755 1795 3791 :
1827 3740 1898 3793 ita
1961 3747 2022 3793 ut

449 3832 677 3901 abyssus
722 3832 774 3886 in
827 3833 1008 3888 medio
1066 3842 1225 3888 terra:
1268 3834 1612 3888 contineatur
1657 3840 1912 3901 tanquam
1966 3831 2020 3885 in

449 3937 601 3977 vase.
634 3923 701 3976 Et
743 3924 858 3978 haec
883 3926 1100 3994 quidem
1127 3928 1173 3980 si
1201 3925 1323 3996 quis
1359 3941 1480 3980 cum
1519 3925 1746 3979 historia
1773 3924 2023 3978 conferre

450 4013 721 4069 voluerit:
749 4015 814 4068 ad
848 4017 1146 4084 spiritalem
1180 4027 1358 4073 autem
1390 4033 1606 4077 sensum
1631 4017 1777 4086 quod
1807 4016 2019 4081 attinet,

447 4106 778 4173 Glorilicate,
802 4107 995 4178 inquit,
1022 4126 1143 4164 eum
1180 4111 1272 4181 qui
1313 4112 1521 4165 ratione
1555 4111 1836 4180 praeditam
1866 4119 2027 4162 natu-

454 4213 566 4251 ram
611 4212 775 4267 super
815 4214 999 4253 veram
1035 4201 1408 4269 cognitionem
1447 4200 1705 4256 firmavit.
1751 4197 1807 4252 lu
1856 4195 2025 4268 835.

452 4289 763 4356 Evangeliis
805 4306 934 4345 vero
983 4301 1140 4346 terrae
1169 4294 1388 4347 nomine
1435 4291 1783 4346 rationabiles
1811 4292 2021 4344 animas

450 4379 712 4449 appellari
758 4389 813 4434 et
870 4396 1064 4450 aquam
1120 4396 1150 4435 a
1205 4383 1429 4435 Domino
1476 4382 1756 4436 scientiam
1805 4379 1934 4442 dici,
1990 4395 2021 4435 e

452 4473 663 4530 semine
703 4473 845 4543 quod
876 4474 929 4529 in
962 4485 1162 4529 terram
1192 4475 1389 4530 bonam
1423 4476 1636 4539 cecidit,
1681 4475 1891 4528 discere
1917 4484 2019 4538 est,

451 4576 508 4621 et
528 4582 594 4622 ex
619 4566 840 4622 ﬂumine
864 4583 1016 4637 aqua;
1045 4568 1175 4621 vivae
1198 4570 1263 4621 de
1293 4576 1480 4622 ventre
1511 4567 1781 4622 credentis
1802 4567 2019 4621 fluente.

453 4658 681 4729 Reliqua
717 4659 880 4713 etiam
920 4659 1078 4727 hujus
1107 4659 1300 4728 psalmi
1344 4658 1473 4712 huic
1517 4658 1770 4712 secundat
1799 4655 2019 4725 exposi-

456 4750 584 4804 tioni
634 4752 980 4806 conveniunt.
1027 4750 1179 4806 Luna
1229 4759 1283 4805 et
1322 4750 1489 4803 stellae
1530 4749 1841 4804 illuminant
1882 4748 2023 4803 hanc

456 4852 655 4898 terram
686 4859 804 4913 qua;
852 4845 906 4898 in
941 4843 1245 4915 ignorantia
1270 4842 1446 4897 adhuc
1479 4849 1657 4896 manet
1693 4849 1748 4895 et
1785 4840 2019 4895 nondum

456 4944 631 5003 potest
658 4951 685 4988 a
715 4935 828 4991 sole
848 4936 1071 5005 iustitia:
1100 4935 1430 5002 illuminari;
1462 4942 1515 4988 et
1545 4947 1735 4988 rursus
1759 4932 2025 5003 IEgyptus

457 5024 778 5096 intelligitur
806 5026 1110 5096 symbolum
1137 5042 1258 5082 esse
1303 5025 1521 5080 malitiae
1559 5023 1886 5093 spiritalium
1912 5023 2025 5093 pri-

458 5119 850 5186 mogenitorum
894 5119 986 5190 qui
1017 5118 1290 5175 interfecti
1327 5128 1453 5173 sunt
1479 5156 1494 5181 ,
1529 5126 1585 5169 et
1617 5115 1882 5185 supplicio
1908 5114 2027 5169 alii»

453 5210 594 5263 citur
624 5209 837 5264 Pharao
882 5210 1225 5280 spiritalibus
1276 5211 1432 5279 aquis
1483 5207 1804 5270 suffocatus,
1860 5214 2023 5276 atque

461 5297 623 5355 Israel
651 5301 919 5370 esuriens,
952 5302 1146 5357 sitiens
1169 5310 1225 5356 et
1252 5309 1512 5362 tentatus,
1538 5300 1590 5353 in
1621 5313 1686 5354 eo
1709 5299 1852 5368 quod
1882 5299 2022 5353 acti-

458 5402 533 5445 va:
564 5391 686 5447 vitae
712 5402 872 5462 typus
902 5402 1011 5457 est,
1062 5394 1276 5448 deserto
1323 5391 1582 5452 ambulat,
1635 5389 1903 5446 festinans
1953 5389 2021 5444 ad

526 5484 572 5515 ³⁸
595 5483 740 5541 Psal.
774 5502 961 5550 LXXXI,
988 5487 1042 5541 6.

523 5603 636 5673 ('56)
671 5607 814 5671 Θεὸς
838 5605 1008 5672 θεῶν,
1043 5616 1151 5661 etc.
1180 5607 1379 5662 Catena
1412 5606 1681 5668 Corderii.

523 5674 635 5749 (57)
669 5679 989 5732 Δείκνυσιν
1015 5678 1222 5743 αὐτόν,
1258 5689 1365 5734 etc.
1405 5677 1623 5737 Eadem.

2116 3207 2169 3243 τ.
2200 3190 2247 3243 ὲ.
2279 3190 2341 3242 Et
2368 3190 2462 3243 τοῦ
2493 3189 2683 3251 ὕδατός
2705 3187 2816 3258 (58)
2846 3188 2960 3240 ἐστι
3001 3186 3158 3257 βάσις
3196 3189 3229 3258 ή
3258 3187 3329 3258 γῆ
3349 3226 3364 3249 ,
3398 3187 3519 3250 πῶς
3558 3188 3591 3257 ή
3619 3186 3691 3256 γῆ

2117 3279 2211 3331 ἐπὶ
2266 3275 2374 3333 τῶν
2432 3278 2636 3332 ὑδάτων
2687 3276 3051 3346 ὲστερέωται;
3090 3275 3215 3340 Πῶς
3256 3276 3316 3329 δὲ
3360 3275 3457 3329 καὶ
3504 3276 3534 3328 ὁ
3576 3275 3692 3328 Ἰὼϐ

2117 3371 2369 3442 ἀληθεύει
2406 3370 2579 3440 λέγων
2601 3413 2617 3438 ,
2662 3370 2761 3423 (Ὀ
2811 3367 3094 3441 κρεμάσας
3130 3368 3230 3440 τὴν
3271 3368 3377 3439 γῆν
3414 3370 3503 3422 ἐπ’
3538 3370 3697 3424 οὐδε-

2118 3462 2246 3528 νός;
2286 3481 2304 3513 ι
2348 3462 2458 3517 Καὶ
2498 3463 2708 3533 μήποτε
2742 3462 2776 3532 ἡ
2816 3460 2913 3530 μὲν
2948 3459 3205 3513 ὑποκάτω
3228 3458 3299 3529 γῆ
3324 3460 3423 3531 τῆς
3457 3459 3693 3515 ἀϐύσσου

2119 3554 2390 3625 κρέμαται
2428 3553 2513 3605 ἐπ’
2540 3552 2781 3617 οὐδενὸς,
2821 3554 2854 3622 ἡ
2893 3552 2951 3605 δὲ
2985 3553 3168 3607 ἐπάνω
3204 3550 3278 3621 γῆ
3313 3550 3416 3620 τῆς
3452 3551 3690 3604 ἀϐύσσου

2120 3648 2204 3717 ἐφ’
2232 3644 2298 3718 ἧς
2323 3649 2416 3701 καὶ
2442 3649 2599 3718 ἡμεῖς
2632 3645 2994 3717 κατοικοῦμεν
3022 3646 3117 3699 ἐπὶ
3141 3646 3241 3718 τῆς
3271 3644 3512 3701 ἀϐύσσου
3540 3649 3694 3700 ἐστε-

2122 3739 2296 3811 ρεώθη
2323 3759 2334 3771 ο
2361 3739 2436 3804 ὡς
2458 3734 2595 3791 εἶναι
2624 3736 2719 3808 τὴν
2746 3735 2978 3791 ἄϐυσσον
3006 3737 3063 3789 ὲν
3096 3735 3247 3807 μέσῳ
3270 3736 3369 3806 τῆς
3386 3735 3491 3805 γῆς
3512 3753 3693 3807 περιε-

2121 3831 2358 3902 χομένην
2388 3829 2464 3895 ὡς
2502 3832 2558 3882 ὲν
2585 3829 2809 3899 ἀγγείῳ.
2838 3830 2948 3882 Καὶ
2966 3827 3137 3882 ταῦτα
3168 3828 3265 3899 μὲν
3288 3827 3341 3880 εἰ
3358 3844 3442 3893 τις
3457 3827 3692 3898 βούλοιτο

2119 3928 2185 3996 τῇ
2219 3926 2430 3997 ἱστορίᾳ
2464 3923 2955 3994 συναγωνίζεσθαι’
2986 3922 3121 3995 πρὸς
3166 3922 3223 3975 δὲ
3249 3921 3513 3985 διάνοιαν,
3543 3921 3693 3985 A059-

2121 4016 2406 4089 λογήσατε,
2445 4017 2596 4088 φησὶ,
2631 4017 2722 4069 τὸν
2765 4013 3139 4086 περεώσαντα
3171 4013 3269 4086 τὴν
3301 4015 3461 4083 φύσιν
3488 4014 3589 4086 τὴν
3611 4014 3693 4066 λο-

2122 4110 2283 4181 γικὴν
2311 4111 2402 4164 ἐπὶ
2429 4111 2527 4181 τῆς
2553 4108 2785 4179 ἀληθοῦς
2812 4106 3084 4176 γνώσεως.
3121 4109 3240 4161 ’Ὁτι
3270 4107 3326 4159 δὲ
3358 4108 3414 4160 ὲν
3446 4110 3559 4169 τοῖς
3592 4107 3689 4159 Εὐ·-

2120 4204 2392 4274 αγγελίοις
2424 4206 2452 4257 ό
2477 4206 2679 4277 Κύριος
2700 4205 2805 4275 γῆν
2831 4204 2979 4273 λέγει
3004 4203 3103 4266 τὰς
3134 4202 3356 4271 λογικὰς
3378 4203 3578 4274 ψυχὰς,
3602 4205 3691 4258 καὶ

2124 4297 2265 4370 ὕδωρ
2296 4297 2393 4368 τὴν
2414 4296 2636 4366 γνῶσιν,
2666 4299 2729 4351 ὲκ
2756 4296 2847 4350 τοῦ
2871 4297 3072 4368 σπόρου
3095 4296 3189 4349 τοῦ
3216 4296 3470 4359 πεσόντος
3492 4298 3573 4359 εἰς
3599 4296 3690 4366 τὴν

2123 4391 2225 4462 γῆν
2249 4389 2346 4461 τὴν
2373 4387 2543 4457 καλὴν
2573 4387 2683 4443 ἔστι
2716 4389 3054 4460 καταμαθεῖν
3072 4430 3087 4453 ,
3122 4390 3215 4443 καὶ
3244 4390 3309 4442 ὲκ
3348 4389 3443 4443 τοῦ
3486 4390 3692 4459 ῥέοντος

2131 4480 2374 4552 ποταμοῦ
2407 4481 2508 4551 τῆς
2539 4480 2744 4544 κοιλίας
2773 4480 2866 4534 τοῦ
2893 4482 3314 4544 πεπιστευκότος
3347 4480 3538 4543 ὕδατος
3563 4479 3689 4544 ζῶν-

2127 4590 2238 4637 τος.
2264 4575 2373 4628 Καὶ
2397 4574 2467 4627 τὰ
2490 4573 2618 4644 ἑξῆς
2648 4574 2703 4626 δὲ
2734 4573 2827 4627 τοῦ
2851 4574 3067 4644 ψαλμοῦ
3091 4573 3369 4627 ἀκολουθεῖ
3388 4576 3451 4643 τῇ
3474 4572 3691 4642 δευτέρᾳ

2131 4673 2406 4745 ἐξηγήσει.
2451 4675 2515 4728 Ἦ
2554 4676 2748 4746 σελήνη
2786 4676 2880 4729 καὶ
2918 4676 3142 4746 ἀστέρες
3183 4672 3473 4743 φωτίζουσι
3498 4673 3689 4744 ταύτην

2126 4775 2228 4847 τὴν
2255 4773 2359 4843 γῆν
2390 4774 2448 4827 ὲν
2479 4775 2669 4846 ἀγνοίᾳ
2708 4775 2846 4840 τέως
2877 4774 3166 4844 διάγουσαν
3209 4774 3303 4827 καὶ
3339 4776 3505 4844 μήπω
3543 4774 3691 4827 δυνα-

2133 4875 2300 4946 μένην
2340 4876 2672 4948 φωτισθῆναι
2706 4877 2811 4930 ὑπὸ
2858 4875 2952 4930 τοῦ
2998 4876 3097 4945 τῆς
3144 4875 3490 4945 δικαιοσύνης
3526 4875 3685 4945 ἡλίου·

2126 4981 2224 5033 καὶ
2258 4979 2418 5034 πάλιν
2456 4980 2729 5051 Αἴγυπτος
2768 4980 3243 5054 καταλαμϐάνεται
3278 4979 3545 5050 σύμϐολον
3569 4975 3687 5031 οὖσα

2130 5086 2326 5150 κακίας
2357 5085 2465 5141 τῶν
2507 5086 2649 5141 κατά
2696 5087 2930 5144 διάνοιαν
2964 5083 3319 5155 πρωτοτόκων
3364 5082 3681 5152 φθαρέντων,

2128 5188 2222 5244 καὶ
2253 5187 2537 5250 κολάζεται
2568 5187 2764 5259 Φαραὼ
2790 5190 2902 5252 τοῖς
2932 5187 3317 5257 πνευματικοῖς
3348 5183 3684 5250 ἐναποπνιγό-

2133 5304 2292 5359 μενος
2344 5286 2499 5348 ὕδασι
2521 5331 2536 5355 ,
2570 5291 2663 5344 καὶ
2705 5291 2734 5343 ὀ
2770 5289 2982 5362 Ἰσραὴλ
3010 5288 3181 5341 ὁδεύει
3210 5287 3310 5359 τὴν
3338 5285 3542 5358 ἔρημον
3578 5302 3682 5337 πει-

2128 5392 2235 5446 νῶν
2261 5393 2354 5447 καὶ
2379 5392 2579 5465 διψῶν,
2611 5394 2704 5448 καὶ
2738 5391 3156 5465 πειραζόμενος,
3188 5392 3311 5462 ἥτις
3350 5391 3468 5444 ἐστὶ
3501 5389 3682 5461 σύμϐο-

1119 5487 1163 5518 ³⁷
1182 5486 1358 5541 Exod.
1391 5501 1474 5547 ιιι,
1499 5484 1555 5539 6.
1630 5486 1674 5517 ³⁸
1705 5485 1874 5542 lCor.
1909 5483 2085 5551 “11,5.
2164 5488 2208 5519 ²⁹
2235 5485 2355 5541 Job.
2377 5488 2593 5553 xxv:,7.

2197 5607 2306 5681 (38)
2338 5610 2409 5665 Et
2442 5608 2545 5666 τοῦ
2568 5607 2804 5677 ὕδατος,
2827 5615 2933 5665 etc.
2965 5604 3187 5661 Scheda:
3215 5600 3425 5658 Grahii.
