3928 6158
116 281 150 335 1
165 280 309 339 637

1177 283 1487 341 SELECTA
1523 282 1594 340 IN
1628 281 1969 339 PSALMOS.
2008 314 2081 324 —
2116 282 2310 339 PSAL.
2343 283 2626 339 CXXXVI.

3337 285 3474 342 1658

122 394 247 448 λον
285 395 424 467 τῆς
467 396 782 468 πρακτικῆς
805 437 818 462 ,
850 396 1092 452 σπεύδων
1125 398 1219 452 ἐπὶ
1242 396 1341 466 τὴν
1368 398 1473 468 γῆν
1501 397 1601 469 τῆς
1637 397 1809 465 ἑπαγ-

1937 410 2115 451 erram
2160 398 2619 467 repromissionis,
2663 412 2785 468 quae
2832 397 3035 454 dicitur
3073 413 3196 456 esse
3240 372 3477 475 cognitio

127 488 411 556 γελίας,
452 492 530 561 ἥν
558 507 717 559 φασιν
753 487 893 545 εἶναι
925 492 1023 563 τὴν
1054 490 1254 559 γνῶσιν
1281 489 1374 544 τοῦ
1403 488 1557 543 Θεοῦ.

225 580 377 633 Καὶ
430 580 820 645 ὲκτινάξαντι
858 579 1067 650 Φαραὼ
1091 621 1105 645 ,
1134 582 1233 636 καὶ
1266 581 1382 650 τὴν
1405 580 1662 649 δύναμιν
1696 579 1805 633 αὐ-

132 670 280 725 τοῦ
328 674 449 739 εις
499 672 818 727 θάλασσαν
845 673 1167 742 Ἐρυθρὰν,
1210 691 1267 727 κ.
1316 690 1369 727 τ.
1421 674 1469 726 ὲ.
1504 670 1614 744 Τὴν
1651 672 1809 725 εὐκο-

140 759 299 814 λίαν
343 763 489 837 (59)
521 764 612 818 τοῦ
639 761 1078 835 καταποντισμοῦ
1112 763 1429 835 βουλόμενος
1453 761 1711 833 δηλῶσαι,
1739 764 1804 832 τῇ

141 852 330 921 λέξει
364 859 566 931 ταύτῃ
596 859 886 931 ἐχρήσατο.
920 859 1183 910 Κοινωνεῖ
1205 855 1261 909 δὲ
1304 856 1398 909 καί
1425 856 1486 908 τὸ
1517 854 1810 927 στρατόπε-

148 945 265 1000 δον
310 948 438 1019 τῆς
474 949 744 1022 τιμωρίας
767 950 863 1004 καὶ
884 947 1192 1012 κολάζεται·
1218 948 1403 1021 ἐπειδὴ
1427 947 1535 1001 τῶν
1558 949 1811 1020 ἁμαρτηο

158 1039 399 1111 μάτων
440 1042 557 1095 τῶν
589 1043 718 1114 περί
766 1044 893 1106 τοὺς
932 1041 1216 1104 Ἰουδαίους
1262 1039 1623 1112 ἐκοινώνησαν
1647 1078 1663 1104 ,
1715 1039 1810 1093 καὶ

158 1132 287 1203 τῆς
328 1132 595 1202 διώξεως
631 1134 915 1206 μετέσχον.

254 1226 413 1279 ’Ὁτι
470 1228 541 1280 ἐν
583 1224 660 1296 τῇ
692 1225 1044 1279 ταπεινώσει
1087 1223 1256 1294 ἡμῶν
1295 1222 1567 1294 ἐμνήσθη
1606 1221 1807 1292 ἡμῶν,

169 1336 243 1375 κ.
281 1337 348 1374 τ.
386 1321 447 1374 ἑ.
486 1321 653 1374 Ὅταν
684 1320 778 1390 μὲν
804 1317 913 1390 (40)
945 1318 1021 1382 ὡς
1045 1317 1367 1389 ἀκαθάρτων
1405 1315 1563 1388 ἡμῶν
1598 1331 1810 1387 μνημο-

171 1411 356 1467 νεύει
390 1411 564 1485 ήμῶν
587 1414 615 1466 ὀ
646 1411 869 1483 Κύριος,
899 1411 1038 1465 κατὰ
1069 1410 1168 1482 τὴν
1206 1409 1446 1462 ἐπίνοιαν
1476 1406 1578 1476 τῆς
1608 1405 1811 1458 δικαιο-

176 1505 384 1578 σύνης
413 1506 581 1576 ἡμῶν
610 1503 933 1576 μνημονεύει
951 1520 967 1536 ο
1002 1504 1129 1557 ὅταν
1160 1503 1216 1556 δὲ
1247 1501 1407 1555 πάλιν
1435 1500 1511 1564 ὡς
1533 1497 1810 1570 καθαρῶν,

175 1596 357 1652 κατὰ
402 1598 513 1670 τὴν
551 1598 793 1651 ἐπίνοιαν
836 1595 937 1666 τῆς
966 1595 1188 1665 σοφίας*
1237 1593 1374 1666 πλὴν
1404 1591 1563 1647 τοῦτο
1603 1591 1811 1657 ἰστέον,

1906 486 2023 543 Dei.

1977 575 2143 632 Vens.
2169 577 2258 634 45.
2292 577 2362 632 Et
2400 579 2630 632 excussit
2654 577 2991 635 Pharaonem
3013 590 3060 637 et
3093 583 3331 641 virtutem
3362 588 3479 658 ejus

1906 666 1962 720 in
1992 667 2130 720 mari
2163 665 2364 734 Rubro,
2394 677 2499 722 etc.
2533 667 2705 734 Quam
2728 668 2887 723 facile
2912 672 3027 727 [nec
3051 673 3322 732 demersio
3337 676 3479 734 facta

1909 757 2002 823 sit,
2038 758 2229 813 volens
2258 760 2553 813 ostendere
2579 799 2595 823 ,
2630 761 2731 813 hac
2758 761 2998 815 dictione
3024 778 3154 818 usus
3180 776 3284 824 est.
3329 768 3481 835 Quo-

1908 850 2054 904 niam
2122 863 2251 904 vero
2317 850 2587 905 exercitus
2639 851 2854 920 injustae
2920 855 3203 909 adversum
3268 856 3483 916 Judazos

1909 942 2306 1013 persecutionis
2329 942 2605 1015 particeps
2636 953 2777 1011 erat,
2834 947 2907 1000 ita
2945 956 3001 1003 et
3041 949 3285 1020 supplicii
3316 953 3487 1023 parti-

1909 1048 2036 1103 ceps
2057 1033 2179 1088 fuit.

1982 1215 2151 1270 Vens.
2185 1215 2276 1271 εδ.
2305 1215 2444 1282 Quia
2486 1220 2540 1271 in
2582 1219 2878 1274 humilitate
2924 1230 3102 1275 nostra
3134 1237 3331 1276 memor
3383 1222 3485 1292 fuit

1912 1306 2100 1370 nostri,
2152 1315 2262 1361 etc.
2315 1308 2541 1375 Quando
2571 1311 2744 1363 nostri
2779 1319 3030 1381 tanquam
3085 1313 3488 1379 immundorum

1912 1396 2159 1451 meminit
2195 1398 2470 1466 Dominus,
2497 1403 2792 1455 secundum
2818 1402 3043 1469 iustitia:
3070 1420 3181 1460 sua:
3210 1405 3488 1459 notionem

1912 1491 2090 1545 nostri
2156 1494 2437 1557 meminit;
2485 1495 2706 1564 quando
2763 1506 2942 1549 autem
3001 1498 3169 1552 nostri
3234 1508 3520 1567 tauquam.

1917 1582 2245 1638 mundorum
2277 1586 2562 1650 meminit,
2614 1586 2911 1641 secundum
2940 1590 3218 1659 sapientiae
3246 1606 3356 1645 suae
3392 1606 3491 1644 no-

180 1689 415 1761 ὅτιπερ
462 1684 622 1743 αὗται
656 1689 712 1742 αἱ
759 1688 990 1742 ἐπίνοιαι
1042 1684 1184 1741 κατὰ
1223 1685 1324 1757 τῆς
1362 1683 1470 1737 τῶν
1514 1681 1813 1753 γεγονότων

1943 1674 2121 1729 ionem
2158 1676 2329 1731 nostri
2377 1678 2672 1734 meminit:
2705 1690 3079 1736 verumtamen
3125 1681 3267 1735 istud
3315 1682 3493 1735 scien-

184 1747 467 1851 θεωρίας
514 1777 963 1851 κατηγοροῦνται,
1008 1778 1129 1850 ἥτις
1172 1776 1249 1841 ὡς
1281 1747 1618 1847 ’δημιουργὸν
1651 1771 1815 1845 παρί-

1937 1766 2043 1819 lum
2074 1769 2296 1831 est,ltas
2322 1769 2575 1827 notiones
2609 1775 2893 1844 praedicari
2917 1776 2982 1830 de
3011 1791 3191 1830 rerum
3223 1776 3490 1830 factarum

160 1916 165 1923 .
191 1887 381 1944 στησι
420 1870 519 1925 τὸν
544 1869 797 1943 Χριστόν.

288 2051 366 2104 Ὃ
407 2050 622 2117 διδοὺς
662 2050 893 2121 τροφὴν
914 2050 1080 2121 πάσῃ
1105 2048 1307 2119 σαρκὶ,
1331 2067 1385 2103 κ.
1413 2065 1464 2102 τ.
1501 2047 1549 2100 ὲ.
1592 2044 1656 2098 Ἦ
1689 2060 1815 2117 τρε-

195 2145 446 2217 φομένη
480 2144 590 2217 (41)
636 2144 772 2219 σὰρξ
819 2145 970 2218 παρὰ
1018 2144 1113 2198 τοῦ
1144 2142 1313 2210 Θεοῦ,
1356 2140 1497 2213 αὕτη
1533 2139 1724 2211 ὄψεται
1759 2135 1821 2189 τὺ

202 2240 508 2313 σωτήριον
537 2237 629 2292 τοῦ
659 2236 817 2293 Θεοῦ.

773 2417 1066 2472 “mox
1103 2417 1295 2486 ΡΑςν.

306 2509 460 2568 Ἐπὶ
488 2510 611 2564 τῶν
653 2508 935 2578 ποταμῶν
982 2508 1338 2573 Βαϐυλῶνος
1375 2504 1507 2560 ἐκεῖ
1540 2504 1825 2560 ἐκαθίσα-

208 2621 340 2678 μεν
372 2602 482 2658 καὶ
519 2602 903 2670 ἐκλαύσαμεν
924 2600 995 2653 ἐν
1026 2599 1107 2665 τῷ
1128 2596 1478 2669 μνησθῆναι
1514 2592 1675 2664 ἡμᾶς
1713 2592 1826 2662 τῆς

216 2695 414 2759 Σιὼν,
452 2710 506 2746 κ.
532 2710 586 2746 τ.
614 2693 660 2747 ὲ.
702 2691 875 2754 Πολὺς
916 2693 944 2744 ὁ
984 2690 1145 2754 πόθος
1175 2689 1285 2761 (42)
1312 2691 1424 2752 τοῖς
1465 2686 1693 2759 ἀνδράσι
1726 2686 1826 2756 τῆς

216 2788 473 2850 πόλεως.
515 2785 672 2849 Τίνος
713 2785 770 2838 δὲ
812 2784 976 2839 ἓνεκα
1023 2782 1185 2855 παρὰ
1212 2783 1340 2846 τοὺς
1372 2779 1653 2850 ποταμοὺς
1694 2776 1825 2830 ὲκά-

222 2883 402 2953 θηντο
442 2895 458 2943 ;
500 2878 620 2931 Ὅτι
644 2916 659 2936 .
687 2877 1020 2948 αἰχμάλωτοι
1050 2876 1202 2939 ὄντες
1231 2875 1326 2928 καὶ
1351 2873 1416 2926 ὲκ
1445 2869 1709 2942 πολεμίας
1745 2868 1825 2922 είο

1918 1860 2379 1929 contemplatione
2435 1878 2556 1933 quae
2629 1873 2883 1934 tanquam
2952 1868 3202 1938 cpiticcm
3273 1868 3494 1924 exhibet

1920 1951 2222 2008 Christum.

1991 2044 2156 2103 Vens.
2181 2046 2275 2103 25.
2316 2046 2421 2112 Qui
2462 2048 2556 2102 dat
2583 2066 2752 2103 escam
2785 2052 2927 2104 omni
2976 2052 3149 2115 carui,
3189 2062 3297 2107 etc.
3354 2050 3497 2108 Caro

1925 2150 2046 2207 quae
2072 2152 2102 2192 a
2138 2136 2250 2193 Deo
2278 2139 2536 2203 nutritur,
2564 2141 2768 2194 videbit
2799 2142 3034 2196 salutare
3079 2143 3194 2197 Dei.

2387 2407 2510 2464 PSA
2520 2407 2609 2461 LM
2619 2405 2706 2462 US
2756 2408 3040 2465 CXXXVI.

1996 2499 2163 2555 Vens.
2203 2501 2258 2554 1.
2290 2499 2460 2567 Super
2479 2504 2702 2570 [Iuntina
2738 2500 3024 2572 Babylonis
3047 2503 3160 2556 illic
3187 2504 3418 2559 sedimus
3446 2516 3498 2560 et

1926 2592 2183 2662 ﬂeuimus,
2205 2609 2319 2645 cum
2346 2594 2746 2648 recordaremur
2769 2593 2919 2657 Sion,
2946 2606 3052 2651 etc.
3084 2595 3331 2666 Magnum
3363 2599 3493 2653 viris

1928 2683 2071 2739 inest
2106 2684 2347 2739 civitatis
2366 2686 2720 2741 desiderium.
2763 2686 2874 2741 Cur
2899 2698 3074 2743 autem
3102 2691 3255 2757 juxta
3279 2688 3496 2743 flumina

1929 2776 2331 2831 consederunt?
2359 2777 2495 2843 Quia
2532 2795 2653 2834 cum
2685 2788 2870 2834 essent
2907 2781 3103 2849 captivi
3135 2792 3189 2834 et
3221 2798 3284 2837 ex
3317 2783 3497 2837 hostili

1929 2874 2156 2941 regione
2187 2874 2504 2943 ‘assumpli,
2550 2885 2706 2929 extra
2754 2888 2936 2929 muros
2977 2882 3032 2929 et
3079 2873 3242 2929 urbes
3282 2875 3500 2930 habita-

221 2970 513 3043 λημμένοι
561 2966 781 3040 χώρας,
840 2967 946 3036 ἔξω
993 2966 1189 3038 τειχῶν
1258 2965 1353 3019 κειιί⁸
1405 2962 1612 3017 πόλεων
1665 2958 1825 3032 ηὑλί-
1849 2979 1894 3037 C
1928 2964 2078 3019 bam.

228 3063 420 3131 ζοντο.

317 3159 461 3214 Ἐπὶ
505 3157 636 3224 ταῖς
674 3153 852 3220 ἰτέαις
892 3152 963 3219 ἐν
991 3150 1156 3222 μέσῳ
1200 3149 1390 3219 αὐτῆς
1416 3146 1829 3218 ἐκρεμάσαμεν

229 3253 312 3308 τὰ
352 3253 582 3321 ὄργανα
614 3248 816 3318 ἡμῶν,
848 3264 902 3301 κ.
934 3264 985 3299 τ.
1024 3246 1071 3299 ὲ.
1101 3246 1260 3297 Ὅσαι
1288 3242 1457 3314 ψυχαὶ
1485 3242 1594 3313 (45)
1624 3240 1829 3310 κάθην-

229 3362 328 3400 ται
357 3348 420 3399 ὲν
453 3345 579 3415 σκιᾷ
605 3343 699 3397 καὶ
739 3339 981 3410 ἀγνωσία
1002 3376 1016 3401 ,
1046 3336 1216 3390 ἰστέον
1260 3336 1341 3389 ὅτι
1391 3335 1549 3403 λόγον
1577 3334 1827 3402 ἄκαρπον

235 3437 453 3510 ἔχουσι,
488 3436 557 3490 τὰ
592 3435 798 3506 ὄργανα
843 3430 1188 3503 κρεμάσασαι
1228 3427 1299 3481 τά
1352 3424 1704 3479 συντελοῦντα
1747 3425 1829 3488 εἰς

234 3529 342 3600 τὴν
379 3526 712 3598 πρακτικήν.

318 3620 454 3673 Ὅτι
475 3616 602 3671 ἐκεῖ
618 3614 1015 3683 ἐπηρώτησαν
1042 3608 1200 3678 ἡμᾶς
1224 3610 1280 3662 οἱ
1304 3606 1828 3676 αἱχμαλωτεύσαν-

242 3728 347 3778 τες
373 3707 534 3779 ἡμᾶς
557 3708 777 3775 λόγους
800 3702 986 3770 ᾠδῶν,
1011 3701 1108 3756 καὶ
1134 3702 1187 3753 οἰ
1207 3700 1613 3769 ἀπαγαγόντες
1635 3696 1792 3766 ἡμᾶς
1810 3713 1825 3727 ·

252 3801 472 3871 Ὑμνον
491 3800 678 3869 dicate
716 3796 859 3866 ἡμῖν
899 3794 968 3848 ἐκ
1017 3791 1137 3847 τῶν
1171 3790 1341 3856 ᾠδῶν
1383 3789 1563 3855 Σιὼν,
1607 3808 1662 3845 κ.
1697 3808 1747 3844 τ.
1778 3791 1825 3844 ἑ.

250 3895 471 3964 Ἐγνων
517 3890 627 3960 ἐγὼ
689 3889 799 3957 (44)
850 3886 945 3940 ml.
987 3884 1246 3955 δαίμονας
1280 3881 1605 3951 ἀναγκάζειν
1653 3881 1831 3953 λέγειν

246 3984 502 4057 ψαλμοὺς
530 3982 624 4036 καὶ
643 3979 786 4051 ᾠδὰς
805 3973 1179 4048 πνευματικὰς
1204 3974 1261 4026 ὲν
1287 3968 1375 4037 αἷς
1398 3971 1513 4027 ὲστί
1534 3990 1618 4037 τις
1643 3972 1830 4046 ἐντολὴ

249 4077 319 4149 ῆν
349 4075 689 4148 παρέϐημεν,
724 4071 798 4134 ὡς
842 4069 907 4123 ἂν
948 4066 1234 4130 ἀκούοντες
1269 4065 1639 4135 καταγελῶσιν
1676 4063 1832 4137 ἡμῶν

254 4170 333 4234 ὡς
362 4168 629 4238 λεγόντων
655 4166 750 4219 καὶ
784 4163 858 4236 μὴ
887 4159 1202 4214 ποιούντων.

1996 3143 2165 3197 Vens.
2198 3140 2254 3195 2.
2312 3140 2381 3196 In
2420 3140 2670 3196 salicibus
2696 3143 2749 3196 in
2778 3143 2947 3196 medio
2989 3143 3103 3211 ejus
3136 3144 3501 3213 suspendimm

1927 3252 2126 3305 organa
2177 3243 2378 3298 nostra,
2430 3243 2537 3289 etc.
2584 3233 2928 3303 Quatcunque
2965 3236 3158 3289 anima:
3209 3237 3398 3291 sedent
3447 3237 3498 3290 in

1928 3329 2121 3383 umbra
2169 3336 2225 3383 et
2281 3329 2617 3399 ignorantia,
2674 3327 2951 3383 sciendum
2969 3338 3070 3388 .est
3103 3342 3197 3383 eas
3229 3330 3496 3383 rationem

1929 3421 2131 3477 habere
2160 3421 2419 3486 sterilem,
2454 3422 2730 3492 suspensis
2751 3423 2975 3493 organis
3001 3436 3123 3492 qua:
3148 3423 3340 3477 activae
3380 3423 3504 3477 vita:

1929 3513 2250 3570 inserviunt.

1999 3602 2165 3658 Vens.
2199 3605 2252 3659 5.
2281 3604 2421 3670 Quia
2446 3604 2554 3658 illic
2585 3606 3043 3675 interrogaverunt
3073 3623 3188 3670 nos,
3216 3607 3307 3677 qui
3334 3608 3502 3675 capti-

1928 3711 2017 3750 nos
2052 3696 2314 3749 duxerunt
2363 3713 2480 3760 nos,
2535 3697 2689 3750 verba
2736 3699 3079 3761 cantionum;
3125 3706 3174 3749 et
3216 3699 3306 3766 qui
3337 3697 3500 3769 835

1930 3788 2264 3842 abduxerunt
2298 3806 2393 3844 nos
2415 3805 2435 3843 :
2471 3786 2735 3856 Hymnum
2753 3798 2962 3842 cantate
2990 3788 3137 3841 nobis
3172 3788 3235 3841 de
3283 3792 3502 3843 canticis

1931 3879 2083 3947 Sion,
2132 3889 2239 3937 etc.
2273 3881 2406 3937 Novi
2447 3896 2546 3951 ego
2577 3882 2740 3936 etiam
2771 3895 2868 3934 nos
2903 3880 3043 3949 adigi
3095 3894 3124 3932 a
3171 3879 3504 3935 daemonibus

1932 3975 1999 4029 ad
2030 3974 2339 4029 recitandos
2372 3974 2612 4044 psalmos
2643 3982 2700 4026 et
2746 3974 2957 4027 cantica
2997 3970 3265 4041 spiritalia
3301 3971 3355 4025 in
3383 3973 3504 4041 qni-

1931 4067 2035 4123 bus
2057 4078 2141 4122 cst
2168 4078 2491 4138 praeceptum
2523 4069 2740 4138 aliquod
2761 4069 2902 4138 quod
2932 4069 3256 4138 transgressi
3293 4084 3501 4135 sumus,

1933 4171 1993 4213 ut
2053 4159 2335 4215 audientes
2385 4160 2651 4215 irrideant
2702 4175 2803 4215 nos
2850 4160 2940 4229 qui
3000 4160 3232 4215 dicimus
3284 4170 3339 4216 et
3396 4177 3504 4215 non

1934 4250 2182 4307 facimus.

326 4342 663 4409 Μνήσθητι,
688 4338 893 4407 Κύριε,
921 4335 1040 4390 τῶν
1062 4333 1208 4388 υἱῶν
1244 4329 1427 4400 Ἐδὼμ
1456 4328 1571 4398 τὴν
1602 4329 1828 4398 ἡμέραν

2009 4344 2170 4399 Vens.
2195 4347 2246 4400 7.
2270 4345 2469 4400 Memor
2483 4354 2614 4409 esto,
2641 4344 2879 4408 Domine,
2902 4343 3131 4413 ﬁliorum
3154 4341 3321 4396 Edam
3347 4344 3400 4397 in
3423 4343 3507 4396 die

267 4432 667 4504 Ἰερουσαλὴμ
682 4471 699 4497 ,
734 4429 852 4484 τῶν
878 4426 1177 4495 λεγόντων
1198 4439 1211 4451 '
1260 4421 1612 4476 Ἐκκενοῦτε
1629 4459 1644 4484 ,
1666 4421 1832 4473 ἐκκε-

257 4529 463 4593 νοῦτε,
499 4527 608 4592 ἕως
640 4524 760 4578 τῶν
800 4519 1088 4592 aspellam
1143 4514 1373 4585 αὐτῆς,
1435 4532 1492 4572 κ.
1544 4533 1599 4570 τ.
1655 4516 1703 4569 ὲ.
1759 4513 1833 4568 Τὸ

268 4642 288 4677 ι
329 4619 641 4676 Ἐκκενοῦτε
675 4614 787 4688 (45)
809 4655 825 4681 ,
871 4613 1154 4668 ὲκκενοῦτε
1172 4649 1188 4674 ,
1228 4611 1333 4674 ἓως
1357 4602 1418 4663 οῦ
1444 4612 1473 4664 ὁ
1499 4609 1745 4679 θεμέλιος
1774 4609 1833 4661 ὲν

262 4719 401 4789 αὐτῇ
430 4755 446 4780 ,
488 4734 507 4767 ι
560 4713 638 4777 ὡς
676 4710 826 4783 παρὰ
864 4709 973 4763 τῶν
1006 4707 1214 4780 ἐχθρῶν
1251 4706 1539 4777 λεγόμενον
1561 4704 1829 4758 τέθειται·

264 4808 414 4880 δηλοῖ
440 4804 499 4858 δὲ
527 4804 652 4866 τοὺς
694 4794 1020 4862 παλαίοντας
1047 4799 1176 4869 ἡμῖν
1206 4794 1577 4867 πειρωμένους
1604 4792 1711 4847 τῶν
1739 4812 1838 4863 φυ-

268 4897 433 4957 σικῶν
464 4896 563 4966 τῆς
607 4892 808 4963 ἀρετῆς
836 4889 1096 4944 ἅπτεσθαι
1141 4888 1502 4960 σπερμάτωνο
1534 4887 1678 4959 ἅπερ
1712 4905 1838 4959 τρο-

269 4987 444 5050 πικῶς
474 4983 723 5054 ὠνόμασε
755 4980 1018 5051 θεμέλιον,
1052 4981 1147 5032 ἀπ’
1171 4979 1345 5051 ἀρχῆς
1371 4977 1671 5049 καταϐεϐλη
1681 4977 1839 5048 μένον

271 5083 328 5135 ὲν
364 5075 500 5147 αὐτῇ
540 5076 606 5145 τῇ
637 5073 781 5144 ψυχῇ
810 5109 826 5136 ,
857 5069 1097 5140 δηλονότι
1136 5069 1225 5122 ἴνα
1259 5068 1600 5122 παντάπασιν
1642 5071 1670 5123 ὁ
1694 5067 1837 5132 νοῦς,

270 5172 517 5230 ἐκπεσὼν
557 5169 777 5241 ἀρετῆς,
827 5163 970 5220 κατὰ
1008 5163 1107 5234 τὴν
1151 5166 1444 5235 παροιμίαν
1493 5166 1838 5236 περιπατήσῃ

272 5262 615 5336 γυμνὼτερος
630 5258 854 5330 ὑπέρου,
877 5254 952 5328 μὴ
974 5253 1326 5325 ἐνδυσάμενος
1342 5255 1433 5309 τὸν
1453 5255 1684 5327 Χριστὸν
1707 5253 1841 5325 μηδὲ

273 5355 407 5426 ἔχων
433 5352 636 5424 ἔνδυμα
660 5351 860 5423 γάμου.

342 5538 457 5669 (⁸59)
494 5539 614 5631 Τὴν
643 5538 951 5602 εὐκολίαν,
979 5545 1083 5592 etc.
1119 5536 1318 5593 Catena
1344 5533 1610 5618 corderii.

366 5610 460 5669 40)
515 5614 671 5664 Οταν
691 5609 824 5669 μέν,
859 5619 964 5663 etc.
1005 5605 1233 5662 Schedat
1265 5605 1471 5662 Grabn.

496 5605 671 5700 ’ξςζταν
689 5609 833 5700 μένἒ
859 5619 964 5663 etc.
1005 5605 1233 5700 Schgda}
1265 5605 1471 5662 Grabii.

347 5674 461 5821 (41)
504 5674 932 5749 Ἠτρεςρομένη,
972 5686 1077 5733 etc.
1108 5677 1338 5731 Eaedem.

368 5750 461 5821 42’.)
491 5751 690 5817 Πολὺς
722 5752 755 5804 ό
782 5749 988 5817 πόθος,
1019 5755 1123 5806 ctc.
1156 5746 1356 5805 Catena
1390 5745 1652 5805 Corderii.

1935 4438 2256 4503 Jerusalem,
2287 4440 2376 4509 qui
2406 4438 2947 4504 dicunt,Ea:inanite,
2988 4436 3258 4489 eainanize
3284 4475 3298 4499 ,
3345 4452 3507 4502 usque

1937 4531 2005 4584 ad
2031 4530 2434 4599 fundamentum
2463 4531 2514 4583 in
2538 4546 2621 4592 ea,
2656 4538 2762 4584 etc.
2796 4526 2953 4591 Illud,
3007 4545 3026 4578 ι
3055 4528 3362 4591 Exinanile,
3391 4529 3508 4581 exi-

1936 4622 2119 4677 nanite
2152 4635 2322 4691 usque
2343 4621 2410 4674 ad
2445 4620 2856 4674 fundamentum
2889 4618 2940 4672 in
2968 4632 3056 4682 ea,
3077 4637 3095 4669 ι
3148 4628 3405 4686 tauquam
3437 4619 3506 4672 ab

1939 4712 2179 4769 inimicis
2236 4713 2438 4766 dictum
2490 4711 3020 4782 poniturzostendit
3075 4724 3203 4764 vero
3261 4724 3354 4763 eos
3412 4708 3506 4779 qui

1942 4805 2098 4859 nobis
2131 4804 2505 4867 adversantur,
2531 4804 2797 4857 naturalia
2819 4803 3034 4857 virtut-is
3054 4803 3263 4857 semina
3288 4811 3507 4871 tangere

1940 4892 2162 4957 conari;
2221 4907 2342 4962 quae
2384 4893 2601 4960 quidem
2667 4895 2874 4947 semina
2934 4893 3138 4962 tropice
3208 4892 3509 4947 nominavit

1939 4982 2374 5051 fundamentum,
2435 4986 2505 5040 ab
2560 4984 2715 5039 initio
2765 4985 2820 5040 in
2884 4985 3000 5055 ipsa
3052 4984 3232 5039 anima
3275 4984 3508 5053 jactum,

1939 5076 2200 5132 videlicet
2234 5085 2295 5130 ut
2334 5092 2489 5139 mens
2510 5093 2539 5130 a
2570 5076 2774 5131 virtute
2803 5078 3060 5132 excidens
3099 5076 3254 5146 juxta
3282 5084 3505 5146 pr'over-

1941 5167 2087 5223 bium
2136 5168 2374 5223 ambulet
2420 5168 2616 5223 nndior
2677 5169 2911 5238 pistillo,
2976 5170 3172 5237 quippe
3224 5183 3344 5236 qua:
3398 5182 3506 5222 non

1940 5259 2180 5315 induerit
2213 5259 2624 5325 Christum,nec
2654 5260 2852 5316 habeat
2880 5272 3085 5316 vestem
3116 5257 3432 5328 nuptialem.

2010 5535 2125 5608 (45)
2149 5536 2326 5590 Ὅσαι
2351 5533 2565 5608 ψυχαί,
2601 5529 2964 5608 etc._Scl_ted:e
2998 5528 3210 5585 Grabii.

2155 5608 2386 5678 Ἔγνων
2405 5605 2537 5678 ἐγώ)
2572 5614 2679 5658 etc.
2708 5603 2938 5678 Eallan.

2153 5669 2619 5746 Td,‘Exxei'oﬁte,
2650 5682 2757 5729 etc.
2787 5669 3023 5726 Eaedem.
