3928 6158
402 171 543 228 1659

1776 173 1872 229 EX
1904 173 2207 233 ORIGENE

474 289 638 346 Vens.
703 290 760 345 9.
810 290 1006 345 Beatus
1045 293 1138 362 qui
1177 294 1365 348 tenebit
1402 302 1453 349 et
1495 293 1682 348 allidet
1733 293 1981 363 parvulos

2148 291 2451 361 Μακάριος
2478 291 2547 357 ὃς
2568 289 2851 359 κρατήσει
2876 287 2975 342 καὶ
2990 287 3228 357 ἐδαφιεῖ
3240 286 3317 341 τὰ
3341 283 3559 353 νήπιά
3581 302 3720 343 σου

402 392 521 436 tuos
557 385 626 435 ad
666 391 897 451 petram,
947 393 1057 438 etc.
1106 383 1427 454 Quicunque
1469 384 1625 454 juxta
1682 384 1982 439 doctrinam

401 472 605 526 Christi
665 472 840 525 malas
880 477 1076 528 animae
1121 474 1482 545 cogitationes
1525 475 1899 542 interﬁciunt,
1946 475 1984 529 ii

401 564 659 635 parvulos
692 565 987 639 Babylonis
1011 567 1241 624 alliduut
1263 570 1327 623 ad
1353 580 1584 639 petram.

849 837 1168 894 PSALMUS
1206 836 1539 893 CXXXVIII.

475 926 642 981 Vnus.
687 927 736 980 I.
776 928 1015 994 Domine,
1055 930 1287 994 probasti
1324 946 1402 982 me
1440 939 1485 981 et
1533 928 1821 1000 cognovisti
1863 946 1966 996 me,

407 1028 513 1075 etc.
541 1020 596 1073 In
636 1020 985 1090 sequentibus
1026 1023 1190 1076 etiam
1234 1030 1491 1090 tanquam
1520 1023 1685 1077 corde
1723 1023 1774 1077 in
1804 1033 1983 1078 tenta-

408 1110 647 1168 tionibus
679 1112 950 1180 patefacto
988 1113 1194 1168 dictum
1240 1125 1327 1168 est
1369 1113 1558 1185 (Vsus.
1592 1114 1683 1182 25)
1717 1132 1775 1170 τι
1804 1113 1981 1170 Proba

408 1219 518 1268 me,
557 1204 734 1271 Deus,
771 1211 829 1259 et
856 1204 995 1261 scito
1035 1221 1130 1261 cor
1172 1206 1623 1276 meumpquinta
1664 1222 1792 1262 vero
1815 1208 1983 1264 editio

406 1312 553 1351 nunc
585 1296 805 1367 quidem
853 1298 1050 1362 habet,
1097 1316 1115 1349 ι
1146 1307 1421 1353 scrutatus
1448 1308 1572 1363 est;
1604 1317 1623 1350 ι
1660 1298 1714 1353 in
1749 1314 1984 1367 sequen—

411 1387 553 1442 tibus
579 1404 731 1455 vero,
765 1408 783 1440 ι
813 1400 1081 1445 scrutare.
1117 1409 1136 1442 ι
1175 1391 1330 1447 Sicut
1363 1391 1507 1444 enim
1542 1406 1729 1445 aurum
1764 1392 1817 1445 in
1848 1406 1983 1447 con-

2083 386 2234 454 πρὸς
2258 384 2375 453 τὴν
2403 384 2647 451 πέτραν,
2668 400 2722 437 κ.
2753 400 2808 439 τ.
2840 383 2885 434 ἐ.
2913 382 3064 434 Ὅσοι
3087 380 3231 434 κατὰ
3258 378 3372 451 (46)
3396 378 3510 450 τὴν
3543 379 3718 433 διδα-

2084 475 2310 530 σκαλίαν
2337 475 2433 530 τοῦ
2460 473 2694 546 Χριστοῦ
2718 473 2787 527 τά
2815 470 2992 543 φαῦλα
3023 473 3276 542 νοήματα
3293 471 3709 543 διαφθείροντα

2081 566 2181 636 τῆς
2219 566 2433 637 ψυχῆς,
2478 560 2623 620 οὗτοι
2664 564 2732 619 τὰ
2769 566 2938 638 νήπια
2987 563 3310 628 Βαϐυλῶνος
3354 564 3714 637 Mirm

2084 659 2220 731 πρὸς
2244 659 2342 734 τὴν
2369 659 2595 731 πέτραν.

2621 845 2913 899 ΨΑΛΜΟΣ
2949 845 3125 901 ΡΔΗ’.

2155 937 2351 1005 Κύριε.
2379 937 2739 1006 ἐδοκίμασας
2756 956 2852 1007 με,
2876 937 2977 991 καὶ
2989 938 3176 1007 ἔγνως
3196 953 3295 1007 με,
3327 955 3385 990 κ.
3408 954 3461 990 τ.
3493 938 3551 991 ὲ.
3577 937 3701 992 Καὶ

2084 1025 2143 1078 ἐν
2174 1029 2287 1089 τοῖς
2313 1026 2425 1099 (47)
2453 1024 2578 1097 ἑξῆς
2620 1026 2678 1079 δὲ
2718 1027 2795 1090 ὡς
2834 1026 3273 1097 άναφαινομένης
3309 1026 3414 1096 τῆς
3445 1026 3693 1097 καρδίας

2084 1119 2143 1171 ἐν
2174 1120 2285 1184 τοῖς
2315 1122 2631 1192 πειρασμοῖς
2660 1119 2906 1191 εἴρηται·
2946 1137 2966 1170 ι
3003 1118 3308 1190 Δοκίμασόν
3336 1136 3431 1190 με,
3467 1122 3500 1172 6
3520 1118 3694 1181 Θεὸς,

2089 1209 2183 1263 καὶ
2214 1211 2379 1277 γνῶθι
2424 1211 2521 1282 τὴν
2552 1211 2777 1282 καρδίαν
2815 1228 2945 1281 μου’
2984 1230 3004 1263 ι
3038 1212 3072 1281 ἡ
3116 1211 3174 1264 δὲ
3200 1211 3431 1283 πέμπτη
3461 1211 3699 1276 ἔκδυσις

2091 1304 2185 1357 νῦν
2235 1305 2368 1375 μὲν,
2420 1323 2438 1355 ι
2477 1303 2877 1375 ἐξηρεύνησας,
2917 1323 2937 1355 ι
2982 1298 3134 1356 εἶπεν
3158 1320 3172 1333 °
3219 1306 3278 1358 ὲν
3314 1305 3374 1358 δὲ
3399 1306 3517 1368 τοῖς
3548 1303 3698 1374 ἑξῆς

2097 1416 2116 1446 ‹
2152 1395 2519 1468 ὲξερεύνησον.
2559 1416 2578 1447 ι
2619 1396 2706 1459 Ὠς
2727 1395 2835 1466 γὰρ
2864 1396 3063 1467 χρυσὸς
3096 1398 3155 1449 ὲν
3192 1397 3554 1468 χωνευτηρίῳ
3596 1396 3697 1450 δο-

406 1480 620 1535 ﬁatorio
640 1482 919 1550 probatur,
949 1483 1025 1537 sic
1046 1482 1294 1537 homines
1318 1482 1677 1551 acceptabiles
1701 1484 1753 1538 in
1774 1485 1988 1540 camino

2115 1461 2404 1558 ιιμάξεται,
2433 1486 2605 1551 οὕτως
2634 1461 2916 1558 avebant)?
2934 1487 3113 1540 δεκτοὶ
3139 1461 3461 1557 ὲνηκαμξνιρ-
3486 1461 3695 1540 ταπει-

409 1573 824 1630 humiliationis.
857 1573 996 1642 Quin
1042 1587 1098 1629 et
1137 1574 1191 1628 in
1236 1574 1440 1647 psalmo
1472 1574 1517 1605 ³ο
1553 1576 1819 1646 scriptum
1854 1587 1939 1630 est
1970 1591 1986 1628 :

413 1680 434 1715 ι
463 1662 707 1720 Probasti
744 1682 842 1721 nos
871 1672 1013 1721 sicut
1053 1667 1258 1738 iguitur
1303 1677 1612 1737 argentum.
1653 1686 1673 1719 ι
1719 1666 1853 1721 Cum
1884 1668 1990 1722 hoc

408 1755 768 1819 intellexeris.
827 1774 1126 1827 cognosces
1171 1759 1346 1814 solum
1406 1768 1461 1814 et
1508 1774 1726 1813 omnem
1779 1758 1989 1827 justum

408 1850 696 1919 probatum
738 1852 1018 1921 cognosci,
1072 1858 1262 1921 utpote
1306 1851 1398 1920 qui
1452 1851 1524 1906 sit
1564 1851 1617 1905 in
1666 1850 1888 1906 Christo
1924 1867 1991 1905 ex

410 1941 544 2010 Deo,
590 1941 666 1996 uti
718 1941 888 2011 liquet
929 1944 1093 1997 etiam
1140 1958 1207 1997 ex
1241 1943 1326 1998 his
1356 1943 1579 1998 verbis:
1616 1961 1636 1995 ι
1666 1942 1840 1998 Proba
1883 1958 1989 2007 me,

409 2034 659 2101 Domine,
696 2045 750 2091 et.
774 2038 912 2091 scito
936 2052 1034 2091 cor
1069 2053 1269 2091 meum.
1298 2055 1317 2089 ι

481 2127 758 2199 Ejusdem.
794 2130 895 2198 Qui
922 2132 1105 2186 omnia
1134 2131 1398 2202 praenovit
1433 2132 1593 2196 Deus,
1632 2132 1991 2186 nihilominus

410 2224 630 2291 probat,
682 2238 789 2278 non
843 2234 902 2277 ut
950 2236 1261 2294 cognoscat,
1314 2224 1407 2279 sed
1458 2233 1516 2278 ut
1565 2224 1654 2293 qui
1716 2224 1994 2291 patiuntur

412 2316 761 2385 probatiores
791 2316 1005 2371 reddat.
1063 2316 1142 2370 Ne
1172 2318 1297 2387 quis
1334 2332 1467 2371 vero
1513 2317 1819 2386 suspicetur
1868 2331 1993 2385 pro-

412 2407 589 2463 bando
616 2409 788 2478 ipsum
815 2424 1179 2480 cognoscere,
1215 2410 1454 2465 sermoni
1486 2409 1693 2465 addidit
1724 2427 1738 2463 :
1770 2427 1789 2460 ι
1822 2407 1990 2463 Intel-

412 2498 593 2553 lexisti
616 2501 978 2569 cogitationes
1011 2517 1161 2558 meas
1199 2504 1266 2558 de
1288 2502 1467 2573 longe.
1494 2521 1513 2554 ι
1543 2502 1646 2570 Qui
1670 2503 1819 2558 enim
1847 2504 1995 2572 cogi-

414 2592 646 2648 tationes
696 2604 845 2659 ante,
901 2594 1010 2649 imo
1057 2605 1112 2650 et
1150 2596 1314 2666 longe
1359 2606 1652 2665 antequam
1690 2594 1760 2649 in
1814 2604 1995 2650 mente

414 2684 751 2752 excitentur,
780 2687 954 2752 novit,
999 2688 1275 2758 quomodo
1306 2687 1634 2758 probatione
1662 2687 1907 2761 indigeat
1936 2696 1995 2742 ut

415 2779 749 2847 cognoscat?

488 2871 649 2928 Vnus.
676 2871 730 2926 5.
756 2870 1009 2925 Semitam
1027 2889 1192 2926 meam
1214 2881 1264 2926 et
1280 2873 1577 2942 funiculum
1592 2890 1762 2928 meum
1785 2875 1997 2930 inuesti-

419 2961 582 3028 gasti,
621 2969 727 3014 etc.
770 2960 1063 3030 Investigat
1115 2961 1262 3017 Deus
1316 2961 1618 3018 funiculum
1663 2978 1850 3018 eorum
1903 2966 1996 3035 qui

420 3051 647 3121 pulchra
687 3054 881 3108 semita
931 3064 1184 3121 utuntur,
1235 3065 1291 3112 et
1322 3071 1514 3114 onmes
1564 3072 1849 3116 mensuras
1900 3060 2000 3116 viae

420 3142 728 3197 istiusmodi
759 3145 900 3198 Deus
927 3145 1199 3213 praevidit.

489 3235 657 3306 836
688 3234 849 3292 Vens.
873 3236 927 3290 4.
960 3236 1099 3301 Quia
1133 3253 1237 3291 non
1269 3246 1345 3292 est
1382 3239 1534 3292 dolus
1574 3240 1631 3294 in
1660 3241 1840 3311 lingua
1864 3258 1999 3309 mea,

421 3337 528 3382 etc.
582 3326 698 3382 Non
749 3336 854 3395 est,
900 3327 1102 3397 inquit,
1154 3327 1311 3384 dolus
1345 3329 1400 3384 in
1431 3329 1612 3399 lingua
1640 3346 1784 3396 mea,
1834 3332 1887 3387 id
1918 3343 2005 3387 est

389 3436 533 3475 -non
561 3429 644 3476 est
680 3420 811 3474 mihi
853 3435 1035 3476 sermo
1082 3420 1258 3474 solum
1313 3422 1368 3475 in
1418 3421 1734 3490 superﬁcie,
1808 3424 1860 3480 id
1896 3433 2001 3487 est,

423 3509 697 3581 profundo
730 3511 868 3566 etin
904 3510 1090 3566 corde.
1138 3511 1196 3566 In
1240 3525 1335 3566 ore
1371 3520 1551 3567 autem
1592 3511 1880 3567 stultorum
1908 3528 2003 3569 cor

423 3618 613 3659 comm
638 3613 740 3659 est.

497 3693 775 3768 Ejusdem.
802 3697 1067 3770 Linguam
1105 3698 1339 3771 ﬁgurate
1365 3714 1459 3756 cor
1489 3699 1797 3772 appellavit.

495 3875 662 3933 Vens.
698 3877 750 3932 5.
790 3876 946 3942 Ecce,
969 3879 1210 3947 Domine,
1234 3891 1291 3934 tu
1325 3880 1608 3950 cognovisti
1630 3881 1806 3934 omnia
1835 3880 2009 3935 novis-

425 3971 559 4024 sima
581 3979 631 4024 et
662 3971 904 4040 antiqua,
931 3983 1042 4027 etc.
1068 3973 1365 4027 Considera
1407 3988 1508 4028 cur
1553 3973 1725 4028 media
1760 3973 2005 4038 siluerit;

425 4061 552 4130 quia
581 4061 836 4117 nimirum
866 4065 1071 4118 malitia
1099 4075 1183 4120 est
1210 4065 1533 4121 intermedia
1561 4104 1577 4131 ,
1621 4080 1797 4134 neque
1826 4075 1910 4120 est
1951 4065 2004 4119 in

427 4154 557 4220 ﬁne,
587 4168 687 4208 nec
723 4154 775 4208 in
807 4156 1100 4225 principio.

499 4329 663 4387 Vens.
716 4331 770 4385 6.
832 4332 1098 4388 Mirabilis
1151 4334 1294 4403 facta
1327 4345 1403 4391 est
1440 4336 1660 4391 scientia
1691 4344 1783 4389 tua
1811 4350 1876 4389 ex
1903 4351 2004 4401 me,

429 4425 731 4495 confortata
759 4433 858 4491 est,
903 4437 952 4479 et
998 4443 1103 4481 non
1140 4438 1320 4497 potero
1352 4430 1423 4482 ad
1468 4446 1603 4491 eam,
1639 4437 1745 4483 etc.
1778 4416 1891 4483 Vox
1925 4437 2010 4483 est

431 4519 694 4588 sapientis
723 4520 1075 4589 praeceptoris
1107 4523 1197 4590 qui
1241 4523 1424 4578 multis
1466 4524 1700 4592 profuit,
1741 4532 1798 4579 et
1834 4524 2008 4579 admi-

432 4613 603 4666 randa
630 4613 874 4667 scientiae
913 4615 1169 4684 mysteria
1203 4614 1556 4683 dispensavit.

502 4704 666 4759 Vsus.
721 4705 775 4760 8.
813 4704 870 4757 Si
900 4707 1184 4760 ascendero
1227 4708 1284 4760 in
1329 4708 1554 4771 catum,
1587 4719 1643 4762 tu
1678 4708 1791 4763 illic
1828 4725 1920 4776 es;
1965 4708 2009 4763 si

433 4797 742 4852 descendero
765 4799 816 4851 in
840 4797 1128 4867 infernum,
1162 4800 1287 4854 ades
1315 4841 1330 4866 ,
1358 4809 1468 4856 etc.
1506 4799 1633 4856 Hac
1666 4801 1834 4867 dicit,
1872 4816 1938 4857 ac
1963 4800 2008 4855 si

433 4899 611 4956 posset
640 4889 911 4958 proﬁcisci
958 4906 1022 4946 ac
1061 4891 1250 4962 fugere
1297 4892 1349 4946 in
1381 4891 1579 4946 cmlum
1615 4900 1671 4945 et
1708 4889 2003 4957 infernum,

434 4990 594 5052 atque
616 4982 681 5036 ad
712 4992 957 5038 extrema
995 4985 1160 5040 maris
1202 4982 1558 5038 transvolare.
1590 4980 1897 5036 Verisimile
1928 4994 2011 5038 est

435 5083 614 5129 autem
650 5077 913 5142 animam,
947 5078 991 5133 si
1026 5079 1139 5134 sola
1171 5077 1337 5132 fuerit
1359 5119 1374 5143 ,
1406 5078 1509 5131 hoc
1540 5089 1720 5145 posse.
1751 5074 1885 5129 Cum
1924 5075 2009 5132 his

436 5177 617 5222 autem
665 5169 918 5226 conferes
967 5185 1031 5225 ea
1084 5186 1206 5238 qua;
1254 5172 1306 5224 in
1366 5167 1785 5224 Denterouomio
1827 5166 1899 5199 ³⁰”
1928 5169 2010 5226 sic

507 5260 553 5293 ³⁸
576 5261 718 5316 Psal.
740 5279 864 5328 ων,
883 5264 969 5318 10.
1037 5261 1103 5294 ³⁰⁴
1120 5279 1252 5324 xxx,
1269 5263 1327 5315 tl
1351 5271 1535 5328 etseq.

510 5355 624 5425 (46)
663 5358 836 5411 Ὅσοι
859 5357 1031 5421 κατὰ,
1064 5366 1172 5412 etc.
1211 5356 1435 5411 Schedae
1467 5353 1677 5410 Grabii.

513 5422 625 5494 (47)
649 5428 758 5480 Καὶ
794 5429 864 5481 ἐν
895 5428 1039 5494 τοῖς,
1075 5438 1181 5481 etc.
1221 5427 1422 5482 Catena
1452 5424 1722 5482 Corderii.

512 5493 625 5566 (48)
660 5497 863 5566 Πάντα
890 5493 1199 5563 προειδώς,
1228 5506 1334 5551 etc.
1367 5495 1593 5566 Schedte
1616 5494 1826 5553 Grabii.

516 5565 632 5701 (49)
665 5565 788 5619 Τῶν
817 5566 997 5636 καλῇ,
1025 5579 1132 5622 etc.
1168 5568 1370 5622 Catena
1403 5565 1670 5626 Corderii.

520 5636 610 5700 (50
663 5637 784 5690 Οὐκ
812 5637 965 5698 ἔστι,
998 5648 1103 5693 etc.
1140 5636 1361 5694 Eadem.

520 5636 632 5700 (50)
663 5637 784 5690 Οὐκ
812 5637 965 5698 ἔστι,
998 5648 1103 5693 etc.
1140 5636 1361 5694 Eadem.

2064 1577 2325 1643 .νὼσεως.
2373 1579 2686 1650 Γέγραπται
2731 1577 2789 1631 δὲ
2847 1580 2904 1632 ἐν
2948 1577 3148 1650 ψαλμῷ
3177 1596 3192 1609 ο
3240 1596 3262 1626 ι
3310 1578 3694 1648 Ἐδοκίμασας

2090 1671 2238 1741 ἡμᾶς
2283 1671 2358 1733 ὡς
2404 1669 2669 1741 πυροῦται
2719 1668 2781 1722 τὸ
2817 1669 3098 1741 ἀργύριον.
3146 1688 3165 1721 ι
3218 1670 3441 1740 Νοήσας
3495 1667 3691 1727 τοῦτο.

2090 1762 2272 1835 γνώσῃ
2293 1805 2307 1829 ,
2337 1765 2420 1818 ὅτι
2454 1764 2611 1835 μόνος
2647 1766 2677 1818 6
2707 1764 2915 1827 δίκαιος
2942 1765 3036 1818 καὶ
3074 1765 3182 1827 πᾶς
3209 1761 3571 1833 δοκιμασθεὶς
3596 1779 3696 1831 γι-

2091 1855 2381 1922 νώσκεται,
2411 1857 2487 1920 ὡς
2515 1856 2591 1909 ὢν
2620 1858 2678 1909 ὲν
2704 1855 2925 1927 Χριστῷ
2952 1855 3060 1908 ἀπὸ
3086 1853 3220 1907 Θεοῦ
3242 1871 3255 1882 ·
3286 1853 3363 1916 ὡς
3388 1852 3558 1921 δῆλον
3588 1852 3694 1907 καὶ

2091 1950 2157 2002 ὲκ
2184 1948 2277 2002 τοῦ
2299 1966 2313 1978 ·
2352 1967 2370 2000 ι
2409 1949 2712 2021 Δοκίμασόν
2745 1965 2834 2020 με,
2864 1948 3059 2021 Κύριε,
3091 1948 3183 2000 καὶ
3213 1944 3381 2015 γνῶθι
3409 1945 3514 2015 τὴν
3544 1959 3695 2015 καρ-

2090 2040 2204 2094 δίαν
2235 2059 2356 2113 μου.
2397 2061 2417 2094 ι

2167 2133 2276 2188 Τοῦ
2309 2133 2513 2188 αὐτοῦ.
2564 2132 2747 2187 Πάντα
2786 2130 3047 2206 προειδὼς
3075 2130 3187 2201 (48)
3236 2131 3265 2182 6
3310 2130 3445 2194 Θεὸς
3470 2170 3486 2194 ,
3531 2130 3699 2200 ὅμως

2091 2226 2393 2297 δοκιμάζει,
2441 2227 2539 2297 οὐχ
2578 2227 2666 2280 ἵνα
2704 2224 2839 2296 γνῷ,
2870 2224 2982 2279 ἀλλ’
3017 2224 3104 2276 ἵνα
3143 2223 3271 2287 τοὺς
3305 2222 3692 2294 ὑπομένοντας

2091 2318 2489 2390 δοκιμωτέρους
2529 2316 2850 2389 ἐργάζηται.
2885 2318 3000 2371 Ἵνα
3031 2315 3089 2368 δὲ
3130 2316 3204 2386 μή
3238 2333 3323 2382 τις
3350 2317 3515 2371 αὑτὸν
3544 2317 3691 2369 ὑπο-

2091 2407 2245 2463 λάϐοι
2272 2409 2632 2481 δοκιμάζοντα
2658 2408 2965 2477 γινώσκειν,
2983 2410 3229 2480 ἐπήγαγε
3251 2408 3332 2480 τῷ
3351 2409 3498 2479 λόγῳ
3515 2426 3531 2439 ·
3566 2427 3588 2461 ι
3612 2409 3688 2462 Σὺ

2095 2500 2330 2571 συνῆκας
2361 2500 2488 2563 τοὺς
2524 2499 2904 2571 διαλογισμούς
2936 2516 3037 2571 μου
3065 2500 3174 2553 ἀπὸ
3210 2499 3510 2569 μακρόθεν.
3552 2518 3573 2550 ι
3627 2500 3691 2550 '0

2092 2592 2202 2663 γάρ
2233 2594 2359 2655 τοῦς
2400 2591 2781 2663 διαλογισμοὺς
2818 2590 2972 2654 εἰδὼς
3001 2592 3094 2644 καὶ
3122 2589 3230 2662 πρὸ
3261 2590 3354 2644 τοῦ
3392 2591 3687 2662 κινηθῆναι

2094 2683 2288 2747 αὐτοὺς
2311 2725 2326 2748 ,
2367 2683 2566 2754 μᾶλλον
2594 2683 2651 2736 δὲ
2689 2682 2796 2754 πρὸ
2830 2680 3025 2736 πολλοῦ
3058 2683 3251 2754 χρόνου
3274 2721 3291 2747 ,
3319 2681 3441 2745 πῶς
3468 2681 3536 2735 ἂν
3561 2682 3690 2754 δεη-

2020 2803 2065 2864 G
2097 2776 2215 2849 θείη
2240 2774 2561 2846 δοκιμασίας
2592 2775 2727 2847 πρὸς
2757 2774 2892 2829 ἰδίαν
2915 2773 3115 2842 γνῶσιν
3141 2791 3156 2839 ;

2174 2868 2294 2937 Τὴν
2326 2868 2527 2937 τρίϐον
2555 2885 2675 2936 μου
2707 2867 2804 2923 καὶ
2839 2864 2954 2934 τὴν
2982 2865 3236 2934 σχοῖνόν
3267 2883 3390 2935 μου
3419 2864 3682 2934 ὲξιχνία-

2097 2973 2234 3026 σας,
2261 2976 2318 3022 κ.
2350 2976 2401 3011 τ.
2436 2960 2486 3014 ὲ.
2521 2956 2641 3010 Τῶν
2687 2956 2824 3028 καλῇ
2856 2953 2968 3027 (49)
3013 2956 3185 3028 τρίϐῳ
3229 2957 3532 3027 χρωμένων
3576 2956 3685 3021 ὲξιο

2098 3050 2305 3123 χνιάξει
2340 3051 2368 3106 6
2399 3049 2528 3113 Θεὸς
2555 3048 2654 3120 τὴν
2682 3050 2912 3119 σχοῖνον,
2940 3047 3036 3100 καὶ
3070 3046 3245 3101 πάντα
3268 3047 3339 3101 τὰ
3370 3046 3546 3118 μέτρα
3582 3046 3680 3116 τῆς

2099 3144 2220 3199 ὁδοῦ
2246 3144 2354 3198 τῶν
2374 3140 2628 3200 τοιούτων
2652 3140 2894 3211 προεῖδεν
2924 3142 2952 3193 6
2975 3139 3127 3202 Θεός.

2171 3237 2299 3288 ’Ὅτι
2339 3237 2451 3289 οὐκ
2485 3235 2617 3289 ἔστι
2660 3230 2839 3296 δόλος
2880 3229 2951 3282 ἐν
2974 3226 3225 3299 γλώσσῃ
3269 3246 3392 3299 μου
3416 3267 3431 3291 ,
3458 3246 3516 3283 κ.
3553 3246 3605 3281 τ.
3634 3229 3685 3281 ι.

2103 3326 2216 3379 Οὐκ
2246 3325 2359 3379 ἐστι
2387 3324 2521 3397 (50),
2552 3322 2704 3395 φησῖ,
2732 3322 2883 3386 δόλος
2905 3323 2961 3374 ὲν
2992 3319 3214 3392 γλώσσῃ
3242 3336 3376 3389 μουο
3410 3319 3536 3373 ἀντὶ
3567 3318 3682 3384 τοῦ,

2103 3418 2217 3471 Οὐκ
2260 3417 2404 3470 ἐστιν
2448 3417 2761 3480 ὲπιπόλαιός
2800 3432 2887 3489 μοι
2932 3413 3088 3486 λόγος
3110 3454 3124 3481 ,
3160 3412 3275 3473 an?
3313 3415 3373 3469 ὲν
3404 3413 3561 3487 βάθει
3591 3416 3682 3471 καὶ

2104 3509 2320 3581 καρδίᾳ.
2360 3510 2449 3563 Ἐν
2479 3511 2706 3581 στόματι
2730 3508 2789 3561 δὲ
2824 3506 3023 3580 μωρῶν
3053 3508 3087 3578 ἡ
3116 3507 3311 3579 καρδία
3337 3508 3540 3561 αὐτῶν.

2182 3689 2291 3743 Τοῦ
2335 3688 2542 3744 αὐτοῦ.
2574 3688 2826 3743 Γλῶσσαν
2858 3688 2968 3760 (51)
3011 3686 3288 3759 τροπικῶς
3330 3688 3433 3758 τὴν
3461 3687 3681 3759 καρδίαν

2105 3782 2407 3854 ὠνόμασεν.
3297 3856 3299 3859 η

2187 3874 2363 3940 Ἰδοὺ,
2386 3875 2581 3945 Κύριε,
2604 3874 2685 3928 σὺ
2705 3873 2895 3943 ἔγνως
2921 3873 3115 3929 πάντα
3138 3873 3213 3929 τὰ
3231 3875 3463 3944 ἔσχατα
3485 3874 3583 3928 καί
3614 3874 3684 3930 τὸ

2106 3967 2353 4036 ἀρχαῖα,
2384 3984 2441 4020 κ.
2478 3969 2626 4043 τ.”ὲ.
2674 3965 2999 4037 Ἐπίσκεψαι
3044 3966 3156 4038 (52)
3202 3965 3290 4020 διὰ
3334 3966 3386 4018 τί
3433 3966 3506 4021 τὰ
3550 3967 3682 4038 μέσα

2108 4058 2627 4132 παρασεσιώπηται·
2674 4058 2762 4112 διὰ
2808 4058 2869 4111 τὺ
2923 4058 3021 4129 τὴν
3070 4058 3269 4113 κακίαν
3329 4056 3469 4113 εἶναι
3513 4060 3573 4113 ὲν
3607 4058 3681 4130 τῷ

2038 4156 2083 4212 Ι)
2114 4151 2334 4224 μεταξὺ,
2367 4149 2490 4204 οὔτε
2517 4153 2575 4205 ὲν
2604 4153 2670 4223 τῇ
2696 4153 2859 4223 ἀρχῇ,
2888 4149 3011 4204 οὔτε
3034 4152 3093 4204 ὲν
3131 4149 3210 4222 τῷ
3239 4150 3382 4205 τέλει
3410 4150 3679 4223 ὑπάρχου-

2110 4263 2230 4301 σαν.

2191 4336 2638 4408 Ἑθιῑυμαστώθη
2677 4338 2716 4406 ἡ
2744 4335 2963 4409 γνῶσίς
2989 4349 3106 4391 σου
3125 4335 3194 4400 ἐξ
3218 4334 3388 4405 ἐμοῦ,
3416 4336 3679 4405 ἐκραται-

2106 4434 2259 4501 ώθη,
2301 4435 2372 4487 οὐ
2407 4432 2492 4503 μὴ
2522 4431 2786 4500 δύνωμαι
2813 4431 2960 4499 πρὸς
2991 4429 3187 4497 αὐτὴν
3209 4469 3225 4493 ,
3275 4446 3329 4482 κ.
3364 4446 3416 4481 τ.
3452 4430 3503 4482 ὲ.
3537 4429 3680 4500 Φωνὴ

2109 4523 2332 4588 πολλοὺς
2356 4524 2463 4595 (55)
2496 4523 2874 4595 ὠφελήσαντος
2900 4521 3217 4575 διδασκάλου
3251 4520 3441 4590 σοφοῦ,
3467 4520 3538 4575 τὰ
3564 4521 3682 4576 θαυ-

2112 4616 2282 4687 μάσια
2313 4616 2413 4687 τῆς
2436 4614 2689 4685 γνώσεως
2717 4617 2988 4687 μυστήρια
3017 4615 3500 4684 οἰκονομήσαντος.

2190 4709 2325 4763 Ἐὰν
2356 4706 2552 4762 ἀναϐῶ
2587 4710 2673 4774 εὶς
2713 4708 2819 4761 τὸν
2855 4706 3136 4774 οὐρανὸν,
3174 4704 3256 4759 σὺ
3293 4705 3424 4759 ἐκεῖ
3457 4702 3542 4759 εἴ·
3581 4706 3679 4759 ἐὰν

2109 4801 2340 4855 καταϐῶ
2363 4805 2449 4868 εὶς
2470 4801 2575 4855 τὸν
2605 4801 2781 4870 ᾅδην,
2817 4800 3012 4869 πάρει,
3035 4819 3089 4855 κ.
3117 4816 3167 4855 τ.
3199 4800 3247 4852 ὲ.
3284 4800 3373 4863 Ὧς
3396 4799 3682 4869 δυνάμενος

2111 4892 2433 4962 πορεύεσθαι
2460 4891 2568 4962 (54)
2594 4893 2688 4946 καὶ
2717 4894 2907 4960 φυγεῖν
2946 4892 3028 4954 εἰς
3051 4889 3279 4962 οὐρανὸν
3306 4890 3405 4943 καὶ
3432 4891 3516 4955 εἰς
3543 4890 3679 4962 ᾅδην.

2116 4985 2210 5038 καὶ
2243 4983 2499 5038 ἵπτασθαι
2526 4986 2606 5046 εἰς
2626 4982 2693 5037 τὰ
2721 4983 2923 5053 ἔσχατα
2950 4983 3047 5053 τῆς
3075 4981 3370 5050 θαλάσσης,
3396 4982 3572 5036 ταῦτα
3594 4999 3678 5051 φη-

2119 5095 2202 5131 σιν
2227 5094 2242 5109 ο
2274 5077 2419 5141 εἰκὸς
2449 5076 2506 5130 δὲ
2545 5075 2666 5130 καθ’
2712 5075 2908 5146 ἑαυτὴν
2952 5075 3250 5146 γενομένην
3292 5072 3557 5127 δύνασθαι
3598 5074 3679 5145 τὴν

2114 5171 2313 5242 ψυχήν.
2341 5170 2723 5235 Συνεξετάσεις
2746 5168 2803 5221 δὲ
2830 5167 3039 5232 τούτοις
3063 5165 3133 5219 τὰ
3158 5168 3226 5220 ἐκ
3254 5164 3351 5219 τοῦ
3382 5169 3671 5237 Δευτερονο-

2187 5352 2299 5427 (5t)
2332 5350 2656 5427 [λῷσσαῃ
2692 5357 2797 5403 etc.
2829 5345 3054 5427 Sc‘l‘iedze
3077 5344 3288 5427 Grabii.

2187 5414 2301 5492 (59.)
2341 5423 2715 5490 Ἐπίσκεψαα
2743 5432 2862 5492 pete.
2891 5417 3102 5492 Catena
3128 5414 3399 5471 (lorderii.

2190 5486 2302 5561 (53)
2330 5492 2498 5559 Φωνὴ
2522 5486 2814 5561 πολλούς,
2848 5499 2955 5545 etc.
2990 5486 3216 5561 Eadem.

2191 5553 2302 5639 (54)
2345 5565 2439 5632 Ὡς
2466 5553 2798 5632 δυνάμενος
2822 5558 3203 5627 πορεύεσθαι,
3234 5565 3342 5611 etc.
3381 5553 3601 5611 Eadem.
