3928 6158
125 216 327 273 1681

1141 221 1451 278 SELECTA
1489 223 1557 278 IN
1593 222 1929 278 PSALMOS.
1971 252 2041 262 —
2071 221 2266 278 PSAL.
2298 222 2632 278 CXXXVIII.

3340 228 3367 283 I
3378 228 3484 285 662

129 340 308 410 μίσυ
349 341 560 408 οὕτως
583 343 802 415 ἔχοντα’
838 363 857 396 ι
909 343 973 398 Ἦ
1002 344 1187 417 ἐντολὴ
1218 344 1355 418 αὕτη
1390 347 1485 417 οὐχ
1511 346 1812 418 ὑπέρογκός

1917 345 2162 399 habent:
2195 362 2214 394 ι
2247 344 2563 397 Mandatum
2620 344 2723 397 hoc
2768 357 2875 397 non
2930 352 3017 398 est
3062 357 3249 414 grave,
3304 359 3484 416 neque

123 434 372 499 ἔστιν,
412 436 547 490 οὐδὲ
578 436 793 507 μακρὰν
824 437 931 491 ἀπὸ
959 436 1052 490 σοῦ
1080 439 1226 492 ἐστιν
1245 456 1259 468 ·
1289 439 1389 491 οὐκ
1412 441 1469 491 ἐν
1499 438 1578 508 τῷ
1601 438 1814 510 οὐρανῷ

129 522 293 577 ἂνω
339 525 514 588 ἐστὶ,
543 524 715 594 λέγων
736 543 750 557 ·
782 526 876 590 Τίς
902 527 1232 597 ἀναϐήσεται
1262 529 1394 598 ἡμῖν
1424 529 1504 590 είς
1531 528 1621 581 τὸν
1652 529 1815 600 οὐρα-

131 616 261 670 νὸν
281 656 304 679 ,
370 619 492 672 καὶ
517 617 741 689 λήψεται
783 620 953 691 αὑτήν
986 636 1000 684 ;
1032 619 1166 673 Οὐδὲ
1197 619 1367 689 πέραν
1413 619 1514 689 τῆς
1544 620 1814 689 θαλάσσης

134 709 302 762 ἱεπὶ
333 749 354 773 ,
393 709 614 778 λέγων·
644 711 740 773 Τίς
783 711 1101 784 διαπεράσει
1133 714 1266 782 ἡμῖν
1294 713 1374 775 εἰς
1411 712 1473 764 τὸ
1500 713 1673 783 πέραν
1712 712 1813 783 τῆς

139 802 527 874 θαλάσσης,
556 804 650 858 καὶ
677 803 817 878 λάϐῃ
843 804 1010 876 αὐτὴν
1041 807 1197 875 ἡμῖν,
1230 806 1324 859 καὶ
1355 804 1687 869 ἀκούσαντες
1717 806 1815 858 αὑ-

138 893 277 964 τὴν
314 878 650 966 ποιήσομεν
680 895 880 965 αὐτήν;
902 895 1083 949 Ἔστιν
1116 896 1281 964 ἐγγύς
1306 913 1398 950 σου
1424 896 1485 950 τὸ
1510 896 1662 968 ῥῆμα
1686 898 1814 966 σφό-

141 982 314 1055 δρα,
354 985 437 1037 ὲν
466 984 543 1056 τῷ
577 986 805 1057 στόματί
834 1002 927 1039 σου
958 986 1053 1040 καὶ
1079 987 1137 1039 ὲν
1164 990 1230 1059 τῇ
1261 987 1460 1059 καρδίᾳ
1489 1004 1604 1053 σου,
1637 990 1731 1042 καὶ
1755 990 1814 1042 ἐν

143 1076 310 1139 ταῖς
346 1075 531 1146 χερσί
561 1093 653 1129 σου
684 1078 857 1130 ποιεῖν
886 1076 1036 1130 αὐτό.
1078 1095 1096 1128 ι
1133 1078 1448 1149 Συγκρινεῖς
1492 1078 1550 1131 δὲ
1583 1080 1677 1131 κα)⁵
1708 1079 1815 1132 ἀπὸ

169 1165 418 1237 Ἀμὼς
452 1166 655 1221 ταῦτα·
692 1187 712 1221 ι
746 1169 821 1224 Οὐ
855 1168 930 1241 μὴ
954 1168 1189 1243 διαφύγῃ
1230 1170 1291 1234 ἐξ
1334 1170 1514 1225 αὐτῶν
1558 1170 1772 1241 φεύγων
1796 1188 1810 1203 ο

150 1257 284 1311 καὶ
319 1258 403 1311 οὐ
450 1258 523 1330 μὴ
550 1258 787 1330 διασωθῇ
816 1259 875 1326 ἐξ
904 1259 1080 1314 αὐτῶν
1107 1260 1518 1332 ἀνασωζόμενος
1544 1279 1557 1292 ·
1595 1261 1690 1315 ἐὰν
1718 1278 1816 1315 κα-

154 1348 534 1420 τορυγῶσιν
572 1353 653 1415 είς
695 1350 822 1422 ᾅδου
848 1390 863 1415 ,
898 1351 1107 1407 ἐκεῖθεν
1135 1355 1169 1424 ἡ
1207 1352 1328 1425 χείρ
1377 1370 1476 1423 μου
1510 1353 1815 1407 ἀνασπάσει

158 1440 422 1507 αὐτούς
452 1458 466 1472 ·
504 1442 599 1497 καὶ
626 1442 720 1497 ἐὰν
750 1441 1022 1496 ἀναϐῶσιν
1065 1445 1143 1508 είς
1173 1444 1264 1497 τὸν
1302 1444 1562 1514 οὐρανὸν,
1606 1443 1816 1497 ἐκεῖθεν

162 1532 448 1598 κατάξω
472 1533 695 1598 αὐτούςι
746 1533 842 1587 ἐὰν
874 1534 1169 1607 κρυϐῶσιν-
1190 1537 1271 1599 είς
1304 1536 1404 1606 τὴν
1432 1534 1676 1606 κορυφὴν
1717 1535 1812 1589 τοῦ

161 1625 323 1694 Καρ
334 1625 550 1697 μήλου,
585 1624 793 1679 ἐκεῖθεν
818 1625 1156 1698 ὲξερευνήσω
1188 1628 1281 1681 καὶ
1304 1627 1545 1699 λήψομαι
1576 1626 1773 1690 αὐτούς
1796 1644 1809 1656 ·

1914 436 2075 506 longe
2104 440 2202 491 abs
2231 447 2280 490 te
2304 443 2418 500 est;
2447 450 2553 488 non
2583 435 2636 487 in
2665 433 2804 488 caelo
2850 449 3065 488 sursum
3103 445 3220 498 est,
3258 434 3479 491 dicens:

1913 527 2046 594 Quis
2071 527 2329 582 ascendet
2353 525 2509 579 nobis
2555 526 2612 578 in
2659 523 2894 589 coelum,
2937 534 2992 577 et
3029 524 3260 592 accipiet
3308 524 3485 579 illud?

1913 620 2100 691 Neque
2133 629 2283 674 trans
2316 633 2467 672 mare
2506 625 2611 681 est,
2646 616 2834 669 dicens
2870 632 2885 670 :
2916 616 3049 682 Quis
3103 614 3485 671 trausfretabit

1913 712 2071 768 nobis
2099 724 2249 765 trans
2276 724 2446 775 mare,
2476 718 2531 762 et
2561 709 2791 777 accipiet
2814 710 2966 764 nobis
3000 709 3150 773 illud,
3179 720 3232 762 et
3261 708 3485 762 audien-

1915 814 1995 859 tes
2020 803 2146 857 illud
2184 802 2444 856 faciemus
2472 801 2598 854 illud
2620 802 2642 854 ?
2668 800 2842 869 Prope
2868 811 2920 855 te
2950 810 3033 855 est
3057 804 3276 853 verbum
3304 800 3482 863 valde.

1914 896 1968 951 in
2009 911 2106 951 ore
2129 905 2222 950 tuo
2260 903 2314 949 et
2341 896 2391 948 in
2410 894 2575 950 corde
2599 904 2711 958 luo,
2745 892 2872 949 etin
2900 893 3146 946 manibus
3174 894 3276 946 tuis
3306 890 3485 947 facere

1915 987 2068 1041 illud.
2096 1006 2115 1038 ι
2157 986 2420 1042 Conferes
2455 986 2583 1040 item
2618 1000 2685 1040 ex
2720 986 2885 1038 Amos
2912 984 3028 1038 hinc
3045 983 3159 1037 “:t
3188 982 3301 1037 Non
3320 983 3487 1053 fugiet

1915 1094 1981 1134 ex
2023 1078 2102 1133 eis
2146 1078 2237 1147 qui
2266 1076 2504 1147 fugerit;
2543 1084 2599 1130 et
2635 1092 2744 1131 non
2784 1074 3083 1130 salvabitur
3130 1090 3193 1128 ex
3247 1074 3350 1128 illis
3393 1074 3483 1143 qui

1917 1168 2079 1223 fuerit
2126 1168 2385 1233 salvatus;
2445 1167 2490 1222 si
2540 1166 2851 1222 absconditi
2888 1164 3091 1221 fuerint
3146 1167 3198 1219 in
3250 1166 3483 1228 inferno,

1915 1257 2040 1313 inde
2060 1273 2252 1312 manus
2293 1273 2411 1313 mea
2441 1258 2636 1314 evellet
2671 1273 2810 1325 eos;
2847 1265 2902 1313 et
2950 1259 2994 1312 si
3040 1257 3383 1313 ascenderiut
3429 1258 3484 1312 in

1914 1351 2152 1415 etelum,
2185 1352 2311 1406 inde
2346 1352 2626 1405 detraham
2654 1351 2775 1405 illos
2812 1367 2827 1415 ;
2863 1352 2905 1405 si
2946 1351 3244 1405 absconditi
3285 1350 3486 1405 fuerint

1916 1441 1971 1496 in
1998 1442 2204 1497 vertice
2234 1443 2494 1508 Carmeli,
2520 1443 2643 1497 inde
2670 1444 2960 1497 scrutabor
2990 1453 3045 1497 et
3070 1442 3311 1497 auferam
3340 1457 3435 1497 eos
3466 1460 3483 1508 ;

1918 1541 1974 1587 et
2005 1533 2050 1587 si
2095 1534 2455 1589 demerserint
2502 1550 2561 1589 se
2594 1537 2661 1589 ab
2696 1535 2879 1590 oculis
2925 1535 3061 1589 meis
3114 1536 3166 1589 in
3218 1533 3486 1605 profunda

1917 1626 2105 1692 maris,
2139 1626 2261 1680 inde
2303 1628 2570 1683 mandabo
2597 1629 2840 1695 draconi,
2870 1638 2923 1681 et
2949 1629 3216 1681 mordebit
3253 1644 3349 1682 eos
3383 1645 3398 1693 ;
3428 1636 3486 1683 et

169 1691 302 1764 sta).
490 1712 862 1767 καταδύσωσιν
898 1691 958 1779 ἐξ
986 1691 1278 1787 ὀφθαλμῶν
1315 1691 1415 1787 μου
1451 1691 1543 1781 ἐἰς
1571 1716 1639 1770 τὰ
1667 1715 1805 1787 βάθη

1915 1712 1955 1766 si
1993 1713 2232 1768 abierint
2263 1714 2315 1768 in
2349 1716 2725 1784 captivitatem
2753 1727 2881 1772 ante
2919 1717 3109 1771 faciem
3139 1719 3482 1772 inimicorum

165 1800 293 1872 τῆς
332 1799 629 1872 θαλάσσης
648 1841 662 1866 ,
693 1803 811 1855 ἐκεῖ
834 1800 1152 1874 ὲντελοῧμαι
1180 1801 1258 1874 τῷ
1286 1802 1559 1875 δράκοντι,
1591 1801 1685 1854 καὶ
1708 1801 1805 1872 δή-

1911 1820 2153 1870 suorum,
2190 1808 2261 1862 ibi
2287 1810 2598 1878 praecipiam
2625 1811 2835 1880 gladio,
2873 1821 2928 1867 et
2966 1811 3256 1867 iuterliciet
3290 1826 3407 1866 eos.
3460 1830 3483 1864 ι

170 1895 359 1965 ξεται
416 1896 653 1961 αὐτούς’
698 1898 793 1952 καὶ
835 1897 931 1952 ἐὰν
974 1898 1313 1971 πορευθῶσιν
1345 1901 1402 1953 ὲν
1461 1895 1803 1969 αἰχμαλωσίᾳ
1842 1898 1948 1969 πρὸ
2002 1901 2294 1972 προσώπου
2332 1903 2440 1957 τῶν
2479 1904 2688 1976 ἐχθρῶν
2745 1905 2956 1972 αὐτῶν,
3012 1906 3217 1961 ἐκεῖθεν
3255 1904 3491 1961 ἐντελοῦ-

174 2008 296 2064 μαι
324 1995 411 2064 τῇ
452 1991 713 2064 ῥομφαίᾳ,
748 1993 842 2047 καὶ
865 1994 1153 2048 ἀποκτενεί
1180 1994 1398 2059 αὐτούς.
1444 2014 1464 2046 ι

161 2086 174 2095 ’
296 2087 433 2141 Καὶ
477 2084 633 2142 εἶπα·
668 2090 807 2157 Ἄρα
843 2091 1064 2157 σκότος
1112 2091 1519 2158 καταπατήσει
1556 2106 1633 2159 με
1660 2128 1675 2153 ,
1708 2088 1810 2143 καὶ

171 2177 315 2243 νὺξ
367 2179 685 2249 φωτισμὸς
725 2180 796 2235 ἐν
838 2180 913 2251 τῇ
955 2182 1153 2253 τρυφῇ
1191 2202 1311 2254 μου
1338 2223 1353 2247 ,
1404 2201 1459 2236 κ.
1496 2200 1548 2235 τ.
1585 2183 1632 2235 ἐ.
1676 2183 1740 2235 Et
1774 2183 1808 2253 ἡ

177 2270 410 2340 ἄγνοια
445 2270 558 2342 (55)
592 2271 821 2344 καρδίας
870 2273 1059 2338 σκότος
1090 2273 1632 2345 ὲστὶν,(ιὲσκοτίσθη
1676 2271 1807 2343 γὰρ,

179 2361 402 2433 φησὶν,
432 2364 468 2434 ἡ
506 2363 764 2429 ἀσύνετος
790 2365 969 2419 αὐτῶν
994 2366 1503 2439 καρδία·›)είκότως
1527 2367 1636 2439 ἄρα
1662 2368 1691 2419 ὁ
1720 2364 1809 2419 αῖ-

181 2470 315 2518 τιος
343 2456 490 2526 ἡμῖν
533 2455 629 2510 τοῦ
669 2457 892 2524 σκότους
937 2458 1125 2512 τούτου
1160 2459 1475 2530 γινόμενος,
1504 2459 1598 2512 καὶ
1644 2457 1809 2520 αὐτὸς

182 2546 543 2618 ὀνομάζεται
572 2549 781 2614 σκότος,
809 2551 958 2616 ὅστις
987 2551 1141 2623 ἡμῶν
1174 2551 1271 2624 τὴν
1303 2552 1361 2606 ὲν
1381 2550 1808 2621 γνώσειτρυφὴν

186 2642 561 2712 προαιρεῖται
603 2642 888 2708 σκοτίζειν,
932 2644 1028 2697 τοῦ
1069 2642 1202 2697 Θεοῦ
1255 2643 1330 2716 μὴ
1378 2643 1804 2715 συγχωροῦντος,

186 2729 343 2785 ἀλλὰ
388 2731 455 2784 τὺ
505 2730 695 2796 σκότος
741 2734 1103 2803 φωτίζοντος·
1156 2754 1175 2787 ι
1223 2734 1298 2787 Τὸ
1336 2734 1445 2807 γὰρ
1484 2733 1600 2804 φῶς
1642 2736 1700 2787 ὲν
1736 2738 1802 2807 τῇ

193 2824 411 2896 σκοτίᾳ
456 2823 671 2894 φαίνει,
712 2826 808 2880 καὶ
851 2828 885 2899 ὴ
924 2827 1115 2882 σκοτία
1156 2827 1289 2882 αὐτὸ
1320 2828 1380 2880 οὐ
1429 2827 1744 2882 κατέλαϐεν.
1778 2845 1800 2880 ›

200 2914 303 2980 Ὠς
328 2917 451 2989 γὰρ
482 2917 583 2989 τὴν
609 2918 830 2988 ἄγνοιαν
862 2919 951 2973 διὰ
971 2920 1071 2992 τῆς
1118 2921 1318 2983 κακίας
1354 2919 1803 2990 ἑπεκτησάμεθα,

192 3005 350 3061 οὕτω
381 3008 479 3061 καὶ
509 3009 609 3081 τὴν
646 3009 848 3079 γνῶσιν
872 3009 959 3064 διὰ
982 3011 1082 3081 τῆς
1109 3012 1310 3084 ἀρετῆς
1334 3009 1762 3083 προσελάϐομεν.

1986 2088 2147 2144 Vens.
2179 2091 2265 2146 II.
2298 2091 2365 2145 Et
2395 2092 2507 2146 dixi
2525 2106 2543 2144 :
2565 2091 2820 2147 Forsitan
2845 2095 3072 2148 tenebrae
3098 2095 3483 2149 conculcabunt

1912 2195 2015 2244 me,
2045 2192 2091 2234 et
2125 2199 2229 2236 nos:
2254 2182 2571 2235 illuminatio
2616 2200 2731 2236 mea
2774 2183 2830 2236 in
2863 2183 3072 2237 deliciis
3101 2187 3254 2249 meis,
3283 2195 3390 2239 etc.
3422 2184 3481 2240 Si

1911 2272 2212 2343 ignorantia
2245 2275 2425 2329 cordis
2460 2273 2695 2329 tenebrae
2721 2285 2868 2342 sunt,
2896 2295 2916 2328 ι
2943 2277 3361 2332 obtenebratum
3397 2287 3484 2333 est

1912 2365 2057 2417 enim
2110 2366 2372 2437 insipiens
2406 2383 2505 2422 cor
2542 2383 2732 2423 eorum
2762 2368 2832 2433 ³²,
2860 2388 2878 2420 ι
2912 2370 3105 2423 merito
3131 2371 3176 2425 is
3213 2370 3303 2438 qui
3333 2370 3489 2427 nobis

1914 2456 2218 2526 huiusmodi
2250 2462 2596 2515 tenebrarum
2638 2476 2802 2515 causa
2844 2470 2963 2525 est,
2995 2463 3159 2515 etiam
3190 2461 3304 2530 ipse
3333 2471 3487 2516 tene-

1910 2550 2135 2605 brarum
2176 2552 2402 2606 nomine
2448 2552 2770 2623 appellatur,
2827 2553 3024 2623 quippe
3064 2553 3147 2606 cui
3182 2564 3396 2607 nostras
3432 2554 3484 2607 in

1912 2640 2140 2695 scientia
2170 2642 2395 2699 delicias
2423 2646 2764 2714 propositum
2811 2654 2895 2699 est
2925 2645 3323 2710 obtenebrare,
3374 2646 3486 2702 Deo

1912 2745 2018 2786 non
2075 2733 2430 2796 concedente.
2486 2737 2580 2790 scd
2630 2736 2881 2791 tenebras
2931 2735 3316 2793 illuminante:
3359 2752 3483 2791 nam

1915 2841 1935 2875 ι
1965 2822 2053 2878 lux
2089 2824 2141 2878 in
2174 2826 2413 2881 tenebris
2443 2826 2624 2894 lucet,
2656 2837 2711 2883 et
2741 2830 2978 2883 tenebrae
3018 2843 3139 2882 eam
3186 2843 3292 2882 non
3336 2844 3485 2885 com-

1908 2914 2312 2982 prehenderunt
2329 2917 2399 2949 "'
2432 2934 2477 2969 ει
2504 2919 2647 2973 sicut
2671 2918 2811 2973 enim
2836 2933 2929 2987 per
2954 2918 3211 2972 malitiam
3235 2918 3485 2987 ignorau-

1909 3007 1981 3060 tia
2010 3006 2173 3078 837
2205 3010 2361 3064 nobis
2386 3009 2626 3076 obvenit,
2660 3010 2741 3066 sic
2768 3020 2823 3065 et
2855 3010 3141 3066 scientiam
3173 3026 3272 3081 per
3304 3011 3481 3065 virtu-

1823 3129 1865 3189 ο
1907 3107 2016 3152 tem
2050 3101 2380 3170 accepimus.

276 3182 409 3235 ’Ότι
434 3183 517 3237 σὺ
543 3182 779 3251 ἐκτήσω
823 3185 966 3252 τοὺς
1020 3188 1277 3255 νεφρούς
1331 3204 1472 3256 μου,
1525 3205 1580 3243 κ.
1632 3207 1682 3243 τ.
1744 3191 1793 3243 ὲ.

195 3273 504 3345 Μακάριος
532 3274 644 3349 (56)
684 3272 744 3332 οὗ
783 3279 831 3331 οἱ
858 3279 1047 3351 νεφροὶ
1069 3280 1255 3351 κτῆμα
1282 3280 1539 3349 γεγόνασι
1565 3280 1659 3334 τοῦ
1688 3283 1800 3337 Κυ-

205 3366 356 3439 ρίου.

279 3461 412 3514 Οὐκ
426 3458 646 3530 ἐκρύϐη
663 3459 728 3516 τὸ
751 3462 977 3517 ὀστοῦν
999 3480 1119 3532 μου
1142 3463 1260 3519 ἀπὸ
1288 3464 1405 3518 σοῦ
1436 3464 1469 3518 ὃ
1499 3465 1797 3536 ἐποίησας

200 3549 278 3606 ἐν
310 3551 542 3622 κρυφῇ,
577 3571 629 3607 κ.
659 3571 710 3606 τ.
742 3555 789 3608 ἑ.
834 3555 1053 3610 Ὀστοῦν
1083 3555 1193 3627 (57)
1221 3556 1318 3629 τὴν
1341 3556 1516 3630 ψυχὴν
1544 3558 1797 3632 ὠνόμασε

200 3641 326 3708 νῦν,
357 3644 429 3716 ἢν
458 3646 682 3717 ἐποίησε
710 3647 869 3717 μόνος
890 3650 918 3700 ὁ
937 3648 1087 3712 Θεός.

285 3734 360 3788 Τὸ
389 3734 838 3805 ἁκατέρταστόν
873 3755 993 3807 μου
1031 3735 1202 3793 elder
1235 3743 1290 3795 οἱ
1322 3742 1619 3813 ὀφθαλμοί
1656 3760 1793 3809 σου,

202 3841 260 3879 κ.
293 3844 347 3880 τ.
382 3829 432 3881 ὲ.
479 3827 1047 3902 Ἀκατέργαστον(58)
1091 3831 1235 3904 ψυχὴ
1273 3835 1306 3906 ἡ
1342 3833 1417 3906 μὴ
1464 3835 1532 3889 δι’
1591 3836 1795 3907 ἀρετῆς

210 3916 572 3996 μορφωθεϊσα
598 3919 692 3973 καὶ
721 3918 994 3987 γνώσεως.

277 4007 397 4063 Καὶ
424 4009 523 4062 ἐπὶ
550 4010 615 4063 τὸ
658 4010 907 4075 βιϐλίον
938 4027 1056 4067 σου
1088 4012 1311 4081 πάντες
1357 4016 1790 4085 τραφήσονται,

204 4117 264 4155 κ.
293 4119 345 4154 τ.
382 4102 433 4154 ὲ.
464 4100 677 4156 Βιϐλίον
704 4102 840 4157 Θεοῦ
871 4103 981 4173 (59)
1030 4105 1175 4160 ἐστιν
1207 4109 1241 4177 ἡ
1283 4106 1487 4178 θεωρία
1527 4111 1796 4182 σωμάτων

207 4192 303 4244 καὶ
332 4192 665 4262 ἀσωμάτων,
692 4195 750 4247 ὲν
780 4189 825 4263 ᾧ
856 4195 1067 4265 πέφυκε
1108 4195 1196 4249 διὰ
1241 4198 1343 4268 τῆς
1370 4198 1624 4268 γνώσεως
1656 4203 1794 4274 γρά-

205 4283 406 4352 φεσθαι
439 4283 563 4348 νοῦς
593 4284 852 4356 καθαρός.
901 4287 988 4341 Ἐν
1029 4287 1086 4340 δὲ
1120 4286 1297 4359 τούτῳ
1337 4289 1416 4361 τῷ
1456 4290 1646 4363 βιϐλίῳ
1685 4294 1794 4350 εἰσὶ

204 4374 583 4448 γεγραμμένοι
609 4377 704 4431 καὶ
726 4379 923 4450 οἱπερὶ
948 4379 1211 4450 Προνοίας
1233 4380 1380 4449 λόγοι
1410 4383 1504 4436 κα)⁴
1535 4383 1789 4453 κρίσεως,

1972 3191 2141 3247 Vsus.
2172 3193 2260 3247 15.
2300 3192 2438 3258 Quia
2466 3202 2522 3247 tu
2545 3194 2821 3263 possedisti
2844 3211 2989 3249 renes
3012 3211 3175 3262 meos,
3207 3202 3312 3248 etc.
3340 3192 3474 3250 Bea-

1902 3291 1989 3339 tus
2021 3283 2176 3355 cujus
2213 3299 2372 3340 renes
2393 3287 2666 3355 possessio
2693 3286 2788 3341 Dei
2822 3286 2948 3342 facti
2975 3296 3124 3342 sunt.

1969 3463 2133 3518 Vsus.
2165 3462 2251 3517 15.
2281 3460 2408 3516 Non
2456 3473 2530 3516 est
2552 3462 2875 3518 occultatum
2903 3480 2961 3518 os
2991 3479 3161 3517 meum
3193 3481 3224 3516 a
3256 3474 3304 3516 te
3337 3461 3476 3532 quod

1898 3554 2069 3624 fecisti
2098 3556 2156 3608 in
2198 3555 2429 3620 occulto,
2464 3565 2571 3610 etc.
2625 3556 2699 3611 Os
2738 3558 2841 3612 hoc
2880 3556 3001 3612 loco
3032 3557 3271 3610 animam
3314 3571 3472 3609 voca-

1896 3648 1997 3710 vit,
2022 3662 2182 3716 quam
2220 3646 2369 3701 solus
2406 3648 2547 3701 Deus
2575 3647 2722 3702 fecit.

1972 3737 2135 3794 Vens.
2164 3739 2251 3793 16.
2292 3737 2663 3808 Imperfectum
2690 3754 2859 3792 meum
2915 3737 3156 3792 viderunt
3201 3737 3340 3789 oculi
3369 3738 3468 3801 tui,

1896 3839 2006 3886 etc.
2038 3829 2417 3899 Imperfectum
2441 3868 2458 3893 ,
2503 3833 2681 3884 anima
2729 3840 2814 3885 est
2852 3844 2971 3899 quae
3001 3844 3096 3898 per
3126 3829 3381 3882 virtutem
3416 3838 3472 3884 e'.

1895 3919 2178 3975 scientiam
2210 3917 2440 3971 formata
2473 3933 2578 3971 non
2607 3928 2709 3972 est.

1964 4010 2097 4065 Ista.
2133 4007 2202 4062 Et
2229 4010 2283 4063 in
2309 4009 2442 4063 libro
2466 4019 2558 4061 tuo
2592 4024 2770 4063 omnes
2801 4005 3115 4073 scribentur,
3137 4016 3240 4061 etc.
3270 4005 3471 4076 Corpo-

1895 4115 2114 4157 reorum
2149 4108 2205 4156 et
2254 4102 2699 4168 incorporeorum
2755 4098 3143 4167 contemplatio
3190 4098 3325 4153 liber
3368 4099 3468 4155 Dei

1894 4204 2001 4257 est,
2032 4193 2086 4247 in
2115 4207 2222 4262 quo
2256 4208 2353 4263 per
2396 4192 2677 4247 scientiam
2720 4191 2888 4246 scribi
2932 4192 3075 4246 solet
3116 4205 3270 4245 mens
3302 4206 3458 4261 pura.

1892 4283 1949 4339 In
1976 4285 2079 4339 hoc
2110 4293 2288 4338 autem
2321 4283 2459 4339 libro
2483 4283 2704 4352 scripta:
2744 4290 2872 4337 sunt
2900 4282 3061 4336 etiam
3095 4282 3462 4338 Providentiae

1893 4389 1948 4434 et
1973 4377 2164 4449 judicii
2200 4376 2458 4440 rationes,
2515 4385 2569 4429 et
2626 4388 2723 4445 per
2771 4389 2894 4430 eum
2938 4376 3286 4446 cognoscitur
3319 4377 3465 4431 Deus

205 4466 272 4521 δι’
298 4461 360 4522 οὗ
388 4466 594 4537 βιϐλίου
624 4468 951 4539 γινώσκεται
991 4471 1020 4523 ὁ
1046 4469 1178 4535 Θεὸς
1218 4471 1293 4536 ὡς
1332 4472 1662 4546 δημιουργὸς
1700 4477 1794 4531 καὶ

1915 4485 2154 4540 anquam
2182 4468 2387 4539 opifex,
2416 4468 2656 4538 sapiens,
2686 4469 2935 4537 provisor
2964 4479 3017 4524 et
3040 4469 3204 4537 judex
3236 4486 3251 4523 :
3281 4467 3464 4538 opifex

209 4560 374 4631 σοφὸς
407 4562 501 4615 καὶ⁸
534 4562 841 4634 προνοητὴς
894 4563 990 4616 καὶ
1041 4564 1266 4636 κριτής’
1319 4565 1415 4619 καὶ
1464 4566 1794 4638 δημιουργὸς

212 4652 309 4721 μὲν
338 4650 428 4705 διὰ
457 4651 526 4706 τὰ
558 4653 821 4722 γεγονότα
846 4654 956 4708 ἀπὸ
979 4653 1073 4707 τοῦ
1106 4653 1180 4726 μὴ
1206 4655 1357 4721 ὄντος
1384 4658 1464 4721 είς
1494 4657 1558 4710 τὸ
1608 4654 1746 4714 εἶναι
1772 4676 1786 4689 ·

209 4743 372 4813 σοφὸς
393 4742 451 4796 δὲ
470 4743 558 4798 διὰ
588 4745 716 4808 τοὺς
742 4746 1136 4816 ἀποκειμένους
1168 4747 1360 4817 λόγους
1408 4751 1578 4822 αὐτῆς
1596 4768 1609 4782 ο
1658 4768 1791 4820 προ-

207 4834 405 4905 νοητῆς
433 4833 491 4887 δὲ
516 4834 605 4888 διὰ
626 4834 699 4889 τὰ
724 4835 1081 4893 συντελοῦντα
1124 4838 1260 4910 πρὸς
1295 4841 1496 4912 ἀρετὴν
1524 4844 1654 4914 ἡμῖν
1696 4843 1791 4897 καὶ

211 4924 438 4992 γνῶσινο
466 4924 661 4997 κριτὴς
687 4926 745 4980 δὲ
771 4926 932 4981 πάλιν
961 4928 1050 4981 διὰ
1073 4930 1142 4983 τὰ
1162 4931 1395 5004 διάφορα
1422 4932 1648 5004 σώματα
1681 4935 1789 4990 τῶν

208 5014 463 5085 λογικῶν,
497 5017 591 5070 καὶ
614 5018 741 5083 τοὺς
766 5019 1043 5084 ποικίλους
1069 5021 1325 5093 κόσμους,
1352 5024 1447 5078 καὶ
1472 5025 1598 5089 τοὺς
1627 5043 1783 5100 περι-

213 5107 429 5180 έχοντας
453 5108 581 5173 τοὺς
604 5107 827 5172 αἰῶνας.

289 5196 514 5268 Ἡμέραι
545 5199 1003 5267 «monemus
1046 5202 1147 5256 καὶ
1184 5203 1381 5270 οὐθεὶς
1441 5206 1511 5260 ἐν
1556 5207 1777 5274 αὐτοῖς,

214 5304 268 5344 κ.
298 5306 346 5343 τ.
370 5290 419 5344 ἑ.
474 5290 561 5346 Ἐν
614 5289 813 5361 γνώσει
835 5290 949 5365 (60)
993 5292 1414 5366 πλασθήσονται,
1459 5297 1555 5352 καὶ
1602 5298 1778 5365 οὐδεὶς

1893 4564 2110 4636 quidem
2140 4571 2362 4632 propter
2389 4576 2453 4615 ea
2486 4577 2609 4631 quae
2654 4576 2721 4616 ex
2773 4562 2944 4616 nihilo
2985 4560 3127 4615 facta
3177 4571 3336 4627 sunt;
3374 4576 3464 4615 sa-

1891 4656 2048 4725 piens
2093 4664 2315 4723 propter
2361 4652 2667 4707 recouditas
2709 4652 2828 4721 ejus
2883 4652 3164 4717 rationes;
3220 4652 3479 4721 provisot’

1891 4756 2112 4817 pr0pter
2165 4744 2368 4799 auxilia
2433 4745 2592 4800 nobis
2632 4745 2699 4799 ad
2749 4745 3009 4799 virtutem
3067 4754 3124 4798 et
3174 4744 3459 4798 scientiam

1893 4837 2301 4908 adipiscendam
2329 4839 2603 4908 impertita
2630 4854 2646 4902 ;
2675 4837 2840 4907 judex
2858 4836 3093 4906 denique
3119 4846 3339 4906 prepter
3366 4851 3462 4889 va-

1890 4930 1970 4985 ria
2026 4928 2425 4984 rationabilium
2458 4942 2832 4985 creaturarum
2864 4944 3091 4998 corpora
3113 4970 3128 4995 ,
3164 4939 3219 4983 et
3269 4928 3453 4983 varios

1889 5020 2140 5087 mundos,
2176 5035 2384 5075 necnon
2417 5036 2510 5075 eos
2534 5023 2731 5091 quibus
2756 5022 2952 5077 sarcula
2986 5024 3351 5078 continentur.

1951 5198 2079 5254 IBID.
2143 5199 2267 5255 Dies
2327 5200 2693 5270 formabuntur
2747 5212 2796 5257 et
2855 5218 3004 5257 nemo
3054 5203 3110 5256 in
3164 5204 3276 5267 eis,
3345 5209 3451 5259 etc.

1880 5292 1939 5348 In
2000 5294 2229 5351 scientia
2270 5293 2678 5360 formabuntur,
2747 5306 2804 5351 et
2861 5311 3020 5351 nemo
3061 5305 3214 5350 extra
3274 5295 3453 5350 scien-

277 5405 320 5438 ³¹
344 5407 531 5466 Amos.
565 5423 645 5478 Ix,
673 5409 702 5466 t
736 5423 792 5468 et
820 5425 974 5483 seqq.
1050 5411 1096 5446 ³⁸
1122 5410 1281 5469 Rom.
1311 5427 1354 5480 ι,
1380 5413 1472 5471 Et.
1548 5414 1617 5448 ³³⁸
1638 5414 1864 5487 Joan.1,
1886 5415 1940 5476 5.

285 5527 390 5604 (ἕξ)
424 5532 491 5585 El
524 5532 827 5604 narrata,
852 5544 963 5591 etc.
993 5534 1220 5592 Schedaa
1249 5533 1456 5595 Grabii.

287 5598 391 5672 ςξθ)
419 5598 736 5672 Μακάριος,
765 5598 874 5662 etc.
899 5606 1100 5661 Catena
1143 5605 1410 5664 Corderii.

287 5664 393 5731 (57)
431 5664 832 5741 ὀπόῦνξεια
865 5678 1091 5734 Scaeuae
1126 5675 1338 5734 Grabii.

1971 5536 2062 5610 58)
2104 5536 2588 5610 'Axarépraatpr,
2619 5543 2747 5610 etc.“
2758 5534 2991 5610 Eaedem.

1972 5604 2062 5678 59)
2086 5604 2532 5678 Βιϐλίων-Θεοῦ,
2564 5615 2683 5678 etc:
2708 5604 2944 5660 Ezedeut.

1953 5675 2066 5752 (60)
2115 5679 2217 5733 Ἐν
2242 5675 2477 5749 γνώσει,
2513 5686 2620 5735 etc.
2644 5675 2880 5732 Emdem.
