3928 6158
467 199 607 257 1663
1856 180 1943 236 EX
1970 175 2056 236 οη

2168 176 2277 232 ΞΝΕ
3578 166 3731 224 166-1

469 313 593 365 tiam
671 309 817 373 erit,
889 313 949 360 ut
1011 305 1082 361 sit
1148 303 1290 360 Deus
1358 301 1539 358 omnia
1621 299 1678 355 in
1740 297 2056 354 omnibus.)

2172 308 2291 344 σται
2324 287 2576 358 γνώσεως
2591 284 2765 352 ἐκτὸς,
2797 285 2944 349 ὅπως
2963 283 3188 355 γένηται
3217 283 3249 337 6
3272 280 3407 346 Θεὸς
3443 280 3519 335 τὲ
3544 282 3735 336 πάντα

2133 385 2191 436 ὲν
2214 384 2398 436 πᾶσιν.

538 488 704 543 Vens.
748 486 835 543 18.
883 485 1200 551 Επδιινι-ετί,
1251 492 1303 537 et
1340 481 1514 537 adhuc
1559 495 1679 534 sum
1708 487 1899 543 tecum,
1926 486 2034 535 etc.

2217 473 2591 544 Ἐξηγέρθην,
2622 470 2717 525 καί
2744 470 2834 524 ἔτι
2858 468 2974 539 εἰμὶ
2995 468 3148 539 μετὰ
3170 467 3311 533 σοῦ,
3342 484 3398 520 κ.
3424 484 3482 518 τ.
3521 465 3573 520 ἑ.
3609 485 3632 517 ι
3672 466 3737 520 Ὁ

475 599 496 631 ‹
540 580 640 646 Qui
677 577 902 642 dormis,
935 586 990 630 et
1013 590 1246 645 exsurge
1280 589 1311 628 a
1338 571 1592 636 mortuis,
1624 578 1678 625 et
1709 569 2038 623 illuminahit

2168 564 2409 619 ,αθεύδων
2434 563 2569 634 (61),
2599 563 2692 616 καὶ
2714 562 2920 615 ἀνάστα
2945 562 3009 613 ὲκ
3040 558 3146 612 τῶν
3178 557 3410 629 νεκρῶν,
3456 557 3560 609 καὶ
3604 558 3743 609 ἐπι-

472 682 525 727 te
551 672 797 726 Christus
825 671 969 723 ³⁸⁸⁸.)
992 668 1329 738 Quapropter
1360 665 1688 723 resurrectio
1715 672 1800 719 est
1831 663 2038 717 reditus

2168 657 2332 709 ιαύσει
2361 673 2441 709 σοι
2473 658 2501 708 ὁ
2528 655 2758 727 Χριστός
2777 670 2791 683 ο
2824 672 2843 704 ι
2877 652 2957 704 διὸ
2986 649 3202 722 έγερσίς
3236 649 3387 703 ἐστιν
3416 649 3451 719 ἠ
3480 646 3594 701 ἀπὸ
3624 664 3739 701 κο-

471 779 503 818 a
535 762 663 816 vitio
692 763 756 815 ad
787 762 1066 816 virtutem.

2168 750 2265 812 είας
2299 750 2384 801 ἐπ’
2412 747 2610 818 ἀρετὴν
2649 745 2920 808 ἐπάνοδος.

546 852 706 906 Vens.
732 850 821 904 22.
848 848 1090 919 Perfecto
1114 849 1233 902 odio
1255 849 1469 901 oderam
1501 845 1645 910 illos,
1673 854 1781 901 etc.
1812 842 1868 897 Si
1914 856 2039 911 per-

2220 839 2453 893 Τέλειον
2471 839 2652 909 μῖσος
2704 839 2958 907 ἐμίσουν
2993 835 3237 902 αὐτοὺς,
3275 852 3333 890 κ.
3374 853 3426 888 τ.
3456 835 3511 887 ὲ.
3570 835 3635 887 Εἰ
3702 836 3732 887 ὁ

473 942 672 1006 fectus,
703 941 787 997 cui
825 941 1024 995 malum
1049 941 1173 995 odio
1204 948 1307 1005 est,
1352 938 1421 993 ab
1450 937 1599 993 omni
1633 935 1838 990 malitia
1868 933 2037 987 absti-

2168 928 2341 994 τέλειος
2371 927 2503 1000 (62),
2541 929 2776 1000 μισήσας
2811 929 2872 983 τὸ
2927 928 3179 998 πονηρὸν,
3210 927 3477 997 ἀπέχεται
3543 927 3735 995 πάσης

474 1040 584 1097 net,
615 1032 663 1086 is
692 1032 781 1100 qui
814 1031 1209 1100 qualiscunque
1253 1044 1442 1085 eorum
1495 1027 1715 1082 malitia:
1758 1025 2034 1095 particeps

2168 1020 2364 1083 ιακίας,
2408 1022 2437 1073 6
2468 1018 2889 1090 μεταλαμϐάνων
2937 1019 3033 1089 τῆς
3075 1016 3470 1088 οίασδηποτοῦν
3523 1017 3733 1080 κακίας

475 1133 557 1178 est
597 1123 838 1189 perfecto
868 1123 997 1176 odio
1025 1138 1129 1176 non
1159 1122 1275 1175 odit
1304 1120 1525 1175 malum.

548 1213 709 1269 Vens.
729 1215 819 1269 28.
857 1212 1036 1267 Proba
1059 1230 1158 1277 me,
1176 1213 1339 1277 Deus,
1369 1223 1413 1266 et
1433 1212 1561 1266 scito
1589 1225 1680 1264 cor
1704 1224 1897 1272 meum,
1927 1214 2037 1261 etc.

2145 1108 2323 1163 αὐτῶν
2347 1109 2563 1173 τελείως
2591 1110 2651 1163 οὐ
2676 1110 2947 1181 μεμίσηκε
2965 1110 3026 1162 τὸ
3056 1109 3309 1179 πονηρόν.

2215 1202 2550 1271 Δοκιμασόν
2570 1219 2666 1270 με,
2701 1206 2733 1256 ό
2775 1201 3041 1270 Θεὸς,καί
3084 1200 3259 1271 γνῶθι
3292 1201 3409 1268 τὴν
3462 1199 3736 1269 καρδίαν

479 1304 536 1359 Si
572 1305 711 1361 Deus
739 1304 879 1373 ignis
908 1319 1230 1359 consumens
1251 1315 1354 1369 est,
1388 1302 1575 1371 utique
1604 1308 1868 1370 quatenus
1899 1297 2043 1353 velut

2168 1309 2283 1356 ιον,
2306 1311 2361 1349 κ.
2392 1312 2443 1347 τ.
2478 1296 2524 1349 ὲ.
2549 1296 2610 1347 Ei
2633 1296 2661 1347 6
2684 1294 2817 1357 Θεὸς
2849 1293 2956 1362 (65)
2988 1289 3099 1363 πῦρ
3139 1292 3545 1347 καταναλίσκον
3588 1294 3735 1356 ἐστὶ,

477 1393 619 1465 ignis
648 1395 1042 1461 consideratur,
1075 1394 1353 1450 hominum
1382 1395 1591 1451 animas
1620 1391 1833 1464 probat.

958 1650 1282 1707 PSALMUS
1319 1648 1613 1707 CXXXIX.

555 1740 717 1796 Vens.
751 1740 803 1797 5.
840 1742 945 1808 Qui
995 1744 1350 1812 cogitaverunt
1384 1744 1722 1811 iniquitatem
1766 1743 1823 1797 in
1856 1746 2045 1813 corde,

483 1840 593 1887 tota
619 1834 702 1888 die
733 1833 1117 1888 constituebant
1147 1833 1356 1901 prwlia,
1388 1844 1494 1887 etc.
1546 1833 1652 1887 Per
1692 1836 2050 1904 cogitationes

486 1928 771 1981 adversum
824 1941 928 1980 nos
964 1926 1235 1980 dmmones
1270 1926 1610 1980 constituunt
1659 1928 1864 1994 praelia,
1922 1930 2047 1984 dum

484 2019 753 2074 interdum
783 2018 1075 2080 desideria,
1110 2019 1381 2073 interdum
1413 2023 1548 2085 iras,
1584 2020 1719 2075 alias
1752 2037 1963 2075 rursum
1995 2024 2046 2077 in

483 2111 671 2165 eodem
701 2110 917 2163 homine
935 2109 1173 2163 excitant
1192 2109 1429 2163 furorem
1453 2120 1507 2164 et
1524 2113 2047 2183 concupiscentiam;

483 2204 624 2258 unde
657 2203 897 2257 nascitur
921 2218 985 2257 ea
1014 2218 1134 2273 qua:
1159 2203 1409 2272 perplexa
1438 2202 1635 2261 dicitur
1657 2206 1934 2275 cogitatio,
1958 2207 2052 2261 sed

484 2295 600 2348 haec
632 2304 872 2364 tempore
906 2297 1156 2351 maeroris
1200 2296 1374 2349 solum
1420 2297 1640 2363 accidit,
1673 2306 1881 2352 caeteras
1924 2314 2052 2353 vero

486 2387 656 2458 838
682 2403 747 2442 ex
779 2387 1063 2443 intervallo
1099 2395 1498 2456 superveniunt
1545 2404 1666 2445 sese
1701 2391 1929 2445 invicem
1959 2407 2055 2447 ex-

486 2480 771 2547 cipientes.
800 2479 869 2531 At
903 2479 1151 2531 mmroris
1183 2480 1564 2548 cogitationem
1597 2481 1650 2535 in
1681 2482 1770 2535 illa
1799 2483 1886 2537 die
1909 2484 2053 2538 nulla

485 2569 687 2638 excipit
714 2569 995 2639 cogitatio,
1026 2570 1256 2639 primum
1295 2571 1420 2639 quia
1469 2570 1628 2640 longo
1656 2572 1817 2627 durat
1848 2582 2055 2645 tempo-

485 2674 581 2724 re;
632 2661 826 2716 deinde
852 2662 974 2730 quia
1009 2663 1173 2715 etiam
1203 2676 1393 2717 omnes
1434 2666 1823 2733 propemodum
1852 2667 2055 2737 cogita-

488 2754 660 2807 tiones
687 2754 738 2806 in
770 2769 827 2807 se
852 2753 1033 2807 habet.

559 2846 725 2901 Vens.
756 2846 810 2904 4,
842 2846 1106 2900 Acuerunt
1131 2847 1339 2918 linguas
1362 2863 1487 2904 suas
1502 2848 1635 2902 sicut
1659 2850 2053 2919 scrpenlis,etc.

487 2938 825 2993 Acerrimam
850 2940 1270 3008 cogitationem,
1302 2949 1520 2996 acutam
1561 2950 1737 2996 vocat.
1780 2942 2053 3006 Ejusmodi

489 3030 749 3084 estetiam
769 3029 853 3083 illa
878 3031 1132 3101 cogitatio
1153 3046 1275 3101 qua:
1302 3040 1533 3087 mentem
1566 3033 1632 3088 ad
1666 3033 2056 3102 blasphemiam

491 3122 713 3189 abripit.

566 3213 730 3268 Vens.
781 3213 835 3268 6.
882 3213 989 3280 Qui
1035 3215 1396 3284 cogitaverunt
1455 3214 1797 3285 supplantare
1850 3235 2060 3288 gressus

492 3322 655 3372 meos,
697 3315 802 3360 etc.
827 3305 966 3372 Quin
1004 3315 1057 3359 et
1088 3306 1257 3359 malas
1285 3306 1641 3373 cogitationes
1676 3322 1818 3376 saepe
1856 3309 2062 3362 daemo-

492 3414 591 3453 nes
621 3415 726 3453 non
750 3399 919 3453 nudas
942 3399 1098 3452 nobis
1132 3399 1404 3466 ingerunt,
1437 3413 1507 3453 ne
1540 3414 1691 3454 mens
1717 3400 1904 3453 statim
1937 3415 2063 3468 per-

493 3499 676 3558 specta
726 3490 943 3544 illarum
987 3491 1323 3545 absurditate
1365 3505 1460 3545 eas
1507 3490 1754 3558 rejiciat,
1799 3493 1894 3545 sed
1938 3508 2058 3546 cum

494 3580 614 3634 aliis
650 3581 977 3651 quibusdam
1024 3580 1443 3651 cogitationibus
1486 3594 1605 3649 qua:
1647 3582 1883 3650 speciem
1932 3583 2059 3637 boni

492 3690 604 3746 prae
636 3690 697 3729 se
727 3674 927 3740 ferunt,
977 3674 1148 3728 malas
1193 3674 1552 3741 cogitationes
1598 3675 2059 3731 interseniinant:

497 3768 659 3838 idque
687 3769 857 3822 solum
886 3769 1091 3822 faciunt
1118 3769 1170 3822 in
1204 3768 1457 3837 perfectis
1492 3769 1584 3836 qui
1622 3767 1915 3822 affectuum
1961 3784 2060 3823 ex-

493 3872 675 3931 pertes
705 3870 830 3915 sunt
862 3879 876 3915 :
911 3877 1033 3914 nam
1067 3862 1131 3915 iis
1166 3861 1256 3931 qui
1294 3859 1575 3915 affectibus
1603 3870 1729 3914 sunt
1759 3861 1978 3914 obnoxii
2012 3871 2065 3916 et

498 3951 761 4005 immundi
793 3961 940 4019 sunt,
976 3953 1141 4005 etiam
1182 3963 1367 4023 aperte
1416 3952 1664 4021 injiciunt
1703 3952 2063 4022 cogitationes

497 4058 633 4113 quas
666 4044 940 4112 expeliere
971 4052 1268 4112 nequeunt.

569 4133 735 4189 Vens.
779 4135 866 4187 ll.
907 4136 1108 4189 Cadent
1138 4152 1294 4203 super
1331 4152 1418 4189 eos
1459 4134 1708 4189 carbones
1747 4134 1916 4203 ignis,
1958 4146 2061 4189 etc.

499 4224 642 4294 Ignis
672 4226 773 4280 iste
807 4235 861 4278 et
898 4226 949 4279 hi
982 4227 1266 4291 carbones,
1297 4228 1501 4281 urendo
1530 4227 1695 4295 ligna,
1728 4225 1932 4291 fenum,
1961 4227 2061 4281 sti-

500 4318 703 4391 pulam,
734 4332 1016 4387 perversos
1051 4318 1268 4373 habitus
1296 4328 1644 4372 consumunt.

576 4504 737 4558 Vens.
769 4503 856 4556 15.
889 4498 1118 4568 Cognovi
1163 4497 1286 4568 quia
1313 4498 1470 4566 faciet
1510 4497 1769 4551 Dominus
1799 4495 2060 4566 judicium

500 4596 669 4664 inopis
691 4604 738 4649 et
769 4594 1052 4648 uindictam
1075 4606 1382 4660 pauperum,
1410 4601 1516 4645 etc.
1540 4588 1863 4643 Vaticinium
1893 4596 1975 4641 est
1997 4588 2064 4641 de

504 4688 686 4742 futuro
708 4685 930 4755 judicio,
958 4686 1011 4739 in
1035 4698 1143 4753 quo
1170 4682 1347 4751 impiis
1373 4681 1481 4752 igni
1514 4681 1726 4736 traditis
1747 4679 1798 4733 in
1824 4679 2060 4748 requiem

499 4778 630 4848 justi
653 4783 1014 4830 assumentur.
1053 4774 1189 4827 Hinc
1214 4778 1379 4828 etiam
1405 4770 1662 4825 Salomon
1688 4770 1917 4824 utilitate
1941 4782 2062 4834 per-

506 4878 661 4936 cepta
699 4866 835 4919 dixit
869 4866 955 4917 ⁸³ι
998 4882 1017 4915 ι
1058 4862 1192 4930 Quia
1227 4878 1387 4917 omne
1421 4862 1626 4916 factum
1661 4860 1802 4916 Deus
1833 4859 2064 4914 adducet

505 4959 560 5013 in
594 4957 880 5027 judicium.
918 4975 937 5008 ι
974 4955 1122 5010 Bono
1172 4965 1352 5009 autem
1394 4956 1500 5008 fine
1536 4951 1831 5014 conclusit,
1889 4964 2062 5020 quan-

507 5052 796 5123 doquidem
832 5069 850 5102 ι
889 5050 940 5103 in
970 5050 1128 5104 finem
1165 5068 1183 5100 ι
1214 5048 1508 5116 inscriptus
1532 5053 1635 5112 est,
1688 5042 1742 5097 id
1768 5048 1851 5096 est
1916 5056 2063 5111 spem

498 5139 662 5211 justis
694 5137 1009 5210 repositam.
1035 5156 1053 5187 ι
1075 5135 1406 5192 Habitabuut
1436 5135 1567 5191 recti
1589 5147 1713 5187 cum
1735 5130 1886 5185 vultu
1915 5138 2026 5186 tuo.
2044 5148 2063 5182 ι

580 5285 676 5317 δι’*
707 5282 905 5353 Ephes.
932 5297 988 5348 ν.
1013 5280 1105 5336 id.
1173 5281 1222 5314 ³³
1249 5281 1394 5338 Eccl.
1423 5295 1522 5346 xu,
1545 5278 1635 5333 ll.

582 5430 695 5503 (6|)
731 5432 793 5486 Ὀ
821 5432 1144 5497 καθεύδων,
1172 5439 1280 5486 etc.
1314 5428 1547 5503 _Sch_edae
1570 5427 1775 5485 Grabii.

585 5501 697 5571 (62)
732 5505 803 5555 El
828 5507 860 5555 ό
898 5503 1144 5567 τέλειος,
1174 5511 1278 5556 etc.
1311 5501 1543 5554 Emdem.

587 5572 700 5639 (65)
726 5574 798 5624 Et
825 5575 857 5624 ὁ
887 5573 1051 5639 Θεός,
1078 5582 1186 5629 etc.
1218 5571 1452 5626 Eaedem.

586 5637 697 5715 (64)
724 5644 829 5695 Διὰ
859 5637 995 5706 τῶν,
1026 5649 1132 5697 etc.
1164 5640 1401 5696 Eaedem.

2086 1661 2131 1717 Β

2147 1382 2236 1437 διὰ
2256 1386 2356 1456 τῆς
2388 1386 2628 1448 ἐπινοίας
2670 1385 2910 1456 δηλονότι
2937 1383 3033 1438 τοῦ
3074 1384 3247 1455 πυρὸς
3286 1383 3583 1456 δοκιμάζει
3630 1384 3737 1449 τὰς

2149 1478 2324 1551 ψυχὰς
2349 1481 2456 1536 τῶν
2484 1479 2804 1553 ἀνθρώπων.

2691 1654 2969 1710 ΦΑΛΜΟΣ
3005 1654 3173 1713 PAG’.

2224 1749 2449 1814 Οἵτινες
2475 1747 2831 1817 ὲλοτίσαντο
2881 1750 3121 1804 ἀδικίαν
3157 1750 3228 1804 ἐν
3274 1750 3515 1820 καρδίᾳ,
3574 1750 3741 1817 ὅλην

2147 1841 2262 1909 τὴν
2298 1840 2525 1909 ἡμέραν
2558 1839 3009 1907 παρετάσσοντο
3037 1842 3355 1911 πολέμους,
3386 1860 3441 1896 κ.
3467 1861 3522 1896 τ.
3551 1844 3605 1896 ἑ.
3625 1843 3732 1896 Διά

2147 1932 2253 1985 τῶν
2283 1932 2392 2001 (64)
2422 1931 2693 2002 λογισμῶν
2722 1934 2852 2003 ἡμῖν
2880 1935 2930 1986 οἱ
2961 1933 3207 2004 δαίμονες
3251 1936 3735 2006 παρατάσσονται,

2150 2024 2278 2077 ποτε
2312 2025 2408 2094 μὲν
2429 2023 2722 2094 ἐπιθυμίας
2753 2025 3048 2089 κινοῦντες,
3080 2027 3205 2079 ποτε
3228 2027 3282 2080 δὲ
3311 2027 3501 2099 ὀργὰς,

2151 2117 2312 2170 πάλιν
2342 2118 2397 2170 ὲν
2422 2114 2600 2185 ταυτῷ
2620 2115 2789 2185 Θυμὸν
2816 2116 2910 2170 καὶ
2935 2118 3244 2188 ἐπιθυμίαν,
3265 2119 3334 2172 δι’
3361 2113 3438 2173 ὧν
3462 2119 3686 2187 γίνεται
3711 2123 3742 2173 6

2149 2208 2438 2279 λεγόμενος
2458 2209 2829 2278 πεπλεγμένος
2852 2210 3123 2278 λογισμός·
3149 2210 3260 2265 ἀλλ’
3283 2206 3440 2275 οὗτος
3466 2213 3523 2264 ὲν
3550 2213 3737 2283 καιρῷ

2150 2301 2248 2370 τῆς
2283 2300 2511 2371 ἁκηδίας
2553 2300 2837 2369 συμϐαίνει
2901 2303 3078 2371 μόνον,
3107 2304 3157 2355 οἱ
3202 2303 3249 2355 δ’
3278 2302 3428 2356 ἄλλοι
3481 2305 3546 2356 ἐκ
3611 2305 3734 2357 δια-

2151 2391 2448 2462 λείμματος
2476 2392 2798 2462 ἐπέρχονται
2837 2393 3095 2463 ἀλλήλους
3120 2394 3505 2463 διαδεχόμενοι.
3535 2396 3650 2448 Τὸν
3678 2397 3735 2449 δὲ

2151 2485 2249 2555 τῆς
2288 2485 2514 2556 ἁκηδίας
2540 2486 2795 2555 λογισμὸν
2826 2487 2945 2539 κατ’
2978 2486 3190 2557 ἐκείνην
3230 2488 3328 2556 τὴν
3367 2486 3588 2559 ἡμέραν
3637 2490 3732 2542 οὐ-

2152 2576 2259 2640 δεὶς
2295 2576 2590 2647 διαδέχεται
2644 2578 3010 2648 διαλογισμὸς,
3069 2578 3283 2650 πρῶτον
3331 2580 3452 2650 μὲν,
3503 2582 3589 2633 ὅτι
3636 2583 3731 2634 καὶ

2152 2669 2405 2740 χρονίζει,
2434 2670 2621 2724 ἔπειτα
2645 2671 2702 2724 δὲ
2747 2671 2841 2724 καὶ
2881 2671 3066 2742 σχεδὸν
3119 2671 3324 2736 πάντας
3373 2674 3503 2737 τοὺς
3549 2673 3732 2742 λογισ-

2159 2763 2294 2832 μοὺς
2328 2761 2437 2832 ἔχει
2459 2763 2516 2817 ὲν
2548 2762 2744 2834 ἑαυτῷ.
3317 2747 3333 2759 ς

2242 2857 2573 2921 Ἠκόνησαν
2605 2854 2719 2923 τὴν·
2755 2854 3042 2926 γλῶσσαν
3080 2855 3279 2910 αὐτῶν
3316 2857 3466 2911 ὡσεί
3521 2858 3723 2926 ὄφεως,

2158 2966 2210 3001 κ.
2235 2965 2285 3000 τ.
2318 2949 2364 3001 ὲ.
2391 2949 2492 3001 Τὸν
2512 2947 2764 3014 ὀξύτατον
2790 2947 2898 3013 (65)
2923 2949 3179 3019 λογισμὸν
3206 2949 3547 3019 ἠκονημένον
3560 2950 3723 3017 λέγει.

2159 3040 2406 3104 Τοιοῦτος
2437 3041 2491 3094 δὲ
2517 3042 2610 3095 καὶ
2636 3044 2665 3095 6
2687 3042 2823 3114 πρὸς
2852 3041 3196 3112 βλασφημίαν
3220 3036 3309 3095 τὸν
3342 3042 3467 3095 νοῦν
3490 3044 3725 3116 ὑφαρπά-

2163 3132 2271 3197 ζων
2298 3131 2575 3201 λογισμός.

2243 3222 2469 3286 Οἳτινες
2497 3220 2639 3275 διελ
2659 3221 2905 3291 riam-to
2930 3222 3036 3275 τοῦ
3060 3223 3465 3276 ὑποσκελίσαι
3512 3224 3587 3277 τὰ
3610 3223 3728 3278 δια-

2162 3307 2389 3378 ὅήματά
2403 3329 2543 3380 μου,
2574 3328 2627 3364 κ.
2656 3328 2705 3363 τ.
2737 3312 2785 3364 ἑ.
2828 3310 2986 3363 Ἀλλά
3014 3312 3107 3364 καὶ
3133 3310 3241 3379 (66)
3284 3311 3355 3364 τὰ
3384 3311 3567 3381 φαῦλα
3611 3315 3726 3382 νοή-

2164 3414 2308 3468 ματα
2354 3399 2608 3463 πολλάκις
2646 3401 2696 3452 οί
2741 3400 2990 3469 δαίμονες
3046 3401 3108 3454 οὐ
3151 3399 3335 3470 γυμνά
3385 3402 3723 3454 ἀποτίθενται

2162 3489 2309 3559 ἡμῖν,
2343 3489 2428 3543 ἵνα
2460 3488 2582 3559 μὴὸ
2609 3490 2732 3553 νοῦς
2760 3490 3014 3561 ἄντικρυς
3030 3491 3089 3544 τὺ
3116 3491 3306 3558 ἄλογον
3331 3491 3512 3544 αὐτῶν
3538 3492 3726 3546 Θεασά-

2165 3595 2355 3648 μενος,
2383 3580 2509 3642 τοὺς
2533 3581 2818 3649 λογισμοὺς
2851 3582 3159 3655 ἀπορῤίψῃυ
3192 3582 3327 3636 ἀλλὰ
3373 3584 3515 3654 μετὰ
3569 3602 3722 3637 τινων

2162 3670 2337 3725 ἄλλων
2366 3673 2754 3742 χρηστοφανῶν
2782 3674 3066 3744 νοημάτων
3106 3676 3174 3727 τὰ
3218 3676 3429 3747 πονηρά
3481 3680 3719 3747 νοήματα

2164 3763 2568 3834 ἐπισπείρουσι·
2626 3765 2720 3817 καὶ
2774 3765 2928 3819 τοῦτο
2997 3768 3153 3836 μόνον
3195 3769 3285 3820 ἐπὶ
3352 3767 3461 3821 τῶν
3514 3770 3725 3822 τελείων

2171 3856 2403 3921 ποιοῦσι,
2433 3857 2540 3909 τῶν
2575 3858 2648 3928 μὴ
2681 3858 2909 3928 ἑχόντων
2950 3859 3126 3929 πάθη·
3180 3864 3290 3924 τοῖς
3320 3860 3429 3933 γὰρ
3462 3863 3720 3933 ἐμπαθέσι

2164 3947 2258 3999 καὶ
2283 3948 2607 4021 ἀκαθάρτοις
2637 3951 2732 4003 καὶ
2767 3951 3013 4022 φανερῶς
3038 3952 3364 4022 ἐμϐάλλουσι
3390 3955 3520 4018 τοὺς
3546 3955 3721 4024 λογισ-

2167 4037 2321 4105 μοὺς,
2354 4036 2447 4101 οὒς
2474 4037 2796 4092 ἀπώσασθαι
2819 4040 3189 4096 ἀδυνατοῦσιν.

2232 4129 2565 4183 Ῑιεσοῦνται
2592 4131 2683 4183 ἐπ’
2710 4133 2930 4198 αὐτοὺς
2958 4132 3254 4200 ἄνθρακες
3290 4133 3501 4201 πυρὸς,
3538 4152 3592 4187 κ.
3609 4153 3655 4187 τ.
3675 4138 3717 4188 ὲ.

2167 4219 2336 4275 Τοῦτο
2379 4222 2440 4276 τὸ
2484 4223 2596 4293 (67)
2655 4224 2766 4294 πῦρ
2810 4226 2903 4277 καὶ
2951 4226 2998 4277 οἱ
3055 4224 3319 4295 ἄνθρακες
3378 4226 3716 4281 κατακαίουσι

2094 4332 2139 4387 ι)
2168 4311 2320 4377 ξύλα,
2352 4313 2563 4385 χόρτον,
2597 4314 2865 4387 καλάμην,
2895 4316 2992 4385 τὰς
3018 4316 3297 4389 μοχθηρὰς
3323 4317 3466 4383 ἕξεις
3496 4337 3716 4375 κατανα-

2169 4402 2444 4458 λίσκοντα.

2245 4495 2506 4564 Ἔτι-ων,
2547 4494 2636 4548 ὅτι
2683 4494 2919 4561 ποιήσει
2961 4498 3176 4563 Κύριος
3222 4497 3334 4565 τὴν
3366 4499 3570 4566 κρίσιν
3621 4499 3714 4553 τοῦ

2170 4586 2426 4654 πτωχοῦ,
2457 4587 2555 4640 καί
2585 4586 2699 4655 τὴν
2740 4587 2918 4655 δίκην
2961 4587 3077 4642 τῶν
3122 4588 3416 4656 πενήτων,
3475 4608 3528 4643 κ.
3579 4608 3626 4645 τ.
3669 4592 3710 4643 ἑ.

2169 4676 2477 4747 Προφητεία
2511 4677 2619 4748 (68)
2654 4679 2809 4732 τοῦτο
2841 4680 2966 4751 περὶ
2998 4678 3097 4748 τῆς
3152 4679 3446 4751 μελλούσης
3481 4681 3715 4750 κρίσεως,

2170 4766 2290 4821 καθ’
2339 4768 2405 4839 ἢν
2452 4768 2557 4822 τῶν
2603 4769 2814 4823 ἀσεϐῶν
2867 4769 2943 4840 τῷ
2997 4771 3131 4840 πυρὶ
3170 4770 3597 4842 παραδιδομένων
3645 4773 3711 4833 είς

2169 4858 2350 4911 ἄνεσιν
2397 4862 2445 4912 οἱ
2502 4861 2697 4914 δίκαιοι
2743 4860 3278 4931 παραληφθήσονται.
3329 4860 3598 4914 Ἐντεῦθεν
3633 4862 3711 4915 καὶ

2170 4946 2417 5018 Σολομὼν
2446 4949 2745 5019 ὠφεληθεὶς
2778 4948 2959 5003 εἶπεν
3008 4969 3026 5001 ι
3072 4950 3192 5002 Ὀτι
3231 4950 3340 5003 πᾶν
3370 4950 3431 5003 τὸ
3470 4950 3707 5020 ποίημαὸ

2170 5039 2301 5103 Θεὸς
2328 5040 2443 5104 ἄξει
2474 5045 2552 5105 είς
2584 5041 2783 5113 κρίσιν.
2820 5062 2839 5096 ι
2882 5043 2976 5105 Εἰς
3000 5043 3232 5113 χρηστὸν
3262 5042 3322 5095 δὲ
3374 5042 3525 5106 τέλος
3568 5041 3704 5095 κατέ-

2172 5131 2352 5200 ληξεν,
2380 5134 2502 5186 ἐπεὶ
2560 5135 2654 5189 καὶ
2706 5154 2726 5187 ί
2758 5136 2840 5198 εἰς
2893 5135 3043 5199 τέλος
3077 5154 3096 5189 ι
3150 5133 3575 5207 ἐπιγέγραπται,
3623 5132 3703 5204 τὴν

2281 5420 2370 5483 65)
2399 5419 2510 5475 Τὸν
2542 5417 2862 5483 ὀξύτατον,
2892 5427 2998 5472 etc.
3028 5413 3264 5469 Eaedem.

2281 5422 2349 5476 65
2399 5420 2510 5475 Τὸν
2542 5420 2862 5483 ὀξύτατον,
2892 5427 2998 5472 etc.
3029 5420 3146 5468 Eted

2255 5420 2370 5561 £66)
2419 5492 2596 5561 Ἇᾷλὰ
2623 5489 2742 5561 καί,
2777 5499 2893 5561 etc;
2915 5487 3146 5561 Eaedem.

2255 5557 2367 5631 (ΕΤ)
2395 5558 2576 5616 Τοῦτο
2605 5560 2692 5631 τό,
2723 5568 2828 5612 etc.
2854 5557 3083 5631 Ezedem.

2256 5622 2370 5706 (68)
2400 5630 2756 5702 Προφητεια,
2776 5639 2883 5685 etc.
2913 5626 3112 5683 Catena
3156 5622 3425 5680 Cordcrii.
