3928 6158
1238 151 1548 212 SELECTA
1589 158 1656 213 ΙΝ
1696 158 2037 219 PSALMOS.
2075 193 2145 207 —
2181 168 2377 226 PbAL.
2414 177 2596 229 CXLI.

150 556 285 610 πῳ
326 560 451 595 σου
494 562 513 595 ι
545 543 712 613 λέγει,
738 545 799 598 τὸ
824 545 1216 621 κεκαθαρμένη
1272 549 1481 624 διανοίᾳ
1534 552 1827 624 πρόσωπον

150 632 362 706 πρὸς
401 634 693 708 πρόσωπον
724 638 857 710 ὀρᾷν
884 640 977 693 τοῦ
1007 641 1164 695 Θεοῦ.

798 823 1090 879 ΨΑΛΜΟΣ
1128 826 1266 881 PM'.

2450 831 2774 891 PSALMUS
2813 834 2969 891 CXL.

265 914 777 983 Κατευθυνθήτω
808 918 847 985 ἡ
893 917 1204 987 προσευχὴ
1244 937 1365 988 μου
1422 921 1503 987 ὡς
1561 921 1781 991 θυμίαμ

2001 926 2166 983 Vens.
2192 925 2245 979 2.
2285 923 2569 997 Dirigatur
2614 934 2787 983 oratio
2818 946 2934 985 mea
2978 931 3112 986 sicut
3157 933 3424 987 incensum
3452 934 3506 988 in

157 1002 496 1060 ἐνώπιόν
518 1022 660 1071 σου,
687 1024 740 1062 κ.
768 1026 817 1069 τ.
849 1010 896 1063 ἐ.
958 1010 1160 1063 Τούτου
1189 1012 1297 1081 (69)
1346 1012 1732 1069 κατευθύνεται

1929 1029 2208 1089 conspectu
2241 1031 2353 1085 tuo,
2389 1032 2495 1075 etc.
2531 1020 2703 1089 Hujus
2741 1022 2997 1093 dirigitur
3028 1006 3205 1078 oratio
3252 1025 3393 1079 sicut
3426 1027 3509 1079 in-

165 1100 513 1172 προσευχὴ
542 1100 618 1164 ὼς
653 1100 923 1172 θυμίαμα,
956 1102 1049 1157 τοῦ
1086 1103 1384 1176 δυναμένου
1414 1109 1614 1161 εἰπεῖν·
1660 1109 1782 1178 (Χρι

1927 1126 2173 1178 censum,
2211 1113 2303 1181 qui
2361 1121 2539 1183 potest
2571 1112 2754 1167 dicere
2789 1129 2805 1166 :
2835 1131 2855 1164 ‹
2889 1112 3094 1168 Christi
3149 1115 3326 1170 bonus
3372 1117 3507 1172 odor

168 1189 348 1243 ατοῦ
396 1191 595 1245 εὐωδία
627 1193 792 1263 ἐσμὲν
835 1195 893 1247 ἐν
931 1198 1044 1259 τοῖς
1093 1195 1419 1267 σωζομένοις
1452 1198 1547 1252 καὶ
1601 1200 1660 1254 ἐν
1706 1203 1782 1253 τοῖ

1926 1216 2113 1257 sumus
2135 1202 2190 1257 in
2227 1202 2295 1258 iis
2320 1203 2413 1272 qui
2439 1203 2741 1270 salvantur,
2775 1214 2832 1259 et
2862 1204 2999 1260 iniis
3025 1205 3114 1274 qui
3150 1206 3498 1277 pereunt“.a

168 1280 437 1333 ἀπολλυ
444 1280 644 1352 μένοις.
689 1303 708 1335 ›

273 1374 448 1438 Θοῦ,
476 1376 673 1442 Κύριε,
704 1375 989 1444 φυλακὴν
1025 1377 1107 1444 τῷ
1139 1381 1393 1449 στόματί
1414 1399 1555 1451 μου,
1601 1400 1654 1436 κ.
1680 1401 1728 1437 τ.
1764 1385 1810 1437 ἐ.

1998 1373 2162 1428 Vens.
2192 1374 2247 1428 5.
2280 1370 2448 1440 Pone,
2479 1370 2721 1436 Domine,
2762 1373 3059 1426 custodiam
3099 1372 3181 1426 ori
3216 1390 3349 1439 meo,
3387 1382 3497 1431 etc.

173 1465 401 1518 Οὐδὲν
421 1464 563 1519 οὕτω
592 1466 851 1536 φυλάσσει
876 1468 974 1541 τὴν
1002 1470 1227 1541 καρδίαν
1268 1472 1425 1543 ήμῶν
1449 1473 1525 1538 ὡς
1577 1475 1605 1528 ὁ
1653 1475 1782 1543 φόϐο

1922 1468 2068 1523 Nihil
2104 1484 2200 1523 cor
2234 1477 2486 1520 nostrum
2525 1480 2679 1534 atque
2718 1469 2958 1520 custodit
2986 1484 3050 1523 ac
3074 1470 3236 1523 timor
3270 1470 3384 1535 Dei,
3424 1472 3500 1528 si-

171 1559 300 1612 τοῦ
346 1559 516 1627 Θεοῦ,
560 1560 614 1614 εῐ
633 1579 696 1631 γε
732 1561 809 1634 τῷ
838 1563 987 1635 φόϐῳ
1020 1566 1225 1635 Κυρίου
1274 1567 1509 1621 ἐκκλίνει
1556 1570 1664 1631 πᾶς
1705 1569 1782 1621 ἀπ

1921 1560 2141 1631 quidem
2171 1559 2367 1613 timore
2401 1557 2494 1611 Dei
2532 1556 2757 1627 quilibet
2784 1574 2812 1611 a
2851 1557 2992 1614 tnalo
3022 1558 3282 1616 declinat.

176 1651 426 1705 κακοῦ.

280 1745 558 1798 Ἐλιιιον
589 1743 658 1797 δὲ
690 1744 1041 1815 ἁμαρτωλοί)
1059 1745 1146 1817 μὴ
1175 1746 1481 1802 λιπανὰτω
1500 1747 1614 1815 τὴν
1636 1765 1815 1817 κεφα-

1842 1637 1884 1691 Β

1988 1733 2154 1788 Yens.
2198 1734 2250 1789 5.
2306 1731 2495 1788 Oleum
2537 1744 2715 1787 autem
2752 1735 3042 1802 peccatoris
3073 1753 3178 1791 non
3208 1738 3494 1810 impinguet

177 1832 338 1900 ,τήν
378 1851 522 1903 μου,
560 1852 615 1889 κ,
671 1854 725 1893 τ,
768 1840 815 1889 ε,
876 1837 1097 1891 Ἐλαιον
1146 1837 1293 1907 λέγει
1344 1838 1667 1910 ἀμαρτωλοῦ
1712 1838 1810 1910 τὴν
1915 1839 2072 1898 caput
2096 1827 2263 1899 839
2290 1843 2483 1893 meum,
2510 1836 2619 1882 etc.
2656 1825 2845 1881 Oleum
2874 1831 3174 1898 peccatoris
3210 1844 3366 1887 vocat
3393 1835 3491 1889 hc-

176 1925 471 1981 εὐποιίαν
491 1968 505 1992 ,
538 1928 635 1998 τὴν
664 1929 737 2000 μὴ
772 1927 859 1982 διὰ
888 1929 1089 1998 γνῶσιν
1140 1929 1275 1984 Θεοῦ
1310 1930 1632 2002 γενομένην,
1675 1930 1782 1983 ἀλλε

1914 1921 2198 1986 nelicium,
2226 1920 2367 1989 quod
2398 1935 2503 1974 non
2534 1927 2756 1988 propter
2785 1922 3148 1990 cognitionem
3175 1923 3266 1979 Dei
3294 1925 3374 1990 iit,
3396 1928 3492 1983 sed

179 2018 291 2073 διὰ
325 2019 494 2087 δόξαν
530 2020 628 2093 τὴν
662 2021 812 2093 παρὰ
853 2021 1188 2095 ἀνθρώπων·
1220 2024 1380 2078 τοῦτο
1415 2024 1522 2095 γάρ
1559 2026 1676 2078 ἐστι
1714 2040 1782 2078 κα

1913 2024 1974 2067 ut
2006 2014 2177 2083 gloria
2212 2014 2279 2066 ah
2309 2013 2624 2068 hominibus
2654 2021 2904 2082 captetur
2927 2028 2938 2063 :
2961 2016 3066 2070 hoc
3091 2015 3234 2071 enim
3259 2028 3343 2073 est
3365 2021 3490 2076 tuba

178 2112 256 2167 τὸ
286 2113 589 2178 σαλπίζειν
615 2114 707 2169 τὸν
734 2116 834 2186 τὴν
861 2115 1230 2188 ἐλεημοσύνην
1265 2116 1542 2170 ποιοῦντα.

271 2205 631 2262 Πεσοῦνται
664 2207 735 2260 ἐν
759 2208 1188 2277 ἁμφιϐλήστρῳ
1229 2207 1416 2262 αὑτοῦ
1448 2208 1804 2276 ἁμαρτωλοὶ,

182 2314 249 2351 κ.
288 2314 357 2354 τ.
395 2298 440 2352 ὲ.
488 2298 918 2372 Ἀμφίὸληστρόν
946 2302 1061 2354 ἐστι
1087 2301 1307 2364 κόλασις
1336 2299 1553 2370 ποικίλη
1599 2302 1664 2354 ἐκ
1709 2300 1804 2371 βυ-

188 2388 299 2444 Θοῦ
331 2390 537 2454 κακίας
565 2392 905 2464 ἀνιμωμένη.
934 2391 1091 2446 Ἀλλά
1123 2392 1279 2446 τοῦτο
1311 2393 1371 2445 τὸ
1394 2392 1805 2464 ἀμφίϐληστρον

185 2480 296 2533 τοῦ
343 2481 633 2553 μέλλοντός
658 2486 805 2537 ἐστιν
831 2484 1046 2549 αἰῶνος·
1075 2484 1170 2539 τοῦ
1206 2485 1262 2539 δὲ
1287 2484 1581 2548 ἐνεστῶτος
1608 2484 1803 2548 αἰῶνός

189 2574 360 2628 ἐστιν
422 2575 829 2649 ἀμφίϐληστρον
884 2577 1201 2632 διδασκαλία
1260 2577 1625 2648 πνευματικὴ,
1673 2577 1803 2641 τοὺς

185 2664 697 2737 ἀποπλανηθέντας
730 2668 835 2722 ἀπὸ
868 2669 967 2740 τῆς
994 2668 1302 2734 θεοσεϐείας
1337 2670 1430 2723 ἐπὶ
1467 2670 1566 2741 τὴν
1594 2667 1797 2741 ἀρετὴν

190 2757 515 2827 ἀνάγουσι.

753 2947 1048 3001 ΨΛΛΜΟΣ
1086 2951 1269 3004 PMA'.

271 3037 460 3109 Φωννῇ
480 3057 600 3109 μου
647 3040 798 3109 πρὸς
838 3041 1059 3110 Κύριον
1091 3044 1408 3112 ἐκέκραξα,
1460 3044 1632 3115 φωνῇ
1672 3064 1792 3117 μου

186 3132 355 3200 πρὸς
385 3135 608 3201 Κύριον
631 3133 906 3201 ἐδεήθην,
939 3154 991 3190 κ.
1028 3155 1078 3194 τ.
1104 3139 1149 3190 ἐ.
1196 3139 1283 3202 Ὠς
1322 3139 1483 3208 φύσιν
1535 3139 1646 3208 (70)
1679 3140 1790 3210 ἔχει

188 3224 255 3277 τὸ
289 3223 409 3296 πῦρ
430 3223 730 3297 ἀνώφορον,
755 3226 927 3291 οὕτως
946 3229 980 3299 ἡ
1013 3227 1106 3282 τοῦ
1133 3228 1341 3282 δικαίου
1366 3231 1540 3300 φωνὴ,
1563 3231 1622 3284 τὸ
1654 3231 1791 3303 πρὸς

187 3314 412 3388 Κύριον
445 3317 710 3386 γίνεσθαι,
742 3318 835 3372 καὶ
855 3320 1017 3373 οἱονεὶ
1049 3321 1436 3392 προκαλεῖσθαι
1472 3324 1637 3378 αὑτὸν
1695 3325 1789 3377 ἐπὶ

189 3406 257 3459 τὸ
287 3408 554 3479 παρέχειν
581 3402 656 3461 ὧν
685 3427 767 3472 τις
799 3410 969 3464 δεῖται
996 3413 1104 3465 ἀπὸ
1129 3412 1286 3469 Θεοῦ.

281 3496 511 3567 Ἐκχεῶ
538 3498 817 3554 ἐναντίον
853 3503 1040 3557 αὑτοῦ
1073 3504 1188 3572 τὴν
1234 3502 1450 3571 δέησίν
1480 3524 1622 3577 μου,
1673 3506 1788 3575 τὴν

188 3588 413 3655 θλίψιν
436 3606 557 3658 μου
606 3589 865 3646 ἐνώπιον
896 3594 1085 3648 αὐτοῦ
1142 3596 1483 3665 ἀπαγγελῶ,
1519 3617 1574 3655 κ.
1618 3618 1668 3654 τ.
1734 3601 1782 3653 ἐ.

200 3679 264 3734 '0
297 3681 439 3753 μόνα
468 3683 580 3755 (71)
608 3685 816 3756 μεγάλα
844 3688 938 3741 καὶ
958 3690 1258 3761 ἐπουράνια
1287 3690 1474 3755 αἰτῶν,
1500 3692 1594 3745 καὶ
1614 3708 1786 3763 προσ-

187 3773 491 3843 ευχόμενος
523 3773 797 3846 πνεύματι
841 3777 1035 3849 καινῷ,
1079 3778 1271 3852 θαρρεῖ
1311 3780 1542 3835 ἐνώπιον
1576 3783 1780 3854 Κυρίου

188 3863 386 3936 ἐκχέαι
411 3866 509 3938 τὴν
539 3867 723 3939 δέησιν
752 3869 982 3935 ἑαυτοῦ,
1038 3872 1189 3925 οὐδὲν
1215 3873 1491 3937 ταπεινὸν,
1533 3873 1653 3927 οὐδὲ
1693 3876 1781 3927 αἱ-

188 3960 361 4029 σχρὸν
386 3976 438 4011 τι
466 3959 524 4011 ἐν
550 3960 717 4032 ἑαυτῇ
751 3960 977 4032 ἔχουσαν
996 3979 1010 3993 '
1044 3966 1204 4018 ὁποῖά
1224 3967 1371 4020 ἐστιν
1415 3969 1475 4021 ἐν
1504 3970 1623 4031 ταῖς
1658 3967 1781 4039 δεή-

189 4063 308 4101 σεσι
341 4049 451 4104 τῶν
514 4049 1001 4123 βαττολογούντων,
1038 4057 1131 4110 καὶ
1182 4058 1283 4110 οὐκ
1335 4057 1459 4122 ἄξια
1508 4058 1643 4113 Θεοῦ
1695 4062 1780 4113 αἰ-

1910 2121 2110 2162 cancre
2135 2120 2259 2159 ctun
2293 2104 2353 2158 iit
2374 2104 2746 2175 eleemosyna.

1982 2197 2147 2252 Vens.
2178 2196 2265 2250 10.
2303 2194 2506 2251 Cadent
2538 2198 2591 2249 in
2611 2197 2868 2252 retiaculo
2895 2199 3011 2270 ejus
3031 2212 3353 2270 peccatores,
3376 2214 3485 2263 etc.

1908 2292 2251 2349 Retiaculum
2279 2300 2407 2346 sunt
2438 2292 2599 2345 varia!
2627 2306 2804 2360 poena:
2831 2308 2952 2363 qua:
2972 2309 3040 2349 ex
3069 2297 3340 2365 profundo
3369 2316 3486 2354 ma-

1908 2387 2038 2441 litiae
2076 2385 2394 2441 extrahunt.
2454 2381 2562 2438 Sed
2601 2383 2734 2438 illud
2774 2385 3097 2441 retiaculum
3129 2389 3196 2443 ad
3237 2389 3484 2448 futurum

1908 2478 2147 2549 pertinet
2182 2474 2475 2538 saeculum;
2522 2475 2808 2543 przesentis
2842 2490 2975 2529 vero
3022 2476 3204 2532 saacnli
3255 2479 3486 2535 retiacu-

1905 2571 2015 2628 lum
2045 2580 2132 2628 est
2157 2571 2406 2625 doctrina
2421 2570 2706 2639 spiritalis,
2741 2584 2864 2641 quae
2889 2585 2921 2625 a
2954 2569 3052 2626 Dei
3081 2568 3229 2626 cultu
3254 2585 3484 2631 aversos

1900 2664 1969 2720 ad
2008 2666 2255 2719 virtutem
2290 2669 2530 2718 revocat.

2422 2938 2747 2995 PSALMUS
2797 2937 2981 2996 CXLI.

1970 3037 2131 3092 Vens.
2148 3035 2205 3089 2.
2229 3031 2366 3087 Voce
2395 3048 2511 3085 mea
2536 3032 2606 3085 ad
2636 3030 2922 3086 Dominum
2946 3033 3190 3098 clamavi,
3213 3050 3337 3091 voce
3359 3052 3473 3091 mea

1894 3131 1963 3185 ad
1997 3127 2279 3183 Dominum
2316 3123 2624 3190 deprecatus
2668 3140 2804 3188 sum,
2838 3136 2944 3180 etc.
3003 3126 3471 3191 Quemadmodum

1893 3222 2038 3294 ignis
2063 3228 2258 3274 natura
2298 3230 2518 3271 sursum
2556 3216 2752 3281 fertur,
2793 3217 2864 3271 ita
2889 3227 2945 3271 et
2970 3217 3105 3287 justi
3135 3234 3236 3272 vox
3275 3220 3343 3274 ad
3373 3221 3476 3274 Do-

1892 3316 2100 3371 minum
2131 3313 2357 3380 clamat,
2388 3323 2445 3369 et
2492 3312 2895 3382 quodammodo
2942 3312 3116 3382 ipsum
3172 3312 3367 3369 invitat
3410 3326 3473 3369 ut

1887 3409 2129 3478 praebeat
2152 3423 2217 3475 ea
2241 3407 2441 3478 quibus
2470 3404 2594 3475 quis
2633 3418 2769 3473 opus
2793 3402 2956 3459 habet
2989 3419 3019 3457 a
3055 3403 3184 3459 Deo.

1957 3498 2122 3555 Vens.
2159 3499 2215 3554 ὅ.
2265 3499 2556 3569 Eﬁundam
2606 3497 2662 3550 in
2702 3506 2982 3565 conspectu
3028 3496 3146 3565 ejus
3177 3497 3471 3551 orationem

1885 3607 2075 3653 meam,
2101 3600 2148 3644 et
2175 3590 2568 3643 tribulationem
2590 3604 2759 3641 meam
2787 3596 2909 3641 ante
2930 3587 3098 3656 ipsum
3117 3589 3468 3653 annuntiabo,

1885 3691 1989 3736 etc.
2026 3680 2129 3748 Qui
2160 3681 2273 3736 sola
2312 3696 2504 3750 magna
2532 3688 2588 3735 et
2611 3678 2856 3734 ccelestia
2890 3676 3147 3747 postulat,
3186 3686 3242 3733 et
3268 3678 3467 3748 spiritu

1883 3789 2026 3830 novo
2057 3782 2210 3839 orat,
2247 3787 2368 3828 cum
2400 3772 2598 3827 ﬁducia
2630 3784 2850 3841 precem
2882 3784 3037 3824 suam
3079 3770 3135 3825 in
3169 3782 3465 3840 conspectu

1883 3868 1976 3923 Dei
2003 3866 2255 3932 eﬂ'undit,
2296 3865 2432 3921 nihil
2465 3866 2591 3930 vile,
2627 3864 2766 3920 nihil
2798 3873 2956 3934 turpe
2990 3863 3045 3917 in
3079 3865 3258 3935 seipsa
3290 3865 3466 3919 conti-

1883 3971 2099 4017 nentem
2126 3979 2140 4014 :
2166 3960 2349 4030 qualia
2384 3969 2513 4014 sunt
2548 3961 2601 4014 in
2636 3957 2892 4030 precibus
2940 3970 3128 4012 eorum
3164 3958 3257 4027 qui
3292 3958 3461 4012 multa

1878 4054 2225 4111 blaterantet
2259 4052 2480 4124 indigna
2516 4051 2629 4109 Deo
2649 4060 2864 4123 petunt,
2898 4051 2984 4106 vel
3010 4066 3103 4106 eas
3138 4066 3244 4106 non
3267 4066 3299 4107 e
3324 4067 3462 4122 puro

184 4141 446 4205 τούντων,
481 4142 513 4215 ἢ
541 4144 649 4198 ἀπὸ
684 4146 931 4218 καθαρᾶς
955 4147 1180 4220 καρδίας
1220 4150 1538 4220 ἐκχεόντων.
1592 4151 1775 4220 Ἀγίου

1906 4149 2045 4203 :orde
2069 4144 2375 4204 eﬁundunt.
2410 4146 2670 4200 Sanctam
2706 4144 2874 4214 igitur
2916 4143 3163 4199 continet
3199 4143 3457 4200 ﬁduciam

183 4228 278 4287 οὖν
310 4236 623 4307 παρρησίας
649 4236 831 4309 ἔχεται
854 4241 883 4293 ὁ
911 4241 1111 4311 στίχος,
1144 4240 1203 4293 ὃν
1238 4240 1337 4295 οὐκ
1370 4241 1608 4311 εὐλόγως
1654 4246 1772 4317 ἐρεῖ

1906 4240 1968 4295 lic
2002 4255 2218 4307 versus,
2237 4254 2397 4308 quem
2422 4254 2528 4294 non
2561 4236 2719 4293 facile
2750 4236 2990 4307 proferet
3028 4247 3285 4307 peccator
3317 4253 3333 4305 ;
3366 4253 3457 4292 se-

184 4328 213 4380 ὁ
244 4328 569 4401 ἁμαρτωλός
587 4347 600 4360 ·
626 4333 720 4384 καὶ
749 4332 840 4388 τὸν
870 4309 1084 4404 ἐξῆςνδὲ
1106 4334 1135 4384 ὁ
1157 4335 1215 4387 ἐν
1247 4335 1408 4388 παντὶ
1438 4309 1770 4407 θλίϐόμενξς,

1906 4341 2137 4401 ιυεηιθηι
2165 4347 2292 4387 vero
2323 4332 2700 4401 pronuntiabit
2729 4332 2774 4387 is
2798 4330 2891 4400 qui
2925 4330 2979 4384 in
3011 4328 3455 4386 omnibustribu-

185 4419 302 4474 ἀλλ’
334 4421 397 4474 ού
433 4424 966 4496 στενοχωρούμενος,
1000 4425 1351 4497 καυχώμενος
1389 4429 1445 4481 ἐν
1479 4432 1598 4493 ταῖς
1640 4431 1774 4485 ὐπο-

1906 4436 2043 4491 atur,
2086 4425 2180 4480 sed
2218 4439 2326 4478 non
2360 4424 2727 4494 angustiatur,
2774 4424 2890 4479 imo
2925 4423 2978 4477 in
3008 4422 3456 4479 tribulationibus

188 4513 355 4583 μονὴν
384 4516 884 4588 κατεργαζομέναις
911 4518 1142 4589 θλίψεσι,
1176 4520 1255 4591 τῷ
1282 4520 1485 4575 ὁδεύειν
1516 4521 1613 4594 τὴν
1650 4540 1770 4577 στε-

1906 4532 1997 4585 uze
2028 4515 2349 4584 patientiam
2385 4526 2709 4585 operantur,
2756 4516 3046 4586 gloriatur,
3092 4530 3157 4567 co
3184 4517 3331 4585 quod
3366 4517 3451 4571 in-

184 4607 281 4679 νὴν
341 4610 433 4663 καὶ
481 4608 849 4685 τεθλιμμένην
928 4613 1247 4683 ἀπάγουσαν
1300 4614 1395 4668 ἐπὶ
1459 4613 1557 4686 τὴν
1620 4616 1766 4691 ζωὴν

1906 4608 2030 4661 edat
2069 4621 2169 4676 per
2206 4617 2411 4662 arctam
2442 4616 2497 4661 et
2538 4617 2821 4676 angustam
2861 4607 3005 4661 viam
3046 4623 3165 4676 qua:
3205 4607 3354 4663 ducit
3381 4609 3449 4664 ad

186 4698 326 4753 ὁδόν.

1906 4702 2055 4754 itam.

1938 4790 2106 4846 Vens.
2129 4789 2186 4846 ὅ.
2218 4789 2283 4845 1η
2319 4791 2400 4845 ria
2420 4790 2520 4845 hac
2543 4806 2648 4862 qua
2682 4790 3021 4845 ambulabant
3061 4792 3446 4849 absconderant

1865 4883 2109 4955 laqueum
2133 4883 2284 4948 mihi,
2308 4883 2692 4939 etc.0mnibus
2721 4886 3239 4943 virtutibusinimici
3273 4888 3447 4944 nostri

1866 4978 2218 5033 insidiantur.
2269 4977 2327 5032 lu
2384 4977 2705 5033 fortitudine
2788 4979 3101 5037 timiditatis
3193 4983 3441 5053 laqueum

1864 5071 2230 5135 abscondunt,
2262 5073 2315 5124 in
2356 5070 2776 5126 mansuetudine
2831 5072 3115 5126 audaciam
3168 5072 3438 5142 injiciunt,

1862 5165 2098 5234 dantque
2120 5178 2339 5234 operam
2368 5172 2427 5218 ut
2450 5180 2573 5219 cum
2603 5166 2662 5219 ﬁt
2687 5164 3057 5237 eleemosyna,
3086 5181 3191 5221 non
3217 5177 3441 5239 propter

1863 5258 2058 5325 Deum,
2085 5258 2182 5313 sed
2209 5266 2433 5328 propter
2456 5257 2704 5313 videntes
2736 5257 2868 5327 ﬁat;
2899 5268 2955 5314 et
2982 5273 3102 5313 cum
3133 5256 3437 5331 jejunatur,

266 4792 371 4846 Ἐν
391 4792 510 4859 ὀδῷ
540 4794 727 4862 ταύτῃ
750 4793 790 4861 ᾗ
821 4794 1199 4866 ἐπορευόμην
1225 4797 1505 4866 ἔκρυψαν
1541 4795 1765 4866 παγίδα

182 4901 300 4953 μοι,
333 4901 387 4937 κ.
416 4901 466 4937 τ.
490 4886 538 4937 ἐ.
573 4884 784 4949 Πάσαις
810 4888 858 4940 oi
883 4887 1067 4959 ἐχθροὶ
1096 4888 1208 4960 (72)
1246 4887 1402 4960 ἡμῶν
1440 4888 1763 4942 ἐπιϐουλεύ-

186 4995 301 5031 ουσι
336 4978 456 5040 ταῖς
484 4978 736 5048 ἀρεταῖς·
769 4980 865 5033 καὶ
895 4983 953 5035 ἐν
985 4982 1083 5052 μὲν
1115 4983 1182 5053 τῇ
1210 4981 1433 5053 ἀνδρείᾳ
1461 4982 1763 5054 κρύπτουσι

185 5069 278 5142 τὴν
304 5069 401 5139 τῆς
427 5068 627 5134 δειλίας
655 5070 880 5140 παγίδα,
915 5072 1012 5125 ml.
1050 5076 1107 5126 ἐν
1132 5075 1198 5144 τῇ
1233 5073 1499 5144 πραότητι
1553 5074 1760 5144 ἐμϐάλ-

185 5160 327 5215 λουσι
352 5160 450 5234 τὴν
467 5160 804 5233 Θρασύτητα,
832 5163 928 5217 καὶ
959 5164 1018 5219 ἐν
1043 5165 1109 5235 τῇ
1167 5163 1503 5236 ἐλεημοσύνη
1561 5164 1622 5217 τὸ
1679 5163 1754 5237 μὴ

185 5253 269 5309 διὰ
298 5254 383 5309 τὸν
413 5254 567 5317 Θεὸν,
595 5253 731 5309 ἀλλά
765 5255 857 5310 διὰ
886 5256 1012 5322 τοὺς
1040 5257 1281 5330 ὁρῶντας
1330 5257 1499 5311 ἐλεεῖν
1517 5275 1531 5289 ο
1565 5259 1659 5313 καὶ
1696 5261 1755 5315 ἐν

251 5375 296 5407 ⁸³
320 5374 358 5431 ll
382 5376 506 5432 Cor.
539 5376 701 5444 11,15.

252 5468 357 5538 (69)
400 5472 641 5538 Τούτου,
668 5480 779 5529 etc.
812 5472 961 5529 Istud
987 5471 1232 5529 scholion
1264 5487 1471 5528 necnon
1509 5474 1615 5530 duo
1644 5490 1737 5532 se-

188 5542 472 5617 quemiain
500 5544 642 5601 hunc
663 5543 930 5617 psalmum
955 5542 1259 5617 fragmenta
1289 5544 1549 5605 exhibent
1569 5548 1739 5606 Sche-

1920 5477 2035 5618 (70?
2072 5473 2170 5543 Ὧς
2196 5476 2407 5546 φύσιν,
2439 5487 2547 5531 etc.
2576 5475 2779 5532 Catena
2810 5474 3076 5533 Corderii.

1920 5550 1997 5618 (7t
2067 5547 2129 5601 '0
2148 5550 2325 5617 μόνα.
2353 5558 2461 5603 etc.
2489 5548 2707 5602 Eadem.
2787 5615 2806 5618 ᾗ

189 5609 263 5663 dae
294 5609 490 5667 Grabii.

1916 5547 2030 5620 (7t)
2067 5547 2325 5620 Ὀρόνα.
2353 5558 2461 5620 etc.
2489 5548 2707 5602 Eadem.

1914 5615 2028 5694 (72)
2053 5615 2285 5685 Πάὰιιις
2306 5621 2359 5673 ol
2386 5618 2609 5691 ἐχθροί,
2637 5627 2743 5673 etc.
2780 5615 3007 5677 Scheda:
3036 5619 3246 5680 Cranii,
