3928 6158
482 5424 491 5481 ἰ

571 233 711 291 166³1
2020 243 2111 299 EX

2231 243 2455 301 ilGENE
3686 264 3797 323 1668

559 363 783 420 propter
817 352 1065 409 homines
1110 351 1410 423 iejunetur.
1459 357 1637 426 Atque
1670 357 1787 413 haec
1826 359 2045 424 quidem
2092 362 2106 415 i

2251 366 2317 435 τῇ
2344 367 2591 437 νηστείᾳ,
2626 366 2688 420 τὸ
2716 366 2804 422 διὰ
2847 370 2976 434 τοὺς
2994 370 3317 444 ἀνθρώπως
3367 376 3666 448 νηστεύειν.
3704 383 3795 439 Καὶ

557 444 735 497 activa
770 444 885 495 vita
915 459 930 505 ;
961 443 1014 497 in
1041 446 1377 514 speculatira
1413 463 1543 503 vero
1577 458 1809 517 quantos
1846 453 2111 520 putandur

2245 457 2419 511 ταῦτα
2448 460 2548 529 μὲν
2580 461 2673 513 ἐπὶ
2705 463 2805 532 τῆς
2830 443 3142 537 πρακτικῆς
3162 484 3177 496 ·
3208 468 3264 521 τί
3290 468 3339 522 δ’
3450 488 3535 535 τις
3558 473 3694 527 εἶπαι
3717 480 3795 531 ui

554 543 640 590 est
669 549 768 604 per
795 535 1031 590 haereses
1052 537 1201 592 sanis
1238 538 1509 609 dogmatis
1533 540 1679 609 injici
1708 540 1980 611 laqueos?

627 706 790 764 Vens.
821 710 875 767 5.
910 711 1079 766 Periit
1108 714 1235 784 fuga
1265 733 1299 769 a
1329 734 1430 781 me,
1482 727 1531 772 et
1558 736 1663 773 non
1693 735 1769 775 est
1795 726 1889 790 qui
1908 726 2140 793 requirat

553 803 787 856 animam
833 822 1028 871 meant,
1071 819 1176 862 etc.
1209 808 1313 876 Qui
1345 811 1484 865 hanc
1511 811 1694 884 fugam
1723 817 1980 885 perdidit,
2031 834 2137 873 non

551 903 734 964 potest
755 894 943 950 dicere
975 912 992 951 :
1040 914 1059 948 ι
1095 895 1151 951 1η
1176 899 1530 957 tribulatione
1577 903 1814 959 dilatasti
1844 908 1975 962 mihi
2008 908 2075 964 ⁸³.
2111 928 2132 961 s

621 1066 787 1122 Vens.
814 1067 867 1122 6.
892 1068 1131 1125 Clamavi
1159 1074 1229 1125 ad
1249 1085 1318 1138 te,
1350 1074 1613 1143 Domine;
1636 1078 1751 1131 dixi
1774 1094 1792 1132 :
1829 1077 1906 1131 Tu
1933 1097 1989 1133 es
2019 1097 2135 1146 spes

547 1174 687 1219 mea.
713 1162 884 1228 portio
907 1178 1019 1215 mea
1043 1165 1097 1217 in
1127 1174 1267 1218 terra
1288 1168 1595 1233 viventium,
1626 1177 1733 1223 etc.
1761 1169 1818 1224 Si
1841 1171 2009 1243 840
2030 1174 2134 1226 Do-

552 1251 731 1304 minus
760 1266 946 1307 noster
974 1256 1239 1324 sapientia
1264 1267 1367 1321 est,
1404 1267 1458 1311 et
1480 1259 1595 1327 ipse
1622 1270 1708 1314 est
1739 1265 1921 1329 portio
1946 1266 2133 1318 viren-

551 1342 719 1403 tium.
760 1345 948 1412 utique
1009 1349 1187 1413 portio
1251 1350 1545 1405 viventium
1586 1360 1672 1406 est
1708 1354 1970 1422 sapientia
2012 1370 2134 1424 qua:

545 1431 796 1489 Christus
839 1445 1015 1503 est,et
1038 1441 1339 1495 secundum
1370 1456 1534 1511 quam
1566 1443 1734 1498 etiam
1783 1445 2134 1517 appellantur

543 1536 802 1580 Vtventes.

619 1614 779 1671 Vens.
806 1618 858 1673 7.
881 1619 1071 1674 Libera
1096 1638 1175 1674 me
1204 1639 1236 1675 a
1258 1626 1688 1692 persequentibus
1726 1644 1831 1691 nte,
1849 1637 1958 1683 etc.
1979 1629 2131 1685 Assi-

543 1705 662 1762 duae
691 1712 1016 1766 tentationes
1040 1723 1276 1767 mentem
1310 1729 1339 1769 a
1369 1717 1598 1771 scientia
1632 1719 1935 1788 expellunt.

611 1941 779 2000 Vsus.
816 1944 871 2002 8.
927 1949 1081 2003 Edue
1109 1952 1174 2004 de
1221 1954 1465 2008 custodia
1495 1957 1732 2011 animam
1785 1974 1977 2022 meam,
2010 1967 2119 2013 etc.

540 2031 658 2090 Non
687 2039 927 2093 omnium
959 2051 1047 2096 est
1092 2043 1281 2099 dicere
1312 2062 1326 2099 :
1363 2064 1383 2097 ι
1423 2047 1571 2103 Educ
1601 2050 1671 2104 de
1696 2050 1945 2104 custodia
1995 2051 2120 2104 ani-

540 2142 683 2180 mam
715 2144 913 2197 meam,
954 2150 975 2184 ι
1010 2133 1105 2187 sed
1142 2134 1358 2191 illorum
1389 2148 1597 2194 tantum
1642 2141 1732 2209 qui
1769 2153 1993 2211 propter
2018 2158 2120 2211 pu-

538 2220 755 2275 ritatem
780 2226 948 2277 etiam
965 2224 1174 2295 absque
1201 2243 1431 2298 corpore
1457 2232 1902 2302 contemplationi
1930 2248 2112 2289 rerum

534 2330 658 2386 qua;
684 2316 844 2375 facta
876 2331 1006 2377 sunt
1031 2338 1225 2380 vacare
1248 2337 1494 2397 possunt.

2119 2455 2193 2468 αισα-ι

1052 2503 1368 2563 PSALMUS
1405 2509 1606 2567 CXLII.

605 2585 769 2645 Vens.
795 2591 848 2646 l.
868 2591 1110 2661 Domine,
1126 2601 1321 2653 exaudi
1344 2604 1638 2658 oralionem
1656 2623 1864 2673 meam;
1893 2613 2113 2670 auribus

531 2684 735 2749 percipe
761 2684 1172 2744 obsecrationem
1198 2709 1368 2747 meam
1401 2695 1456 2748 in
1508 2700 1726 2754 ueritate
1756 2711 1876 2766 tua,
1914 2708 2110 2761 exaudi

531 2790 613 2825 me
637 2774 691 2827 in
715 2785 807 2829 tua
837 2777 1072 2847 justitia,
1106 2793 1213 2838 etc.
1244 2785 1343 2852 Qui
1372 2790 1593 2844 conlidit
1636 2796 1778 2861 quod
1830 2797 1887 2850 in
1916 2799 2109 2866 spiritu

530 2873 588 2917 et
613 2866 845 2922 veritate
874 2880 930 2924 et
964 2887 1072 2925 non
1107 2876 1341 2945 amplius
1388 2880 1442 2933 in
1476 2881 1651 2949 ﬁgura
1699 2884 1865 2939 Deum
1897 2889 2109 2954 adoret,

531 2955 715 3012 dicere
768 2964 1011 3029 poterit:
1047 2982 1067 3016 ι
1105 2964 1344 3023 Auribus
1401 2973 1621 3042 percipe
1665 2975 2108 3046 deprecationem

529 3062 710 3103 meam
744 3051 797 3105 in
828 3056 1057 3110 veritate
1081 3066 1191 3112 tua.
1235 3077 1255 3110 ι

601 3141 765 3198 Vens.
792 3145 848 3199 2.
886 3145 957 3200 Et
991 3165 1093 3202 non
1117 3151 1280 3205 intres
1323 3152 1376 3205 in
1391 3154 1659 3223 judicium
1684 3174 1801 3212 eum
1833 3177 1978 3216 servo
1998 3174 2111 3230 tuo,

526 3233 655 3302 quia
684 3251 790 3288 non
804 3235 1192 3306 justiﬁcabitur
1217 3245 1272 3296 in
1300 3258 1581 3312 conspectu
1605 3257 1696 3302 tuo
1722 3253 1893 3306 omnis
1914 3255 2110 3321 uiuens,

528 3331 641 3377 etc.
671 3324 903 3391 Quando
946 3328 1212 3385 Dominus
1239 3349 1360 3386 cum
1402 3336 1626 3393 homine
1658 3341 1864 3409 judicio
1888 3356 2114 3401 conten-

523 3417 692 3484 derit,
718 3419 1028 3491 dixeritque
1057 3422 1102 3453 ³⁸
1130 3439 1145 3476 :
1189 3442 1208 3475 ι
1242 3425 1443 3495 Popule
1468 3445 1646 3494 meus,
1688 3435 1817 3502 quid
1854 3434 1955 3491 feci
1990 3438 2108 3505 tibi,

525 3519 622 3565 aut
669 3511 722 3567 in
751 3528 859 3583 quo
891 3518 1214 3573 contristavi
1247 3520 1337 3574 te?
1366 3540 1385 3573 ι
1426 3538 1588 3579 neruo
1621 3526 1813 3582 vivens
1843 3530 2111 3598 justitica-

527 3597 675 3653 hitur
703 3617 720 3656 :
744 3616 870 3656 nam
901 3606 955 3658 in
1001 3618 1293 3676 conspectu
1325 3610 1539 3669 Domini
1586 3631 1690 3671 non
1720 3597 2111 3687 justiﬁrabilur

524 3692 708 3748 onmis
736 3695 958 3763 vivens;
1012 3697 1064 3752 in
1096 3713 1389 3770 conspectu
1437 3719 1618 3761 autem
1670 3709 1951 3767 hominum
2001 3731 2106 3771 non

529 3784 702 3839 solum
738 3785 1076 3857 iniquorum,
1118 3806 1310 3848 verum
1352 3798 1515 3851 etiam
1557 3799 1829 3867 justorum
1859 3808 2109 3874 quando-

526 3887 634 3942 que
649 3875 1062 3945 justiticabitur.
1098 3881 1208 3936 Cur
1246 3895 1430 3941 autem
1464 3904 1568 3944 non
1592 3891 1949 3962 justilicetur,
1976 3914 2107 3954 con-

525 3977 790 4036 gruenter
815 3971 1100 4044 subjungit
1134 3975 1241 4031 hoc
1291 3994 1455 4035 versu
1488 3998 1502 4036 :
1538 4001 1558 4034 ι
1607 3985 1675 4039 Ut
1706 3986 2021 4054 justiliceris
2051 3992 2104 4048 in

524 4063 871 4119 sermonibus
912 4067 1040 4131 tuis,
1066 4076 1123 4123 et
1150 4070 1340 4126 vincas
1375 4088 1499 4127 cum
1526 4075 1791 4144 judicaris
1816 4081 1881 4135 ³⁷.
1918 4101 1937 4134 ι

594 4153 759 4211 Vens.
789 4156 845 4210 6.
870 4157 1064 4213 Anima
1091 4178 1207 4215 mea
1235 4165 1372 4217 sicut
1401 4176 1543 4220 terra
1561 4169 1673 4223 sine
1694 4188 1832 4241 aqua
1859 4175 2102 4237 tibi,etc.

523 4245 691 4301 Terra
744 4248 862 4304 sine
907 4266 1048 4319 aqua
1097 4254 1279 4309 anima
1314 4266 1402 4312 est
1447 4273 1581 4327 pura
1628 4276 1751 4330 qua:
1798 4266 2100 4335 spiritalem

520 4340 811 4395 scientiam
842 4345 1101 4412 exquirit.

590 4429 756 4488 Vens.
792 4434 843 4487 7.
882 4431 1139 4490 Velociter
1172 4440 1365 4492 exaudi
1396 4458 1495 4506 me,
1520 4442 1760 4506 Domine.
1789 4448 1975 4518 defecit
1996 4455 2102 4521 spi-

521 4523 658 4579 ritus
686 4541 856 4591 meus,
879 4536 985 4581 etc.
1017 4527 1151 4582 Cum
1177 4544 1336 4598 supra
1367 4534 1581 4587 modum
1617 4537 1888 4601 anxiatur,
1915 4541 2102 4596 deﬁcit

522 4615 747 4683 spiritus
776 4616 1031 4673 hominis.
1068 4617 1203 4674 Huic
1249 4635 1432 4676 autem
1484 4627 1665 4681 simile
1702 4640 1786 4683 est
1835 4631 1966 4688 illud
1999 4634 2045 4666 ³⁸
2079 4651 2095 4689 :

526 4725 547 4760 ι
584 4707 640 4763 ln
664 4709 967 4766 deliciendo
1003 4728 1070 4768 ex
1098 4729 1184 4768 me
1214 4717 1462 4785 spiritum
1493 4737 1691 4777 meum.
1734 4743 1754 4777 ι

589 4800 755 4861 Vsus.
782 4805 834 4859 8.
862 4805 1115 4859 Auditam
1167 4809 1253 4879 [ac
1297 4812 1425 4866 mihi
1480 4831 1631 4870 mane
1678 4818 2095 4875 misericordiam

521 4895 831 4964 tuam,quia
854 4896 909 4949 in
936 4908 986 4949 le
1006 4901 1230 4965 speravi.
1257 4901 1454 4957 Notam
1476 4905 1561 4972 fac
1582 4908 1710 4961 mihi
1729 4910 1864 4963 uiam
1887 4912 1944 4965 in
1992 4929 2097 4982 qua

521 4987 805 5055 ambulem,
835 4989 962 5059 quia
985 4992 1053 5044 ad
1077 5002 1125 5046 te
1151 4993 1314 5048 levavi
1336 4998 1568 5052 animant
1603 5017 1795 5067 meant,
1822 5012 1930 5059 etc.
1960 5006 2099 5059 Cou-

523 5079 924 5150 templationem
965 5085 1208 5152 exquirit
1257 5086 1427 5141 futuri
1483 5091 1705 5155 saeculi,
1740 5107 1903 5163 quam
1933 5096 2098 5150 etiam

520 5187 746 5241 regnum
776 5173 1038 5230 calorum
1068 5176 1352 5247 Scriptura
1378 5196 1537 5236 sacra
1568 5184 1705 5238 solet
1737 5187 2033 5255 appellare.

586 5359 633 5393 ⁸⁸
664 5359 807 5415 Psal.
836 5378 911 5428 Iv,
937 5364 992 5416 ‘2.
1066 5364 1112 5397 "
1139 5366 1298 5422 Mich.
1333 5384 1407 5431 vr.
1445 5370 1499 5425 5.

612 5452 698 5526 Z3)
749 5455 809 5508 '0
840 5456 1169 5526 ἀπολέσας,
1206 5470 1308 5514 etc.
1343 5460 1566 5519 Schedte
1596 5464 1805 5523 Grabii.

614 5522 703 5596 Ῐέ)
731 5529 800 5578 Ei
826 5531 859 5581 ό
884 5522 1260 5596 Κύριοςξειο.
1288 5531 1522 5591 Ειειίιξιιι.

589 5593 701 5784 375)
726 5593 1086 5667 Πειρασιὶοίξ
1105 5613 1208 5656 εις.
1240 5602 1477 5657 Eaedem.

618 5663 703 5726 76)
741 5667 822 5718 Οὐ
848 5666 1110 5734 πάντων,
1148 5683 1252 5727 etc.
1288 5674 1477 5727 Easden

616 5733 705 5784 ’⁷71
743 5735 805 5784 Ὀ
838 5737 1071 5784 θαὸὁῶν
1126 5752 1230 5784 etv-
1266 5742 1463 5784 Calones

618 5663 703 5734 76)
741 5663 1110 5734 Obndi'twr,
1148 5683 1252 5727 etc.
1288 5674 1524 5730 Easdem.

616 5733 705 5786 ττι
743 5735 805 5786 '0
838 5733 1103 5805 oausam,
1126 5752 1232 5797 etc.
1266 5742 1464 5800 Catena
1494 5747 1762 5807 Corderii.

2244 549 2339 601 ἐπὶ
2366 551 2467 621 τῆς
2489 551 2743 623 θεωρίας,
2776 556 2981 620 ὁπόσας
3020 559 3255 626 παγίδας
3290 563 3344 615 οἱ
3385 563 3572 635 ἐχθροὶ
3597 564 3683 620 διὰ
3708 570 3794 622 at?”

2242 640 2507 712 αἱρέσεων
2536 648 2648 708 τοῖς
2684 647 2986 719 ὀρθοδόξοις
3011 650 3281 721 δόγμασις

2324 734 2612 789 Ἇπὼλετο
2642 740 2805 808 φυγὴ
2832 742 2934 793 ἀπ’
2953 742 3122 811 ἐμοῦ,
3143 745 3240 797 καὶ
3269 747 3384 799 οὐκ
3407 745 3585 801 ἐστιν
3604 751 3639 802 d
3660 750 3793 818 ἐκζη-

2239 824 2360 878 τῶν
2394 828 2511 895 τὴν
2534 831 2747 900 ψυχήν
2776 851 2917 902 μου,
2948 852 3002 889 κ.
3028 853 3081 888 τ.
3113 838 3160 889 ἐ.
3203 837 3262 890 '0
3285 840 3560 904 ἀπολέσας
3587 842 3789 915 (Ἶ5)τὶ;ν

2240 920 2417 991 φυγὴν
2448 922 2652 994 ταύτην
2674 926 2735 978 οὐ
2768 926 2993 980 δύναται
3024 930 3230 983 εἰπεῖν’
3267 949 3289 983 ι
3337 933 3427 987 Ἐν
3448 934 3622 1005 θλίψει
3644 938 3789 991 ἐπλῄ.

2235 1013 2402 1076 ’ξυνᾶς
2432 1032 2539 1083 μοι.
2583 1035 2603 1067 ι
3458 1059 3465 1063 -

2320 1104 2643 1175 Ἐκέκραξα
2668 1110 2820 1179 πρὸς
2836 1112 2932 1179 σὲ,
2966 1117 3162 1185 Κύριε·
3181 1116 3343 1174 εῖκαο
3369 1119 3458 1174 Σὺ
3480 1116 3544 1175 εἶ
3572 1122 3610 1189 ἡ
3637 1122 3789 1189 ἐλπίς

2229 1213 2368 1265 μουι
2395 1201 2702 1270 μερίςμου
2726 1200 2865 1258 εϊὲν
2890 1206 2969 1276 τῇ
3008 1208 3257 1276 ζώντων,
3294 1230 3351 1265 κ.
3386 1231 3440 1266 τ.
3474 1215 3522 1266 ε.
3557 1215 3620 1266 ea
3645 1215 3674 1265 ὁ
3694 1215 3791 1268 ιιι-

2238 1307 2350 1361 ριος
2374 1293 2483 1364 (74)
2514 1296 2671 1366 ἡμῶν
2700 1298 2862 1368 σοφία
2893 1301 3029 1367 ἐστὶ,
3058 1304 3155 1357 καὶ
3179 1306 3338 1376 μερὶς
3363 1306 3421 1359 δὲ
3452 1305 3564 1358 τῶν
3594 1305 3791 1371 ζώντων

2233 1383 2426 1448 αὐτός·
2462 1387 2496 1456 ἡ
2524 1387 2681 1458 μερὶς
2708 1390 2816 1460 ἄρα
2844 1392 2954 1445 τῶν
2983 1391 3199 1457 ζώντων
3228 1397 3262 1466 ή
3316 1397 3480 1466 σοφία
3515 1397 3651 1461 ἐστὶ,
3682 1396 3792 1449 καθ’

2231 1475 2300 1545 ἢν
2357 1478 2453 1531 καὶ
2509 1482 2905 1551 χρηματίζωσι
2963 1484 3185 1550 ζῶντες,
3240 1488 3363 1559 ἣτις
3411 1488 3563 1541 ἐστὶν
3599 1490 3629 1541 ὁ
3668 1490 3791 1560 Χρι-

2232 1571 2375 1633 στός.
2694 1610 2703 1615 υ

2312 1664 2527 1718 Ῥῦσαί
2545 1683 2621 1735 με
2659 1667 2729 1721 ἐκ
2761 1666 2880 1721 τῶν
2906 1670 3396 1727 καταδιωκόντων
3422 1689 3537 1741 με,
3584 1690 3640 1726 κ.
3670 1690 3719 1725 τ.
3746 1671 3789 1726 ἑ.

2158 1725 2202 1780 Β
2229 1725 2676 1832 Πειρασμοίβὸ)
2708 1767 2949 1835 συνεχεῖς
2982 1725 3375 1820 καταδιωκουσι
3396 1725 3492 1819 τὶν
3522 1725 3649 1819 inin!
3694 1766 3791 1819 ἁτὼ

2224 1872 2497 1924 γνωσεως.

2306 1951 2592 2023 Ἐξάγαγε
2615 1952 2684 2007 ἐκ
2715 1952 2997 2022 φυλακῆς
3035 1953 3152 2021 τὴν
3178 1954 3394 2022 ψυχήν
3411 1970 3557 2024 μου.
3589 1972 3643 2007 κ·
3668 1970 3719 2008 τι
3748 1955 3790 2008 έ-

2223 2047 2298 2101 09
2338 2048 2551 2101 πάντων
2581 2048 2692 2118 (76)
2718 2048 2833 2100 ἐστὶ
2860 2050 2922 2101 τὺ
2946 2049 3127 2117 λέγειν
3148 2067 3162 2079 ·
3200 2068 3220 2100 s
3258 2049 3498 2103 Ἔκϐαλε
3542 2052 3608 2103 ἐκ
3636 2050 3794 2118 901:-

2223 2140 2327 2211 κῆς
2358 2141 2454 2212 τὴν
2487 2142 2667 2213 ψυχήν
2702 2161 2826 2213 μου,
2870 2161 2889 2193 s
2918 2145 2967 2195 ei
2995 2142 3069 2213 μὴ
3099 2142 3208 2195 τῶν
3236 2142 3555 2212 δυναμένων
3586 2142 3674 2195 διὰ
3701 2162 3790 2195 κα·

2222 2231 2492 2302 θαρότητα
2515 2235 2610 2287 καὶ
2640 2235 2809 2305 χωρὶς
2831 2233 2924 2286 τοῦ
2951 2232 3199 2304 σώματος
3216 2232 3410 2286 τούτου
3436 2232 3715 2287 ἐπιϐαλεῖν
3730 2236 3788 2304 τῇ

2223 2331 2429 2404 θεωρία
2458 2331 2563 2384 τῶν
2596 2330 2915 2399 γεγονότων.

2757 2519 3046 2573 ΨΑΛΜΟΣ
3082 2518 3265 2575 ΡΜΒ’.

2290 2616 2487 2683 Κύριε,
2516 2613 2880 2668 εἰσάκουσον
2910 2611 3021 2679 τῆς
3051 2610 3404 2680 προσευχῆς
3420 2629 3545 2681 μου
3563 2629 3578 2641 ·
3607 2608 3791 2664 ἐνώτι-

2219 2722 2324 2764 σαι
2360 2706 2477 2774 τὴν
2501 2704 2714 2773 δέησίν
2733 2723 2851 2775 μου
2876 2705 2949 2759 ἑν
2977 2704 3052 2773 τῇ
3081 2706 3332 2772 ἀληθείᾳ
3364 2722 3509 2769 σου,
3546 2702 3787 2757 ἐπάκου-

2216 2801 2336 2855 σόν
2356 2817 2476 2868 μου
2511 2798 2581 2851 ἐν
2610 2795 2684 2865 τῇ
2725 2796 3081 2864 δικαιοσύνῃ
3109 2811 3248 2858 σου,
3282 2813 3339 2848 κ.
3376 2813 3429 2848 τ.
3469 2796 3521 2848 ὲ.
3566 2795 3624 2847 ὐ
3674 2794 3791 2864 Osp-

2221 2890 2330 2963 ρὦ
2361 2890 2471 2961 (77)
2504 2890 2585 2942 ὅτι
2616 2891 2673 2941 ἐν
2692 2886 2962 2959 πνεύματι
2995 2887 3088 2940 καὶ
3110 2885 3340 2958 ἀληθεία
3374 2888 3680 2957 προσκυνεῖ
3707 2885 3787 2937 τὸν

2217 2982 2350 3037 Θεὸν
2380 2983 2476 3035 καὶ
2505 2979 2688 3034 οὐκέτι
2726 2982 2783 3033 ἐν
2804 2979 2979 3049 τύπῳ,
3013 2978 3163 3047 λέγοι
3203 2977 3268 3033 ἂν
3314 2977 3398 3043 τὸ,
3439 2997 3460 3030 ι
3517 2978 3787 3032 Ὲνώτισαι

2138 3055 2183 3114 (ἶ
2216 3075 2313 3147 τὴν
2344 3073 2528 3144 δέησίν
2560 3089 2659 3144 μου
2690 3076 2747 3125 ὲν
2772 3075 2839 3144 τῇ
2870 3071 3096 3142 ἀληθεία
3135 3088 3251 3125 σου.
3289 3090 3309 3122 ι

2286 3165 2397 3221 Καὶ
2420 3164 2508 3236 μὴ
2535 3163 2817 3233 εἰσέλθῃς
2842 3167 2929 3231 εις
2972 3164 3175 3232 κρίσιν
3199 3162 3354 3232 μετὰ
3410 3163 3522 3217 τσῦ
3578 3163 3788 3219 δούλου

2214 3274 2353 3324 σου,
2383 3259 2473 3313 ὅτι
2501 3259 2572 3312 οὐ
2600 3256 3057 3324 δικαιωθήσεται
3087 3256 3345 3310 ἐνώπιόν
3376 3273 3501 3311 σου
3528 3257 3652 3324 πᾶς
3667 3256 3786 3319 ζῶν,

2214 3373 2269 3410 κ.
2310 3372 2362 3407 τ.
2396 3353 2442 3405 ὲ.
2485 3351 2652 3403 Ἐπὰν
2692 3351 2946 3420 κρίνηται
2974 3350 3085 3421 (78)
3137 3350 3273 3421 μετὰ
3311 3349 3409 3402 τοῦ
3443 3350 3731 3423 ἀνθρώπου
3761 3350 3789 3402 6

2211 3446 2436 3520 Κύριος,
2466 3444 2561 3497 καὶ
2588 3443 2752 3514 λέγῃ·
2800 3461 2819 3494 ι
2862 3443 3005 3507 Λαὸς
3032 3461 3155 3514 μου,
3186 3443 3239 3496 τί
3272 3442 3514 3512 ἐποίησά
3549 3459 3653 3508 σοι,
3687 3440 3789 3512 ἦτε

2212 3537 2459 3606 ἐλύπησά
2484 3554 2581 3602 σε;
2621 3556 2639 3587 ι
2686 3536 2860 3599 οὐδεὶς
2895 3536 3003 3600 ζῶν
3050 3534 3511 3605 δικαιωθήσεται·
3570 3534 3787 3588 ἐνώπιον

2214 3630 2314 3703 μὲν
2339 3630 2447 3702 γὰρ
2478 3630 2683 3701 Κυρίου
2711 3630 2771 3682 οὐ
2802 3628 3219 3699 δικαιωθήσεται
3249 3629 3357 3692 πᾶς
3388 3627 3499 3693 ζῶν
3519 3645 3535 3658 ο
3567 3630 3786 3683 ἐνώπιον

2208 3723 2267 3777 δὲ
2296 3722 2597 3795 ἀνθρώπων
2631 3724 2691 3778 οὐ
2749 3723 2906 3793 μόνον
2935 3722 3156 3783 ἀδίκων,
3185 3722 3322 3777 ἀλλά
3367 3722 3466 3775 καὶ
3498 3721 3672 3776 ἄλλων
3716 3720 3785 3775 δίο

2213 3815 2387 3868 καίων
2413 3813 2523 3867 ἔσθ’
2558 3814 2668 3867 ὅτε.
2692 3813 2774 3866 Τὰ
2801 3812 2859 3865 δὲ
2893 3812 3041 3866 αἴτια
3066 3812 3158 3865 τοῦ
3189 3813 3264 3883 μὴ
3292 3811 3636 3866 δικαιοῦσθαι
3677 3813 3783 3864 ἑπι-

2209 3905 2364 3977 φέρει
2396 3903 2671 3973 συγγενῶς
2710 3902 2789 3973 τῷ
2837 3903 3003 3974 στίχῳ
3051 3903 3225 3974 τούτῳ
3251 3919 3265 3933 ·
3321 3922 3339 3953 ι
3365 3903 3560 3968 Ὅπως
3599 3903 3668 3957 ἂν
3710 3902 3783 3956 διο

2206 3995 2447 4066 καιωθῇς
2479 3996 2538 4048 ὲν
2564 3998 2675 4059 τοῖς
2704 3995 2883 4063 λόγοις
2917 4011 3035 4058 σου,
3069 3995 3163 4048 καὶ
3189 3995 3419 4065 νικήσῃς
3460 3996 3520 4048 ἐν
3555 3994 3632 4066 τῷ
3671 3993 3781 4066 κρί-

2207 4085 2394 4140 νεσθαί
2425 4101 2504 4139 σε.
2547 4104 2565 4136 s

2288 4179 2350 4232 Ἡ
2384 4176 2554 4247 ψυχή
2586 4194 2702 4246 μου
2724 4177 2805 4243 ὡς
2849 4175 2926 4246 γῆ
2974 4177 3234 4246 ἄνυδρός
3283 4192 3408 4239 σοι,
3437 4196 3493 4232 κ.
3527 4196 3579 4232 τ.
3616 4179 3663 4231 ὲ.
3710 4177 3779 4250 Γῆ

2207 4267 2431 4340 ἄνυδρός
2461 4268 2571 4338 (79)
2606 4270 2723 4321 ἐστι
2919 4270 3135 4341 καθαρὰ
3159 4272 3539 4342 πνευματικὴν
3588 4271 3782 4341 γνῶσιν

2210 4359 2562 4430 ἐπιζητοῦσα.
2768 4366 2779 4377 '

2284 4453 2437 4521 Ταχὺ
2458 4451 2830 4508 εἰσάκοιοσόν
2847 4472 2988 4524 μου,
3010 4456 3209 4523 Κύριε,
3236 4454 3481 4520 ἐξέλιπε
3518 4456 3588 4509 τὸ
3607 4455 3778 4510 πνεῦ-

2201 4542 2287 4613 μά
2302 4561 2447 4612 μου,
2478 4562 2531 4597 κ.
2551 4562 2600 4597 τ.
2625 4546 2671 4598 ὲ.
2717 4545 2839 4599 Ἐπὶ
2880 4546 3061 4600 πλεῖον
3090 4547 3201 4617 (80)
3249 4548 3489 4619 ἀκηδιῶν
3546 4549 3776 4602 ἐκλείπει

2204 4635 2264 4688 τὸ
2290 4634 2506 4707 πνεῦμα
2529 4635 2621 4690 τοῦ
2654 4636 2962 4709 ἀνθρώπου.
2999 4639 3186 4711 Τούτῳ
3220 4640 3276 4693 δὲ
3308 4640 3493 4710 ὅμοιον
3522 4642 3609 4704 τὸ,
3644 4660 3663 4693 ι
3695 4642 3775 4695 Ἑν

2203 4728 2280 4800 τῷ
2303 4728 2573 4782 ἐκλείπειν
2602 4727 2661 4793 ἐξ
2684 4730 2820 4801 ἐμοῦ
2846 4730 2906 4784 τὺ
2936 4732 3153 4802 πνεῦμά
3176 4749 3300 4803 μου.
3336 4753 3354 4784 ι

2289 4822 2612 4877 Ἀκουστὸν
2640 4825 2902 4891 ποίησόν
2917 4843 3020 4894 μοι
3048 4825 3115 4879 τὸ
3162 4828 3315 4896 πρωῒ
3338 4829 3404 4881 τό
3435 4828 3612 4897 ἔλεός
3642 4845 3767 4888 σου.

2201 4912 2291 4969 ὅτι
2316 4915 2414 4969 ἐπὶ
2437 4917 2536 4971 σοι
2562 4916 2815 4985 ἤλπισα.
2850 4918 3161 4985 Γνώρισόν
3183 4939 3305 4990 μοι,
3322 4923 3521 4991 Κύριε,
3547 4922 3690 4977 ὁδὸν
3707 4923 3771 4975 ἐν

2202 5006 2241 5074 ᾔ
2270 5009 2655 5078 πορεύσομαι,
2696 5009 2786 5063 ὅτι
2811 5011 2960 5078 πρὸς
2987 5010 3062 5064 σέ
3085 5006 3201 5080 ἦρα
3239 5012 3351 5080 τὴν
3401 5014 3611 5083 ψυχήν
3636 5035 3767 5085 μου,

2201 5115 2257 5153 κ.
2287 5117 2338 5153 τ.
2366 5102 2411 5153 ὲ.
2463 5102 2573 5173 Τὴν
2627 5102 2860 5174 θεωρίαν
2901 5104 3013 5174 (81)
3064 5104 3315 5177 ἐπιζητεῖ
3359 5109 3453 5161 τοῦ
3496 5110 3769 5180 μέλλοντος

2203 5193 2417 5257 αἰῶνος,
2445 5196 2510 5266 ῆν
2541 5195 2636 5249 καὶ
2664 5194 2941 5265 βασιλείαν
2969 5197 3212 5270 οὐρανῶν
3234 5197 3356 5263 ἔθος
3382 5200 3664 5273 ὀνομάζειν
3704 5206 3766 5273 τῇ

2205 5284 2327 5358 θείᾳ
2357 5287 2570 5360 Γραφῇ.

1576 5370 1619 5401 ³⁷
1650 5370 1791 5425 Psal.
1822 5388 1875 5438 ι,
1903 5373 1960 5431 6.
2034 5378 2080 5410 ³⁸
2104 5378 2247 5437 Psal.
2277 5400 2422 5450 cxu,
2448 5387 2503 5440 4.

2275 5476 2387 5539 (78)
2440 5479 2628 5550 Ἑπὰν
2653 5481 2944 5550 κρίνηται,
2977 5493 3086 5542 etc.
3124 5486 3349 5542 Eadem.

2300 5550 2391 5614 79)
2426 5549 2515 5618 Γῆ
2543 5549 2821 5619 ἄνυδρος.
2854 5567 2959 5609 etc.
2989 5557 3213 5613 Schedaa
3241 5557 3453 5614 Grabii.

2418 5621 2809 5701 ignigrxsi'or,
2834 5634 2941 5680 etc.
2964 5626 3164 5701 C__atena
3190 5628 3453 5701 qutlemi.

2183 5632 2189 5636 ·
2276 5620 2389 5688 (80)
2433 5621 2563 5674 Ἐπὶ
2580 5623 2809 5687 πλεῖον.
2834 5634 2941 5680 etc.
2964 5626 3164 5686 Catena
3190 5628 3458 5683 Cortlerii.

2296 5690 2385 5760 8|)
2416 5691 2533 5761 Τὴν
2555 5694 2823 5762 θεωρίαν,
2850 5704 2958 5753 etc.
2988 5694 3213 5753 Sclicda:
3240 5696 3452 5755 Grabii.
