3928 6158
269 181 430 241 1669

1228 189 1542 247 SELECTA
1579 190 1647 247 IN
1683 189 2021 248 PSALMOS.
2053 221 2126 233 —
2158 188 2353 249 PSAL.
2393 192 2621 253 CXLIII.

3396 198 3533 253 1670

357 304 475 378 ,Τοῦ
504 304 708 359 αὑτοῦ.
739 303 968 361 Δύναται
995 307 1151 361 τοῦτο
1192 307 1303 379 (82)
1337 311 1511 363 εἰπεῖν
1558 310 1686 382 περὶ
1728 327 1825 379 γνιι

2042 309 2313 381 Ejusdem.
2361 312 2546 368 Potest
2595 315 2698 368 hoc
2731 313 2915 369 dicere
2954 315 3021 371 de
3052 319 3240 374 notitia
3273 321 3376 377 vim
3414 340 3533 392 quae

272 395 486 469 ρισμοῦ
516 397 637 451 ὁδοῦ
669 400 941 471 φερούσης
971 402 1058 454 ἐπ’
1104 403 1329 474 ἀρετὴν,
1364 402 1396 474 ἦ
1448 403 1548 472 τῆς
1606 404 1671 473 ἢν
1720 403 1856 474 μετὰ

266 485 385 556 τὴν
411 485 587 550 ἔξοδον
613 487 783 542 ὁδεύει
812 507 916 553 τις,
941 490 1062 560 ἥτις
1083 492 1230 545 ἐστὶν
1262 493 1381 556 ὁδὸς
1408 492 1502 546 τοῦ
1548 490 1707 557 ξύλου
1761 493 1857 564 τῆς

276 577 453 649 ζωῆς,
484 578 550 650 ἢν
586 578 846 649 φυλάσσει
881 580 951 635 τὰ
988 582 1253 655 χερουϐὶμ
1302 585 1398 638 καὶ
1452 584 1679 656 φλογίνη
1725 586 1857 655 ῥομ-

280 668 450 738 quia.

364 757 688 815 Τοῦ.αὐτοῦ
742 761 818 832 Γῆ
846 760 1060 828 ζώντων
1088 764 1196 835 (85)
1227 766 1319 819 καὶ
1342 764 1414 836 γῆ
1448 765 1631 819 εὐθεῖα
1658 769 1690 837 ὴ
1718 765 1852 836 αὐτή

271 848 431 903 ἐστιν
462 850 660 923 ἀγαθὴ,
691 853 776 922 ἐφ’
803 854 869 925 ἢν
891 854 953 907 τὸ
980 855 1181 924 ἀγαθὸν
1216 856 1309 911 τοῦ
1334 857 1466 911 Θεοῦ
1490 856 1710 928 Πνεῦμα
1732 857 1854 928 ὁδη-

272 943 372 1009 γεῖ
405 943 528 1006 τοὺς
553 940 753 1008 ἀξίους.
784 945 895 999 Καὶ
922 947 1166 1001 ἐντεῦθεν
1196 948 1292 1021 τὴν
1318 949 1472 1014 ἀξίαν
1497 948 1587 1001 τοῦ
1612 948 1854 1017 πνεύμα-

270 1048 370 1095 τος
394 1032 767 1105 ἐδιδάχθημεν.
820 1036 1029 1109 Ὥσπερ
1071 1039 1179 1111 γὰρ
1228 1040 1258 1091 6
1303 1040 1452 1104 Θεὸς,
1495 1039 1635 1093 οὕτω
1675 1038 1767 1092 καὶ
1792 1038 1852 1091 τὸ

271 1122 499 1193 πνεῦμα
529 1124 838 1195 ὠνόμασται
882 1128 1115 1195 ἀγαθόν’
1168 1130 1259 1182 καὶ
1291 1130 1541 1200 καθάπερ
1578 1129 1668 1183 τὸν
1721 1129 1851 1182 Θεὸν

271 1212 546 1284 ὀδηγῆσαι
579 1215 741 1268 αὐτὸν
789 1218 1088 1283 ἱκετεύσας,
1134 1219 1273 1273 οὕτω
1310 1221 1403 1275 καὶ
1431 1222 1529 1292 τῆς
1563 1218 1656 1272 τοῦ
1692 1216 1854 1270 πνεύ-

277 1321 452 1373 ματος
508 1305 731 1375 ὁδηγίας
777 1309 1077 1363 ἀπολαῦσαι
1132 1312 1455 1383 παρακαλεῖ,
1503 1311 1643 1365 ὥστε
1687 1308 1852 1380 μηδὲν

272 1396 425 1469 αὐτῷ
466 1400 697 1470 φανῆναι
738 1401 1037 1471 πρόσαντες
1099 1403 1233 1473 μηδὲ
1279 1403 1553 1474 δυσχερὲς,
1605 1400 1721 1455 ἀλλ’
1765 1399 1853 1453 εὑ-

272 1488 424 1544 θεϊαν
448 1488 546 1563 τὴν
568 1491 689 1546 ὁδὸν
717 1491 922 1548 ὁδεύειν
951 1496 1045 1551 καὶ
1071 1495 1220 1551 λείαν
1255 1498 1348 1551 καὶ
1373 1496 1579 1569 πλάνης
1606 1492 1850 1565 ἀπηλλα-

271 1579 502 1653 γμένην.
1734 1603 1745 1611 ε

1960 401 2104 456 ducit
2126 406 2193 456 ad
2222 404 2498 466 virtutem.
2531 404 2609 458 vel
2632 405 2697 458 de
2721 405 2807 458 via
2840 422 3000 474 quam
3033 410 3154 477 quis
3178 421 3297 480 post
3327 415 3529 470 exitum

1959 492 2174 557 incedit,
2208 508 2331 564 qua:
2363 504 2449 549 est
2483 496 2565 549 via
2594 495 2725 566 ligni
2757 496 2901 563 vitae,
2942 513 3105 564 quam
3140 505 3377 559 custodit
3400 506 3529 561 che-

1958 584 2114 639 rubin
2143 601 2265 639 cum
2300 584 2547 641 ﬂammea
2583 587 2879 656 romphaea.

2022 759 2184 833 84],
2228 761 2500 831 Ejusdem.
2550 760 2721 817 Terra
2783 762 3078 818 viventium
3106 773 3161 820 et
3200 774 3345 821 terra
3373 778 3522 823 recta

1954 853 2144 907 eadem
2185 862 2267 907 est
2290 854 2451 917 bona,
2482 853 2546 907 ad
2574 869 2737 922 quam
2764 854 3000 925 Spiritus
3030 858 3122 911 Dei
3147 858 3321 913 bonus
3352 860 3522 914 dedu-

1953 942 2031 998 cit
2064 957 2160 997 eos
2192 944 2281 1011 qui
2317 943 2463 1012 digni
2505 954 2650 997 sunt.
2678 945 2814 1000 Hinc
2843 949 3007 1001 etiam
3042 950 3264 1019 spiritus
3292 950 3524 1019 dignita-

1956 1042 2058 1088 tem
2089 1035 2394 1089 didicimus.
2433 1035 2588 1090 Sicut
2619 1037 2761 1090 enim
2807 1037 2970 1105 Deus,
3002 1043 3081 1094 sic
3109 1042 3269 1094 etiam
3296 1042 3522 1110 spiritus

1954 1126 2262 1180 nominatus
2296 1135 2379 1180 est
2409 1126 2580 1180 bonus
2611 1141 2622 1175 :
2651 1136 2706 1181 et
2729 1129 3186 1197 quemadmodum
3220 1129 3389 1185 Deum
3411 1131 3513 1186 ob-

1953 1217 2186 1271 secravit
2223 1226 2279 1270 ut
2302 1217 2473 1285 ipsum
2499 1218 2811 1286 deduceret,
2835 1220 2916 1274 sic
2943 1221 3110 1276 etiam
3138 1229 3412 1290 precatur,
3454 1230 3515 1277 ut

1951 1308 2172 1376 spiritus
2198 1308 2418 1381 (ductum
2457 1320 2843 1379 consequatur,
2885 1312 2960 1365 ita
3000 1320 3072 1376 ,ιιι
3101 1312 3236 1365 nihil
3278 1312 3381 1381 ipsi
3418 1327 3509 1366 ar-

1952 1397 2113 1451 duum
2141 1406 2196 1453 et
2232 1397 2445 1453 dillicile
2490 1410 2764 1469 appareat,
2799 1403 2893 1455 sed
2924 1412 3124 1458 rectam
3145 1403 3289 1459 viam
3323 1412 3378 1458 et
3398 1402 3513 1473 pla-

1951 1503 2076 1543 nam
2104 1498 2265 1559 atque
2285 1490 2351 1544 ab
2378 1504 2565 1545 errore
2596 1491 2817 1547 liberam
2849 1493 3089 1549 incedat.

807 1762 1096 1819 ΨΑΛΜΟΣ
1133 1765 1310 1820 PMI".

334 1850 679 1923 Εὐλογητὸς
703 1854 916 1924 Κύριος
941 1858 973 1910 ό
1004 1858 1148 1923 Θεός
1175 1874 1314 1926 μου,
1347 1858 1380 1910 ό
1409 1854 1712 1910 διδάσκων
1731 1855 1837 1923 τὰς

268 1942 475 2012 χεῇοάς
496 1963 615 2014 μου
655 1947 742 2012 εὶς
771 1946 1120 2015 παράταξιν,
1171 1947 1313 2015 τοὺς
1353 1946 1687 2014 δακτύλους
1717 1966 1836 2017 μου

266 2034 357 2099 εἰς
379 2035 667 2102 πόλεμον,
696 2052 751 2088 κ.
779 2053 828 2089 τ.
858 2037 904 2088 ὲ.
941 2036 998 2088 '0
1024 2035 1290 2108 διδαχθεὶς
1313 2036 1424 2107 (84)
1456 2038 1603 2110 παρά
1628 2038 1834 2108 Κυρίου

266 2124 359 2177 τὸν
386 2124 522 2197 πρὸς
556 2125 651 2197 τὴν
684 2127 1062 2199 ἀντικειμένην
1088 2127 1314 2200 δύναμιν
1353 2129 1587 2201 πόλεμον
1619 2132 1838 2184 ἐπίστα-

263 2231 357 2268 ται
400 2214 588 2284 λόγους
623 2216 831 2287 ἀρετῶν
861 2218 952 2270 καὶ
984 2217 1188 2273 κακιῶν
1207 2260 1222 2283 ,
1265 2220 1360 2273 καὶ
1398 2219 1661 2292 διαφοράς
1690 2219 1835 2289 λογι-

196 2380 199 2381 ν
267 2306 441 2377 σμῶν,
480 2307 834 2379 γνωρίσματά
869 2326 929 2362 τε
973 2309 1160 2374 ἀθεῖας
1192 2311 1286 2364 καὶ
1317 2312 1476 2383 ὄρους
1520 2311 1708 2383 αὐτῆς,
1754 2312 1833 2366 ἐτι

262 2397 322 2451 δὲ
348 2399 444 2453 καὶ
478 2399 588 2454 τῶν
627 2401 951 2472 νυκτερινῶν
993 2403 1389 2473 φαντασμάτων
1435 2402 1528 2457 καί¹
1568 2403 1832 2457 ἐνυπνίων

263 2489 520 2559 γινώσκει
555 2493 679 2555 τοὺς
711 2492 918 2561 λόγους,
971 2486 1046 2546 ὢν
1096 2495 1144 2546 οἱ
1193 2495 1291 2564 μὲν
1344 2494 1451 2547 ἀπὸ
1490 2495 1584 2548 τοῦ
1613 2494 1829 2564 λογικοῦ

266 2579 466 2652 μέρους
507 2582 744 2651 γίνονται
787 2584 887 2654 τῆς
931 2584 1107 2656 ψυχῆς
1135 2625 1150 2649 ,
1203 2586 1522 2657 κινουμένης
1557 2586 1658 2655 τῆς
1698 2587 1831 2657 μνή-

264 2688 392 2744 μης,
424 2677 470 2728 οἱ
509 2675 564 2729 δὲ
588 2676 694 2729 ἀπὸ
715 2675 809 2728 τοῦ
843 2676 1071 2747 θυμικοῦ
1093 2716 1107 2740 ,
1141 2677 1314 2748 ἕτεροι
1358 2678 1414 2730 δὲ
1442 2678 1550 2731 ἀπὸ
1586 2678 1679 2731 τοῦ
1707 2681 1827 2731 ἐπι-

261 2761 561 2834 θυμητικοῦ
583 2780 599 2795 ⁸
652 2748 787 2819 ἀλλὰ
831 2766 956 2838 περὶ
991 2767 1089 2837 μὲν
1120 2767 1326 2821 τούτων
1353 2768 1739 2841 ἀκριϐέστερον
1769 2771 1826 2824 ἐν

257 2852 337 2925 τῷ
361 2862 410 2909 α’
440 2856 763 2928 εἰλήφαμεν.

328 2947 660 3015 Ἀνθρωπος
693 2950 1036 3018 ματαιότητι
1062 2949 1347 3020 ὡμοιώθη,
1383 2954 1443 3006 αἱ
1483 2951 1694 3021 ἡμέραι
1722 2956 1828 3009 αὺ-

253 3038 364 3093 τοῦ
393 3039 534 3093 ὡσεὶ
560 3040 702 3094 σκιὰ
729 3039 1084 3110 παράγουσι,
1112 3059 1164 3094 κ.
1200 3059 1251 3095 τ.
1286 3043 1332 3094 ὲ.
1377 3044 1526 3096 Ἐπεὶ
1546 3063 1563 3093 s
1618 3043 1824 3115 ἄνθρω-

1869 1763 1916 1822 Β
2430 1752 2753 1811 PSALMUS
2790 1755 3013 1813 CXLIII.

2008 1847 2172 1903 Vens.
2213 1848 2264 1903 1.
2293 1845 2604 1901 Benedictus
2644 1845 2898 1902 Dominus
2931 1849 3068 1904 Deus
3093 1866 3258 1919 meus,
3285 1853 3376 1922 qui
3405 1853 3504 1907 do-

1936 1949 2014 1993 cet
2039 1956 2225 1994 manus
2259 1955 2400 1993 meas
2427 1940 2495 1991 ad
2528 1939 2790 2007 prwlium,
2831 1950 2880 1993 et
2909 1941 3099 2009 digitos
3129 1959 3270 1996 meos
3299 1945 3367 1997 ad
3391 1946 3500 1999 bel-

1935 2030 2063 2096 lum,
2094 2041 2200 2085 etc.
2232 2030 2331 2095 Qui
2366 2046 2394 2082 a
2421 2031 2649 2084 Domino
2668 2030 2890 2086 edoctus
2916 2044 2998 2088 est
3022 2034 3218 2088 bellum
3245 2037 3501 2092 adversus

1935 2121 2260 2177 contrariam
2287 2130 2629 2191 potestatem,
2658 2122 2917 2178 virtutum
2949 2139 3012 2179 ac
3029 2125 3282 2180 vitiorum
3306 2141 3504 2185 causas

1937 2214 2111 2278 novit,
2142 2229 2244 2268 nec
2283 2229 2389 2268 non
2434 2215 2828 2282 cogitationum
2867 2215 3221 2285 diﬂ'erentias,
3275 2218 3499 2275 indicia-

1933 2321 2043 2376 que
2075 2316 2130 2360 et
2172 2310 2431 2362 terminos
2460 2307 2774 2377 impietatis,
2820 2309 3043 2379 insuper
3067 2310 3231 2365 etiam
3261 2313 3497 2369 rationes

1930 2395 2210 2467 cognoscit
2254 2406 2646 2452 nocturnorum
2681 2398 3115 2469 phantasmatum
3159 2410 3215 2456 et
3259 2402 3500 2459 somnio-

1932 2503 2075 2553 rum,
2092 2503 2322 2557 quorum
2353 2488 2456 2543 alia
2485 2489 2700 2560 quidem
2724 2507 2753 2543 a
2775 2490 3078 2548 rationabili
3100 2494 3294 2549 anima:
3317 2505 3492 2565 parte,
3526 2540 3529 2543 .

1928 2581 2167 2635 excitata
2193 2582 2455 2636 memoria
2485 2583 2639 2648 ﬁunt,
2670 2582 2773 2637 alia
2802 2583 2871 2637 ab
2904 2586 3010 2647 ira,
3041 2583 3144 2637 alia
3175 2600 3204 2638 a
3235 2586 3496 2655 concupi-

1927 2672 2170 2727 scentia:
2209 2687 2398 2727 verum
2438 2675 2506 2728 de
2534 2673 2619 2728 his
2644 2674 2957 2730 accuratius
2991 2674 3047 2728 in
3078 2678 3255 2745 primo
3283 2679 3493 2748 psalmo

1927 2764 2301 2821 disseruimus.

1999 2941 2155 2998 Vsus.
2181 2943 2236 2996 4.
2265 2941 2437 2996 Homo
2460 2941 2679 2997 vanitati
2702 2941 2889 2997 similis
2917 2941 3091 3011 [actus
3119 2953 3193 2997 est
3215 2943 3358 3000 :dies
3378 2945 3490 3015 ejus

1921 3034 2054 3088 sicut
2085 3036 2268 3088 umbra
2296 3044 2648 3103 praetereunt,
2683 3045 2792 3091 etc.
2817 3034 3083 3101 Quoniam
3120 3053 3140 3087 ι
3175 3036 3339 3092 homo
3364 3053 3488 3092 cum

253 3145 355 3192 πος
386 3129 494 3202 (85)
525 3130 583 3183 ἐν
612 3133 742 3202 τιμῇ
779 3128 853 3183 ῶν
886 3132 945 3184 οὑ
978 3132 1198 3201 συνῆκε,
1234 3134 1683 3206 παρασυνεϐλήοη
1710 3139 1820 3200 τοῖς

1946 3144 1976 3181 n
2010 3128 2215 3181 honore
2241 3134 2391 3181 esset
2429 3142 2535 3181 non
2569 3127 2864 3192 intellexit,
2899 3138 3248 3197 comparatus
3290 3138 3372 3186 est
3396 3133 3487 3200 ju-

252 3226 473 3295 κτήνεσι
509 3229 618 3290 τοῖς
650 3228 896 3298 ἀνοήτοις
928 3230 1020 3283 καὶ
1052 3229 1306 3302 ὡμοιώθη
1342 3231 1544 3294 αὐτοῖς,
1586 3235 1642 3286 αἱ
1684 3234 1821 3304 ἡμέ-

253 3334 344 3389 ραι
373 3318 535 3372 αύτοῦ
565 3319 695 3373 ὡσεὶ
735 3325 863 3376 σκιά
905 3324 1228 3395 παράγουσι.
1272 3343 1291 3376 ι
1333 3324 1414 3378 Τά
1445 3324 1553 3397 γὰρ
1587 3326 1821 3380 ἐνταῦθα

250 3408 439 3461 παισὶν
486 3409 629 3463 ἔοικε
683 3411 983 3475 παίζουσιν.
1042 3414 1098 3467 '0
1150 3415 1387 3488 σήμερον
1430 3418 1538 3487 γὰρ
1585 3416 1818 3482 δικάζων

247 3496 477 3569 ἔστηκεν
516 3498 703 3571 αὔριον
748 3502 1117 3573 δικαζόμενος,
1172 3504 1264 3557 καὶ
1308 3506 1337 3557 6
1388 3504 1616 3578 σοϐαρὸς
1645 3508 1703 3559 ὲν
1739 3506 1819 3577 τῷ

248 3590 454 3661 ἄρχειν,
512 3591 616 3645 ὑπὸ
670 3592 862 3663 δημίου
913 3594 1169 3658 πολλάκις
1228 3597 1591 3667 ἀπαγόμενος,
1639 3599 1736 3652 καὶ
1789 3600 1818 3652 6

247 3681 499 3746 πλούσιος
530 3686 589 3737 ὲν
633 3685 812 3755 πενίᾳ,
849 3685 943 3739 καὶ
980 3687 1007 3737 6
1053 3686 1367 3751 ἀνέλπιστος
1397 3689 1493 3742 καὶ
1537 3689 1818 3761 ἀνώνυμος

245 3774 503 3839 πολλάκις
532 3774 638 3829 τῶν
667 3774 802 3829 ὅλων
823 3776 1058 3848 κρατῶν.
1083 3779 1192 3831 Καὶ
1224 3781 1423 3834 πυκναί
1444 3782 1497 3834 αἱ
1526 3781 1816 3852 μεταϐολαὶ

243 3866 338 3919 καὶ
368 3866 641 3935 ἀνώμαλοι
684 3869 738 3920 αἱ
778 3869 1154 3937 μεταστάσεις.

317 3958 428 4012 Τοῦ
465 3958 670 4013 αὑτοῦ.
721 3959 1035 4029 Ματαιότης
1090 3959 1201 4031 (86)
1249 3962 1394 4016 ἐστὶν
1421 3961 1534 4028 ἕξις
1566 3964 1812 4037 ῃιρίστη

240 4049 462 4122 λογικῆς
498 4052 695 4125 ψυχῆς,
727 4052 848 4106 καθ’
883 4053 949 4124 ἢν
981 4053 1079 4115 τὰς
1120 4054 1362 4127 φθαρτὰς
1401 4057 1593 4128 ἡδονὰς
1625 4076 1814 4130 προαι-

243 4143 475 4215 ρουμένη
499 4145 605 4199 τῶν
637 4147 820 4201 ἀϊδίων
848 4147 941 4200 καὶ
967 4145 1257 4219 ἀφθάρτων
1289 4152 1633 4219 καταφρονεῖ.

307 4242 505 4310 Κύριε,
551 4241 762 4296 κλῖνον
798 4241 1092 4309 οὐρανούς
1137 4255 1272 4304 σου,
1332 4240 1431 4294 καὶ
1492 4238 1804 4307 κατάϐηθι-

236 4333 385 4403 (idem
430 4332 547 4387 τῶν
588 4332 792 4401 ὀρέων,
847 4333 944 4386 καὶ
993 4317 1541 4397 καπνὶσθήσονται,
1580 4349 1634 4385 κ.
1669 4350 1720 4386 τ.
1757 4334 1804 4386 ὲ.

248 4426 384 4498 ’Ᾱφή
415 4429 530 4480 ἐστι
558 4425 665 4498 (87)
696 4425 828 4479 Θεοῦ
860 4427 1176 4481 διδασκαλία
1203 4424 1543 4495 πνευματικὴ
1570 4463 1585 4487 ,
1740 4426 1804 4521 εκ
1833 4462 1883 4521 D

235 4516 334 4589 τῆς
360 4519 556 4583 κακίας
587 4518 943 4591 ἀποκείμενον
984 4520 1188 4574 καπνὸν
1210 4520 1329 4582 ταῖς
1356 4516 1550 4587 ψυχαῖς
1586 4514 1804 4581 ἐξελαύ-

233 4625 419 4662 νουσα.

312 4699 778 4764 Ἐξαπόστειλον
802 4700 875 4754 τὰ
896 4701 1053 4768 ,ϐέλη
1083 4715 1199 4754 σου
1217 4740 1231 4762 ,
1266 4697 1364 4752 καὶ
1405 4696 1799 4766 συνταράξεις

228 4790 474 4855 αὐτοὺς,
511 4807 564 4842 κ.
591 4808 639 4843 τ.
667 4792 713 4843 ὲ.
745 4789 929 4844 Ταῦτα
951 4789 1020 4843 τὰ
1045 4790 1171 4861 βέλη
1206 4787 1318 4862 (88)
1341 4788 1667 4843 ἀντίκεινται
1688 4791 1797 4851 τοῖς

230 4881 642 4953 πεπυρωμένοις
677 4882 854 4953 βέλεσι
885 4882 979 4934 τοῦ
1007 4881 1224 4953 ἐχθροῦ.

308 4973 550 5037 Ἐξελοῦ
575 4990 651 5043 με
672 4973 769 5028 καὶ
784 4974 972 5042 ῥῦσαί
992 4992 1067 5044 με
1091 4975 1160 5038 ἐξ
1187 4972 1420 5028 ὑδάτων
1439 4970 1702 5035 πολλῶν,
1724 4971 1793 5025 ἐκ

227 5064 424 5134 χειρὸς
462 5062 608 5125 υἱῶν
654 5065 1006 5134 ἀλλοτρίων,
1053 5060 1142 5119 ὧν
1186 5066 1251 5118 τὸ
1292 5066 1485 5133 στόμα
1528 5063 1793 5131 ἐλάλησε

225 5159 598 5228 ματαιότητα,
632 5158 730 5211 καὶ
775 5158 815 5226 η
868 5156 1034 5222 δεξιὰ
1086 5155 1284 5211 αὐτῶν
1323 5154 1492 5219 δεξιὰ
1534 5155 1791 5220 ἀδικίας,

227 5268 279 5306 κ.
313 5269 362 5305 τ.
395 5252 444 5304 ὲ.
479 5248 599 5304 Τῶν
633 5251 955 5324 ἑτεροδόξων
1001 5250 1112 5322 (89)
1168 5249 1255 5303 διὰ
1300 5247 1509 5320 μεγάλα
1548 5247 1793 5319 δόγματα

319 5346 363 5379 ⁸⁸
389 5345 528 5402 Psal.
554 5362 739 5412 xum,
782 5348 865 5403 15.

312 5442 401 5505 82)
425 5444 677 5499 Δύναται
698 5442 895 5508 τοῦτο,
917 5452 1022 5501 etc.
1051 5441 1251 5498 Catena
1281 5439 1543 5499 Corderii.

314 5511 404 5574 85)
437 5512 529 5581 Γῆ
554 5512 800 5577 ζώντων,
831 5523 936 5570 etc.
974 5513 1198 5569 Eadem.

312 5582 403 5649 at)
438 5580 850 5652 ⁹Ο⁷διδαχθείς,
887 5593 991 5640 etc.
1029 5584 1252 5639 Scheda:
1267 5580 1474 5638 Grabii.

286 5653 398 5723 (S5)
437 5652 594 5707 Ἐπεί
618 5650 946 5723 ᾰιηέθρωπος,
982 5664 1086 5710 etc.
1119 5656 1320 5711 Catena
1344 5650 1608 5709 Corderii.

1923 3223 2123 3277 mentis
2154 3221 2533 3292 insipientibus
2567 3230 2621 3276 et
2649 3220 2843 3275 similis
2873 3220 3048 3277 factus
3086 3233 3171 3276 est
3197 3221 3321 3288 illis,
3369 3223 3489 3279 dies

1919 3311 2033 3379 ejus
2052 3313 2402 3367 sicntumhra
2439 3312 2857 3382 praetereunt”.
2894 3332 2912 3364 ι
2940 3312 3013 3367 Ea
3062 3314 3209 3368 enim
3234 3328 3357 3383 quis
3399 3314 3489 3371 hic

1922 3403 2080 3467 liunt,
2132 3403 2328 3458 similia
2375 3412 2507 3459 sunt
2560 3404 2744 3473 pueris
2791 3403 3123 3460 ludentibus.
3178 3405 3279 3472 Qui
3339 3406 3484 3460 enim

1919 3493 2082 3548 hodie
2107 3492 2339 3563 judicat,
2372 3509 2495 3549 cras
2543 3492 2836 3561 iudicatur,
2883 3505 2938 3549 et
2985 3495 3074 3564 qui
3119 3496 3397 3551 insolescit
3430 3498 3482 3552 in

1920 3586 2250 3656 principatu,
2276 3602 2305 3640 a
2334 3585 2592 3639 carniﬁce
2639 3599 2780 3653 saepe
2812 3586 3097 3639 abducitur
3120 3589 3187 3640 ad
3228 3597 3481 3651 mortem,

1918 3686 1974 3731 et
1997 3678 2150 3730 dives
2184 3676 2246 3731 ﬁt
2273 3690 2498 3744 panper,
2516 3682 2570 3728 et
2596 3675 2902 3744 insperatus
2931 3686 2986 3728 ct
3008 3690 3308 3746 anonymus
3338 3693 3482 3748 sape

1918 3771 2145 3838 imperat
2171 3770 2457 3823 universis.
2492 3768 2558 3821 Et
2587 3768 2900 3837 frequentes
2924 3779 3049 3822 sunt
3080 3770 3407 3825 mutationes
3427 3781 3482 3826 et

1917 3877 2099 3917 rerum
2137 3860 2561 3915 vicissitudines.

1982 3952 2258 4023 Ejusdem.
2292 3951 2518 4006 Vanitas
2542 3958 2626 4006 est
2656 3951 2851 4006 animae
2877 3953 3090 4010 ratione
3116 3953 3352 4022 prteditre
3376 3954 3477 4010 Ita-

1912 4048 2056 4101 bitns
2086 4046 2377 4115 pessimus,
2416 4060 2523 4114 quo
2567 4043 2628 4099 Iit
2659 4055 2718 4097 ut
2739 4059 3026 4114 corporeas
3050 4047 3353 4116 voluptates
3381 4048 3477 4103 eli-

1911 4146 2299 4207 gens,a:ternas
2343 4146 2508 4205 atque
2539 4136 2981 4204 incorruptibiles
3005 4148 3334 4192 contemnat.

1989 4232 2146 4285 Vsus.
2178 4230 2232 4287 5.
2274 4229 2514 4298 Domine,
2535 4230 2730 4284 inclina
2773 4231 2927 4283 caelos
2956 4239 3070 4284 tuos
3101 4241 3149 4285 et
3188 4232 3474 4287 descende:

1908 4336 2061 4390 tange
2090 4334 2286 4378 montes
2320 4332 2369 4377 et
2405 4324 2757 4392 fumigabunt,
2795 4334 2901 4378 etc.
2934 4323 3029 4378 Dei
3065 4332 3242 4380 tactus
3269 4336 3353 4380 est
3382 4327 3476 4382 do-

1909 4425 2082 4472 ctrina
2127 4417 2410 4483 spiritalis,
2440 4432 2561 4486 qnm
2606 4416 2813 4471 Iunium
2852 4431 2918 4471 ex
2952 4416 3157 4471 malitia
3188 4418 3474 4475 animabus

1909 4508 2257 4563 inhaerentem
2282 4505 2524 4574 expellit.

1973 4683 2143 4741 Vsus.
2166 4683 2220 4738 6.
2254 4682 2451 4737 Emitte
2471 4684 2692 4753 sagittas
2713 4692 2832 4736 tuas
2851 4721 2867 4745 ,
2900 4691 2950 4736 et
2981 4682 3316 4736 conturbabis
3344 4699 3430 4737 eos
3451 4724 3468 4747 ,

1901 4787 2007 4831 etc.
2069 4775 2161 4829 lla:
2213 4774 2424 4845 sagittae
2480 4774 2660 4845 ignitis
2723 4773 2926 4827 inimici
2995 4773 3207 4841 sagittis
3275 4774 3471 4829 adver-

1896 4884 1992 4923 sm]
2000 4877 2105 4922 tttt‘.

1976 4960 2133 5016 Vsus.
2167 4959 2276 5020 7,8.
2314 4959 2475 5029 Eripe
2517 4974 2619 5022 me,
2654 4956 2820 5010 libera
2862 4974 2944 5012 me
2987 4957 3052 5010 de
3083 4957 3232 5026 aquis
3263 4956 3461 5021 multis,

1897 5055 1963 5109 de
1987 5070 2146 5108 manu
2171 5053 2405 5123 ﬁliorum
2432 5053 2747 5111 alienorum,
2771 5066 2991 5120 quorum
3037 5065 3094 5104 os
3124 5049 3352 5103 locutum
3389 5061 3462 5103 est

1898 5150 2177 5202 vanitatem
2218 5157 2266 5200 ct
2296 5146 2511 5200 dextera
2540 5159 2718 5198 eorum
2761 5142 2977 5197 dextera
3004 5142 3320 5211 iniquitatis,
3350 5152 3457 5196 etc.

1899 5240 2128 5309 Pr0pter
2153 5253 2345 5309 magna
2371 5237 2626 5306 dogmata
2653 5250 2716 5290 os
2741 5233 3195 5289 heterodoxorum
3222 5227 3456 5287 locutum

1960 5428 2072 5503 (86)
2104 5426 2460 5503 Ματαιότης,
2488 5435 2597 5479 etr.
2631 5421 2857 5503 §chedze
2884 5418 3090 5476 Grabii.

1954 5494 2069 5574 (87)
2102 5497 2249 5574 ξᾼςξή
2277 5496 2601 5574 ἑστίη-ειη.
2641 5494 2875 5574 [Sani-ein:

1951 5562 2064 5643 (88)
2097 5562 2283 5643 Ταῦτα
2312 5567 2385 5620 τὰ
2410 5565 2588 5643 βέλη,
2609 5576 2715 5619 etc.
2748 5562 2986 5643 Eaedem.

1957 5629 2067 5718 (89)
2100 5640 2221 5695 Τῶν
2238 5629 2615 5706 ἑτεροδόξων,
2645 5645 2752 5702 etc.
2778 5634 2981 5689 Catena
3014 5629 3286 5691 Corderii.
