3928 6158
620 170 754 225 1671

2042 183 2133 239 EX
2167 184 2466 242 ORIGENE

3671 203 3755 260 lli?!

619 296 705 338 est
729 285 1057 353 vanitatem,
1090 298 1312 356 prop'er
1332 306 1527 360 pravas
1558 309 1689 348 vero
1711 297 1953 353 actiones
1978 300 2183 356 dexter:

2300 304 2526 375 ὲλόιλησε
2571 303 2630 358 τὸ
2675 308 2845 378 στόμα
2876 310 3226 380 ματαιότητα,
3283 310 3371 366 διὰ
3407 311 3461 365 δὲ
3496 314 3579 376 τὰς

616 389 806 431 eorum
841 379 1065 433 dextera
1118 376 1284 453 842
1344 384 1651 454 iniquitatis
1693 389 1957 445 est.’l“ilii
2011 403 2189 448 autem

617 468 776 522 alieni
807 471 1117 524 existimant
1145 475 1322 543 aliqua
1347 489 1467 530 esse
1497 477 1742 543 dextera,
1781 497 1901 549 qum
1926 492 2053 537 sunt
2085 484 2194 538 ini-

617 560 863 629 quitatis.
885 560 1226 633 Quapropter
1262 568 1427 621 etiam
1458 568 1711 626 diabolus
1758 581 1864 627 stat
1897 589 1927 629 a
1957 573 2194 632 dexteris

616 665 826 715 eorum,
861 655 935 707 uti
964 664 1017 708 et
1048 654 1221 711 Jutlm.

687 741 968 811 Ejusdem.
1018 746 1195 801 Etiam
1254 751 1514 820 propheta
1557 753 1687 807 dicit
1720 754 1811 809 ’⁵ος
1849 775 1867 807 ‹
1915 756 2195 813 Verumta-

616 833 1021 903 menjudicium
1047 838 1237 909 loquar
1255 847 1320 896 ad
1355 852 1425 897 te.
1452 842 1590 910 Quid
1618 855 1701 900 est
1725 849 1865 916 quod
1897 849 1979 903 via
2006 851 2195 921 impio-

619 945 739 984 rum
780 935 1174 1001 prosperatur?
1210 955 1229 988 ι
1268 935 1336 990 Ει
1375 953 1565 993 rursus
1603 940 1769 995 David
1791 942 1991 995 ait“:«
2026 942 2194 1001 Paulo

618 1024 795 1078 minus
815 1022 970 1080 effusi
997 1037 1123 1081 sunt
1150 1044 1368 1098 gressus
1396 1031 1524 1093 mei,
1555 1032 1680 1100 quia
1702 1032 1871 1088 zelavi
1899 1050 2061 1105 super
2090 1038 2193 1091 ini-

616 1130 774 1184 quos,
808 1133 995 1186 pacem
1029 1131 1378 1187 peccatorum
1411 1122 1656 1178 videns.»

689 1207 854 1267 Vens.
886 1211 942 1266 9.
975 1211 1407 1277 Dens,canticum
1454 1232 1645 1269 novum
1678 1217 1896 1271 cantabo
1930 1220 2045 1283 (ibi,
2085 1230 2191 1277 etc.

616 1297 717 1364 Qui
748 1300 955 1356 Novum
981 1303 1391 1359 Testamentum
1422 1309 1727 1373 constituit,
1760 1310 1805 1364 is
1838 1327 2034 1365 novum
2066 1329 2195 1368 can-

618 1391 781 1444 ticum
819 1391 925 1446 Deo
955 1394 1102 1448 cauit
1132 1413 1147 1449 :
1182 1396 1266 1449 vel
1300 1397 1392 1467 qui
1427 1413 1626 1453 novum
1660 1415 1856 1469 panem
1910 1402 2043 1456 Novi
2086 1403 2193 1457 Te-

617 1485 901 1551 stameuti,
936 1496 992 1540 et
1035 1487 1256 1543 calicem
1287 1503 1319 1543 a
1348 1488 1477 1544 Jesu
1517 1490 1574 1545 in
1607 1491 1714 1547 hoc
1756 1501 1973 1548 terreno
2012 1510 2195 1553 caena-

614 1574 740 1630 culo
769 1578 998 1647 ace-pit.

2296 398 2537 469 πονηρὰς
2568 396 2767 470 ήδεξιὰ
2797 400 2973 455 αὐτῶν
3004 401 3150 468 δεξιά
3175 404 3407 469 ἀδικίας.
3436 407 3493 458 Οί
3515 406 3758 482 ἀλλότριοά

2294 487 2401 541 υίοὶ
2425 489 2625 542 οἴονταί
2657 508 2778 544 τινα
2810 487 2947 546 εἶναι
2981 489 3150 560 δεξιὰ,
3188 494 3349 548 ἅτινα
3377 495 3566 560 ἀδικίας
3586 501 3759 554 ἐστί’δὼ

2295 581 2390 633 καὶ
2425 582 2453 632 ὁ
2475 581 2719 645 διάϐολος
2748 583 2962 638 ἵσταται
3005 587 3067 638 ὲκ
3096 584 3292 652 δεξιῶν
3326 585 3518 653 αὐτῶν,
3539 588 3685 654 ὡςκαὶ
3704 596 3757 647 τοῦ

2307 671 2497 726 Ἰούδα.

2372 766 2483 819 Τοῦ
2506 767 2710 821 αὐτοῦ.
2730 767 2838 820 Καὶ
2853 769 2882 821 ὁ
2903 768 3189 840 προφήτης
3217 768 3327 838 (90)
3345 767 3474 839 φησί
3486 784 3499 796 ·
3528 789 3545 820 ι
3561 768 3670 840 Πλὴν
3684 773 3756 840 κρί-

2300 874 2374 927 μα
2410 856 2625 930 λαλήσω
2657 858 2791 929 πρὸς
2822 860 2882 912 σέ
2901 875 2915 890 ⁸
2946 860 3004 911 τί
3027 862 3107 914 ὅτι
3129 860 3248 924 ὁδὸς
3270 861 3473 914 ἀσεϐῶν
3493 861 3720 924 sinicius;
3743 882 3755 913 ι

2294 948 2406 1003 Καὶ
2440 949 2597 1003 πάλιν
2623 953 2650 1002 ὁ
2673 949 2836 1003 Δαυῖδ
2864 968 2993 1021 φησι
3015 968 3027 980 ⁸
3075 970 3094 1003 σ
3142 953 3283 1022 Παρ⁹
3318 949 3488 1019 ὀλίγον
3533 952 3703 1022 ἐξεχύθη
3717 957 3756 1006 τι

2294 1039 2603 1111 διαδήματά
2633 1058 2757 1110 μου,
2799 1042 2881 1094 ὅτι
2926 1041 3179 1112 ἐζήλωσα
3216 1041 3309 1095 ἐπὶ
3336 1045 3443 1106 τοῖς
3462 1044 3646 1114 ἀνόμοις
3665 1050 3756 1117 εἰρή-

2296 1147 2393 1201 νην
2416 1130 2748 1202 ἁμαρτωλῶν
2775 1133 2935 1203 ὁρῶν.
2976 1152 2994 1183 ι

2377 1223 2440 1275 '0
2480 1223 2648 1289 Θεὸς,
2667 1223 2829 1292 ᾠδὴν
2859 1222 3076 1293 καινὴν
3104 1223 3332 1294 ᾄσομαι
3358 1243 3453 1279 σοι
3473 1266 3486 1289 ,
3523 1243 3570 1279 κ.
3600 1244 3641 1279 τ.
3665 1229 3697 1279 ὲ.
3726 1228 3758 1279 '0

2294 1313 2391 1384 τὴν
2426 1314 2612 1385 καινὴν
2646 1314 2756 1386 (91)
2798 1317 3069 1389 Διαθήκην
3100 1316 3469 1388 διατιθέμενος
3490 1360 3503 1379 ,
3529 1319 3610 1389 τὴν
3638 1320 3760 1389 καινὴν

2294 1402 2439 1475 ᾠδὴν
2471 1404 2686 1476 ᾅδειτῷ
2718 1406 2862 1477 Θεῷ·
2905 1404 2937 1477 ἢ
2967 1410 2995 1460 ὁ
3027 1407 3116 1460 τὸν
3143 1409 3331 1461 καινὸν
3355 1409 3505 1480 ἄρτον
3531 1411 3611 1480 τῆς
3637 1413 3762 1478 καινῆς

2294 1496 2589 1569 Διαθήκης,
2634 1499 2727 1551 καὶ
2761 1499 2822 1552 τὸ
2861 1500 3117 1571 ποτήριον
3157 1499 3271 1552 ἀπὸ
3318 1500 3409 1553 τοῦ
3458 1501 3605 1573 Ἰησοῦ
3647 1504 3688 1554 ἐν

2295 1586 2478 1654 ἀνωγα
2486 1587 2547 1658 ίῳ
2581 1586 2782 1644 λαὸὠν.

691 1668 851 1723 Vsus.
884 1672 972 1725 12.
1030 1671 1266 1736 Quorum
1290 1671 1389 1740 lilii
1421 1673 1555 1726 sicut
1586 1676 1801 1730 novella:
1823 1677 2183 1746 plantationes,

2361 1648 2473 1731 ’Ὧν
2489 1648 2541 1732 oi
2572 1680 2685 1733 υἱοὶ
2707 1682 2789 1747 ὠς
2818 1683 3080 1750 νεόφυτα
3112 1682 3402 1753 ἱδρυμένα
3431 1683 3495 1737 ἐν
3516 1682 3583 1751 τῇ
3604 1684 3761 1749 νεότητι

612 1761 961 1816 constabilitce
996 1763 1049 1816 in
1066 1762 1338 1830 juvantute
1358 1781 1482 1828 sua,
1517 1774 1624 1821 etc.
1665 1765 1818 1822 lllius
1849 1770 2065 1838 quidem
2098 1774 2191 1842 qui

612 1860 833 1922 prepter
868 1854 1113 1909 timorem
1142 1856 1353 1909 Domini
1389 1856 1581 1913 beatus
1605 1868 1708 1923 est,
1739 1860 1832 1914 lilii
1861 1872 1987 1915 sunt
2007 1881 2025 1913 ι
2054 1866 2195 1918 sicut

613 1947 837 2001 novellae
858 1948 1120 2002 olivarum
1142 1948 1192 2000 in
1224 1947 1454 2002 circuitu
1481 1965 1679 2004 mensae
1696 1951 1741 1982 “
1772 1971 1792 2003 ι
1814 1953 1963 2021 ejus;
1985 1953 2188 2009 alieno-

614 2052 734 2092 rum
765 2054 896 2094 vero
934 2040 1171 2095 filiorum
1204 2042 1300 2097 lilii
1335 2051 1467 2098 sunt
1493 2060 1512 2093 ‹
1550 2043 1690 2097 sicut
1718 2044 1939 2099 novella:
1981 2046 2191 2114 planta-

612 2131 787 2185 tiones
829 2132 1187 2188 constabilitze
1241 2135 1294 2187 in
1351 2133 1636 2203 iuventute
1676 2150 1794 2188 sua.
1830 2155 1849 2185 ι
1884 2138 2060 2206 Atque
2112 2139 2189 2193 illi

610 2223 832 2292 quidem
867 2224 1031 2280 nullae
1059 2236 1189 2280 sunt
1224 2227 1381 2292 lilize;
1432 2228 1518 2282 his
1549 2243 1679 2284 vero
1709 2233 2044 2299 compositae,
2081 2232 2191 2285 cir-

607 2328 942 2372 cnmornata:
974 2320 1116 2373 sicut
1141 2310 1442 2376 similitudo
1478 2320 1687 2392 templi.
1742 2323 1921 2392 Atque
1955 2322 2032 2377 illi
2065 2325 2187 2392 qui-

609 2407 730 2460 dem
760 2415 889 2461 sunt
921 2407 1013 2462 lilii
1042 2408 1301 2473 ﬁliorum,
1332 2410 1416 2464 his
1442 2420 1622 2466 autem
1656 2427 1784 2466 non.
1813 2412 2079 2468 Praeterea
2111 2415 2186 2469 illi

606 2497 826 2566 quidem
858 2513 963 2553 non
1007 2509 1092 2555 est
1132 2502 1565 2570 promptuariqu
1612 2517 1783 2572 neque
1816 2505 2134 2573 peuuarium
2166 2523 2181 2569 ;

608 2590 803 2644 horum
853 2600 1034 2645 autem
1078 2610 1098 2643 ι
1144 2595 1508 2662 promptuaria
1550 2594 1732 2664 plena,
1778 2596 2079 2649 eructantia
2122 2611 2186 2650 ex

611 2681 716 2735 hoc
751 2682 804 2736 in
826 2682 976 2737 illud.
1009 2703 1028 2737 ι
1068 2682 1232 2738 Juxta
1266 2685 1618 2755 Evangelium
1642 2702 1856 2757 quoque
1886 2687 2189 2744 volatilibus

609 2773 757 2839 caeli,
781 2788 901 2842 qua
930 2789 961 2828 τί
987 2776 1201 2830 caelesti
1232 2774 1395 2830 Patre
1422 2789 1736 2846 pascuntur,
1763 2795 1868 2833 non
1900 2789 1975 2833 est
2011 2795 2191 2848 prout-

608 2866 909 2933 ptuarium,
950 2881 1125 2935 neque
1160 2867 1440 2922 horreum.
1474 2869 1543 2922 Et
1570 2885 1757 2924 rursus
1792 2870 1874 2924 his
1904 2881 2030 2923 sunt
2058 2886 2188 2927 oves

2290 1769 2509 1834 αὐτῶν,
2560 1787 2614 1824 κ.
2656 1776 2706 1822 τ.
2749 1773 2796 1825 ὲ.
2828 1772 2934 1825 Τοῦ
2973 1773 3070 1843 μὲν
3099 1773 3188 1826 διὰ
3216 1774 3281 1827 τὸ
3308 1774 3415 1844 (92)
3451 1770 3680 1842 φοὸεἷσθαι
3707 1774 3762 1825 τὶν

2290 1861 2492 1932 Κύριον
2550 1864 2817 1935 μακαρίου
2878 1866 2927 1918 οἱ
2991 1866 3094 1918 υἱοὶ
3154 1886 3173 1918 ι
3223 1867 3357 1918 ὡσεὶ
3392 1866 3597 1935 νεόφυτά
3628 1886 3642 1916 ι
3675 1868 3762 1918 εἰσιν

2296 1971 2315 2004 ι
2350 1953 2543 2008 ἐλαιῶν
2568 1955 2753 2026 κύκλῳ
2772 1957 2870 2027 τῆς
2893 1958 3170 2029 τραπέζης
3212 1978 3229 2009 ι
3270 1958 3429 2012 αὐτοῦ
3446 1976 3461 1990 ·
3491 1959 3583 2011 τῶν
3605 1957 3650 2010 δὲ
3670 1956 3762 2008 633.9.

2287 2050 2451 2121 τρίων
2473 2049 2602 2103 υξῶν
2622 2053 2669 2102 οἱ
2693 2051 2797 2104 υἱοὶ
2816 2070 2832 2101 ι
2853 2051 2928 2114 ὡς
2950 2051 3182 2120 νεόφυτα
3207 2050 3457 2123 ἱδρυμένα
3472 2054 3522 2104 ἐν
3543 2053 3597 2121 τῇ
3620 2050 3759 2119 νεότητι

2289 2142 2486 2195 αὐτῶν.
2514 2162 2531 2194 ι
2555 2144 2804 2214 Κάκείνῳ
2827 2144 2922 2213 μὲν
2940 2140 3032 2198 οὖν
3057 2148 3156 2198 οὐκ
3182 2146 3289 2198 εἰσὶ
3313 2146 3602 2214 θυγατέρες,
3620 2142 3759 2203 τούτοις

2288 2233 2345 2286 δὲ
2374 2233 2904 2305 κεκαλλωπισμέναι,
2930 2238 3470 2307 περικεκοσμημέναι
3495 2234 3562 2300 ὡς
3587 2236 3756 2305 ὁμοίωμα

2288 2324 2437 2379 ναοῦ.
2466 2327 2716 2396 Κάκείνῳ
2756 2327 2853 2397 μέν
2898 2329 3031 2380 εἰσιν
3066 2330 3172 2380 υἱοὶ
3208 2329 3358 2395 υἱῶν,
3393 2328 3577 2390 τούτοις
3600 2327 3643 2379 δὲ
3669 2326 3757 2393 οὐχί.

2292 2417 2412 2469 Ἔτι
2450 2416 2641 2488 ἐκείνῳ
2685 2418 2783 2488 μὲν
2833 2418 2932 2471 οὐκ
2974 2418 3087 2472 ἐστι
3132 2422 3360 2490 ταμεῖον
3407 2419 3520 2472 οὐδὲ
3559 2417 3755 2486 ἀποθήκῇ

2288 2509 2491 2562 τούτων
2517 2509 2574 2563 δὲ
2614 2528 2632 2561 ι
2668 2514 2866 2580 ταμεῖα
2892 2511 3072 2583 πλήρη
3090 2553 3105 2577 ,
3155 2512 3537 2584 ὲξερευγόμενα
3565 2514 3616 2564 ἐκ
3634 2510 3754 2562 τούτου

2289 2603 2369 2664 είς
2408 2600 2584 2656 τοῦτο.
2630 2620 2648 2653 ›
2686 2602 2797 2655 Καὶ
2818 2602 2958 2655 κατὰ
2984 2603 3044 2655 τὸ
3070 2603 3399 2673 Εὐαγγέλιον
3429 2603 3481 2656 δὲ
3511 2603 3604 2665 rei;
3632 2616 3755 2671 τρεφο-

2292 2692 2471 2763 μένοις
2502 2694 2605 2746 ὑπὺ
2629 2693 2720 2746 τοῦ
2749 2694 2997 2765 οὐρανίου
3033 2695 3250 2766 Πατρὺς
3282 2698 3532 2757 πετεινοῖς
3554 2692 3627 2746 τοῦ
3649 2693 3754 2760 alapa.

2289 2784 2379 2837 νοῦ
2402 2785 2501 2837 οὐκ
2521 2784 2636 2838 ἔστι
2663 2788 2905 2855 ταμιεῖον
2929 2786 3047 2840 οὐδὲ
3082 2787 3364 2858 ἀποθήκη.
3409 2785 3510 2840 Καὶ
3534 2783 3657 2838 πάλιν
3677 2781 3753 2833 τού·

2289 2894 2400 2941 τοις
2432 2880 2548 2932 ἐστὶ
2582 2879 2829 2950 πρόϐατα
2858 2878 3128 2932 πολύτοκα
3174 2879 3500 2951 πληθύνοντα
3528 2880 3609 2932 οὐκ
3630 2878 3670 2928 ὲν
3697 2877 3754 2930 ἆλ-

604 2954 794 3012 l‘etosa:
826 2959 1189 3026 abundantes,
1228 2978 1332 3015 non
1368 2962 1420 3014 in
1453 2961 1574 3016 aliis
1609 2978 1770 3030 quam
1806 2964 1856 3016 iu
1884 2964 2183 3031 egressibus

2291 2968 2403 3033 λοις
2452 2971 2657 3042 statvi;
2700 2973 2821 3034 ταῖς
2864 2971 3065 3035 ἐξόδοις
3109 2972 3313 3038 αὐτῶν,
3360 2973 3447 3026 καὶ
3480 2970 3583 3041 βόες
3610 2970 3748 3039 παχεῖς,

607 3051 742 3115 suis,
798 3060 851 3106 et
882 3054 1048 3110 boves
1094 3069 1295 3111 crassa:
1327 3054 1515 3123 quales
1561 3065 1721 3110 erant
1771 3056 1826 3110 in
1858 3054 2181 3127 Egyptiaca

606 3144 992 3213 prosperitate.

676 3237 840 3294 Vens.
867 3239 954 3294 15.
985 3238 1208 3294 Beatum
1231 3240 1474 3296 dixerunt
1510 3243 1761 3309 papnlum
1788 3244 1875 3296 cui
1901 3245 2013 3297 Itazc
2038 3252 2181 3308 sunt,

603 3341 715 3386 etc.
745 3332 1060 3402 lniquorum
1089 3334 1366 3389 beatitudo
1395 3337 1499 3389 vita
1530 3346 1613 3390 est
1637 3336 1783 3389 luctu
1816 3351 2010 3390 carens
2039 3337 2182 3389 mul-

606 3428 784 3494 tisque
810 3427 1013 3481 divitiis
1053 3426 1294 3493 referta;
1335 3426 1608 3494 justorum
1657 3440 1837 3481 autem
1893 3429 2181 3483 beatitudo

604 3519 688 3572 est
725 3518 921 3573 animae
971 3530 1143 3574 status
1184 3521 1650 3588 perturbationum
1695 3535 1888 3590 expers
1916 3530 1970 3575 et
1999 3522 2183 3592 cogni-

607 3611 740 3673 tioni
777 3612 872 3668 Dei
897 3612 1240 3683 conjunctus.

1097 3792 1418 3848 PSALMUS
1462 3792 1691 3849 CXLIV.

672 3884 839 3941 Vens.
884 3886 936 3940 1.
969 3884 1231 3940 Exallabo
1277 3897 1346 3952 te,
1382 3885 1522 3939 Deus
1571 3903 1739 3950 naeus,
1773 3896 1880 3940 etc.
1912 3887 2181 3945 Exaltatio

603 3978 865 4047 spiritalis
893 3986 977 4033 est
1012 3979 1309 4048 gratiarum
1342 3978 1486 4033 actio
1523 3994 1687 4048 quam
1717 3994 1867 4034 meus
1895 3995 2032 4050 pura
2057 3983 2180 4036 red-

599 4072 680 4125 dit
706 4072 775 4125 ob
803 4072 1040 4141 prrestita
1067 4072 1171 4127 sibi
1204 4088 1232 4125 a
1261 4072 1373 4127 Deo
1405 4072 1691 4126 beneﬁcia.

672 4162 781 4217 Per
806 4163 1040 4232 singulos
1074 4166 1184 4218 dies
1218 4165 1520 4218 benedicam
1556 4167 1687 4232 tibi,
1710 4174 1816 4220 etc.
1848 4166 2024 4221 Etiam
2050 4182 2172 4223 cum

600 4256 655 4311 in
695 4255 950 4326 periculis
1001 4264 1055 4309 et
1095 4257 1485 4312 tentatiouibus
1518 4260 1688 4324 luero,
1747 4257 2061 4312 benedicam
2094 4268 2167 4325 te,

599 4348 799 4414 inquit.
828 4345 1077 4412 Domine,
1110 4348 1163 4402 id
1200 4357 1284 4402 est
1308 4358 1589 4416 perpetuo.
1643 4349 1853 4403 Etenim
1883 4349 2171 4403 multorum

2286 3065 2458 3117 ὁποῖοι
2481 3064 2530 3117 οἱ
2561 3062 2660 3135 τῆς
2686 3064 2989 3132 Αἰγυπτίας
3020 3063 3298 3136 εὐθηνίας.

2371 3244 2766 3315 Ἐμακάρισαν
2805 3242 2912 3297 τὸν
2957 3242 3111 3298 λαὸν
3132 3237 3179 3309 ᾧ
3213 3243 3396 3300 ταῦτά
3417 3245 3549 3305 ἐστι,
3592 3258 3635 3295 κ.
3662 3257 3695 3292 τ.
3716 3239 3746 3291 ὲ.

2288 3336 2641 3408 Μακαριότης
2672 3335 2781 3407 (95)
2806 3335 3004 3389 ἀδίκων
3028 3336 3145 3389 ἐστὶ
3168 3336 3284 3406 βίος
3307 3335 3522 3406 ἀπενθὴς
3545 3333 3650 3404 μετὰ
3665 3348 3750 3401 χέζ-

2291 3428 2475 3500 μάτων
2505 3427 2715 3482 πολλῶν
2735 3444 2749 3458 ο
2785 3427 3004 3482 δικαίων
3035 3427 3089 3481 δὲ
3120 3430 3450 3501 μακαριότης
3480 3426 3666 3481 ἀπάθεια
3689 3423 3749 3491 4ο-

2289 3521 2390 3592 χῆς
2415 3519 2555 3591 μετά
2576 3518 2830 3589 γνώσεως
2860 3518 3018 3574 Θεοῦ.

2819 3783 3111 3841 ΨΑΔΜΟΣ
3156 3784 3333 3841 ΡΜΔ’.

2367 3880 2620 3951 ’Υψώσω
2653 3895 2727 3935 σε
2754 3920 2768 3945 ,
2810 3884 2843 3935 ό
2871 3882 3016 3946 Θεός
3039 3898 3181 3949 μου,
3211 3899 3267 3935 κ.
3297 3900 3345 3937 τ.
3381 3878 3425 3934 έ.
3455 3878 3653 3949 Ὕῴωσις
3676 3872 3746 3941 (94}

2282 3973 2627 4044 πνευματική
2674 3974 2820 4025 ἐστιν
2863 3972 3180 4043 εὐχαριστία
3209 3972 3304 4027 νοῦ
3331 3970 3542 4043 καθαροῦ
3576 3965 3647 4021 ἐπὶ
3673 3967 3745 4023 rei;

2281 4067 2553 4136 συμϐᾶσιν
2590 4064 2737 4137 αὐτῷ
2765 4065 2914 4136 παρὰ
2933 4064 3029 4116 τοῦ
3064 4064 3198 4118 Θεοῦ
3231 4065 3458 4135 ἀγαθοῖς.

2344 4160 2487 4214 Καθ’
2506 4156 2774 4224 ἑκάστην
2793 4156 3020 4226 ἡμέραν
3035 4156 3348 4227 εὐλογήσω
3357 4169 3494 4218 σε,κ.
3507 4171 3548 4206 τ.
3562 4152 3598 4205 ὲ.
3611 4149 3690 4203 Καὶ
3708 4148 3742 4197 ἐν

2277 4250 2631 4323 περιστάσεσι
2676 4230 2787 4319 (95)
2840 4249 2930 4301 καὶ
2980 4251 3308 4318 πειρασμοῖς
3345 4246 3413 4299 ὢν
3448 4243 3667 4311 εὐλογήσω
3687 4254 3738 4295 σε,

2277 4344 2430 4414 φησὶ,
2463 4341 2668 4412 Κύριε·
2718 4340 2966 4393 τουτέστι
3006 4339 3293 4410 διηνεκῶς.
3343 4338 3443 4391 Καὶ
3477 4337 3568 4406 γὰρ
3599 4328 3740 4385 πολλῶν

597 4439 648 4493 ei
679 4439 951 4493 debitores
976 4454 1183 4504 sumus,
1227 4441 1371 4508 quod
1405 4443 1641 4493 nondum
1675 4441 2002 4495 exsisteutes
2032 4439 2175 4495 lece-

2285 4438 2444 4505 ὲσμεν
2495 4433 2776 4502 ὀφειλέται
2816 4432 2985 4503 αὐτῷ,
3026 4432 3107 4485 ὅτι
3142 4432 3244 4485 οὐκ
3272 4432 3419 4493 ὄντας
3453 4421 3740 4495 ὲττοίησιε“ι’,δτΞ

598 4530 689 4594 rit,
728 4530 868 4598 quod
894 4530 1026 4585 tales
1047 4529 1310 4593 ell‘ecerit,
1337 4531 1479 4599 quod
1514 4531 1685 4585 factos
1707 4531 2005 4594 contineat,
2032 4531 2176 4599 quod

597 4637 694 4691 per
733 4623 974 4692 singulos
998 4623 1113 4677 dies
1145 4622 1303 4676 nobis
1328 4623 1608 4691 provideat
1642 4632 1747 4676 tam
1773 4622 1984 4693 publice
2013 4637 2176 4692 quam

599 4716 871 4785 privatim,
903 4725 1011 4770 tam
1041 4715 1176 4770 clam
1204 4731 1364 4784 quam
1414 4714 1612 4785 palam,
1649 4718 1815 4771 etiam
1841 4731 1962 4771 cum
1997 4715 2176 4770 nesci-

597 4825 738 4864 mus.
783 4806 897 4862 Non
946 4818 1170 4878 propter
1217 4823 1280 4863 ea
1321 4820 1500 4864 autem
1547 4818 1759 4864 tantum
1811 4807 2063 4865 convenit
2115 4817 2176 4863 ut

595 4908 856 4970 perpetuo
887 4900 1099 4955 laudem
1132 4898 1252 4970 ejus
1280 4901 1655 4966 coucinamus,
1690 4901 1783 4955 sed
1829 4901 1994 4954 etiam
2040 4912 2168 4967 pro-

594 5006 716 5064 pter
751 4994 1179 5063 magnitudiuem
1213 4993 1400 5062 glorise
1434 4992 1625 5063 ipsius,
1661 5000 1882 5062 propter
1909 4992 2166 5047 substan-

597 5078 724 5141 tiam
773 5086 1134 5155 corruptionis
1169 5096 1471 5155 expertem.
1504 5084 1714 5139 Etenim
1750 5091 2037 5153 propterea
2065 5081 2161 5136 de-

593 5182 752 5236 betur
780 5179 945 5251 843
973 5181 1020 5234 ei
1052 5195 1080 5232 a
1116 5180 1273 5234 nobis
1298 5179 1414 5234 laus
1440 5188 1496 5233 et
1522 5177 1844 5241 benedictio,
1870 5185 1927 5231 et
1969 5188 2165 5245 perpe-

595 5285 683 5329 tua
736 5274 1034 5344 gratiarum
1092 5272 1276 5338 actio,
1326 5270 1623 5332 etcultus,
1687 5278 1741 5324 et
1800 5267 2164 5321 ministerium

2276 4529 2548 4591 τοιούτους
2582 4527 2892 4598 εἰργάσατο,
2951 4527 3034 4579 ὅτι
3079 4525 3397 4597 γενομένους
3428 4516 3665 4590 διακρατεῖν
3687 4511 3738 4563 δτι

2272 4619 2394 4675 καθ’
2448 4621 2688 4691 ἑκάστην
2735 4620 2955 4690 προνοεῖ
3002 4618 3100 4683 τὴν
3148 4618 3355 4689 ἡμέραν
3404 4614 3485 4666 καὶ
3521 4609 3637 4676 κοινῇ
3679 4602 3737 4655 καὶ

2275 4714 2401 4785 ἰδίᾳ,
2461 4714 2554 4766 καὶ
2599 4712 2771 4782 λάθρα
2813 4711 2907 4764 καὶ
2944 4709 3212 4781 φανερῶς,
3260 4709 3351 4763 καὶ
3375 4708 3463 4760 οὐκ
3483 4701 3664 4757 εἰδότων.
3686 4692 3734 4743 0‘3

2271 4806 2359 4860 διὰ
2385 4805 2558 4859 ταῦτα
2590 4805 2646 4857 δὲ
2680 4804 2838 4875 μόνον
2870 4798 3019 4856 αἶνον
3049 4802 3195 4873 ᾅδειν
3229 4798 3492 4860 διαπαντὸς
3525 4789 3731 4864 προσῆκει

2277 4897 2412 4950 ἀλλὰ
2442 4897 2537 4950 καὶ
2567 4894 2657 4949 διὰ
2687 4895 2748 4948 τὸ
2786 4894 3065 4964 μεγαλεῖον
3106 4894 3203 4964 τῆς
3234 4893 3385 4964 δόξης
3412 4885 3566 4945 αὐτοῦ,
3588 4879 3650 4934 διὰ
3669 4876 3731 4941 τὴν

2276 4988 2551 5058 ἀκήρατον
2610 4985 2814 5038 οὐσίαν.
2867 4984 2976 5038 Καὶ
3018 4983 3127 5055 γὰρ
3175 4982 3263 5037 διά
3317 4981 3495 5050 ταύτην

2276 5077 2404 5148 παρ’
2429 5079 2460 5148 ἡ
2470 5077 2584 5147 μῶν
2609 5076 2754 5147 αὐτῷ
2781 5071 2928 5141 αἶνος
2959 5077 3052 5131 καὶ
3085 5077 3323 5144 εὐλογία,
3358 5074 3443 5127 καὶ
3464 5061 3651 5137 διηνεκὴς

2273 5146 2549 5243 χαριστία,
2585 5171 2677 5224 καὶ
2711 5171 2957 5243 λατρεία,
3001 5170 3095 5224 καὶ
3125 5169 3360 5224 διακονία
3391 5160 3591 5232 συνεχής·
3614 5146 3728 5205 Τοδτ⁰

2275 5263 2405 5333 γοῦν
2434 5263 2565 5316 αὐτὸ
2586 5261 2759 5335 δηλῶν
2787 5263 3132 5344 ὁ-Προφήτης
3163 5262 3445 5333 ἐπήγαγεν.
3790 5308 3799 5337 Ι

592 5371 887 5425 assiduum.
917 5368 1030 5423 [loc
1056 5370 1227 5437 ipsum
1252 5382 1383 5435 ergo
1410 5365 1678 5435 Propheta
1705 5363 2020 5432 signiﬁcans
2043 5360 2342 5429 subiunxit.

551 5522 558 5546 ι
625 5460 671 5492 ⁶⁰
693 5459 892 5515 Jerem.
931 5475 1029 5523 xu,
1060 5461 1114 5512 1.

665 5553 777 5619 (90)
809 5552 917 5605 Καὶ
945 5556 977 5606 ό
1005 5549 1335 5620 προφήτης,
1372 5558 1496 5620 etc:
1511 5546 1735 5602 Schedte
1765 5546 1976 5620 Grabii.

666 5623 778 5692 (91)
824 5620 1032 5693 Ὀᾲτὴν
1049 5619 1293 5687 Καινήν,
1323 5633 1428 5675 etc.
1459 5619 1665 5693 Catena
1697 5619 1964 5693 Corderii.

667 5693 779 5758 (9'2)
816 5691 924 5745 Τοῦ
948 5693 1059 5758 μὲν
1090 5693 1187 5745 διὰ
1216 5693 1304 5757 τό,
1335 5701 1441 5747 etc.
1473 5691 1698 5745 Eadem.

1202 5458 1245 5490 ἰι
1275 5457 1416 5511 Psal.
1449 5470 1628 5517 usu,
1654 5454 1710 5518 9,
1749 5454 1803 5509 5.
1879 5451 1925 5484 "
1949 5452 2094 5509 Psal.
2123 5467 2334 5521 cxxvu,
2399 5451 2456 5506 '5.

2345 5544 2456 5677 §9'5)
2485 5545 2882 5635 Ᾱέακαριότης,
2905 5552 3007 5597 ctc.
3046 5538 3267 5597 Schedte
3300 5528 3489 5595 Grabii.

2371 5617 2461 5677 9i)
2541 5617 2799 5677 Υψωσις,
2834 5626 2941 5668 etc.
2966 5614 3188 5666 Eadem.

2371 5617 2461 5682 9i)
2504 5616 2799 5682 "meum,
2834 5626 2941 5668 etc.
2966 5614 3188 5666 Eadem.
3307 5680 3324 5682 Α
3495 5653 3673 5682 nam,
3788 5614 3799 5651 λ

2494 5653 3263 5755 Κάὶγὲτὲέρῖοντξίὲἓδνῖῗξιο.
3291 5680 3473 5736 Catena
3492 5653 3691 5725 Corderii-
3792 5748 3801 5759 Ι
