  <div class='ocr_page' id='page_1' title='image "/cluster/home/n/w/nwhite01/storage/ocr_20150623/12/mdp.39015028786690/862.png"; bbox 0 0 3928 6158; ppageno 0'>
   <div class='ocr_carea' id='block_1_1' title="bbox 104 214 3450 279">
    <p class='ocr_par' dir='ltr' id='par_1_1' title="bbox 104 214 3450 279">
     <span class='ocr_line' id='line_1_1' title="bbox 104 214 3450 279; baseline 0.003 -10"><span class='ocrx_word' id='word_1_1' title='bbox 104 214 295 271; x_wconf 72' lang='lat'><strong>1673</strong></span> <span class='ocrx_word' id='word_1_2' title='bbox 1129 219 1438 278; x_wconf 77' lang='lat' dir='ltr'><strong>SELECTA</strong></span> <span class='ocrx_word' id='word_1_3' title='bbox 1473 219 1541 276; x_wconf 77' lang='lat' dir='ltr'><strong>IN</strong></span> <span class='ocrx_word' id='word_1_4' title='bbox 1579 219 1917 279; x_wconf 79' lang='lat' dir='ltr'><strong>PSALMOS.</strong></span> <span class='ocrx_word' id='word_1_5' title='bbox 1948 252 2015 266; x_wconf 90' lang='lat'><strong>-</strong></span> <span class='ocrx_word' id='word_1_6' title='bbox 2054 221 2244 278; x_wconf 80' lang='lat' dir='ltr'><strong>PSAL.</strong></span> <span class='ocrx_word' id='word_1_7' title='bbox 2287 220 2494 277; x_wconf 81' lang='lat' dir='ltr'><strong>CXLV.</strong></span> <span class='ocrx_word' id='word_1_8' title='bbox 3317 224 3450 279; x_wconf 62' lang='grc'>1671</span> 
     </span>
    </p>
   </div>
   <div class='ocr_carea' id='block_1_2' title="bbox 200 333 1776 409">
    <p class='ocr_par' dir='ltr' id='par_1_2' title="bbox 200 333 1776 409">
     <span class='ocr_line' id='line_1_2' title="bbox 200 333 1776 409; baseline 0.005 -22"><span class='ocrx_word' id='word_1_9' title='bbox 200 333 485 404; x_wconf 70' lang='grc' dir='ltr'>Μέγας</span> <span class='ocrx_word' id='word_1_10' title='bbox 540 340 573 392; x_wconf 85' lang='grc' dir='ltr'><em>ὁ</em></span> <span class='ocrx_word' id='word_1_11' title='bbox 622 339 833 408; x_wconf 78' lang='grc' dir='ltr'>Κύριος</span> <span class='ocrx_word' id='word_1_12' title='bbox 875 338 970 394; x_wconf 69' lang='grc' dir='ltr'><strong>καί</strong></span> <span class='ocrx_word' id='word_1_13' title='bbox 1011 338 1243 405; x_wconf 76' lang='grc' dir='ltr'>αἰνετός</span> <span class='ocrx_word' id='word_1_14' title='bbox 1268 339 1522 409; x_wconf 65' lang='grc' dir='ltr'>σφόδρα,</span> <span class='ocrx_word' id='word_1_15' title='bbox 1554 340 1652 395; x_wconf 80' lang='grc' dir='ltr'><strong>καί</strong></span> <span class='ocrx_word' id='word_1_16' title='bbox 1685 337 1776 409; x_wconf 74' lang='grc' dir='ltr'><strong>τῆς</strong></span> 
     </span>
    </p>
   </div>
   <div class='ocr_carea' id='block_1_3' title="bbox 1902 333 3453 409">
    <p class='ocr_par' dir='ltr' id='par_1_3' title="bbox 1963 336 3453 408">
     <span class='ocr_line' id='line_1_3' title="bbox 1963 336 3453 408; baseline 0.001 -16"><span class='ocrx_word' id='word_1_17' title='bbox 1963 338 2129 394; x_wconf 75' lang='lat' dir='ltr'><strong>Vens.</strong></span> <span class='ocrx_word' id='word_1_18' title='bbox 2158 338 2212 393; x_wconf 78' lang='lat'><strong>5.</strong></span> <span class='ocrx_word' id='word_1_19' title='bbox 2256 339 2483 408; x_wconf 72' lang='lat' dir='ltr'><strong>Magnus</strong></span> <span class='ocrx_word' id='word_1_20' title='bbox 2514 336 2768 392; x_wconf 86' lang='lat' dir='ltr'><strong>Dominus</strong></span> <span class='ocrx_word' id='word_1_21' title='bbox 2801 346 2847 390; x_wconf 90' lang='lat' dir='ltr'><strong>et</strong></span> <span class='ocrx_word' id='word_1_22' title='bbox 2876 336 3159 392; x_wconf 75' lang='lat' dir='ltr'><strong>laudabilis</strong></span> <span class='ocrx_word' id='word_1_23' title='bbox 3191 338 3367 403; x_wconf 64' lang='lat' dir='ltr'><strong>nimis,</strong></span> <span class='ocrx_word' id='word_1_24' title='bbox 3401 351 3453 394; x_wconf 81' lang='lat' dir='ltr'><strong>et</strong></span> 
     </span>
    </p>
   </div>
   <div class='ocr_carea' id='block_1_4' title="bbox 110 428 1776 501">
    <p class='ocr_par' dir='ltr' id='par_1_4' title="bbox 110 428 1771 499">
     <span class='ocr_line' id='line_1_4' title="bbox 110 428 1771 499; baseline 0.008 -23"><span class='ocrx_word' id='word_1_25' title='bbox 110 428 657 496; x_wconf 66' lang='grc' dir='ltr'><strong>μεγαλωσύνης</strong></span> <span class='ocrx_word' id='word_1_26' title='bbox 712 429 899 484; x_wconf 84' lang='grc' dir='ltr'>αὐτοῦ</span> <span class='ocrx_word' id='word_1_27' title='bbox 948 433 1059 485; x_wconf 82' lang='grc' dir='ltr'>οὐκ</span> <span class='ocrx_word' id='word_1_28' title='bbox 1124 430 1256 485; x_wconf 75' lang='grc' dir='ltr'>ἔστι</span> <span class='ocrx_word' id='word_1_29' title='bbox 1294 431 1498 499; x_wconf 75' lang='grc' dir='ltr'>πέρας,</span> <span class='ocrx_word' id='word_1_30' title='bbox 1535 449 1589 486; x_wconf 91' lang='grc' dir='ltr'><strong>κ.</strong></span> <span class='ocrx_word' id='word_1_31' title='bbox 1640 448 1693 486; x_wconf 88' lang='grc' dir='ltr'><strong>τ.</strong></span> <span class='ocrx_word' id='word_1_32' title='bbox 1740 435 1771 489; x_wconf 82' lang='grc' dir='ltr'><em>ὲ</em></span> 
     </span>
    </p>
   </div>
   <div class='ocr_carea' id='block_1_5' title="bbox 1902 428 3450 501">
    <p class='ocr_par' dir='ltr' id='par_1_5' title="bbox 1902 430 3450 501">
     <span class='ocr_line' id='line_1_5' title="bbox 1902 430 3450 501; baseline 0.001 -17"><span class='ocrx_word' id='word_1_33' title='bbox 1902 432 2274 501; x_wconf 87' lang='lat' dir='ltr'><strong>magnitudinis</strong></span> <span class='ocrx_word' id='word_1_34' title='bbox 2302 431 2417 501; x_wconf 81' lang='lat' dir='ltr'><strong>ejus</strong></span> <span class='ocrx_word' id='word_1_35' title='bbox 2449 448 2552 485; x_wconf 89' lang='lat' dir='ltr'><strong>non</strong></span> <span class='ocrx_word' id='word_1_36' title='bbox 2579 440 2655 485; x_wconf 83' lang='lat' dir='ltr'><strong>est</strong></span> <span class='ocrx_word' id='word_1_37' title='bbox 2680 430 2826 497; x_wconf 80' lang='lat' dir='ltr'><strong>ﬁnis,</strong></span> <span class='ocrx_word' id='word_1_38' title='bbox 2863 437 2968 485; x_wconf 91' lang='lat' dir='ltr'><strong>etc.</strong></span> <span class='ocrx_word' id='word_1_39' title='bbox 3005 430 3450 500; x_wconf 84' lang='lat' dir='ltr'><strong>Quandoquidem</strong></span> 
     </span>
    </p>
   </div>
   <div class='ocr_carea' id='block_1_6' title="bbox 132 516 1776 595">
    <p class='ocr_par' dir='ltr' id='par_1_6' title="bbox 132 516 1776 595">
     <span class='ocr_line' id='line_1_6' title="bbox 132 516 1776 595; baseline 0.005 -28"><span class='ocrx_word' id='word_1_40' title='bbox 132 516 491 591; x_wconf 79' lang='grc' dir='ltr'>Ἐπείπερ</span> <span class='ocrx_word' id='word_1_41' title='bbox 523 520 555 590; x_wconf 84' lang='grc' dir='ltr'>ἡ</span> <span class='ocrx_word' id='word_1_42' title='bbox 588 520 939 591; x_wconf 81' lang='grc' dir='ltr'><strong>μεγαλωσύνη</strong></span> <span class='ocrx_word' id='word_1_43' title='bbox 973 521 1082 593; x_wconf 85' lang='grc'>(96)</span> <span class='ocrx_word' id='word_1_44' title='bbox 1109 521 1201 575; x_wconf 86' lang='grc' dir='ltr'><strong>τοῦ</strong></span> <span class='ocrx_word' id='word_1_45' title='bbox 1231 522 1363 575; x_wconf 91' lang='grc' dir='ltr'>Θεοῦ</span> <span class='ocrx_word' id='word_1_46' title='bbox 1397 525 1453 576; x_wconf 84' lang='grc' dir='ltr'>ἐν</span> <span class='ocrx_word' id='word_1_47' title='bbox 1474 522 1551 594; x_wconf 81' lang='grc' dir='ltr'>τῷ</span> <span class='ocrx_word' id='word_1_48' title='bbox 1572 522 1776 595; x_wconf 77' lang='grc' dir='ltr'>Χριστᾷ</span> 
     </span>
    </p>
   </div>
   <div class='ocr_carea' id='block_1_7' title="bbox 1902 516 3453 595">
    <p class='ocr_par' dir='ltr' id='par_1_7' title="bbox 1902 521 3453 590">
     <span class='ocr_line' id='line_1_7' title="bbox 1902 521 3453 590; baseline -0.001 -14"><span class='ocrx_word' id='word_1_49' title='bbox 1902 523 2208 590; x_wconf 70' lang='lat' dir='ltr'><strong>magnitudo</strong></span> <span class='ocrx_word' id='word_1_50' title='bbox 2234 521 2324 577; x_wconf 89' lang='lat' dir='ltr'><strong>Dei</strong></span> <span class='ocrx_word' id='word_1_51' title='bbox 2356 523 2408 577; x_wconf 90' lang='lat' dir='ltr'><strong>in</strong></span> <span class='ocrx_word' id='word_1_52' title='bbox 2442 522 2660 578; x_wconf 83' lang='lat' dir='ltr'><strong>Christo</strong></span> <span class='ocrx_word' id='word_1_53' title='bbox 2702 531 2757 576; x_wconf 88' lang='lat' dir='ltr'><strong>et</strong></span> <span class='ocrx_word' id='word_1_54' title='bbox 2797 521 2849 574; x_wconf 89' lang='lat' dir='ltr'><strong>in</strong></span> <span class='ocrx_word' id='word_1_55' title='bbox 2881 522 3149 576; x_wconf 78' lang='lat' dir='ltr'><strong>creaturis</strong></span> <span class='ocrx_word' id='word_1_56' title='bbox 3176 536 3298 578; x_wconf 87' lang='lat' dir='ltr'><strong>esse</strong></span> <span class='ocrx_word' id='word_1_57' title='bbox 3320 538 3453 578; x_wconf 79' lang='lat' dir='ltr'><strong>cou-</strong></span> 
     </span>
    </p>
   </div>
   <div class='ocr_carea' id='block_1_8' title="bbox 117 604 1776 685">
    <p class='ocr_par' dir='ltr' id='par_1_8' title="bbox 117 604 1776 685">
     <span class='ocr_line' id='line_1_8' title="bbox 117 604 1776 685; baseline 0.005 -27"><span class='ocrx_word' id='word_1_58' title='bbox 117 604 241 659; x_wconf 76' lang='grc' dir='ltr'>καὶ</span> <span class='ocrx_word' id='word_1_59' title='bbox 308 609 390 660; x_wconf 72' lang='grc' dir='ltr'>ἐν</span> <span class='ocrx_word' id='word_1_60' title='bbox 434 613 568 675; x_wconf 80' lang='grc' dir='ltr'>τοῖς</span> <span class='ocrx_word' id='word_1_61' title='bbox 596 612 886 682; x_wconf 86' lang='grc' dir='ltr'>κτίσμασιν</span> <span class='ocrx_word' id='word_1_62' title='bbox 917 608 1052 667; x_wconf 66' lang='grc' dir='ltr'>οὖσα</span> <span class='ocrx_word' id='word_1_63' title='bbox 1079 613 1381 685; x_wconf 78' lang='grc' dir='ltr'><strong>θεωρεῖται,</strong></span> <span class='ocrx_word' id='word_1_64' title='bbox 1425 615 1518 668; x_wconf 78' lang='grc' dir='ltr'>καὶ</span> <span class='ocrx_word' id='word_1_65' title='bbox 1546 616 1650 669; x_wconf 85' lang='grc' dir='ltr'><strong>οὐκ</strong></span> <span class='ocrx_word' id='word_1_66' title='bbox 1677 615 1776 670; x_wconf 74' lang='grc' dir='ltr'>ἔστι</span> 
     </span>
    </p>
   </div>
   <div class='ocr_carea' id='block_1_9' title="bbox 1902 604 3452 685">
    <p class='ocr_par' dir='ltr' id='par_1_9' title="bbox 1902 613 3452 683">
     <span class='ocr_line' id='line_1_9' title="bbox 1902 613 3452 683; baseline 0.002 -15"><span class='ocrx_word' id='word_1_67' title='bbox 1902 614 2145 683; x_wconf 83' lang='lat' dir='ltr'><strong>spicitur,</strong></span> <span class='ocrx_word' id='word_1_68' title='bbox 2186 623 2241 669; x_wconf 92' lang='lat' dir='ltr'><strong>et</strong></span> <span class='ocrx_word' id='word_1_69' title='bbox 2285 616 2671 683; x_wconf 71' lang='lat' dir='ltr'><strong>magnitudinis</strong></span> <span class='ocrx_word' id='word_1_70' title='bbox 2714 613 2830 682; x_wconf 83' lang='lat' dir='ltr'><strong>ejus</strong></span> <span class='ocrx_word' id='word_1_71' title='bbox 2877 629 2983 670; x_wconf 86' lang='lat' dir='ltr'><strong>non</strong></span> <span class='ocrx_word' id='word_1_72' title='bbox 3013 623 3093 668; x_wconf 87' lang='lat' dir='ltr'><strong>est</strong></span> <span class='ocrx_word' id='word_1_73' title='bbox 3130 614 3272 680; x_wconf 87' lang='lat' dir='ltr'><strong>ﬁnis,</strong></span> <span class='ocrx_word' id='word_1_74' title='bbox 3313 614 3452 671; x_wconf 83' lang='lat' dir='ltr'><strong>forte</strong></span> 
     </span>
    </p>
   </div>
   <div class='ocr_carea' id='block_1_10' title="bbox 128 698 1776 783">
    <p class='ocr_par' dir='ltr' id='par_1_10' title="bbox 128 698 1776 783">
     <span class='ocr_line' id='line_1_10' title="bbox 128 698 1776 783; baseline 0.009 -34"><span class='ocrx_word' id='word_1_75' title='bbox 128 698 354 769; x_wconf 70' lang='grc' dir='ltr'>πέρας</span> <span class='ocrx_word' id='word_1_76' title='bbox 385 701 519 773; x_wconf 80' lang='grc' dir='ltr'>τῆς</span> <span class='ocrx_word' id='word_1_77' title='bbox 542 704 927 777; x_wconf 74' lang='grc' dir='ltr'><strong>μεγαλωσύνης</strong></span> <span class='ocrx_word' id='word_1_78' title='bbox 958 705 1141 769; x_wconf 84' lang='grc' dir='ltr'>αὐτοῦ,</span> <span class='ocrx_word' id='word_1_79' title='bbox 1179 707 1385 778; x_wconf 83' lang='grc' dir='ltr'>μήποτε</span> <span class='ocrx_word' id='word_1_80' title='bbox 1415 709 1447 779; x_wconf 80' lang='grc' dir='ltr'>ἡ</span> <span class='ocrx_word' id='word_1_81' title='bbox 1477 706 1536 773; x_wconf 66' lang='grc' dir='ltr'><strong>ἐξ</strong></span> <span class='ocrx_word' id='word_1_82' title='bbox 1560 709 1776 783; x_wconf 74' lang='grc' dir='ltr'>ἀπείροι</span> 
     </span>
    </p>
   </div>
   <div class='ocr_carea' id='block_1_11' title="bbox 1902 698 3450 783">
    <p class='ocr_par' dir='ltr' id='par_1_11' title="bbox 1902 704 3450 778">
     <span class='ocr_line' id='line_1_11' title="bbox 1902 704 3450 778; baseline 0.003 -20"><span class='ocrx_word' id='word_1_83' title='bbox 1902 705 2019 759; x_wconf 86' lang='lat' dir='ltr'><strong>hinc</strong></span> <span class='ocrx_word' id='word_1_84' title='bbox 2053 704 2219 760; x_wconf 89' lang='lat' dir='ltr'><strong>etiam</strong></span> <span class='ocrx_word' id='word_1_85' title='bbox 2251 720 2314 760; x_wconf 82' lang='lat' dir='ltr'><strong>ex</strong></span> <span class='ocrx_word' id='word_1_86' title='bbox 2337 706 2548 760; x_wconf 88' lang='lat' dir='ltr'><strong>inﬁnito</strong></span> <span class='ocrx_word' id='word_1_87' title='bbox 2577 707 2627 760; x_wconf 90' lang='lat' dir='ltr'><strong>in</strong></span> <span class='ocrx_word' id='word_1_88' title='bbox 2656 706 2919 760; x_wconf 89' lang='lat' dir='ltr'><strong>inﬁnitum</strong></span> <span class='ocrx_word' id='word_1_89' title='bbox 2945 706 2995 759; x_wconf 91' lang='lat' dir='ltr'><strong>in</strong></span> <span class='ocrx_word' id='word_1_90' title='bbox 3016 720 3079 761; x_wconf 86' lang='lat' dir='ltr'><strong>ea</strong></span> <span class='ocrx_word' id='word_1_91' title='bbox 3104 721 3223 777; x_wconf 72' lang='lat' dir='ltr'><strong>quae</strong></span> <span class='ocrx_word' id='word_1_92' title='bbox 3250 707 3318 763; x_wconf 89' lang='lat' dir='ltr'><strong>ab</strong></span> <span class='ocrx_word' id='word_1_93' title='bbox 3337 707 3450 778; x_wconf 90' lang='lat' dir='ltr'><strong>ipso</strong></span> 
     </span>
    </p>
   </div>
   <div class='ocr_carea' id='block_1_12' title="bbox 129 789 1776 868">
    <p class='ocr_par' dir='ltr' id='par_1_12' title="bbox 129 789 1776 868">
     <span class='ocr_line' id='line_1_12' title="bbox 129 789 1776 868; baseline 0.009 -26"><span class='ocrx_word' id='word_1_94' title='bbox 129 789 238 843; x_wconf 62' lang='lat' dir='ltr'><strong>hs&quot;</strong></span> <span class='ocrx_word' id='word_1_95' title='bbox 277 793 562 864; x_wconf 83' lang='grc' dir='ltr'>ἄπειρον</span> <span class='ocrx_word' id='word_1_96' title='bbox 583 796 675 849; x_wconf 78' lang='grc' dir='ltr'><strong>καὶ</strong></span> <span class='ocrx_word' id='word_1_97' title='bbox 707 796 949 849; x_wconf 84' lang='grc' dir='ltr'>ἐντεῦθεν</span> <span class='ocrx_word' id='word_1_98' title='bbox 981 797 1305 868; x_wconf 86' lang='grc' dir='ltr'>παρίσταται</span> <span class='ocrx_word' id='word_1_99' title='bbox 1337 798 1429 852; x_wconf 90' lang='grc' dir='ltr'><strong>τοῦ</strong></span> <span class='ocrx_word' id='word_1_100' title='bbox 1462 798 1598 853; x_wconf 85' lang='grc' dir='ltr'>Θεοῦ</span> <span class='ocrx_word' id='word_1_101' title='bbox 1626 802 1707 866; x_wconf 82' lang='grc' dir='ltr'><strong>εἰς</strong></span> <span class='ocrx_word' id='word_1_102' title='bbox 1722 802 1776 856; x_wconf 65' lang='grc' dir='ltr'>τά</span> 
     </span>
    </p>
   </div>
   <div class='ocr_carea' id='block_1_13' title="bbox 1902 789 3085 868">
    <p class='ocr_par' dir='ltr' id='par_1_13' title="bbox 1902 793 3085 864">
     <span class='ocr_line' id='line_1_13' title="bbox 1902 793 3085 864; baseline 0.001 -17"><span class='ocrx_word' id='word_1_103' title='bbox 1902 793 2036 849; x_wconf 85' lang='lat' dir='ltr'><strong>facta</strong></span> <span class='ocrx_word' id='word_1_104' title='bbox 2068 803 2195 849; x_wconf 91' lang='lat' dir='ltr'><strong>sunt</strong></span> <span class='ocrx_word' id='word_1_105' title='bbox 2225 794 2562 864; x_wconf 82' lang='lat' dir='ltr'><strong>providentia</strong></span> <span class='ocrx_word' id='word_1_106' title='bbox 2598 795 2936 864; x_wconf 83' lang='lat' dir='ltr'><strong>conspicitur</strong></span> <span class='ocrx_word' id='word_1_107' title='bbox 2971 793 3085 848; x_wconf 86' lang='lat' dir='ltr'><strong>Dei.</strong></span> 
     </span>
    </p>
   </div>
   <div class='ocr_carea' id='block_1_14' title="bbox 127 878 1227 958">
    <p class='ocr_par' dir='ltr' id='par_1_14' title="bbox 127 878 1227 958">
     <span class='ocr_line' id='line_1_14' title="bbox 127 878 1227 958; baseline 0.005 -24"><span class='ocrx_word' id='word_1_108' title='bbox 127 878 299 935; x_wconf 73' lang='grc' dir='ltr'>ὅντα.</span> <span class='ocrx_word' id='word_1_109' title='bbox 346 883 470 937; x_wconf 74' lang='grc' dir='ltr'>ὑπ’</span> <span class='ocrx_word' id='word_1_110' title='bbox 507 884 671 939; x_wconf 80' lang='grc' dir='ltr'>αὑτοῦ</span> <span class='ocrx_word' id='word_1_111' title='bbox 692 887 955 957; x_wconf 80' lang='grc' dir='ltr'>γενόμενα</span> <span class='ocrx_word' id='word_1_112' title='bbox 986 886 1227 958; x_wconf 82' lang='grc' dir='ltr'>πρόνοια.</span> 
     </span>
    </p>
   </div>
   <div class='ocr_carea' id='block_1_15' title="bbox 228 974 1790 1054">
    <p class='ocr_par' dir='ltr' id='par_1_15' title="bbox 228 974 1790 1054">
     <span class='ocr_line' id='line_1_15' title="bbox 228 974 1790 1054; baseline 0.006 -27"><span class='ocrx_word' id='word_1_113' title='bbox 228 974 381 1027; x_wconf 81' lang='grc' dir='ltr'><strong>Τοῦ</strong></span> <span class='ocrx_word' id='word_1_114' title='bbox 437 977 658 1032; x_wconf 79' lang='grc' dir='ltr'>αὐτοῦ.</span> <span class='ocrx_word' id='word_1_115' title='bbox 700 979 921 1033; x_wconf 81' lang='grc' dir='ltr'><strong>Πάντων</strong></span> <span class='ocrx_word' id='word_1_116' title='bbox 962 980 1058 1051; x_wconf 76' lang='grc' dir='ltr'>μὲν</span> <span class='ocrx_word' id='word_1_117' title='bbox 1105 982 1214 1051; x_wconf 85' lang='lat'><strong>(97)</strong></span> <span class='ocrx_word' id='word_1_118' title='bbox 1262 979 1369 1035; x_wconf 87' lang='grc' dir='ltr'><strong>τῶν</strong></span> <span class='ocrx_word' id='word_1_119' title='bbox 1412 983 1713 1051; x_wconf 78' lang='grc' dir='ltr'>γεγονότων</span> <span class='ocrx_word' id='word_1_120' title='bbox 1755 984 1790 1054; x_wconf 82' lang='grc' dir='ltr'><strong>ἠ</strong></span> 
     </span>
    </p>
   </div>
   <div class='ocr_carea' id='block_1_16' title="bbox 133 1059 1790 1143">
    <p class='ocr_par' dir='ltr' id='par_1_16' title="bbox 133 1059 1790 1143">
     <span class='ocr_line' id='line_1_16' title="bbox 133 1059 1790 1143; baseline 0.016 -29"><span class='ocrx_word' id='word_1_121' title='bbox 133 1059 403 1134; x_wconf 79' lang='grc' dir='ltr'>θεωρία</span> <span class='ocrx_word' id='word_1_122' title='bbox 450 1068 833 1140; x_wconf 74' lang='grc' dir='ltr'>πεπερασται·</span> <span class='ocrx_word' id='word_1_123' title='bbox 883 1070 1015 1141; x_wconf 83' lang='grc' dir='ltr'>μόνη</span> <span class='ocrx_word' id='word_1_124' title='bbox 1050 1070 1106 1128; x_wconf 78' lang='grc' dir='ltr'>δὲ</span> <span class='ocrx_word' id='word_1_125' title='bbox 1158 1072 1190 1142; x_wconf 86' lang='grc' dir='ltr'>ἡ</span> <span class='ocrx_word' id='word_1_126' title='bbox 1236 1070 1436 1140; x_wconf 82' lang='grc' dir='ltr'>γνῶσις</span> <span class='ocrx_word' id='word_1_127' title='bbox 1478 1074 1578 1143; x_wconf 73' lang='grc' dir='ltr'><strong>τῆς</strong></span> <span class='ocrx_word' id='word_1_128' title='bbox 1630 1073 1790 1142; x_wconf 79' lang='grc' dir='ltr'>ἁγίας</span> 
     </span>
    </p>
   </div>
   <div class='ocr_carea' id='block_1_17' title="bbox 130 1151 983 1232">
    <p class='ocr_par' dir='ltr' id='par_1_17' title="bbox 130 1151 983 1232">
     <span class='ocr_line' id='line_1_17' title="bbox 130 1151 983 1232; baseline 0.012 -28"><span class='ocrx_word' id='word_1_129' title='bbox 130 1151 437 1221; x_wconf 80' lang='grc' dir='ltr'>Τριὰδος</span> <span class='ocrx_word' id='word_1_130' title='bbox 487 1158 634 1211; x_wconf 78' lang='grc' dir='ltr'>ἐστὶν</span> <span class='ocrx_word' id='word_1_131' title='bbox 661 1160 983 1232; x_wconf 80' lang='grc' dir='ltr'><strong>ἀπέραντος.</strong></span> 
     </span>
    </p>
   </div>
   <div class='ocr_carea' id='block_1_18' title="bbox 223 1246 1788 1323">
    <p class='ocr_par' dir='ltr' id='par_1_18' title="bbox 223 1246 1788 1323">
     <span class='ocr_line' id='line_1_18' title="bbox 223 1246 1788 1323; baseline 0.006 -24"><span class='ocrx_word' id='word_1_132' title='bbox 223 1246 369 1300; x_wconf 78' lang='grc' dir='ltr'><strong>Καὶ</strong></span> <span class='ocrx_word' id='word_1_133' title='bbox 401 1249 474 1301; x_wconf 80' lang='grc' dir='ltr'>οι</span> <span class='ocrx_word' id='word_1_134' title='bbox 505 1251 788 1320; x_wconf 64' lang='grc' dir='ltr'>οἰκτιρμοί</span> <span class='ocrx_word' id='word_1_135' title='bbox 820 1251 1006 1306; x_wconf 85' lang='grc' dir='ltr'>αὑτοῦ</span> <span class='ocrx_word' id='word_1_136' title='bbox 1046 1252 1143 1305; x_wconf 80' lang='grc' dir='ltr'>ἐπί</span> <span class='ocrx_word' id='word_1_137' title='bbox 1176 1252 1371 1308; x_wconf 81' lang='grc' dir='ltr'>πάντα</span> <span class='ocrx_word' id='word_1_138' title='bbox 1405 1252 1478 1307; x_wconf 83' lang='grc' dir='ltr'>τὰ</span> <span class='ocrx_word' id='word_1_139' title='bbox 1503 1252 1647 1323; x_wconf 74' lang='grc' dir='ltr'>ἔργα</span> <span class='ocrx_word' id='word_1_140' title='bbox 1690 1256 1788 1309; x_wconf 83' lang='grc' dir='ltr'><strong>αὐ-</strong></span> 
     </span>
    </p>
   </div>
   <div class='ocr_carea' id='block_1_19' title="bbox 136 1335 1787 1415">
    <p class='ocr_par' dir='ltr' id='par_1_19' title="bbox 136 1335 1787 1415">
     <span class='ocr_line' id='line_1_19' title="bbox 136 1335 1787 1415; baseline 0.006 -25"><span class='ocrx_word' id='word_1_141' title='bbox 136 1335 305 1401; x_wconf 73' lang='grc' dir='ltr'>τοῦ,</span> <span class='ocrx_word' id='word_1_142' title='bbox 342 1356 415 1394; x_wconf 83' lang='grc' dir='ltr'><strong>κ.</strong></span> <span class='ocrx_word' id='word_1_143' title='bbox 457 1359 513 1396; x_wconf 86' lang='grc' dir='ltr'><strong>τ.</strong></span> <span class='ocrx_word' id='word_1_144' title='bbox 543 1343 590 1396; x_wconf 75' lang='grc' dir='ltr'>ὲ.</span> <span class='ocrx_word' id='word_1_145' title='bbox 612 1343 675 1396; x_wconf 83' lang='grc' dir='ltr'><strong>Εἰ</strong></span> <span class='ocrx_word' id='word_1_146' title='bbox 705 1344 755 1396; x_wconf 86' lang='grc' dir='ltr'><strong>οἰ</strong></span> <span class='ocrx_word' id='word_1_147' title='bbox 781 1343 1051 1415; x_wconf 65' lang='grc' dir='ltr'>οἰκτιρμοί</span> <span class='ocrx_word' id='word_1_148' title='bbox 1081 1344 1188 1415; x_wconf 89' lang='grc'><strong>(98)</strong></span> <span class='ocrx_word' id='word_1_149' title='bbox 1212 1344 1303 1398; x_wconf 86' lang='grc' dir='ltr'><strong>τοῦ</strong></span> <span class='ocrx_word' id='word_1_150' title='bbox 1326 1344 1456 1399; x_wconf 84' lang='grc' dir='ltr'>Θεοῦ</span> <span class='ocrx_word' id='word_1_151' title='bbox 1488 1345 1580 1399; x_wconf 78' lang='grc' dir='ltr'>ἐπὶ</span> <span class='ocrx_word' id='word_1_152' title='bbox 1611 1347 1787 1400; x_wconf 83' lang='grc' dir='ltr'>πάντα</span> 
     </span>
    </p>
   </div>
   <div class='ocr_carea' id='block_1_20' title="bbox 141 1428 1781 1505">
    <p class='ocr_par' dir='ltr' id='par_1_20' title="bbox 141 1428 1781 1505">
     <span class='ocr_line' id='line_1_20' title="bbox 141 1428 1781 1505; baseline 0.005 -24"><span class='ocrx_word' id='word_1_153' title='bbox 141 1428 228 1483; x_wconf 79' lang='grc' dir='ltr'>τὰ</span> <span class='ocrx_word' id='word_1_154' title='bbox 254 1429 435 1503; x_wconf 74' lang='grc' dir='ltr'>ἔργα.</span> <span class='ocrx_word' id='word_1_155' title='bbox 475 1434 657 1500; x_wconf 80' lang='grc' dir='ltr'>αὐτοῦ,</span> <span class='ocrx_word' id='word_1_156' title='bbox 683 1433 798 1499; x_wconf 88' lang='grc' dir='ltr'><strong>πῶς</strong></span> <span class='ocrx_word' id='word_1_157' title='bbox 832 1436 937 1489; x_wconf 85' lang='grc' dir='ltr'><strong>εἰσί</strong></span> <span class='ocrx_word' id='word_1_158' title='bbox 970 1453 1107 1499; x_wconf 81' lang='grc' dir='ltr'>τινες</span> <span class='ocrx_word' id='word_1_159' title='bbox 1138 1436 1221 1504; x_wconf 72' lang='grc' dir='ltr'><strong>ἐφ’</strong></span> <span class='ocrx_word' id='word_1_160' title='bbox 1253 1434 1346 1500; x_wconf 79' lang='grc' dir='ltr'><strong>οὓς</strong></span> <span class='ocrx_word' id='word_1_161' title='bbox 1368 1438 1430 1490; x_wconf 82' lang='grc' dir='ltr'><strong>οὐ</strong></span> <span class='ocrx_word' id='word_1_162' title='bbox 1460 1436 1781 1505; x_wconf 82' lang='grc' dir='ltr'>φθάνουσιν;</span> 
     </span>
    </p>
   </div>
   <div class='ocr_carea' id='block_1_21' title="bbox 146 1522 1776 1602">
    <p class='ocr_par' dir='ltr' id='par_1_21' title="bbox 146 1522 1776 1601">
     <span class='ocr_line' id='line_1_21' title="bbox 146 1522 1776 1601; baseline 0.006 -27"><span class='ocrx_word' id='word_1_163' title='bbox 146 1522 332 1594; x_wconf 78' lang='grc' dir='ltr'>’Λρα</span> <span class='ocrx_word' id='word_1_164' title='bbox 371 1525 488 1578; x_wconf 75' lang='grc' dir='ltr'><strong>καὶ</strong></span> <span class='ocrx_word' id='word_1_165' title='bbox 516 1526 602 1578; x_wconf 76' lang='grc' dir='ltr'><strong>ἐπ’</strong></span> <span class='ocrx_word' id='word_1_166' title='bbox 639 1527 833 1593; x_wconf 78' lang='grc' dir='ltr'>αὐτοὺς</span> <span class='ocrx_word' id='word_1_167' title='bbox 865 1529 914 1581; x_wconf 93' lang='grc' dir='ltr'>οἱ</span> <span class='ocrx_word' id='word_1_168' title='bbox 955 1529 1225 1600; x_wconf 63' lang='grc' dir='ltr'>οἰκτιρμοί</span> <span class='ocrx_word' id='word_1_169' title='bbox 1271 1527 1367 1582; x_wconf 87' lang='grc' dir='ltr'><strong>τοῦ</strong></span> <span class='ocrx_word' id='word_1_170' title='bbox 1406 1528 1571 1583; x_wconf 78' lang='grc' dir='ltr'>Θεοῦ’</span> <span class='ocrx_word' id='word_1_171' title='bbox 1624 1531 1675 1584; x_wconf 86' lang='grc' dir='ltr'><strong>εἰ</strong></span> <span class='ocrx_word' id='word_1_172' title='bbox 1710 1529 1776 1601; x_wconf 69' lang='grc' dir='ltr'><strong>μὴ</strong></span> 
     </span>
    </p>
   </div>
   <div class='ocr_carea' id='block_1_22' title="bbox 1902 1522 3441 1602">
    <p class='ocr_par' dir='ltr' id='par_1_22' title="bbox 1902 1526 3441 1598">
     <span class='ocr_line' id='line_1_22' title="bbox 1902 1526 3441 1598; baseline 0.003 -18"><span class='ocrx_word' id='word_1_173' title='bbox 1902 1527 2079 1581; x_wconf 76' lang='lat' dir='ltr'><strong>aiunt?</strong></span> <span class='ocrx_word' id='word_1_174' title='bbox 2107 1528 2297 1597; x_wconf 87' lang='lat' dir='ltr'><strong>Utique</strong></span> <span class='ocrx_word' id='word_1_175' title='bbox 2323 1527 2485 1583; x_wconf 88' lang='lat' dir='ltr'><strong>etiam</strong></span> <span class='ocrx_word' id='word_1_176' title='bbox 2527 1541 2688 1596; x_wconf 85' lang='lat' dir='ltr'><strong>super</strong></span> <span class='ocrx_word' id='word_1_177' title='bbox 2725 1527 2870 1598; x_wconf 90' lang='lat' dir='ltr'><strong>ipsos</strong></span> <span class='ocrx_word' id='word_1_178' title='bbox 2906 1540 3032 1581; x_wconf 89' lang='lat' dir='ltr'><strong>sunt</strong></span> <span class='ocrx_word' id='word_1_179' title='bbox 3064 1526 3441 1585; x_wconf 79' lang='lat' dir='ltr'><strong>miserationes</strong></span> 
     </span>
    </p>
   </div>
   <div class='ocr_carea' id='block_1_23' title="bbox 149 1614 1776 1694">
    <p class='ocr_par' dir='ltr' id='par_1_23' title="bbox 149 1614 1776 1694">
     <span class='ocr_line' id='line_1_23' title="bbox 149 1614 1776 1694; baseline 0.006 -26"><span class='ocrx_word' id='word_1_180' title='bbox 149 1614 286 1686; x_wconf 79' lang='grc' dir='ltr'>ἄρα</span> <span class='ocrx_word' id='word_1_181' title='bbox 327 1617 449 1670; x_wconf 70' lang='grc' dir='ltr'>ἐπὶ</span> <span class='ocrx_word' id='word_1_182' title='bbox 491 1617 588 1689; x_wconf 83' lang='grc' dir='ltr'>μὲν</span> <span class='ocrx_word' id='word_1_183' title='bbox 623 1618 691 1674; x_wconf 79' lang='grc' dir='ltr'>τὰ</span> <span class='ocrx_word' id='word_1_184' title='bbox 731 1619 868 1692; x_wconf 76' lang='grc' dir='ltr'>ἔργα</span> <span class='ocrx_word' id='word_1_185' title='bbox 910 1619 1075 1675; x_wconf 82' lang='grc' dir='ltr'>αὑτοῦ</span> <span class='ocrx_word' id='word_1_186' title='bbox 1109 1620 1401 1691; x_wconf 82' lang='grc' dir='ltr'>φθάνουσιν</span> <span class='ocrx_word' id='word_1_187' title='bbox 1428 1623 1478 1675; x_wconf 81' lang='grc' dir='ltr'>οἱ</span> <span class='ocrx_word' id='word_1_188' title='bbox 1512 1623 1776 1694; x_wconf 77' lang='grc' dir='ltr'>οἰκτιρμοὶ</span> 
     </span>
    </p>
   </div>
   <div class='ocr_carea' id='block_1_24' title="bbox 1902 1614 3447 1694">
    <p class='ocr_par' dir='ltr' id='par_1_24' title="bbox 1902 1616 3447 1688">
     <span class='ocr_line' id='line_1_24' title="bbox 1902 1616 3447 1688; baseline -0.001 -18"><span class='ocrx_word' id='word_1_189' title='bbox 1902 1616 1985 1672; x_wconf 88' lang='lat' dir='ltr'><strong>Dei</strong></span> <span class='ocrx_word' id='word_1_190' title='bbox 2023 1634 2037 1670; x_wconf 88' lang='lat'><strong>:</strong></span> <span class='ocrx_word' id='word_1_191' title='bbox 2078 1616 2179 1671; x_wconf 87' lang='lat' dir='ltr'><strong>nisi</strong></span> <span class='ocrx_word' id='word_1_192' title='bbox 2228 1616 2371 1671; x_wconf 92' lang='lat' dir='ltr'><strong>forte</strong></span> <span class='ocrx_word' id='word_1_193' title='bbox 2407 1617 2472 1670; x_wconf 86' lang='lat' dir='ltr'><strong>ad</strong></span> <span class='ocrx_word' id='word_1_194' title='bbox 2506 1631 2670 1686; x_wconf 84' lang='lat' dir='ltr'><strong>opera</strong></span> <span class='ocrx_word' id='word_1_195' title='bbox 2713 1618 2931 1687; x_wconf 87' lang='lat' dir='ltr'><strong>quidem</strong></span> <span class='ocrx_word' id='word_1_196' title='bbox 2979 1617 3093 1685; x_wconf 81' lang='lat' dir='ltr'><strong>ejus</strong></span> <span class='ocrx_word' id='word_1_197' title='bbox 3133 1616 3447 1688; x_wconf 85' lang='lat' dir='ltr'><strong>pertingunt</strong></span> 
     </span>
    </p>
   </div>
   <div class='ocr_carea' id='block_1_25' title="bbox 148 1706 1776 1785">
    <p class='ocr_par' dir='ltr' id='par_1_25' title="bbox 148 1708 1776 1785">
     <span class='ocr_line' id='line_1_25' title="bbox 148 1708 1776 1785; baseline 0.007 -25"><span class='ocrx_word' id='word_1_198' title='bbox 148 1708 386 1771; x_wconf 72' lang='grc' dir='ltr'>αὐτοῦ,</span> <span class='ocrx_word' id='word_1_199' title='bbox 430 1711 528 1763; x_wconf 80' lang='grc' dir='ltr'><strong>ἐπὶ</strong></span> <span class='ocrx_word' id='word_1_200' title='bbox 555 1709 613 1764; x_wconf 83' lang='grc' dir='ltr'>δὲ</span> <span class='ocrx_word' id='word_1_201' title='bbox 637 1710 704 1765; x_wconf 77' lang='grc' dir='ltr'>τὰ</span> <span class='ocrx_word' id='word_1_202' title='bbox 730 1711 869 1785; x_wconf 78' lang='grc' dir='ltr'>ἔργα</span> <span class='ocrx_word' id='word_1_203' title='bbox 894 1711 1001 1766; x_wconf 90' lang='grc' dir='ltr'><strong>τῶν</strong></span> <span class='ocrx_word' id='word_1_204' title='bbox 1027 1712 1226 1785; x_wconf 86' lang='grc' dir='ltr'>χειρῶν</span> <span class='ocrx_word' id='word_1_205' title='bbox 1259 1713 1425 1769; x_wconf 83' lang='grc' dir='ltr'>αὑτοῦ</span> <span class='ocrx_word' id='word_1_206' title='bbox 1454 1714 1517 1768; x_wconf 82' lang='grc' dir='ltr'>οὗ</span> <span class='ocrx_word' id='word_1_207' title='bbox 1550 1716 1776 1782; x_wconf 79' lang='grc' dir='ltr'>πάντως.</span> 
     </span>
    </p>
   </div>
   <div class='ocr_carea' id='block_1_26' title="bbox 1902 1706 3449 1785">
    <p class='ocr_par' dir='ltr' id='par_1_26' title="bbox 1902 1707 3449 1778">
     <span class='ocr_line' id='line_1_26' title="bbox 1902 1707 3449 1778; baseline 0.001 -18"><span class='ocrx_word' id='word_1_208' title='bbox 1902 1707 2262 1761; x_wconf 79' lang='lat' dir='ltr'><strong>niserationes</strong></span> <span class='ocrx_word' id='word_1_209' title='bbox 2291 1707 2480 1776; x_wconf 74' lang='lat' dir='ltr'><strong>ipsius,</strong></span> <span class='ocrx_word' id='word_1_210' title='bbox 2514 1708 2580 1761; x_wconf 86' lang='lat' dir='ltr'><strong>ad</strong></span> <span class='ocrx_word' id='word_1_211' title='bbox 2611 1721 2776 1777; x_wconf 86' lang='lat' dir='ltr'><strong>opera</strong></span> <span class='ocrx_word' id='word_1_212' title='bbox 2822 1715 2999 1763; x_wconf 90' lang='lat' dir='ltr'><strong>autem</strong></span> <span class='ocrx_word' id='word_1_213' title='bbox 3032 1721 3286 1761; x_wconf 88' lang='lat' dir='ltr'><strong>manuum</strong></span> <span class='ocrx_word' id='word_1_214' title='bbox 3328 1709 3449 1778; x_wconf 82' lang='lat' dir='ltr'><strong>ejus</strong></span> 
     </span>
    </p>
   </div>
   <div class='ocr_carea' id='block_1_27' title="bbox 1887 1798 2173 1854">
    <p class='ocr_par' dir='ltr' id='par_1_27' title="bbox 1887 1798 2173 1854">
     <span class='ocr_line' id='line_1_27' title="bbox 1887 1798 2173 1854; baseline -0.01 0"><span class='ocrx_word' id='word_1_215' title='bbox 1887 1815 1993 1854; x_wconf 93' lang='lat' dir='ltr'><strong>non</strong></span> <span class='ocrx_word' id='word_1_216' title='bbox 2027 1798 2173 1852; x_wconf 89' lang='lat' dir='ltr'><strong>item.</strong></span> 
     </span>
    </p>
   </div>
   <div class='ocr_carea' id='block_1_28' title="bbox 1956 1890 3446 1963">
    <p class='ocr_par' dir='ltr' id='par_1_28' title="bbox 1956 1890 3446 1963">
     <span class='ocr_line' id='line_1_28' title="bbox 1956 1890 3446 1963; baseline 0.001 -16"><span class='ocrx_word' id='word_1_217' title='bbox 1956 1892 2119 1947; x_wconf 71' lang='lat' dir='ltr'><strong>Vsus.</strong></span> <span class='ocrx_word' id='word_1_218' title='bbox 2154 1890 2240 1946; x_wconf 80' lang='grc'><strong>10.</strong></span> <span class='ocrx_word' id='word_1_219' title='bbox 2272 1890 2632 1961; x_wconf 79' lang='lat' dir='ltr'><strong>Con/iteanlur</strong></span> <span class='ocrx_word' id='word_1_220' title='bbox 2659 1894 2773 1959; x_wconf 83' lang='lat' dir='ltr'><strong>tibi,</strong></span> <span class='ocrx_word' id='word_1_221' title='bbox 2809 1891 3050 1958; x_wconf 79' lang='lat' dir='ltr'><strong>Domine,</strong></span> <span class='ocrx_word' id='word_1_222' title='bbox 3074 1893 3249 1949; x_wconf 82' lang='lat' dir='ltr'><strong>omnia</strong></span> <span class='ocrx_word' id='word_1_223' title='bbox 3289 1909 3446 1963; x_wconf 80' lang='lat' dir='ltr'><strong>opera</strong></span> 
     </span>
    </p>
   </div>
   <div class='ocr_carea' id='block_1_29' title="bbox 1889 1985 3533 2063">
    <p class='ocr_par' dir='ltr' id='par_1_29' title="bbox 1889 1985 3533 2063">
     <span class='ocr_line' id='line_1_29' title="bbox 1889 1985 3533 2063; baseline 0.001 -24"><span class='ocrx_word' id='word_1_224' title='bbox 1889 1994 2001 2051; x_wconf 87' lang='lat' dir='ltr'><strong>tua,</strong></span> <span class='ocrx_word' id='word_1_225' title='bbox 2021 1996 2067 2039; x_wconf 87' lang='lat' dir='ltr'><strong>et</strong></span> <span class='ocrx_word' id='word_1_226' title='bbox 2090 1986 2260 2039; x_wconf 91' lang='lat' dir='ltr'><strong>sancti</strong></span> <span class='ocrx_word' id='word_1_227' title='bbox 2292 1986 2367 2038; x_wconf 91' lang='lat' dir='ltr'><strong>tui</strong></span> <span class='ocrx_word' id='word_1_228' title='bbox 2393 1985 2693 2039; x_wconf 77' lang='lat' dir='ltr'><strong>benedicant</strong></span> <span class='ocrx_word' id='word_1_229' title='bbox 2719 1986 2833 2052; x_wconf 85' lang='lat' dir='ltr'><strong>tibi,</strong></span> <span class='ocrx_word' id='word_1_230' title='bbox 2864 1996 2969 2040; x_wconf 86' lang='lat' dir='ltr'><strong>etc.</strong></span> <span class='ocrx_word' id='word_1_231' title='bbox 3010 1985 3122 2041; x_wconf 86' lang='lat' dir='ltr'><strong>Hoc</strong></span> <span class='ocrx_word' id='word_1_232' title='bbox 3146 1985 3265 2041; x_wconf 85' lang='lat' dir='ltr'><strong>loco</strong></span> <span class='ocrx_word' id='word_1_233' title='bbox 3284 2002 3444 2055; x_wconf 83' lang='lat' dir='ltr'><strong>opera</strong></span> <span class='ocrx_word' id='word_1_234' title='bbox 3501 2028 3533 2063; x_wconf 48' lang='grc' dir='ltr'>χ</span> 
     </span>
    </p>
   </div>
   <div class='ocr_carea' id='block_1_30' title="bbox 1887 2077 3445 2147">
    <p class='ocr_par' dir='ltr' id='par_1_30' title="bbox 1887 2077 3445 2147">
     <span class='ocr_line' id='line_1_30' title="bbox 1887 2077 3445 2147; baseline 0.001 -16"><span class='ocrx_word' id='word_1_235' title='bbox 1887 2086 2108 2132; x_wconf 87' lang='lat' dir='ltr'><strong>naturas</strong></span> <span class='ocrx_word' id='word_1_236' title='bbox 2153 2079 2365 2133; x_wconf 86' lang='lat' dir='ltr'><strong>ratione</strong></span> <span class='ocrx_word' id='word_1_237' title='bbox 2392 2077 2645 2147; x_wconf 71' lang='lat' dir='ltr'><strong>prmditas</strong></span> <span class='ocrx_word' id='word_1_238' title='bbox 2693 2086 2886 2132; x_wconf 79' lang='lat' dir='ltr'><strong>vocat:</strong></span> <span class='ocrx_word' id='word_1_239' title='bbox 2931 2078 3059 2147; x_wconf 71' lang='lat' dir='ltr'><strong>ipsa:</strong></span> <span class='ocrx_word' id='word_1_240' title='bbox 3093 2078 3235 2132; x_wconf 90' lang='lat' dir='ltr'><strong>enim</strong></span> <span class='ocrx_word' id='word_1_241' title='bbox 3270 2078 3445 2133; x_wconf 84' lang='lat' dir='ltr'><strong>solent</strong></span> 
     </span>
    </p>
   </div>
   <div class='ocr_carea' id='block_1_31' title="bbox 1885 2169 3443 2240">
    <p class='ocr_par' dir='ltr' id='par_1_31' title="bbox 1885 2169 3443 2240">
     <span class='ocr_line' id='line_1_31' title="bbox 1885 2169 3443 2240; baseline 0.001 -13"><span class='ocrx_word' id='word_1_242' title='bbox 1885 2170 2134 2227; x_wconf 80' lang='lat' dir='ltr'><strong>conﬁteri</strong></span> <span class='ocrx_word' id='word_1_243' title='bbox 2169 2172 2298 2229; x_wconf 81' lang='lat' dir='ltr'><strong>Deo.</strong></span> <span class='ocrx_word' id='word_1_244' title='bbox 2330 2170 2409 2224; x_wconf 86' lang='lat' dir='ltr'><strong>An</strong></span> <span class='ocrx_word' id='word_1_245' title='bbox 2442 2185 2567 2226; x_wconf 82' lang='lat' dir='ltr'><strong>vero</strong></span> <span class='ocrx_word' id='word_1_246' title='bbox 2596 2169 2866 2226; x_wconf 81' lang='lat' dir='ltr'><strong>confessio</strong></span> <span class='ocrx_word' id='word_1_247' title='bbox 2894 2171 3073 2240; x_wconf 84' lang='lat' dir='ltr'><strong>aliqua</strong></span> <span class='ocrx_word' id='word_1_248' title='bbox 3100 2172 3267 2226; x_wconf 84' lang='lat' dir='ltr'><strong>etiam</strong></span> <span class='ocrx_word' id='word_1_249' title='bbox 3295 2186 3325 2227; x_wconf 81' lang='lat' dir='ltr'><strong>a</strong></span> <span class='ocrx_word' id='word_1_250' title='bbox 3359 2187 3443 2228; x_wconf 83' lang='lat' dir='ltr'><strong>re-</strong></span> 
     </span>
    </p>
   </div>
   <div class='ocr_carea' id='block_1_32' title="bbox 1883 2260 2957 2331">
    <p class='ocr_par' dir='ltr' id='par_1_32' title="bbox 1883 2260 2957 2331">
     <span class='ocr_line' id='line_1_32' title="bbox 1883 2260 2957 2331; baseline 0.001 -17"><span class='ocrx_word' id='word_1_251' title='bbox 1883 2261 2027 2331; x_wconf 87' lang='lat' dir='ltr'><strong>liqua</strong></span> <span class='ocrx_word' id='word_1_252' title='bbox 2055 2270 2310 2317; x_wconf 83' lang='lat' dir='ltr'><strong>creatura</strong></span> <span class='ocrx_word' id='word_1_253' title='bbox 2331 2261 2633 2326; x_wconf 87' lang='lat' dir='ltr'><strong>emittatur,</strong></span> <span class='ocrx_word' id='word_1_254' title='bbox 2669 2260 2809 2315; x_wconf 91' lang='lat' dir='ltr'><strong>Deus</strong></span> <span class='ocrx_word' id='word_1_255' title='bbox 2834 2261 2957 2315; x_wconf 88' lang='lat' dir='ltr'><strong>scit.</strong></span> 
     </span>
    </p>
   </div>
   <div class='ocr_carea' id='block_1_33' title="bbox 1966 974 3446 1045">
    <p class='ocr_par' dir='ltr' id='par_1_33' title="bbox 1966 974 3446 1045">
     <span class='ocr_line' id='line_1_33' title="bbox 1966 974 3446 1045; baseline 0.001 -15"><span class='ocrx_word' id='word_1_256' title='bbox 1966 975 2238 1044; x_wconf 70' lang='lat' dir='ltr'><strong>Ejusdem.</strong></span> <span class='ocrx_word' id='word_1_257' title='bbox 2274 975 2525 1032; x_wconf 90' lang='lat' dir='ltr'><strong>Omnium</strong></span> <span class='ocrx_word' id='word_1_258' title='bbox 2568 974 2783 1044; x_wconf 81' lang='lat' dir='ltr'><strong>quidem</strong></span> <span class='ocrx_word' id='word_1_259' title='bbox 2819 988 2939 1045; x_wconf 62' lang='lat' dir='ltr'><strong>quae</strong></span> <span class='ocrx_word' id='word_1_260' title='bbox 2971 974 3113 1030; x_wconf 85' lang='lat' dir='ltr'><strong>facta</strong></span> <span class='ocrx_word' id='word_1_261' title='bbox 3162 984 3286 1031; x_wconf 89' lang='lat' dir='ltr'><strong>sunt</strong></span> <span class='ocrx_word' id='word_1_262' title='bbox 3315 993 3446 1032; x_wconf 84' lang='lat' dir='ltr'><strong>con-</strong></span> 
     </span>
    </p>
   </div>
   <div class='ocr_carea' id='block_1_34' title="bbox 1894 1067 3441 1140">
    <p class='ocr_par' dir='ltr' id='par_1_34' title="bbox 1894 1067 3441 1140">
     <span class='ocr_line' id='line_1_34' title="bbox 1894 1067 3441 1140; baseline 0.001 -17"><span class='ocrx_word' id='word_1_263' title='bbox 1894 1070 2169 1140; x_wconf 88' lang='lat' dir='ltr'><strong>templatio</strong></span> <span class='ocrx_word' id='word_1_264' title='bbox 2217 1069 2365 1123; x_wconf 90' lang='lat' dir='ltr'><strong>ﬁnita</strong></span> <span class='ocrx_word' id='word_1_265' title='bbox 2414 1077 2535 1134; x_wconf 88' lang='lat' dir='ltr'><strong>cst,</strong></span> <span class='ocrx_word' id='word_1_266' title='bbox 2577 1067 2690 1123; x_wconf 87' lang='lat' dir='ltr'><strong>sola</strong></span> <span class='ocrx_word' id='word_1_267' title='bbox 2727 1082 2855 1122; x_wconf 83' lang='lat' dir='ltr'><strong>vero</strong></span> <span class='ocrx_word' id='word_1_268' title='bbox 2897 1076 3101 1123; x_wconf 71' lang='lat' dir='ltr'><strong>sauctte</strong></span> <span class='ocrx_word' id='word_1_269' title='bbox 3154 1068 3441 1125; x_wconf 83' lang='lat' dir='ltr'><strong>Trinitatis</strong></span> 
     </span>
    </p>
   </div>
   <div class='ocr_carea' id='block_1_35' title="bbox 1889 1160 2393 1228">
    <p class='ocr_par' dir='ltr' id='par_1_35' title="bbox 1889 1160 2393 1228">
     <span class='ocr_line' id='line_1_35' title="bbox 1889 1160 2393 1228; baseline 0.002 -15"><span class='ocrx_word' id='word_1_270' title='bbox 1889 1161 2128 1228; x_wconf 79' lang='lat' dir='ltr'><strong>cognitio</strong></span> <span class='ocrx_word' id='word_1_271' title='bbox 2162 1160 2393 1214; x_wconf 81' lang='lat' dir='ltr'><strong>inﬁnita.</strong></span> 
     </span>
    </p>
   </div>
   <div class='ocr_carea' id='block_1_36' title="bbox 1956 1244 3442 1319">
    <p class='ocr_par' dir='ltr' id='par_1_36' title="bbox 1956 1244 3442 1319">
     <span class='ocr_line' id='line_1_36' title="bbox 1956 1244 3442 1319; baseline 0.001 -15"><span class='ocrx_word' id='word_1_272' title='bbox 1956 1244 2126 1307; x_wconf 62' lang='lat' dir='ltr'><strong>Vens.</strong></span> <span class='ocrx_word' id='word_1_273' title='bbox 2153 1251 2204 1308; x_wconf 88' lang='lat'><strong>9.</strong></span> <span class='ocrx_word' id='word_1_274' title='bbox 2234 1250 2302 1305; x_wconf 83' lang='lat' dir='ltr'><strong>Et</strong></span> <span class='ocrx_word' id='word_1_275' title='bbox 2341 1249 2699 1305; x_wconf 77' lang='lat' dir='ltr'><strong>miserationes</strong></span> <span class='ocrx_word' id='word_1_276' title='bbox 2727 1248 2842 1309; x_wconf 86' lang='lat' dir='ltr'><strong>eius</strong></span> <span class='ocrx_word' id='word_1_277' title='bbox 2890 1266 3045 1317; x_wconf 82' lang='lat' dir='ltr'><strong>super</strong></span> <span class='ocrx_word' id='word_1_278' title='bbox 3081 1250 3256 1304; x_wconf 77' lang='lat' dir='ltr'><strong>omnia</strong></span> <span class='ocrx_word' id='word_1_279' title='bbox 3283 1265 3442 1319; x_wconf 85' lang='lat' dir='ltr'><strong>opera</strong></span> 
     </span>
    </p>
   </div>
   <div class='ocr_carea' id='block_1_37' title="bbox 1890 1341 3432 1414">
    <p class='ocr_par' dir='ltr' id='par_1_37' title="bbox 1890 1341 3432 1414">
     <span class='ocr_line' id='line_1_37' title="bbox 1890 1341 3432 1414; baseline -0.001 -17"><span class='ocrx_word' id='word_1_280' title='bbox 1890 1344 2026 1414; x_wconf 87' lang='lat' dir='ltr'><strong>ejus,</strong></span> <span class='ocrx_word' id='word_1_281' title='bbox 2056 1353 2163 1399; x_wconf 86' lang='lat' dir='ltr'><strong>etc.</strong></span> <span class='ocrx_word' id='word_1_282' title='bbox 2195 1341 2252 1397; x_wconf 91' lang='lat' dir='ltr'><strong>Si</strong></span> <span class='ocrx_word' id='word_1_283' title='bbox 2295 1344 2668 1398; x_wconf 86' lang='lat' dir='ltr'><strong>miserationes</strong></span> <span class='ocrx_word' id='word_1_284' title='bbox 2712 1341 2804 1397; x_wconf 90' lang='lat' dir='ltr'><strong>Dei</strong></span> <span class='ocrx_word' id='word_1_285' title='bbox 2854 1356 3019 1411; x_wconf 86' lang='lat' dir='ltr'><strong>super</strong></span> <span class='ocrx_word' id='word_1_286' title='bbox 3048 1342 3228 1395; x_wconf 88' lang='lat' dir='ltr'><strong>omnia</strong></span> <span class='ocrx_word' id='word_1_287' title='bbox 3270 1357 3432 1411; x_wconf 89' lang='lat' dir='ltr'><strong>opera</strong></span> 
     </span>
    </p>
   </div>
   <div class='ocr_carea' id='block_1_38' title="bbox 1891 1432 3443 1506">
    <p class='ocr_par' dir='ltr' id='par_1_38' title="bbox 1891 1432 3443 1506">
     <span class='ocr_line' id='line_1_38' title="bbox 1891 1432 3443 1506; baseline -0.001 -16"><span class='ocrx_word' id='word_1_288' title='bbox 1891 1434 2027 1506; x_wconf 81' lang='lat' dir='ltr'><strong>ejus,</strong></span> <span class='ocrx_word' id='word_1_289' title='bbox 2055 1435 2321 1503; x_wconf 85' lang='lat' dir='ltr'><strong>quomodo</strong></span> <span class='ocrx_word' id='word_1_290' title='bbox 2368 1443 2495 1489; x_wconf 89' lang='lat' dir='ltr'><strong>sunt</strong></span> <span class='ocrx_word' id='word_1_291' title='bbox 2526 1432 2763 1488; x_wconf 91' lang='lat' dir='ltr'><strong>nonnulli</strong></span> <span class='ocrx_word' id='word_1_292' title='bbox 2804 1434 2869 1487; x_wconf 86' lang='lat' dir='ltr'><strong>ad</strong></span> <span class='ocrx_word' id='word_1_293' title='bbox 2917 1448 3053 1503; x_wconf 86' lang='lat' dir='ltr'><strong>quos</strong></span> <span class='ocrx_word' id='word_1_294' title='bbox 3100 1447 3206 1487; x_wconf 91' lang='lat' dir='ltr'><strong>non</strong></span> <span class='ocrx_word' id='word_1_295' title='bbox 3248 1448 3443 1502; x_wconf 83' lang='lat' dir='ltr'><strong>perve-</strong></span> 
     </span>
    </p>
   </div>
   <div class='ocr_carea' id='block_1_39' title="bbox 257 1884 1789 1957">
    <p class='ocr_par' dir='ltr' id='par_1_39' title="bbox 257 1884 1789 1957">
     <span class='ocr_line' id='line_1_39' title="bbox 257 1884 1789 1957; baseline 0.005 -19"><span class='ocrx_word' id='word_1_296' title='bbox 257 1884 987 1957; x_wconf 72' lang='grc' dir='ltr'>Ἑξομολογησάσθωσάν</span> <span class='ocrx_word' id='word_1_297' title='bbox 1046 1901 1165 1954; x_wconf 87' lang='grc' dir='ltr'>σοι,</span> <span class='ocrx_word' id='word_1_298' title='bbox 1228 1890 1424 1957; x_wconf 80' lang='grc' dir='ltr'>Κύριε,</span> <span class='ocrx_word' id='word_1_299' title='bbox 1477 1890 1673 1945; x_wconf 81' lang='grc' dir='ltr'>πάντα</span> <span class='ocrx_word' id='word_1_300' title='bbox 1715 1890 1789 1946; x_wconf 80' lang='grc' dir='ltr'>τὰ</span> 
     </span>
    </p>
   </div>
   <div class='ocr_carea' id='block_1_40' title="bbox 157 1977 1784 2050">
    <p class='ocr_par' dir='ltr' id='par_1_40' title="bbox 157 1977 1784 2050">
     <span class='ocr_line' id='line_1_40' title="bbox 157 1977 1784 2050; baseline 0.004 -20"><span class='ocrx_word' id='word_1_301' title='bbox 157 1977 335 2047; x_wconf 65' lang='grc' dir='ltr'>ἔργα</span> <span class='ocrx_word' id='word_1_302' title='bbox 367 1994 523 2043; x_wconf 88' lang='grc' dir='ltr'>σου,</span> <span class='ocrx_word' id='word_1_303' title='bbox 558 1978 656 2031; x_wconf 77' lang='grc' dir='ltr'>καὶ</span> <span class='ocrx_word' id='word_1_304' title='bbox 684 1980 739 2032; x_wconf 82' lang='grc' dir='ltr'>οι</span> <span class='ocrx_word' id='word_1_305' title='bbox 764 1977 922 2032; x_wconf 83' lang='grc' dir='ltr'>ὅσιοί</span> <span class='ocrx_word' id='word_1_306' title='bbox 952 1994 1068 2034; x_wconf 88' lang='grc' dir='ltr'><strong>σου</strong></span> <span class='ocrx_word' id='word_1_307' title='bbox 1096 1980 1652 2050; x_wconf 69' lang='grc' dir='ltr'>εὐλογησάσθωσάν</span> <span class='ocrx_word' id='word_1_308' title='bbox 1689 1999 1784 2045; x_wconf 83' lang='grc' dir='ltr'><strong>σε,</strong></span> 
     </span>
    </p>
   </div>
   <div class='ocr_carea' id='block_1_41' title="bbox 159 2068 1788 2143">
    <p class='ocr_par' dir='ltr' id='par_1_41' title="bbox 159 2068 1788 2143">
     <span class='ocr_line' id='line_1_41' title="bbox 159 2068 1788 2143; baseline 0.003 -20"><span class='ocrx_word' id='word_1_309' title='bbox 159 2086 228 2123; x_wconf 83' lang='grc' dir='ltr'><strong>κ.</strong></span> <span class='ocrx_word' id='word_1_310' title='bbox 266 2086 329 2123; x_wconf 85' lang='grc' dir='ltr'><strong>τ.</strong></span> <span class='ocrx_word' id='word_1_311' title='bbox 367 2069 425 2123; x_wconf 81' lang='grc' dir='ltr'>ὲ.</span> <span class='ocrx_word' id='word_1_312' title='bbox 476 2069 591 2122; x_wconf 88' lang='grc' dir='ltr'>Νῦν</span> <span class='ocrx_word' id='word_1_313' title='bbox 618 2069 755 2142; x_wconf 76' lang='grc' dir='ltr'>ἔργα</span> <span class='ocrx_word' id='word_1_314' title='bbox 783 2068 894 2143; x_wconf 89' lang='lat'><strong>(99)</strong></span> <span class='ocrx_word' id='word_1_315' title='bbox 926 2070 1025 2136; x_wconf 69' lang='grc' dir='ltr'>τὰς</span> <span class='ocrx_word' id='word_1_316' title='bbox 1060 2072 1251 2141; x_wconf 82' lang='grc' dir='ltr'>φύσεις</span> <span class='ocrx_word' id='word_1_317' title='bbox 1280 2073 1379 2137; x_wconf 84' lang='grc' dir='ltr'><strong>τὰς</strong></span> <span class='ocrx_word' id='word_1_318' title='bbox 1431 2073 1654 2143; x_wconf 82' lang='grc' dir='ltr'>λογικὰς</span> <span class='ocrx_word' id='word_1_319' title='bbox 1700 2075 1788 2128; x_wconf 82' lang='grc' dir='ltr'><strong>λέ-</strong></span> 
     </span>
    </p>
   </div>
   <div class='ocr_carea' id='block_1_42' title="bbox 160 2152 1785 2236">
    <p class='ocr_par' dir='ltr' id='par_1_42' title="bbox 160 2152 1785 2236">
     <span class='ocr_line' id='line_1_42' title="bbox 160 2152 1785 2236; baseline 0.003 -24"><span class='ocrx_word' id='word_1_320' title='bbox 160 2175 266 2222; x_wconf 82' lang='grc' dir='ltr'><strong>γει</strong></span> <span class='ocrx_word' id='word_1_321' title='bbox 292 2176 307 2190; x_wconf 92' lang='grc'><strong>·</strong></span> <span class='ocrx_word' id='word_1_322' title='bbox 373 2152 546 2214; x_wconf 74' lang='grc' dir='ltr'>αὗται</span> <span class='ocrx_word' id='word_1_323' title='bbox 586 2159 695 2231; x_wconf 79' lang='grc' dir='ltr'>γὰρ</span> <span class='ocrx_word' id='word_1_324' title='bbox 730 2160 1038 2231; x_wconf 78' lang='grc' dir='ltr'>πεφύκασιν</span> <span class='ocrx_word' id='word_1_325' title='bbox 1071 2162 1507 2234; x_wconf 76' lang='grc' dir='ltr'>ἐξομολογεῖσθαι</span> <span class='ocrx_word' id='word_1_326' title='bbox 1549 2164 1685 2236; x_wconf 81' lang='grc' dir='ltr'>Θεῷ.</span> <span class='ocrx_word' id='word_1_327' title='bbox 1721 2166 1785 2219; x_wconf 86' lang='grc' dir='ltr'>Εἰ</span> 
     </span>
    </p>
   </div>
   <div class='ocr_carea' id='block_1_43' title="bbox 166 2251 1786 2331">
    <p class='ocr_par' dir='ltr' id='par_1_43' title="bbox 166 2251 1786 2331">
     <span class='ocr_line' id='line_1_43' title="bbox 166 2251 1786 2331; baseline 0.004 -25"><span class='ocrx_word' id='word_1_328' title='bbox 166 2251 221 2305; x_wconf 77' lang='grc' dir='ltr'>δ’</span> <span class='ocrx_word' id='word_1_329' title='bbox 258 2253 676 2324; x_wconf 76' lang='grc' dir='ltr'>ἀναπέμπεται</span> <span class='ocrx_word' id='word_1_330' title='bbox 709 2270 793 2317; x_wconf 87' lang='grc' dir='ltr'><strong>τις</strong></span> <span class='ocrx_word' id='word_1_331' title='bbox 823 2253 1207 2327; x_wconf 80' lang='grc' dir='ltr'>ἐξομολόγησις</span> <span class='ocrx_word' id='word_1_332' title='bbox 1230 2257 1323 2311; x_wconf 82' lang='grc' dir='ltr'>καὶ</span> <span class='ocrx_word' id='word_1_333' title='bbox 1343 2256 1449 2310; x_wconf 84' lang='grc' dir='ltr'>ἀπὸ</span> <span class='ocrx_word' id='word_1_334' title='bbox 1470 2257 1568 2329; x_wconf 78' lang='grc' dir='ltr'>τῆς</span> <span class='ocrx_word' id='word_1_335' title='bbox 1593 2257 1786 2331; x_wconf 82' lang='grc' dir='ltr'>λοιπῆς</span> 
     </span>
    </p>
   </div>
   <div class='ocr_carea' id='block_1_44' title="bbox 165 2344 934 2419">
    <p class='ocr_par' dir='ltr' id='par_1_44' title="bbox 165 2344 934 2419">
     <span class='ocr_line' id='line_1_44' title="bbox 165 2344 934 2419; baseline 0.005 -21"><span class='ocrx_word' id='word_1_336' title='bbox 165 2344 464 2412; x_wconf 83' lang='grc' dir='ltr'>κτίσεως,</span> <span class='ocrx_word' id='word_1_337' title='bbox 492 2346 624 2410; x_wconf 83' lang='grc' dir='ltr'>Θεὸς</span> <span class='ocrx_word' id='word_1_338' title='bbox 654 2345 719 2399; x_wconf 82' lang='grc' dir='ltr'><strong>ἂν</strong></span> <span class='ocrx_word' id='word_1_339' title='bbox 747 2346 934 2419; x_wconf 81' lang='grc' dir='ltr'><strong>εἰδείη.</strong></span> 
     </span>
    </p>
   </div>
   <div class='ocr_carea' id='block_1_45' title="bbox 252 2437 1778 2507">
    <p class='ocr_par' dir='ltr' id='par_1_45' title="bbox 252 2437 1778 2507">
     <span class='ocr_line' id='line_1_45' title="bbox 252 2437 1778 2507; baseline 0.005 -17"><span class='ocrx_word' id='word_1_340' title='bbox 252 2437 570 2492; x_wconf 75' lang='grc' dir='ltr'>Βασιλεία</span> <span class='ocrx_word' id='word_1_341' title='bbox 608 2454 724 2492; x_wconf 90' lang='grc' dir='ltr'><strong>σου</strong></span> <span class='ocrx_word' id='word_1_342' title='bbox 748 2438 1037 2502; x_wconf 75' lang='grc' dir='ltr'>,ϐασιλεία</span> <span class='ocrx_word' id='word_1_343' title='bbox 1067 2437 1308 2493; x_wconf 80' lang='grc' dir='ltr'>πάντων</span> <span class='ocrx_word' id='word_1_344' title='bbox 1334 2438 1590 2507; x_wconf 80' lang='grc' dir='ltr'>αἰώνων,</span> <span class='ocrx_word' id='word_1_345' title='bbox 1633 2460 1686 2497; x_wconf 92' lang='grc' dir='ltr'><strong>κ.</strong></span> <span class='ocrx_word' id='word_1_346' title='bbox 1730 2460 1778 2499; x_wconf 90' lang='grc' dir='ltr'><strong>τ.</strong></span> 
     </span>
    </p>
   </div>
   <div class='ocr_carea' id='block_1_46' title="bbox 172 2523 1776 2603">
    <p class='ocr_par' dir='ltr' id='par_1_46' title="bbox 172 2526 1776 2603">
     <span class='ocr_line' id='line_1_46' title="bbox 172 2526 1776 2603; baseline 0.004 -24"><span class='ocrx_word' id='word_1_347' title='bbox 172 2526 228 2579; x_wconf 76' lang='grc' dir='ltr'>ἑ.</span> <span class='ocrx_word' id='word_1_348' title='bbox 277 2527 350 2580; x_wconf 85' lang='grc' dir='ltr'>Εἰ</span> <span class='ocrx_word' id='word_1_349' title='bbox 394 2528 432 2598; x_wconf 80' lang='grc' dir='ltr'>ἠ</span> <span class='ocrx_word' id='word_1_350' title='bbox 468 2526 712 2597; x_wconf 87' lang='grc' dir='ltr'>βασιλεία</span> <span class='ocrx_word' id='word_1_351' title='bbox 748 2528 824 2599; x_wconf 80' lang='grc'>(1)</span> <span class='ocrx_word' id='word_1_352' title='bbox 867 2527 961 2581; x_wconf 85' lang='grc' dir='ltr'><strong>τοῦ</strong></span> <span class='ocrx_word' id='word_1_353' title='bbox 992 2528 1128 2582; x_wconf 85' lang='grc' dir='ltr'>Θεοῦ</span> <span class='ocrx_word' id='word_1_354' title='bbox 1163 2530 1195 2600; x_wconf 82' lang='grc' dir='ltr'><strong>ἡ</strong></span> <span class='ocrx_word' id='word_1_355' title='bbox 1235 2530 1439 2603; x_wconf 79' lang='grc' dir='ltr'>θεωρία</span> <span class='ocrx_word' id='word_1_356' title='bbox 1484 2531 1590 2586; x_wconf 89' lang='grc' dir='ltr'><strong>τῶν</strong></span> <span class='ocrx_word' id='word_1_357' title='bbox 1624 2549 1776 2602; x_wconf 89' lang='grc' dir='ltr'>γεγο-</span> 
     </span>
    </p>
   </div>
   <div class='ocr_carea' id='block_1_47' title="bbox 1902 2523 3444 2603">
    <p class='ocr_par' dir='ltr' id='par_1_47' title="bbox 1902 2523 3444 2598">
     <span class='ocr_line' id='line_1_47' title="bbox 1902 2523 3444 2598; baseline -0.005 -14"><span class='ocrx_word' id='word_1_358' title='bbox 1902 2545 2024 2595; x_wconf 86' lang='lat' dir='ltr'><strong>&#39;um,</strong></span> <span class='ocrx_word' id='word_1_359' title='bbox 2053 2537 2158 2585; x_wconf 86' lang='lat' dir='ltr'><strong>etc.</strong></span> <span class='ocrx_word' id='word_1_360' title='bbox 2198 2528 2255 2582; x_wconf 92' lang='lat' dir='ltr'><strong>Si</strong></span> <span class='ocrx_word' id='word_1_361' title='bbox 2294 2541 2520 2598; x_wconf 75' lang='lat' dir='ltr'><strong>regnum</strong></span> <span class='ocrx_word' id='word_1_362' title='bbox 2548 2525 2642 2580; x_wconf 86' lang='lat' dir='ltr'><strong>Dei</strong></span> <span class='ocrx_word' id='word_1_363' title='bbox 2670 2524 3058 2594; x_wconf 87' lang='lat' dir='ltr'><strong>contemplatio</strong></span> <span class='ocrx_word' id='word_1_364' title='bbox 3086 2533 3171 2579; x_wconf 86' lang='lat' dir='ltr'><strong>est</strong></span> <span class='ocrx_word' id='word_1_365' title='bbox 3197 2523 3409 2593; x_wconf 61' lang='lat' dir='ltr'><strong>prateri</strong></span> <span class='ocrx_word' id='word_1_366' title='bbox 3428 2552 3444 2565; x_wconf 87' lang='lat'><strong>-</strong></span> 
     </span>
    </p>
   </div>
   <div class='ocr_carea' id='block_1_48' title="bbox 175 2617 1776 2695">
    <p class='ocr_par' dir='ltr' id='par_1_48' title="bbox 175 2617 1776 2695">
     <span class='ocr_line' id='line_1_48' title="bbox 175 2617 1776 2695; baseline 0.004 -24"><span class='ocrx_word' id='word_1_367' title='bbox 175 2617 371 2672; x_wconf 82' lang='grc' dir='ltr'>νότων</span> <span class='ocrx_word' id='word_1_368' title='bbox 406 2618 501 2672; x_wconf 82' lang='grc' dir='ltr'>καὶ</span> <span class='ocrx_word' id='word_1_369' title='bbox 529 2618 908 2691; x_wconf 81' lang='grc' dir='ltr'>γενησομένων</span> <span class='ocrx_word' id='word_1_370' title='bbox 935 2618 1145 2673; x_wconf 83' lang='grc' dir='ltr'>αἰώνων</span> <span class='ocrx_word' id='word_1_371' title='bbox 1174 2620 1289 2673; x_wconf 76' lang='grc' dir='ltr'>ἐστὶ</span> <span class='ocrx_word' id='word_1_372' title='bbox 1308 2659 1323 2684; x_wconf 97' lang='grc'><strong>,</strong></span> <span class='ocrx_word' id='word_1_373' title='bbox 1358 2620 1536 2685; x_wconf 86' lang='grc' dir='ltr'>καλῶς</span> <span class='ocrx_word' id='word_1_374' title='bbox 1568 2623 1776 2695; x_wconf 81' lang='grc' dir='ltr'>εἴρηται</span> 
     </span>
    </p>
   </div>
   <div class='ocr_carea' id='block_1_49' title="bbox 1902 2617 3444 2695">
    <p class='ocr_par' dir='ltr' id='par_1_49' title="bbox 1902 2617 3444 2687">
     <span class='ocr_line' id='line_1_49' title="bbox 1902 2617 3444 2687; baseline -0.005 -10"><span class='ocrx_word' id='word_1_375' title='bbox 1902 2638 2063 2679; x_wconf 70' lang='lat' dir='ltr'><strong>,orum</strong></span> <span class='ocrx_word' id='word_1_376' title='bbox 2080 2636 2141 2676; x_wconf 90' lang='lat' dir='ltr'><strong>ac</strong></span> <span class='ocrx_word' id='word_1_377' title='bbox 2163 2620 2462 2675; x_wconf 90' lang='lat' dir='ltr'><strong>futurorum</strong></span> <span class='ocrx_word' id='word_1_378' title='bbox 2488 2619 2826 2684; x_wconf 67' lang='lat' dir='ltr'><strong>surculorum,</strong></span> <span class='ocrx_word' id='word_1_379' title='bbox 2851 2617 3072 2687; x_wconf 87' lang='lat' dir='ltr'><strong>pulchre</strong></span> <span class='ocrx_word' id='word_1_380' title='bbox 3097 2618 3300 2673; x_wconf 90' lang='lat' dir='ltr'><strong>dictum</strong></span> <span class='ocrx_word' id='word_1_381' title='bbox 3325 2626 3444 2673; x_wconf 89' lang='lat' dir='ltr'><strong>est:</strong></span> 
     </span>
    </p>
   </div>
   <div class='ocr_carea' id='block_1_50' title="bbox 174 2708 1776 2785">
    <p class='ocr_par' dir='ltr' id='par_1_50' title="bbox 174 2710 1775 2783">
     <span class='ocr_line' id='line_1_50' title="bbox 174 2710 1775 2783; baseline 0.005 -19"><span class='ocrx_word' id='word_1_382' title='bbox 174 2711 245 2764; x_wconf 84' lang='grc' dir='ltr'>τό</span> <span class='ocrx_word' id='word_1_383' title='bbox 265 2729 283 2746; x_wconf 76' lang='grc' dir='ltr'><strong>ο</strong></span> <span class='ocrx_word' id='word_1_384' title='bbox 328 2730 351 2764; x_wconf 83' lang='lat' dir='ltr'><strong>s</strong></span> <span class='ocrx_word' id='word_1_385' title='bbox 402 2711 467 2765; x_wconf 86' lang='grc' dir='ltr'><strong>Ἠ</strong></span> <span class='ocrx_word' id='word_1_386' title='bbox 490 2711 732 2782; x_wconf 82' lang='grc' dir='ltr'>βασιλεία</span> <span class='ocrx_word' id='word_1_387' title='bbox 750 2728 842 2765; x_wconf 90' lang='grc' dir='ltr'><strong>σου</strong></span> <span class='ocrx_word' id='word_1_388' title='bbox 858 2710 1103 2783; x_wconf 83' lang='grc' dir='ltr'>βασιλεία</span> <span class='ocrx_word' id='word_1_389' title='bbox 1123 2712 1339 2767; x_wconf 82' lang='grc' dir='ltr'>πάντων</span> <span class='ocrx_word' id='word_1_390' title='bbox 1363 2711 1472 2766; x_wconf 88' lang='grc' dir='ltr'><strong>τῶν</strong></span> <span class='ocrx_word' id='word_1_391' title='bbox 1491 2714 1720 2771; x_wconf 83' lang='grc' dir='ltr'>αἰώνων.</span> <span class='ocrx_word' id='word_1_392' title='bbox 1756 2736 1775 2771; x_wconf 74' lang='grc' dir='ltr'><strong>ι</strong></span> 
     </span>
    </p>
   </div>
   <div class='ocr_carea' id='block_1_51' title="bbox 1902 2708 3298 2785">
    <p class='ocr_par' dir='ltr' id='par_1_51' title="bbox 1902 2708 3298 2785">
     <span class='ocr_line' id='line_1_51' title="bbox 1902 2708 3298 2785; baseline -0.003 -18"><span class='ocrx_word' id='word_1_393' title='bbox 1902 2735 1906 2767; x_wconf 73' lang='grc' dir='ltr'>ε</span> <span class='ocrx_word' id='word_1_394' title='bbox 1945 2714 2188 2785; x_wconf 77' lang='lat' dir='ltr'><strong>Regnum</strong></span> <span class='ocrx_word' id='word_1_395' title='bbox 2217 2725 2365 2768; x_wconf 89' lang='lat' dir='ltr'><strong>tuum</strong></span> <span class='ocrx_word' id='word_1_396' title='bbox 2392 2727 2612 2782; x_wconf 81' lang='lat' dir='ltr'><strong>regnum</strong></span> <span class='ocrx_word' id='word_1_397' title='bbox 2640 2710 2877 2765; x_wconf 90' lang='lat' dir='ltr'><strong>omnium</strong></span> <span class='ocrx_word' id='word_1_398' title='bbox 2910 2708 3252 2765; x_wconf 62' lang='lat' dir='ltr'><strong>saeculorum.</strong></span> <span class='ocrx_word' id='word_1_399' title='bbox 3276 2726 3298 2763; x_wconf 72' lang='grc' dir='ltr'><strong>ι</strong></span> 
     </span>
    </p>
   </div>
   <div class='ocr_carea' id='block_1_52' title="bbox 263 2800 1776 2876">
    <p class='ocr_par' dir='ltr' id='par_1_52' title="bbox 263 2800 1776 2876">
     <span class='ocr_line' id='line_1_52' title="bbox 263 2800 1776 2876; baseline 0.003 -18"><span class='ocrx_word' id='word_1_400' title='bbox 263 2800 592 2859; x_wconf 74' lang='grc' dir='ltr'>Φυλάσσει</span> <span class='ocrx_word' id='word_1_401' title='bbox 623 2805 839 2872; x_wconf 81' lang='grc' dir='ltr'>Κύριος</span> <span class='ocrx_word' id='word_1_402' title='bbox 867 2802 1096 2871; x_wconf 79' lang='grc' dir='ltr'><strong>πάντας</strong></span> <span class='ocrx_word' id='word_1_403' title='bbox 1122 2804 1263 2871; x_wconf 84' lang='grc' dir='ltr'>τοὺς</span> <span class='ocrx_word' id='word_1_404' title='bbox 1292 2804 1644 2876; x_wconf 72' lang='grc' dir='ltr'>ἀγαπῶντας</span> <span class='ocrx_word' id='word_1_405' title='bbox 1675 2810 1776 2863; x_wconf 84' lang='grc' dir='ltr'><strong>αὐ-</strong></span> 
     </span>
    </p>
   </div>
   <div class='ocr_carea' id='block_1_53' title="bbox 1902 2800 3447 2876">
    <p class='ocr_par' dir='ltr' id='par_1_53' title="bbox 1951 2801 3447 2872">
     <span class='ocr_line' id='line_1_53' title="bbox 1951 2801 3447 2872; baseline -0.002 -12"><span class='ocrx_word' id='word_1_406' title='bbox 1951 2804 2120 2861; x_wconf 72' lang='lat' dir='ltr'><strong>Vt-ztts.</strong></span> <span class='ocrx_word' id='word_1_407' title='bbox 2148 2803 2236 2859; x_wconf 75' lang='lat'><strong>20.</strong></span> <span class='ocrx_word' id='word_1_408' title='bbox 2256 2802 2791 2859; x_wconf 87' lang='lat' dir='ltr'><strong>CustodietDominus</strong></span> <span class='ocrx_word' id='word_1_409' title='bbox 2813 2818 2991 2857; x_wconf 89' lang='lat' dir='ltr'><strong>omnes</strong></span> <span class='ocrx_word' id='word_1_410' title='bbox 3025 2801 3296 2872; x_wconf 84' lang='lat' dir='ltr'><strong>diligentes</strong></span> <span class='ocrx_word' id='word_1_411' title='bbox 3314 2817 3369 2857; x_wconf 87' lang='lat' dir='ltr'><strong>se</strong></span> <span class='ocrx_word' id='word_1_412' title='bbox 3396 2808 3447 2857; x_wconf 81' lang='lat' dir='ltr'><strong>et</strong></span> 
     </span>
    </p>
   </div>
   <div class='ocr_carea' id='block_1_54' title="bbox 186 2893 1776 2969">
    <p class='ocr_par' dir='ltr' id='par_1_54' title="bbox 186 2894 1776 2969">
     <span class='ocr_line' id='line_1_54' title="bbox 186 2894 1776 2969; baseline 0.005 -23"><span class='ocrx_word' id='word_1_413' title='bbox 186 2895 323 2959; x_wconf 79' lang='grc' dir='ltr'>τὸν,</span> <span class='ocrx_word' id='word_1_414' title='bbox 363 2894 467 2949; x_wconf 75' lang='grc' dir='ltr'>καὶ</span> <span class='ocrx_word' id='word_1_415' title='bbox 494 2895 723 2961; x_wconf 79' lang='grc' dir='ltr'><strong>πάντας</strong></span> <span class='ocrx_word' id='word_1_416' title='bbox 752 2894 894 2961; x_wconf 84' lang='grc' dir='ltr'>τοὺς</span> <span class='ocrx_word' id='word_1_417' title='bbox 922 2896 1306 2965; x_wconf 76' lang='grc' dir='ltr'>ἁμαρτωλοὺς</span> <span class='ocrx_word' id='word_1_418' title='bbox 1341 2896 1776 2969; x_wconf 76' lang='grc' dir='ltr'>ἐξολοθρεύσει,</span> 
     </span>
    </p>
   </div>
   <div class='ocr_carea' id='block_1_55' title="bbox 1902 2893 3446 2969">
    <p class='ocr_par' dir='ltr' id='par_1_55' title="bbox 1902 2893 3446 2968">
     <span class='ocr_line' id='line_1_55' title="bbox 1902 2893 3446 2968; baseline 0.001 -21"><span class='ocrx_word' id='word_1_419' title='bbox 1902 2914 2057 2954; x_wconf 74' lang='lat' dir='ltr'><strong>mines</strong></span> <span class='ocrx_word' id='word_1_420' title='bbox 2081 2906 2375 2968; x_wconf 85' lang='lat' dir='ltr'><strong>peccatores</strong></span> <span class='ocrx_word' id='word_1_421' title='bbox 2404 2894 2685 2963; x_wconf 84' lang='lat' dir='ltr'><strong>disperdet,</strong></span> <span class='ocrx_word' id='word_1_422' title='bbox 2736 2902 2843 2949; x_wconf 89' lang='lat' dir='ltr'><strong>etc.</strong></span> <span class='ocrx_word' id='word_1_423' title='bbox 2893 2893 3285 2948; x_wconf 80' lang='lat' dir='ltr'><strong>Exterminatio</strong></span> <span class='ocrx_word' id='word_1_424' title='bbox 3315 2908 3446 2963; x_wconf 85' lang='lat' dir='ltr'><strong>pec-</strong></span> 
     </span>
    </p>
   </div>
   <div class='ocr_carea' id='block_1_56' title="bbox 192 2982 1776 3061">
    <p class='ocr_par' dir='ltr' id='par_1_56' title="bbox 192 2982 1776 3061">
     <span class='ocr_line' id='line_1_56' title="bbox 192 2982 1776 3061; baseline 0.008 -21"><span class='ocrx_word' id='word_1_425' title='bbox 192 3002 254 3040; x_wconf 89' lang='grc' dir='ltr'><strong>κ.</strong></span> <span class='ocrx_word' id='word_1_426' title='bbox 288 3003 343 3038; x_wconf 91' lang='grc' dir='ltr'><strong>τ.</strong></span> <span class='ocrx_word' id='word_1_427' title='bbox 394 2986 440 3039; x_wconf 84' lang='grc' dir='ltr'>ὲ.</span> <span class='ocrx_word' id='word_1_428' title='bbox 495 2982 898 3057; x_wconf 79' lang='grc' dir='ltr'>Ἐξολόθρευσις</span> <span class='ocrx_word' id='word_1_429' title='bbox 930 2984 1252 3057; x_wconf 87' lang='grc' dir='ltr'>ἁμαρτωλοῦ</span> <span class='ocrx_word' id='word_1_430' title='bbox 1290 2984 1365 3056; x_wconf 76' lang='grc'>(2)</span> <span class='ocrx_word' id='word_1_431' title='bbox 1399 2987 1514 3039; x_wconf 75' lang='grc' dir='ltr'>ἐστι</span> <span class='ocrx_word' id='word_1_432' title='bbox 1552 2985 1776 3061; x_wconf 74' lang='grc' dir='ltr'>λογικῆς</span> 
     </span>
    </p>
   </div>
   <div class='ocr_carea' id='block_1_57' title="bbox 1902 2982 3444 3061">
    <p class='ocr_par' dir='ltr' id='par_1_57' title="bbox 1902 2985 3444 3056">
     <span class='ocr_line' id='line_1_57' title="bbox 1902 2985 3444 3056; baseline -0.004 -9"><span class='ocrx_word' id='word_1_433' title='bbox 1902 2994 2078 3047; x_wconf 86' lang='lat' dir='ltr'><strong>:atoris</strong></span> <span class='ocrx_word' id='word_1_434' title='bbox 2101 3001 2184 3046; x_wconf 92' lang='lat' dir='ltr'><strong>est</strong></span> <span class='ocrx_word' id='word_1_435' title='bbox 2210 2986 2541 3044; x_wconf 86' lang='lat' dir='ltr'><strong>rationabilis</strong></span> <span class='ocrx_word' id='word_1_436' title='bbox 2577 2988 2771 3042; x_wconf 75' lang='lat' dir='ltr'><strong>anima:</strong></span> <span class='ocrx_word' id='word_1_437' title='bbox 2795 2986 3064 3056; x_wconf 87' lang='lat' dir='ltr'><strong>separatio</strong></span> <span class='ocrx_word' id='word_1_438' title='bbox 3086 2985 3154 3041; x_wconf 87' lang='lat' dir='ltr'><strong>ab</strong></span> <span class='ocrx_word' id='word_1_439' title='bbox 3183 2985 3328 3041; x_wconf 90' lang='lat' dir='ltr'><strong>omni</strong></span> <span class='ocrx_word' id='word_1_440' title='bbox 3362 2987 3444 3041; x_wconf 84' lang='lat' dir='ltr'><strong>vi-</strong></span> 
     </span>
    </p>
   </div>
   <div class='ocr_carea' id='block_1_58' title="bbox 189 3057 1776 3149">
    <p class='ocr_par' dir='ltr' id='par_1_58' title="bbox 189 3057 1776 3149">
     <span class='ocr_line' id='line_1_58' title="bbox 189 3057 1776 3149; baseline 0.003 -20"><span class='ocrx_word' id='word_1_441' title='bbox 189 3077 389 3148; x_wconf 76' lang='grc' dir='ltr'>ψυχῆς</span> <span class='ocrx_word' id='word_1_442' title='bbox 440 3076 718 3148; x_wconf 77' lang='grc' dir='ltr'>χωρισμὸς</span> <span class='ocrx_word' id='word_1_443' title='bbox 774 3076 882 3130; x_wconf 83' lang='grc' dir='ltr'>ἀπὸ</span> <span class='ocrx_word' id='word_1_444' title='bbox 926 3077 1024 3148; x_wconf 83' lang='grc' dir='ltr'>τῆς</span> <span class='ocrx_word' id='word_1_445' title='bbox 1065 3076 1354 3149; x_wconf 77' lang='grc' dir='ltr'>συμπάσης</span> <span class='ocrx_word' id='word_1_446' title='bbox 1394 3077 1537 3132; x_wconf 85' lang='grc' dir='ltr'>κατὰ</span> <span class='ocrx_word' id='word_1_447' title='bbox 1581 3057 1776 3135; x_wconf 78' lang='grc' dir='ltr'>κακίαν</span> 
     </span>
    </p>
   </div>
   <div class='ocr_carea' id='block_1_59' title="bbox 1902 3057 2181 3149">
    <p class='ocr_par' dir='ltr' id='par_1_59' title="bbox 1907 3084 2181 3140">
     <span class='ocr_line' id='line_1_59' title="bbox 1907 3084 2181 3140; baseline -0.007 -1"><span class='ocrx_word' id='word_1_448' title='bbox 1907 3086 2020 3140; x_wconf 83' lang='lat' dir='ltr'><strong>iosa</strong></span> <span class='ocrx_word' id='word_1_449' title='bbox 2050 3084 2181 3138; x_wconf 75' lang='lat' dir='ltr'><strong>vita.</strong></span> 
     </span>
    </p>
   </div>
   <div class='ocr_carea' id='block_1_60' title="bbox 193 3169 375 3241">
    <p class='ocr_par' dir='ltr' id='par_1_60' title="bbox 193 3169 375 3241">
     <span class='ocr_line' id='line_1_60' title="bbox 193 3169 375 3241; baseline 0.022 -4"><span class='ocrx_word' id='word_1_450' title='bbox 193 3169 375 3241; x_wconf 65' lang='grc' dir='ltr'><strong>ζωῆς-</strong></span> 
     </span>
    </p>
   </div>
   <div class='ocr_carea' id='block_1_61' title="bbox 264 3259 1771 3332">
    <p class='ocr_par' dir='ltr' id='par_1_61' title="bbox 264 3259 1771 3332">
     <span class='ocr_line' id='line_1_61' title="bbox 264 3259 1771 3332; baseline 0.001 -16"><span class='ocrx_word' id='word_1_451' title='bbox 264 3262 527 3316; x_wconf 81' lang='grc' dir='ltr'>Αῑνεσιν</span> <span class='ocrx_word' id='word_1_452' title='bbox 548 3262 770 3330; x_wconf 83' lang='grc' dir='ltr'>Κυρίου</span> <span class='ocrx_word' id='word_1_453' title='bbox 790 3260 1048 3327; x_wconf 69' lang='grc' dir='ltr'>λαλήσει</span> <span class='ocrx_word' id='word_1_454' title='bbox 1073 3259 1138 3314; x_wconf 78' lang='grc' dir='ltr'>τὸ</span> <span class='ocrx_word' id='word_1_455' title='bbox 1163 3263 1358 3331; x_wconf 81' lang='grc' dir='ltr'>στόμα</span> <span class='ocrx_word' id='word_1_456' title='bbox 1373 3279 1494 3332; x_wconf 79' lang='grc' dir='ltr'><strong>μου</strong></span> <span class='ocrx_word' id='word_1_457' title='bbox 1514 3300 1529 3326; x_wconf 93' lang='grc'><strong>,</strong></span> <span class='ocrx_word' id='word_1_458' title='bbox 1554 3262 1652 3317; x_wconf 81' lang='grc' dir='ltr'>καὶ</span> <span class='ocrx_word' id='word_1_459' title='bbox 1681 3265 1771 3318; x_wconf 83' lang='grc' dir='ltr'><strong>εὐ-</strong></span> 
     </span>
    </p>
   </div>
   <div class='ocr_carea' id='block_1_62' title="bbox 196 3352 1779 3425">
    <p class='ocr_par' dir='ltr' id='par_1_62' title="bbox 196 3352 1779 3425">
     <span class='ocr_line' id='line_1_62' title="bbox 196 3352 1779 3425; baseline 0.001 -16"><span class='ocrx_word' id='word_1_460' title='bbox 196 3356 453 3425; x_wconf 74' lang='grc' dir='ltr'>λογείτω</span> <span class='ocrx_word' id='word_1_461' title='bbox 479 3352 647 3410; x_wconf 77' lang='grc' dir='ltr'>πᾶσα</span> <span class='ocrx_word' id='word_1_462' title='bbox 676 3354 833 3424; x_wconf 78' lang='grc' dir='ltr'>σὰρξ</span> <span class='ocrx_word' id='word_1_463' title='bbox 859 3354 923 3409; x_wconf 84' lang='grc' dir='ltr'>τὸ</span> <span class='ocrx_word' id='word_1_464' title='bbox 962 3354 1150 3424; x_wconf 84' lang='grc' dir='ltr'>ὄνομα</span> <span class='ocrx_word' id='word_1_465' title='bbox 1176 3354 1252 3408; x_wconf 73' lang='lat' dir='ltr'><strong>td’</strong></span> <span class='ocrx_word' id='word_1_466' title='bbox 1274 3354 1446 3424; x_wconf 74' lang='grc' dir='ltr'>ἅγιον</span> <span class='ocrx_word' id='word_1_467' title='bbox 1475 3353 1662 3410; x_wconf 86' lang='grc' dir='ltr'>αὐτοῦ</span> <span class='ocrx_word' id='word_1_468' title='bbox 1692 3358 1779 3424; x_wconf 80' lang='grc' dir='ltr'>εὶς</span> 
     </span>
    </p>
   </div>
   <div class='ocr_carea' id='block_1_63' title="bbox 1954 2431 3445 2505">
    <p class='ocr_par' dir='ltr' id='par_1_63' title="bbox 1954 2431 3445 2505">
     <span class='ocr_line' id='line_1_63' title="bbox 1954 2431 3445 2505; baseline -0.002 -17"><span class='ocrx_word' id='word_1_469' title='bbox 1954 2433 2117 2490; x_wconf 71' lang='lat' dir='ltr'><strong>Vnus.</strong></span> <span class='ocrx_word' id='word_1_470' title='bbox 2150 2435 2236 2489; x_wconf 77' lang='lat' dir='ltr'><strong>l5.</strong></span> <span class='ocrx_word' id='word_1_471' title='bbox 2280 2432 2510 2505; x_wconf 85' lang='lat' dir='ltr'><strong>Regnum</strong></span> <span class='ocrx_word' id='word_1_472' title='bbox 2538 2447 2685 2487; x_wconf 86' lang='lat' dir='ltr'><strong>tuum</strong></span> <span class='ocrx_word' id='word_1_473' title='bbox 2729 2446 2944 2501; x_wconf 86' lang='lat' dir='ltr'><strong>regnum</strong></span> <span class='ocrx_word' id='word_1_474' title='bbox 2970 2431 3201 2485; x_wconf 87' lang='lat' dir='ltr'><strong>omnium</strong></span> <span class='ocrx_word' id='word_1_475' title='bbox 3223 2431 3445 2485; x_wconf 65' lang='lat' dir='ltr'><strong>saecula-</strong></span> 
     </span>
    </p>
   </div>
   <div class='ocr_carea' id='block_1_64' title="bbox 1953 3257 3443 3328">
    <p class='ocr_par' dir='ltr' id='par_1_64' title="bbox 1953 3257 3443 3328">
     <span class='ocr_line' id='line_1_64' title="bbox 1953 3257 3443 3328; baseline -0.003 -11"><span class='ocrx_word' id='word_1_476' title='bbox 1953 3262 2114 3317; x_wconf 60' lang='grc' dir='ltr'><strong>γης.</strong></span> <span class='ocrx_word' id='word_1_477' title='bbox 2138 3260 2228 3315; x_wconf 77' lang='grc'><strong>21.</strong></span> <span class='ocrx_word' id='word_1_478' title='bbox 2259 3259 2632 3314; x_wconf 81' lang='lat' dir='ltr'><strong>Laudationem</strong></span> <span class='ocrx_word' id='word_1_479' title='bbox 2654 3257 2870 3312; x_wconf 83' lang='lat' dir='ltr'><strong>Domini</strong></span> <span class='ocrx_word' id='word_1_480' title='bbox 2895 3258 3133 3328; x_wconf 82' lang='lat' dir='ltr'><strong>loquetur</strong></span> <span class='ocrx_word' id='word_1_481' title='bbox 3156 3275 3213 3311; x_wconf 90' lang='lat' dir='ltr'><strong>os</strong></span> <span class='ocrx_word' id='word_1_482' title='bbox 3236 3275 3405 3313; x_wconf 84' lang='lat' dir='ltr'><strong>meum</strong></span> <span class='ocrx_word' id='word_1_483' title='bbox 3428 3300 3443 3322; x_wconf 91' lang='lat'><strong>,</strong></span> 
     </span>
    </p>
   </div>
   <div class='ocr_carea' id='block_1_65' title="bbox 1879 3350 3448 3419">
    <p class='ocr_par' dir='ltr' id='par_1_65' title="bbox 1879 3350 3448 3419">
     <span class='ocr_line' id='line_1_65' title="bbox 1879 3350 3448 3419; baseline -0.003 -10"><span class='ocrx_word' id='word_1_484' title='bbox 1879 3365 1928 3409; x_wconf 89' lang='lat' dir='ltr'><strong>et</strong></span> <span class='ocrx_word' id='word_1_485' title='bbox 1954 3355 2214 3409; x_wconf 82' lang='lat' dir='ltr'><strong>benedicut</strong></span> <span class='ocrx_word' id='word_1_486' title='bbox 2239 3355 2403 3407; x_wconf 87' lang='lat' dir='ltr'><strong>omnis</strong></span> <span class='ocrx_word' id='word_1_487' title='bbox 2447 3368 2568 3407; x_wconf 84' lang='lat' dir='ltr'><strong>caro</strong></span> <span class='ocrx_word' id='word_1_488' title='bbox 2599 3351 2799 3405; x_wconf 85' lang='lat' dir='ltr'><strong>nomini</strong></span> <span class='ocrx_word' id='word_1_489' title='bbox 2820 3360 2999 3403; x_wconf 84' lang='lat' dir='ltr'><strong>sancto</strong></span> <span class='ocrx_word' id='word_1_490' title='bbox 3030 3350 3142 3419; x_wconf 84' lang='lat' dir='ltr'><strong>ejus</strong></span> <span class='ocrx_word' id='word_1_491' title='bbox 3172 3350 3228 3404; x_wconf 86' lang='lat' dir='ltr'><strong>iu</strong></span> <span class='ocrx_word' id='word_1_492' title='bbox 3274 3368 3448 3406; x_wconf 74' lang='lat' dir='ltr'><strong>stem-</strong></span> 
     </span>
    </p>
   </div>
   <div class='ocr_carea' id='block_1_66' title="bbox 200 3446 1772 3516">
    <p class='ocr_par' dir='ltr' id='par_1_66' title="bbox 200 3446 1772 3516">
     <span class='ocr_line' id='line_1_66' title="bbox 200 3446 1772 3516; baseline 0.003 -17"><span class='ocrx_word' id='word_1_493' title='bbox 200 3447 309 3502; x_wconf 85' lang='grc' dir='ltr'>τὸν</span> <span class='ocrx_word' id='word_1_494' title='bbox 341 3447 530 3503; x_wconf 67' lang='grc' dir='ltr'>αἰῶνα</span> <span class='ocrx_word' id='word_1_495' title='bbox 555 3449 652 3503; x_wconf 78' lang='grc' dir='ltr'>καὶ</span> <span class='ocrx_word' id='word_1_496' title='bbox 678 3451 766 3515; x_wconf 82' lang='grc' dir='ltr'><strong>εἰς</strong></span> <span class='ocrx_word' id='word_1_497' title='bbox 798 3447 904 3502; x_wconf 85' lang='grc' dir='ltr'>τὸν</span> <span class='ocrx_word' id='word_1_498' title='bbox 931 3446 1116 3502; x_wconf 81' lang='grc' dir='ltr'>αὶῶνα</span> <span class='ocrx_word' id='word_1_499' title='bbox 1152 3448 1257 3502; x_wconf 86' lang='grc' dir='ltr'><strong>τοῦ</strong></span> <span class='ocrx_word' id='word_1_500' title='bbox 1284 3447 1517 3516; x_wconf 74' lang='grc' dir='ltr'>αἰῶνος,</span> <span class='ocrx_word' id='word_1_501' title='bbox 1550 3466 1602 3503; x_wconf 91' lang='grc' dir='ltr'><strong>κ.</strong></span> <span class='ocrx_word' id='word_1_502' title='bbox 1641 3467 1690 3503; x_wconf 87' lang='grc' dir='ltr'><strong>τ.</strong></span> <span class='ocrx_word' id='word_1_503' title='bbox 1728 3451 1772 3503; x_wconf 84' lang='grc' dir='ltr'>ἐ.</span> 
     </span>
    </p>
   </div>
   <div class='ocr_carea' id='block_1_67' title="bbox 202 3539 1778 3614">
    <p class='ocr_par' dir='ltr' id='par_1_67' title="bbox 202 3539 1778 3614">
     <span class='ocr_line' id='line_1_67' title="bbox 202 3539 1778 3614; baseline 0.004 -23"><span class='ocrx_word' id='word_1_504' title='bbox 202 3541 365 3594; x_wconf 80' lang='grc' dir='ltr'>Πᾶσα</span> <span class='ocrx_word' id='word_1_505' title='bbox 405 3539 540 3610; x_wconf 80' lang='grc' dir='ltr'>σὰρξ</span> <span class='ocrx_word' id='word_1_506' title='bbox 575 3539 651 3611; x_wconf 78' lang='lat'><strong>(5)</strong></span> <span class='ocrx_word' id='word_1_507' title='bbox 692 3540 988 3610; x_wconf 79' lang='grc' dir='ltr'>εὐλογοῦσα</span> <span class='ocrx_word' id='word_1_508' title='bbox 1027 3539 1089 3595; x_wconf 83' lang='grc' dir='ltr'><strong>τὸ</strong></span> <span class='ocrx_word' id='word_1_509' title='bbox 1124 3540 1293 3612; x_wconf 77' lang='grc' dir='ltr'>ὄνομα</span> <span class='ocrx_word' id='word_1_510' title='bbox 1329 3542 1534 3614; x_wconf 82' lang='grc' dir='ltr'>Κυρίου</span> <span class='ocrx_word' id='word_1_511' title='bbox 1581 3544 1660 3606; x_wconf 78' lang='grc' dir='ltr'><strong>εἰς</strong></span> <span class='ocrx_word' id='word_1_512' title='bbox 1684 3542 1778 3596; x_wconf 81' lang='grc' dir='ltr'><strong>τδν</strong></span> 
     </span>
    </p>
   </div>
   <div class='ocr_carea' id='block_1_68' title="bbox 203 3630 1776 3705">
    <p class='ocr_par' dir='ltr' id='par_1_68' title="bbox 203 3630 1776 3705">
     <span class='ocr_line' id='line_1_68' title="bbox 203 3630 1776 3705; baseline 0.004 -22"><span class='ocrx_word' id='word_1_513' title='bbox 203 3631 380 3685; x_wconf 76' lang='grc' dir='ltr'>αἰῶνα</span> <span class='ocrx_word' id='word_1_514' title='bbox 423 3631 516 3684; x_wconf 78' lang='grc' dir='ltr'><strong>καὶ</strong></span> <span class='ocrx_word' id='word_1_515' title='bbox 550 3632 629 3696; x_wconf 85' lang='grc' dir='ltr'>εἰς</span> <span class='ocrx_word' id='word_1_516' title='bbox 670 3630 762 3685; x_wconf 82' lang='grc' dir='ltr'>τὸν</span> <span class='ocrx_word' id='word_1_517' title='bbox 803 3631 972 3687; x_wconf 83' lang='grc' dir='ltr'>αἰῶνα</span> <span class='ocrx_word' id='word_1_518' title='bbox 996 3631 1089 3685; x_wconf 85' lang='grc' dir='ltr'><strong>τοῦ</strong></span> <span class='ocrx_word' id='word_1_519' title='bbox 1124 3632 1319 3697; x_wconf 84' lang='grc' dir='ltr'>αἰῶνος</span> <span class='ocrx_word' id='word_1_520' title='bbox 1350 3633 1503 3689; x_wconf 77' lang='grc' dir='ltr'>ἔσται</span> <span class='ocrx_word' id='word_1_521' title='bbox 1536 3632 1776 3705; x_wconf 80' lang='grc' dir='ltr'>δηλονότι</span> 
     </span>
    </p>
   </div>
   <div class='ocr_carea' id='block_1_69' title="bbox 209 3721 1777 3797">
    <p class='ocr_par' dir='ltr' id='par_1_69' title="bbox 209 3721 1777 3797">
     <span class='ocr_line' id='line_1_69' title="bbox 209 3721 1777 3797; baseline 0.004 -24"><span class='ocrx_word' id='word_1_522' title='bbox 209 3722 281 3786; x_wconf 66' lang='grc' dir='ltr'><strong>εἰς</strong></span> <span class='ocrx_word' id='word_1_523' title='bbox 310 3721 405 3776; x_wconf 81' lang='grc' dir='ltr'><strong>τὸν</strong></span> <span class='ocrx_word' id='word_1_524' title='bbox 430 3721 606 3776; x_wconf 83' lang='grc' dir='ltr'>αἰῶνα</span> <span class='ocrx_word' id='word_1_525' title='bbox 634 3724 728 3776; x_wconf 74' lang='grc' dir='ltr'>καὶ</span> <span class='ocrx_word' id='word_1_526' title='bbox 761 3724 841 3787; x_wconf 86' lang='grc' dir='ltr'><strong>είς</strong></span> <span class='ocrx_word' id='word_1_527' title='bbox 871 3722 963 3778; x_wconf 83' lang='grc' dir='ltr'><strong>τὸν</strong></span> <span class='ocrx_word' id='word_1_528' title='bbox 991 3722 1162 3778; x_wconf 87' lang='grc' dir='ltr'>αἰῶνα</span> <span class='ocrx_word' id='word_1_529' title='bbox 1194 3724 1288 3777; x_wconf 86' lang='grc' dir='ltr'><strong>τοῦ</strong></span> <span class='ocrx_word' id='word_1_530' title='bbox 1323 3723 1514 3790; x_wconf 85' lang='grc' dir='ltr'>αἰῶνος</span> <span class='ocrx_word' id='word_1_531' title='bbox 1540 3725 1777 3797; x_wconf 69' lang='grc' dir='ltr'>ὀψομένη</span> 
     </span>
    </p>
   </div>
   <div class='ocr_carea' id='block_1_70' title="bbox 211 3810 874 3885">
    <p class='ocr_par' dir='ltr' id='par_1_70' title="bbox 211 3810 874 3885">
     <span class='ocr_line' id='line_1_70' title="bbox 211 3810 874 3885; baseline 0.003 -20"><span class='ocrx_word' id='word_1_532' title='bbox 211 3810 263 3865; x_wconf 69' lang='grc' dir='ltr'><strong>εδ</strong></span> <span class='ocrx_word' id='word_1_533' title='bbox 296 3812 566 3885; x_wconf 81' lang='grc' dir='ltr'>σωτήριον</span> <span class='ocrx_word' id='word_1_534' title='bbox 590 3812 683 3866; x_wconf 89' lang='grc' dir='ltr'><strong>τοῦ</strong></span> <span class='ocrx_word' id='word_1_535' title='bbox 721 3812 874 3867; x_wconf 88' lang='grc' dir='ltr'>Θεοῦ.</span> 
     </span>
    </p>
   </div>
   <div class='ocr_carea' id='block_1_71' title="bbox 278 3893 1778 3980">
    <p class='ocr_par' dir='ltr' id='par_1_71' title="bbox 278 3893 1778 3980">
     <span class='ocr_line' id='line_1_71' title="bbox 278 3893 1778 3980; baseline 0.002 -21"><span class='ocrx_word' id='word_1_536' title='bbox 278 3904 393 3959; x_wconf 84' lang='grc' dir='ltr'>Τοῦ</span> <span class='ocrx_word' id='word_1_537' title='bbox 432 3904 635 3960; x_wconf 87' lang='grc' dir='ltr'>αὐτοῦ.</span> <span class='ocrx_word' id='word_1_538' title='bbox 671 3907 835 3960; x_wconf 83' lang='grc' dir='ltr'><strong>Καὶὸ</strong></span> <span class='ocrx_word' id='word_1_539' title='bbox 870 3905 1079 3972; x_wconf 79' lang='grc' dir='ltr'>Παῦλός</span> <span class='ocrx_word' id='word_1_540' title='bbox 1113 3908 1187 3979; x_wconf 71' lang='grc' dir='ltr'>(ί)</span> <span class='ocrx_word' id='word_1_541' title='bbox 1231 3893 1445 3980; x_wconf 44' lang='grc' dir='ltr'>φησιν(</span> <span class='ocrx_word' id='word_1_542' title='bbox 1483 3928 1501 3960; x_wconf 84' lang='grc' dir='ltr'><strong>ι</strong></span> <span class='ocrx_word' id='word_1_543' title='bbox 1554 3908 1695 3967; x_wconf 83' lang='grc' dir='ltr'>Οὐκ,</span> <span class='ocrx_word' id='word_1_544' title='bbox 1720 3910 1778 3962; x_wconf 83' lang='grc' dir='ltr'>ὲν</span> 
     </span>
    </p>
   </div>
   <div class='ocr_carea' id='block_1_72' title="bbox 201 3994 1769 4074">
    <p class='ocr_par' dir='ltr' id='par_1_72' title="bbox 201 3994 1769 4074">
     <span class='ocr_line' id='line_1_72' title="bbox 201 3994 1769 4074; baseline 0.003 -26"><span class='ocrx_word' id='word_1_545' title='bbox 201 3994 370 4061; x_wconf 70' lang='grc' dir='ltr'>πλαξὶ</span> <span class='ocrx_word' id='word_1_546' title='bbox 395 3995 640 4062; x_wconf 84' lang='grc' dir='ltr'>λιθίναις,</span> <span class='ocrx_word' id='word_1_547' title='bbox 691 3997 805 4051; x_wconf 82' lang='grc' dir='ltr'>ἀλλ’</span> <span class='ocrx_word' id='word_1_548' title='bbox 849 4001 907 4054; x_wconf 79' lang='grc' dir='ltr'>ὲν</span> <span class='ocrx_word' id='word_1_549' title='bbox 940 3999 1102 4066; x_wconf 79' lang='grc' dir='ltr'>πλαξὶ</span> <span class='ocrx_word' id='word_1_550' title='bbox 1142 4001 1367 4073; x_wconf 86' lang='grc' dir='ltr'>καρδίας</span> <span class='ocrx_word' id='word_1_551' title='bbox 1408 4001 1709 4074; x_wconf 82' lang='grc' dir='ltr'>σαρκίναις.</span> <span class='ocrx_word' id='word_1_552' title='bbox 1752 4022 1769 4053; x_wconf 79' lang='grc' dir='ltr'><strong>ι</strong></span> 
     </span>
    </p>
   </div>
   <div class='ocr_carea' id='block_1_73' title="bbox 205 4086 1779 4166">
    <p class='ocr_par' dir='ltr' id='par_1_73' title="bbox 205 4086 1779 4166">
     <span class='ocr_line' id='line_1_73' title="bbox 205 4086 1779 4166; baseline 0.004 -25"><span class='ocrx_word' id='word_1_553' title='bbox 205 4086 356 4154; x_wconf 64' lang='lat' dir='ltr'><strong>mea</strong></span> <span class='ocrx_word' id='word_1_554' title='bbox 404 4090 583 4144; x_wconf 84' lang='grc' dir='ltr'>τοίνυν</span> <span class='ocrx_word' id='word_1_555' title='bbox 636 4091 862 4163; x_wconf 89' lang='grc' dir='ltr'>σαρκίνη</span> <span class='ocrx_word' id='word_1_556' title='bbox 926 4092 1043 4147; x_wconf 77' lang='grc' dir='ltr'>ἐστὶ</span> <span class='ocrx_word' id='word_1_557' title='bbox 1096 4093 1242 4165; x_wconf 76' lang='grc' dir='ltr'><strong>ψυχὴ</strong></span> <span class='ocrx_word' id='word_1_558' title='bbox 1290 4093 1482 4166; x_wconf 84' lang='grc' dir='ltr'>λογικὴ</span> <span class='ocrx_word' id='word_1_559' title='bbox 1542 4094 1779 4158; x_wconf 79' lang='grc' dir='ltr'>εὐκόλως</span> 
     </span>
    </p>
   </div>
   <div class='ocr_carea' id='block_1_74' title="bbox 211 4182 1777 4258">
    <p class='ocr_par' dir='ltr' id='par_1_74' title="bbox 211 4182 1777 4258">
     <span class='ocr_line' id='line_1_74' title="bbox 211 4182 1777 4258; baseline 0.002 -23"><span class='ocrx_word' id='word_1_560' title='bbox 211 4182 575 4255; x_wconf 74' lang='grc' dir='ltr'>ὑποδεχομένη</span> <span class='ocrx_word' id='word_1_561' title='bbox 619 4184 710 4239; x_wconf 83' lang='grc' dir='ltr'><strong>τὸν</strong></span> <span class='ocrx_word' id='word_1_562' title='bbox 770 4184 865 4239; x_wconf 90' lang='grc' dir='ltr'><strong>τοῦ</strong></span> <span class='ocrx_word' id='word_1_563' title='bbox 927 4186 1063 4241; x_wconf 84' lang='grc' dir='ltr'>Θεοῦ</span> <span class='ocrx_word' id='word_1_564' title='bbox 1120 4186 1302 4258; x_wconf 84' lang='grc' dir='ltr'>νόμον.</span> <span class='ocrx_word' id='word_1_565' title='bbox 1371 4188 1527 4240; x_wconf 85' lang='grc' dir='ltr'>Ἔστι</span> <span class='ocrx_word' id='word_1_566' title='bbox 1578 4186 1635 4240; x_wconf 82' lang='grc' dir='ltr'>δὲ</span> <span class='ocrx_word' id='word_1_567' title='bbox 1682 4186 1777 4239; x_wconf 79' lang='grc' dir='ltr'><strong>καὶ</strong></span> 
     </span>
    </p>
   </div>
   <div class='ocr_carea' id='block_1_75' title="bbox 215 4274 1777 4352">
    <p class='ocr_par' dir='ltr' id='par_1_75' title="bbox 215 4274 1777 4352">
     <span class='ocr_line' id='line_1_75' title="bbox 215 4274 1777 4352; baseline 0.004 -23"><span class='ocrx_word' id='word_1_568' title='bbox 215 4274 379 4349; x_wconf 65' lang='grc' dir='ltr'>ζκεκτὴ</span> <span class='ocrx_word' id='word_1_569' title='bbox 408 4276 576 4347; x_wconf 77' lang='grc' dir='ltr'>σὰρξ,</span> <span class='ocrx_word' id='word_1_570' title='bbox 614 4277 689 4342; x_wconf 87' lang='grc' dir='ltr'>ὼς</span> <span class='ocrx_word' id='word_1_571' title='bbox 717 4279 806 4332; x_wconf 86' lang='grc' dir='ltr'><strong>τό·</strong></span> <span class='ocrx_word' id='word_1_572' title='bbox 851 4297 870 4330; x_wconf 80' lang='grc' dir='ltr'><strong>ι</strong></span> <span class='ocrx_word' id='word_1_573' title='bbox 912 4280 984 4336; x_wconf 80' lang='grc' dir='ltr'><strong>Οὐ</strong></span> <span class='ocrx_word' id='word_1_574' title='bbox 1016 4280 1089 4352; x_wconf 88' lang='grc' dir='ltr'><strong>μὴ</strong></span> <span class='ocrx_word' id='word_1_575' title='bbox 1129 4280 1427 4352; x_wconf 82' lang='grc' dir='ltr'>καταμείνῃ</span> <span class='ocrx_word' id='word_1_576' title='bbox 1467 4280 1526 4334; x_wconf 80' lang='grc' dir='ltr'><strong>τὸ</strong></span> <span class='ocrx_word' id='word_1_577' title='bbox 1552 4277 1777 4352; x_wconf 84' lang='grc' dir='ltr'>Πνεῦμά</span> 
     </span>
    </p>
   </div>
   <div class='ocr_carea' id='block_1_76' title="bbox 208 4368 1849 4451">
    <p class='ocr_par' dir='ltr' id='par_1_76' title="bbox 208 4368 1849 4451">
     <span class='ocr_line' id='line_1_76' title="bbox 208 4368 1849 4451; baseline 0.002 -29"><span class='ocrx_word' id='word_1_578' title='bbox 208 4384 311 4439; x_wconf 89' lang='grc' dir='ltr'><strong>μου</strong></span> <span class='ocrx_word' id='word_1_579' title='bbox 353 4370 409 4422; x_wconf 82' lang='grc' dir='ltr'>ὲν</span> <span class='ocrx_word' id='word_1_580' title='bbox 428 4372 539 4434; x_wconf 84' lang='grc' dir='ltr'>τοῖς</span> <span class='ocrx_word' id='word_1_581' title='bbox 576 4370 880 4443; x_wconf 77' lang='grc' dir='ltr'>ἀνθρώποις</span> <span class='ocrx_word' id='word_1_582' title='bbox 904 4372 1132 4437; x_wconf 81' lang='grc' dir='ltr'>τούτοις.</span> <span class='ocrx_word' id='word_1_583' title='bbox 1180 4371 1268 4427; x_wconf 84' lang='grc' dir='ltr'><strong>διὰ</strong></span> <span class='ocrx_word' id='word_1_584' title='bbox 1307 4372 1369 4426; x_wconf 86' lang='grc' dir='ltr'><strong>τὸ</strong></span> <span class='ocrx_word' id='word_1_585' title='bbox 1412 4368 1548 4427; x_wconf 85' lang='grc' dir='ltr'>εἶναι</span> <span class='ocrx_word' id='word_1_586' title='bbox 1580 4374 1775 4438; x_wconf 81' lang='grc' dir='ltr'>αὐτοὺς</span> <span class='ocrx_word' id='word_1_587' title='bbox 1807 4397 1849 4451; x_wconf 75' lang='grc' dir='ltr'>ο</span> 
     </span>
    </p>
   </div>
   <div class='ocr_carea' id='block_1_77' title="bbox 209 4464 1776 4539">
    <p class='ocr_par' dir='ltr' id='par_1_77' title="bbox 209 4464 1776 4539">
     <span class='ocr_line' id='line_1_77' title="bbox 209 4464 1776 4539; baseline 0.002 -23"><span class='ocrx_word' id='word_1_588' title='bbox 209 4464 434 4535; x_wconf 78' lang='grc' dir='ltr'>σάρκας.</span> <span class='ocrx_word' id='word_1_589' title='bbox 479 4482 500 4516; x_wconf 85' lang='lat' dir='ltr'><strong>s</strong></span> <span class='ocrx_word' id='word_1_590' title='bbox 553 4465 663 4519; x_wconf 79' lang='grc' dir='ltr'>Καὶ</span> <span class='ocrx_word' id='word_1_591' title='bbox 691 4465 852 4520; x_wconf 81' lang='grc' dir='ltr'>πάλιν</span> <span class='ocrx_word' id='word_1_592' title='bbox 888 4467 918 4520; x_wconf 81' lang='grc' dir='ltr'><strong>ὁ</strong></span> <span class='ocrx_word' id='word_1_593' title='bbox 964 4466 1171 4530; x_wconf 77' lang='grc' dir='ltr'>Παῦλος</span> <span class='ocrx_word' id='word_1_594' title='bbox 1220 4483 1383 4537; x_wconf 83' lang='grc' dir='ltr'>φησι·</span> <span class='ocrx_word' id='word_1_595' title='bbox 1425 4485 1444 4518; x_wconf 87' lang='grc'><strong>‹</strong></span> <span class='ocrx_word' id='word_1_596' title='bbox 1496 4466 1637 4539; x_wconf 78' lang='grc' dir='ltr'><strong>Σὰρξ</strong></span> <span class='ocrx_word' id='word_1_597' title='bbox 1682 4466 1776 4521; x_wconf 81' lang='grc' dir='ltr'>καὶ</span> 
     </span>
    </p>
   </div>
   <div class='ocr_carea' id='block_1_78' title="bbox 208 4549 1765 4631">
    <p class='ocr_par' dir='ltr' id='par_1_78' title="bbox 208 4549 1765 4631">
     <span class='ocr_line' id='line_1_78' title="bbox 208 4549 1765 4631; baseline 0.003 -24"><span class='ocrx_word' id='word_1_598' title='bbox 208 4549 347 4626; x_wconf 79' lang='grc' dir='ltr'>αἷμα</span> <span class='ocrx_word' id='word_1_599' title='bbox 401 4556 674 4627; x_wconf 87' lang='grc' dir='ltr'>βασιλείαν</span> <span class='ocrx_word' id='word_1_600' title='bbox 726 4556 861 4612; x_wconf 88' lang='grc' dir='ltr'>Θεοῦ</span> <span class='ocrx_word' id='word_1_601' title='bbox 891 4557 1298 4631; x_wconf 79' lang='grc' dir='ltr'>κληρονομῆσαι</span> <span class='ocrx_word' id='word_1_602' title='bbox 1339 4559 1400 4612; x_wconf 78' lang='grc' dir='ltr'><strong>οὐ</strong></span> <span class='ocrx_word' id='word_1_603' title='bbox 1437 4559 1705 4615; x_wconf 85' lang='grc' dir='ltr'>δύνανται.</span> <span class='ocrx_word' id='word_1_604' title='bbox 1747 4579 1765 4612; x_wconf 83' lang='grc' dir='ltr'><strong>ι</strong></span> 
     </span>
    </p>
   </div>
   <div class='ocr_carea' id='block_1_79' title="bbox 218 4643 1420 4721">
    <p class='ocr_par' dir='ltr' id='par_1_79' title="bbox 218 4643 1420 4721">
     <span class='ocr_line' id='line_1_79' title="bbox 218 4643 1420 4721; baseline 0.005 -22"><span class='ocrx_word' id='word_1_605' title='bbox 218 4643 482 4701; x_wconf 82' lang='grc' dir='ltr'>Ἐνταῦθα</span> <span class='ocrx_word' id='word_1_606' title='bbox 511 4648 621 4720; x_wconf 80' lang='grc' dir='ltr'>γὰρ</span> <span class='ocrx_word' id='word_1_607' title='bbox 642 4648 777 4720; x_wconf 76' lang='grc' dir='ltr'>σὰρξ</span> <span class='ocrx_word' id='word_1_608' title='bbox 804 4649 904 4720; x_wconf 83' lang='grc' dir='ltr'><strong>τὴν</strong></span> <span class='ocrx_word' id='word_1_609' title='bbox 928 4649 1124 4704; x_wconf 78' lang='grc' dir='ltr'>κακίαν</span> <span class='ocrx_word' id='word_1_610' title='bbox 1149 4649 1420 4721; x_wconf 87' lang='grc' dir='ltr'>σημαίνει.</span> 
     </span>
    </p>
   </div>
   <div class='ocr_carea' id='block_1_80' title="bbox 704 4826 1199 4881">
    <p class='ocr_par' dir='ltr' id='par_1_80' title="bbox 704 4826 1199 4881">
     <span class='ocr_line' id='line_1_80' title="bbox 704 4826 1199 4881; baseline 0 -2"><span class='ocrx_word' id='word_1_611' title='bbox 704 4826 996 4881; x_wconf 76' lang='grc' dir='ltr'><strong>ΨΑΛΜΟΣ</strong></span> <span class='ocrx_word' id='word_1_612' title='bbox 1023 4828 1199 4881; x_wconf 84' lang='grc' dir='ltr'><strong>ΡΜΕ’.</strong></span> 
     </span>
    </p>
   </div>
   <div class='ocr_carea' id='block_1_81' title="bbox 286 4912 1771 4987">
    <p class='ocr_par' dir='ltr' id='par_1_81' title="bbox 286 4912 1771 4987">
     <span class='ocr_line' id='line_1_81' title="bbox 286 4912 1771 4987; baseline 0.003 -18"><span class='ocrx_word' id='word_1_613' title='bbox 286 4912 401 4969; x_wconf 84' lang='grc' dir='ltr'><strong>Τὸν</strong></span> <span class='ocrx_word' id='word_1_614' title='bbox 459 4913 856 4983; x_wconf 77' lang='grc' dir='ltr'>φυλάσσοντα</span> <span class='ocrx_word' id='word_1_615' title='bbox 908 4917 1197 4985; x_wconf 76' lang='grc' dir='ltr'>ἀλήθειαν</span> <span class='ocrx_word' id='word_1_616' title='bbox 1246 4921 1335 4986; x_wconf 77' lang='grc' dir='ltr'><strong>εἰς</strong></span> <span class='ocrx_word' id='word_1_617' title='bbox 1390 4918 1498 4972; x_wconf 82' lang='grc' dir='ltr'>τὸν</span> <span class='ocrx_word' id='word_1_618' title='bbox 1568 4918 1771 4987; x_wconf 80' lang='grc' dir='ltr'>αἰῶνα,</span> 
     </span>
    </p>
   </div>
   <div class='ocr_carea' id='block_1_82' title="bbox 1879 3441 3444 3511">
    <p class='ocr_par' dir='ltr' id='par_1_82' title="bbox 1879 3441 3444 3511">
     <span class='ocr_line' id='line_1_82' title="bbox 1879 3441 3444 3511; baseline -0.001 -11"><span class='ocrx_word' id='word_1_619' title='bbox 1879 3447 1988 3500; x_wconf 89' lang='lat' dir='ltr'><strong>lum</strong></span> <span class='ocrx_word' id='word_1_620' title='bbox 2016 3456 2063 3500; x_wconf 93' lang='lat' dir='ltr'><strong>et</strong></span> <span class='ocrx_word' id='word_1_621' title='bbox 2099 3447 2152 3501; x_wconf 90' lang='lat' dir='ltr'><strong>in</strong></span> <span class='ocrx_word' id='word_1_622' title='bbox 2180 3445 2429 3499; x_wconf 74' lang='lat' dir='ltr'><strong>swculum</strong></span> <span class='ocrx_word' id='word_1_623' title='bbox 2460 3442 2665 3506; x_wconf 71' lang='lat' dir='ltr'><strong>surculi,</strong></span> <span class='ocrx_word' id='word_1_624' title='bbox 2692 3453 2798 3498; x_wconf 88' lang='lat' dir='ltr'><strong>etc.</strong></span> <span class='ocrx_word' id='word_1_625' title='bbox 2848 3441 3035 3496; x_wconf 87' lang='lat' dir='ltr'><strong>Onmis</strong></span> <span class='ocrx_word' id='word_1_626' title='bbox 3056 3458 3183 3498; x_wconf 87' lang='lat' dir='ltr'><strong>caro</strong></span> <span class='ocrx_word' id='word_1_627' title='bbox 3208 3458 3327 3511; x_wconf 68' lang='lat' dir='ltr'><strong>qua:</strong></span> <span class='ocrx_word' id='word_1_628' title='bbox 3349 3444 3444 3499; x_wconf 86' lang='lat' dir='ltr'><strong>be-</strong></span> 
     </span>
    </p>
   </div>
   <div class='ocr_carea' id='block_1_83' title="bbox 1880 3535 3436 3593">
    <p class='ocr_par' dir='ltr' id='par_1_83' title="bbox 1880 3535 3436 3593">
     <span class='ocr_line' id='line_1_83' title="bbox 1880 3535 3436 3593; baseline -0.001 0"><span class='ocrx_word' id='word_1_629' title='bbox 1880 3538 2078 3593; x_wconf 90' lang='lat' dir='ltr'><strong>nedicit</strong></span> <span class='ocrx_word' id='word_1_630' title='bbox 2107 3552 2303 3592; x_wconf 91' lang='lat' dir='ltr'><strong>nomen</strong></span> <span class='ocrx_word' id='word_1_631' title='bbox 2345 3536 2552 3591; x_wconf 88' lang='lat' dir='ltr'><strong>Domini</strong></span> <span class='ocrx_word' id='word_1_632' title='bbox 2599 3537 2651 3591; x_wconf 92' lang='lat' dir='ltr'><strong>in</strong></span> <span class='ocrx_word' id='word_1_633' title='bbox 2685 3535 2940 3590; x_wconf 67' lang='lat' dir='ltr'><strong>saeculum</strong></span> <span class='ocrx_word' id='word_1_634' title='bbox 2983 3545 3039 3589; x_wconf 89' lang='lat' dir='ltr'><strong>et</strong></span> <span class='ocrx_word' id='word_1_635' title='bbox 3088 3536 3137 3590; x_wconf 92' lang='lat' dir='ltr'><strong>in</strong></span> <span class='ocrx_word' id='word_1_636' title='bbox 3184 3537 3436 3592; x_wconf 58' lang='lat' dir='ltr'><strong>saeculum</strong></span> 
     </span>
    </p>
   </div>
   <div class='ocr_carea' id='block_1_84' title="bbox 1880 3628 3438 3700">
    <p class='ocr_par' dir='ltr' id='par_1_84' title="bbox 1880 3628 3438 3700">
     <span class='ocr_line' id='line_1_84' title="bbox 1880 3628 3438 3700; baseline 0.003 -16"><span class='ocrx_word' id='word_1_637' title='bbox 1880 3630 2082 3690; x_wconf 65' lang='lat' dir='ltr'><strong>satculi.</strong></span> <span class='ocrx_word' id='word_1_638' title='bbox 2114 3630 2299 3700; x_wconf 88' lang='lat' dir='ltr'><strong>utique</strong></span> <span class='ocrx_word' id='word_1_639' title='bbox 2327 3630 2379 3683; x_wconf 91' lang='lat' dir='ltr'><strong>iu</strong></span> <span class='ocrx_word' id='word_1_640' title='bbox 2437 3630 2690 3686; x_wconf 74' lang='lat' dir='ltr'><strong>saeculum</strong></span> <span class='ocrx_word' id='word_1_641' title='bbox 2740 3637 2798 3683; x_wconf 90' lang='lat' dir='ltr'><strong>et</strong></span> <span class='ocrx_word' id='word_1_642' title='bbox 2845 3628 2900 3683; x_wconf 90' lang='lat' dir='ltr'><strong>in</strong></span> <span class='ocrx_word' id='word_1_643' title='bbox 2941 3629 3199 3685; x_wconf 74' lang='lat' dir='ltr'><strong>smculum</strong></span> <span class='ocrx_word' id='word_1_644' title='bbox 3255 3634 3438 3688; x_wconf 66' lang='lat' dir='ltr'><strong>saeculi</strong></span> 
     </span>
    </p>
   </div>
   <div class='ocr_carea' id='block_1_85' title="bbox 1881 3721 2489 3780">
    <p class='ocr_par' dir='ltr' id='par_1_85' title="bbox 1881 3721 2489 3780">
     <span class='ocr_line' id='line_1_85' title="bbox 1881 3721 2489 3780; baseline -0.003 -3"><span class='ocrx_word' id='word_1_645' title='bbox 1881 3723 2083 3780; x_wconf 84' lang='lat' dir='ltr'><strong>videbit</strong></span> <span class='ocrx_word' id='word_1_646' title='bbox 2106 3722 2342 3778; x_wconf 86' lang='lat' dir='ltr'><strong>salutare</strong></span> <span class='ocrx_word' id='word_1_647' title='bbox 2374 3721 2489 3776; x_wconf 85' lang='lat' dir='ltr'><strong>Dei.</strong></span> 
     </span>
    </p>
   </div>
   <div class='ocr_carea' id='block_1_86' title="bbox 1948 3897 3445 3975">
    <p class='ocr_par' dir='ltr' id='par_1_86' title="bbox 1948 3897 3445 3975">
     <span class='ocr_line' id='line_1_86' title="bbox 1948 3897 3445 3975; baseline -0.003 -17"><span class='ocrx_word' id='word_1_648' title='bbox 1948 3902 2224 3975; x_wconf 84' lang='lat' dir='ltr'><strong>Ejusdem.</strong></span> <span class='ocrx_word' id='word_1_649' title='bbox 2248 3899 2451 3955; x_wconf 81' lang='lat' dir='ltr'><strong>Paulus</strong></span> <span class='ocrx_word' id='word_1_650' title='bbox 2483 3912 2697 3968; x_wconf 84' lang='lat' dir='ltr'><strong>quoque</strong></span> <span class='ocrx_word' id='word_1_651' title='bbox 2728 3897 2803 3952; x_wconf 86' lang='lat' dir='ltr'><strong>ait</strong></span> <span class='ocrx_word' id='word_1_652' title='bbox 2832 3897 2876 3928; x_wconf 75' lang='grc'><strong>⁸³</strong></span> <span class='ocrx_word' id='word_1_653' title='bbox 2905 3913 2919 3950; x_wconf 88' lang='lat'><strong>:</strong></span> <span class='ocrx_word' id='word_1_654' title='bbox 2958 3915 2976 3948; x_wconf 83' lang='grc' dir='ltr'><strong>ι</strong></span> <span class='ocrx_word' id='word_1_655' title='bbox 3025 3897 3138 3953; x_wconf 82' lang='grc' dir='ltr'>Νοιι</span> <span class='ocrx_word' id='word_1_656' title='bbox 3173 3897 3225 3951; x_wconf 90' lang='lat' dir='ltr'><strong>in</strong></span> <span class='ocrx_word' id='word_1_657' title='bbox 3251 3897 3445 3953; x_wconf 79' lang='lat' dir='ltr'><strong>tabulis</strong></span> 
     </span>
    </p>
   </div>
   <div class='ocr_carea' id='block_1_87' title="bbox 1879 3987 3445 4067">
    <p class='ocr_par' dir='ltr' id='par_1_87' title="bbox 1879 3987 3445 4067">
     <span class='ocr_line' id='line_1_87' title="bbox 1879 3987 3445 4067; baseline -0.006 -15"><span class='ocrx_word' id='word_1_658' title='bbox 1879 3996 2125 4067; x_wconf 85' lang='lat' dir='ltr'><strong>lapideis,</strong></span> <span class='ocrx_word' id='word_1_659' title='bbox 2154 3994 2250 4049; x_wconf 88' lang='lat' dir='ltr'><strong>sed</strong></span> <span class='ocrx_word' id='word_1_660' title='bbox 2285 3994 2337 4047; x_wconf 92' lang='lat' dir='ltr'><strong>in</strong></span> <span class='ocrx_word' id='word_1_661' title='bbox 2361 3990 2553 4045; x_wconf 91' lang='lat' dir='ltr'><strong>tabulis</strong></span> <span class='ocrx_word' id='word_1_662' title='bbox 2576 3989 2755 4045; x_wconf 86' lang='lat' dir='ltr'><strong>cordis</strong></span> <span class='ocrx_word' id='word_1_663' title='bbox 2781 3988 3105 4053; x_wconf 80' lang='lat' dir='ltr'><strong>carnalibus,</strong></span> <span class='ocrx_word' id='word_1_664' title='bbox 3150 4011 3167 4042; x_wconf 76' lang='grc' dir='ltr'><strong>ι</strong></span> <span class='ocrx_word' id='word_1_665' title='bbox 3204 3999 3312 4045; x_wconf 91' lang='lat' dir='ltr'><strong>etc.</strong></span> <span class='ocrx_word' id='word_1_666' title='bbox 3344 3987 3445 4044; x_wconf 64' lang='grc' dir='ltr'>Τει-</span> 
     </span>
    </p>
   </div>
   <div class='ocr_carea' id='block_1_88' title="bbox 1878 4080 3442 4157">
    <p class='ocr_par' dir='ltr' id='par_1_88' title="bbox 1878 4080 3442 4157">
     <span class='ocr_line' id='line_1_88' title="bbox 1878 4080 3442 4157; baseline -0.004 -14"><span class='ocrx_word' id='word_1_667' title='bbox 1878 4088 1999 4143; x_wconf 88' lang='lat' dir='ltr'><strong>bula</strong></span> <span class='ocrx_word' id='word_1_668' title='bbox 2040 4088 2201 4157; x_wconf 79' lang='lat' dir='ltr'><strong>igitur</strong></span> <span class='ocrx_word' id='word_1_669' title='bbox 2230 4082 2462 4139; x_wconf 85' lang='lat' dir='ltr'><strong>carnalis</strong></span> <span class='ocrx_word' id='word_1_670' title='bbox 2485 4090 2567 4138; x_wconf 91' lang='lat' dir='ltr'><strong>est</strong></span> <span class='ocrx_word' id='word_1_671' title='bbox 2596 4082 2775 4136; x_wconf 87' lang='lat' dir='ltr'><strong>anima</strong></span> <span class='ocrx_word' id='word_1_672' title='bbox 2812 4080 3020 4135; x_wconf 87' lang='lat' dir='ltr'><strong>ratione</strong></span> <span class='ocrx_word' id='word_1_673' title='bbox 3048 4082 3289 4150; x_wconf 70' lang='lat' dir='ltr'><strong>praadita,</strong></span> <span class='ocrx_word' id='word_1_674' title='bbox 3322 4096 3442 4151; x_wconf 71' lang='lat' dir='ltr'><strong>qua:</strong></span> 
     </span>
    </p>
   </div>
   <div class='ocr_carea' id='block_1_89' title="bbox 1880 4172 3443 4248">
    <p class='ocr_par' dir='ltr' id='par_1_89' title="bbox 1880 4172 3443 4248">
     <span class='ocr_line' id='line_1_89' title="bbox 1880 4172 3443 4248; baseline -0.003 -14"><span class='ocrx_word' id='word_1_675' title='bbox 1880 4178 2037 4235; x_wconf 83' lang='lat' dir='ltr'><strong>facile</strong></span> <span class='ocrx_word' id='word_1_676' title='bbox 2084 4177 2309 4248; x_wconf 90' lang='lat' dir='ltr'><strong>suscipit</strong></span> <span class='ocrx_word' id='word_1_677' title='bbox 2343 4175 2516 4245; x_wconf 81' lang='lat' dir='ltr'><strong>legem</strong></span> <span class='ocrx_word' id='word_1_678' title='bbox 2570 4174 2688 4230; x_wconf 90' lang='lat' dir='ltr'><strong>Dei.</strong></span> <span class='ocrx_word' id='word_1_679' title='bbox 2739 4173 2835 4228; x_wconf 82' lang='lat' dir='ltr'><strong>Est</strong></span> <span class='ocrx_word' id='word_1_680' title='bbox 2872 4173 3034 4228; x_wconf 89' lang='lat' dir='ltr'><strong>etiam</strong></span> <span class='ocrx_word' id='word_1_681' title='bbox 3075 4187 3204 4228; x_wconf 90' lang='lat' dir='ltr'><strong>caro</strong></span> <span class='ocrx_word' id='word_1_682' title='bbox 3231 4188 3351 4242; x_wconf 67' lang='lat' dir='ltr'><strong>qua</strong></span> <span class='ocrx_word' id='word_1_683' title='bbox 3385 4172 3443 4229; x_wconf 68' lang='lat' dir='ltr'><strong>i1</strong></span> 
     </span>
    </p>
   </div>
   <div class='ocr_carea' id='block_1_90' title="bbox 1878 4262 3440 4341">
    <p class='ocr_par' dir='ltr' id='par_1_90' title="bbox 1878 4262 3440 4341">
     <span class='ocr_line' id='line_1_90' title="bbox 1878 4262 3440 4341; baseline -0.004 -14"><span class='ocrx_word' id='word_1_684' title='bbox 1878 4273 2072 4328; x_wconf 88' lang='lat' dir='ltr'><strong>malam</strong></span> <span class='ocrx_word' id='word_1_685' title='bbox 2095 4282 2302 4341; x_wconf 86' lang='lat' dir='ltr'><strong>partem</strong></span> <span class='ocrx_word' id='word_1_686' title='bbox 2331 4268 2615 4338; x_wconf 86' lang='lat' dir='ltr'><strong>accipitur,</strong></span> <span class='ocrx_word' id='word_1_687' title='bbox 2640 4279 2696 4321; x_wconf 92' lang='lat' dir='ltr'><strong>ut</strong></span> <span class='ocrx_word' id='word_1_688' title='bbox 2715 4282 2835 4322; x_wconf 90' lang='lat' dir='ltr'><strong>cum</strong></span> <span class='ocrx_word' id='word_1_689' title='bbox 2861 4262 3132 4321; x_wconf 69' lang='lat' dir='ltr'><strong>dicitur“:</strong></span> <span class='ocrx_word' id='word_1_690' title='bbox 3148 4277 3165 4309; x_wconf 76' lang='grc' dir='ltr'><strong>ι</strong></span> <span class='ocrx_word' id='word_1_691' title='bbox 3181 4266 3292 4321; x_wconf 81' lang='lat' dir='ltr'><strong>Non</strong></span> <span class='ocrx_word' id='word_1_692' title='bbox 3313 4281 3440 4336; x_wconf 87' lang='lat' dir='ltr'><strong>per-</strong></span> 
     </span>
    </p>
   </div>
   <div class='ocr_carea' id='block_1_91' title="bbox 1879 4358 3443 4434">
    <p class='ocr_par' dir='ltr' id='par_1_91' title="bbox 1879 4358 3443 4434">
     <span class='ocr_line' id='line_1_91' title="bbox 1879 4358 3443 4434; baseline -0.007 -9"><span class='ocrx_word' id='word_1_693' title='bbox 1879 4365 2117 4425; x_wconf 85' lang='lat' dir='ltr'><strong>manebit</strong></span> <span class='ocrx_word' id='word_1_694' title='bbox 2145 4364 2382 4434; x_wconf 90' lang='lat' dir='ltr'><strong>Spiritus</strong></span> <span class='ocrx_word' id='word_1_695' title='bbox 2402 4377 2555 4417; x_wconf 88' lang='lat' dir='ltr'><strong>meus</strong></span> <span class='ocrx_word' id='word_1_696' title='bbox 2582 4361 2633 4415; x_wconf 91' lang='lat' dir='ltr'><strong>in</strong></span> <span class='ocrx_word' id='word_1_697' title='bbox 2666 4360 2968 4415; x_wconf 84' lang='lat' dir='ltr'><strong>hominibus</strong></span> <span class='ocrx_word' id='word_1_698' title='bbox 3000 4359 3139 4414; x_wconf 87' lang='lat' dir='ltr'><strong>istis.</strong></span> <span class='ocrx_word' id='word_1_699' title='bbox 3166 4358 3291 4428; x_wconf 90' lang='lat' dir='ltr'><strong>quia</strong></span> <span class='ocrx_word' id='word_1_700' title='bbox 3314 4373 3443 4414; x_wconf 88' lang='lat' dir='ltr'><strong>caro</strong></span> 
     </span>
    </p>
   </div>
   <div class='ocr_carea' id='block_1_92' title="bbox 1881 4438 3442 4527">
    <p class='ocr_par' dir='ltr' id='par_1_92' title="bbox 1881 4438 3442 4527">
     <span class='ocr_line' id='line_1_92' title="bbox 1881 4438 3442 4527; baseline -0.007 -12"><span class='ocrx_word' id='word_1_701' title='bbox 1881 4470 2029 4515; x_wconf 86' lang='lat' dir='ltr'><strong>sunt.</strong></span> <span class='ocrx_word' id='word_1_702' title='bbox 2068 4478 2087 4512; x_wconf 74' lang='grc' dir='ltr'><strong>ι</strong></span> <span class='ocrx_word' id='word_1_703' title='bbox 2124 4453 2319 4513; x_wconf 70' lang='lat' dir='ltr'><strong>Paulus</strong></span> <span class='ocrx_word' id='word_1_704' title='bbox 2374 4438 2589 4527; x_wconf 83' lang='lat' dir='ltr'><strong>quoque</strong></span> <span class='ocrx_word' id='word_1_705' title='bbox 2647 4451 2723 4507; x_wconf 90' lang='lat' dir='ltr'><strong>ait</strong></span> <span class='ocrx_word' id='word_1_706' title='bbox 2750 4450 2834 4503; x_wconf 59' lang='lat'><strong>‘5:</strong></span> <span class='ocrx_word' id='word_1_707' title='bbox 2875 4468 2893 4501; x_wconf 80' lang='grc' dir='ltr'><strong>ι</strong></span> <span class='ocrx_word' id='word_1_708' title='bbox 2924 4449 3065 4505; x_wconf 78' lang='lat' dir='ltr'><strong>Caro</strong></span> <span class='ocrx_word' id='word_1_709' title='bbox 3109 4459 3164 4502; x_wconf 85' lang='lat' dir='ltr'><strong>et</strong></span> <span class='ocrx_word' id='word_1_710' title='bbox 3219 4450 3442 4519; x_wconf 78' lang='lat' dir='ltr'><strong>sanguis</strong></span> 
     </span>
    </p>
   </div>
   <div class='ocr_carea' id='block_1_93' title="bbox 1881 4540 3440 4623">
    <p class='ocr_par' dir='ltr' id='par_1_93' title="bbox 1881 4540 3440 4623">
     <span class='ocr_line' id='line_1_93' title="bbox 1881 4540 3440 4623; baseline -0.01 -15"><span class='ocrx_word' id='word_1_711' title='bbox 1881 4568 2106 4623; x_wconf 81' lang='lat' dir='ltr'><strong>regnum</strong></span> <span class='ocrx_word' id='word_1_712' title='bbox 2133 4551 2224 4606; x_wconf 91' lang='lat' dir='ltr'><strong>Dei</strong></span> <span class='ocrx_word' id='word_1_713' title='bbox 2258 4550 2532 4623; x_wconf 87' lang='lat' dir='ltr'><strong>possidere</strong></span> <span class='ocrx_word' id='word_1_714' title='bbox 2559 4564 2660 4603; x_wconf 88' lang='lat' dir='ltr'><strong>nou</strong></span> <span class='ocrx_word' id='word_1_715' title='bbox 2689 4550 2930 4615; x_wconf 87' lang='lat' dir='ltr'><strong>possunt.</strong></span> <span class='ocrx_word' id='word_1_716' title='bbox 2963 4562 2979 4597; x_wconf 64' lang='grc' dir='ltr'><em>ξ</em></span> <span class='ocrx_word' id='word_1_717' title='bbox 3015 4541 3124 4597; x_wconf 84' lang='lat' dir='ltr'><strong>Iloc</strong></span> <span class='ocrx_word' id='word_1_718' title='bbox 3149 4540 3265 4597; x_wconf 77' lang='lat' dir='ltr'><strong>loco</strong></span> <span class='ocrx_word' id='word_1_719' title='bbox 3293 4540 3440 4599; x_wconf 88' lang='lat' dir='ltr'><strong>enim</strong></span> 
     </span>
    </p>
   </div>
   <div class='ocr_carea' id='block_1_94' title="bbox 1880 4642 2629 4714">
    <p class='ocr_par' dir='ltr' id='par_1_94' title="bbox 1880 4642 2629 4714">
     <span class='ocr_line' id='line_1_94' title="bbox 1880 4642 2629 4714; baseline -0.008 -12"><span class='ocrx_word' id='word_1_720' title='bbox 1880 4660 2011 4702; x_wconf 86' lang='lat' dir='ltr'><strong>caro</strong></span> <span class='ocrx_word' id='word_1_721' title='bbox 2046 4644 2307 4701; x_wconf 85' lang='lat' dir='ltr'><strong>malitiam</strong></span> <span class='ocrx_word' id='word_1_722' title='bbox 2338 4642 2629 4714; x_wconf 87' lang='lat' dir='ltr'><strong>signiﬁcat.</strong></span> 
     </span>
    </p>
   </div>
   <div class='ocr_carea' id='block_1_95' title="bbox 2299 4825 3044 4901">
    <p class='ocr_par' dir='ltr' id='par_1_95' title="bbox 2299 4825 3044 4901">
     <span class='ocr_line' id='line_1_95' title="bbox 2299 4825 3044 4901; baseline 0.005 -21"><span class='ocrx_word' id='word_1_723' title='bbox 2299 4826 2467 4901; x_wconf 64' lang='grc'><strong>844</strong></span> <span class='ocrx_word' id='word_1_724' title='bbox 2484 4825 2803 4884; x_wconf 78' lang='lat' dir='ltr'><strong>PSALMUS</strong></span> <span class='ocrx_word' id='word_1_725' title='bbox 2834 4827 3044 4884; x_wconf 81' lang='lat' dir='ltr'><strong>CXLV.</strong></span> 
     </span>
    </p>
   </div>
   <div class='ocr_carea' id='block_1_96' title="bbox 1948 4919 3438 4991">
    <p class='ocr_par' dir='ltr' id='par_1_96' title="bbox 1948 4919 3438 4991">
     <span class='ocr_line' id='line_1_96' title="bbox 1948 4919 3438 4991; baseline 0.001 -16"><span class='ocrx_word' id='word_1_726' title='bbox 1948 4920 2112 4976; x_wconf 68' lang='lat' dir='ltr'><strong>Vnus.</strong></span> <span class='ocrx_word' id='word_1_727' title='bbox 2143 4920 2199 4974; x_wconf 88' lang='lat'><strong>7.</strong></span> <span class='ocrx_word' id='word_1_728' title='bbox 2225 4919 2328 4986; x_wconf 85' lang='lat' dir='ltr'><strong>Qui</strong></span> <span class='ocrx_word' id='word_1_729' title='bbox 2352 4920 2577 4974; x_wconf 80' lang='lat' dir='ltr'><strong>custodit</strong></span> <span class='ocrx_word' id='word_1_730' title='bbox 2609 4920 2878 4973; x_wconf 86' lang='lat' dir='ltr'><strong>veritatem</strong></span> <span class='ocrx_word' id='word_1_731' title='bbox 2910 4921 2965 4973; x_wconf 88' lang='lat' dir='ltr'><strong>in</strong></span> <span class='ocrx_word' id='word_1_732' title='bbox 2995 4920 3272 4985; x_wconf 76' lang='lat' dir='ltr'><strong>swculum,</strong></span> <span class='ocrx_word' id='word_1_733' title='bbox 3311 4923 3438 4991; x_wconf 71' lang='lat' dir='ltr'><strong>facit</strong></span> 
     </span>
    </p>
   </div>
   <div class='ocr_carea' id='block_1_97' title="bbox 215 5003 1776 5083">
    <p class='ocr_par' dir='ltr' id='par_1_97' title="bbox 215 5003 1776 5082">
     <span class='ocr_line' id='line_1_97' title="bbox 215 5003 1776 5082; baseline 0.003 -20"><span class='ocrx_word' id='word_1_734' title='bbox 215 5003 497 5063; x_wconf 65' lang='grc' dir='ltr'>ποιοῦντα</span> <span class='ocrx_word' id='word_1_735' title='bbox 521 5006 722 5074; x_wconf 78' lang='grc' dir='ltr'>κρίσιν</span> <span class='ocrx_word' id='word_1_736' title='bbox 739 5008 863 5074; x_wconf 81' lang='grc' dir='ltr'>τοῖς</span> <span class='ocrx_word' id='word_1_737' title='bbox 893 5008 1322 5079; x_wconf 76' lang='grc' dir='ltr'>ἀδικουμένοις,</span> <span class='ocrx_word' id='word_1_738' title='bbox 1360 5011 1603 5067; x_wconf 82' lang='grc' dir='ltr'>διδόντα</span> <span class='ocrx_word' id='word_1_739' title='bbox 1643 5029 1776 5082; x_wconf 82' lang='grc' dir='ltr'>τρο-</span> 
     </span>
    </p>
   </div>
   <div class='ocr_carea' id='block_1_98' title="bbox 1902 5003 3438 5083">
    <p class='ocr_par' dir='ltr' id='par_1_98' title="bbox 1904 5011 3438 5082">
     <span class='ocr_line' id='line_1_98' title="bbox 1904 5011 3438 5082; baseline 0.001 -15"><span class='ocrx_word' id='word_1_740' title='bbox 1904 5013 2132 5067; x_wconf 85' lang='lat' dir='ltr'><strong>udicium</strong></span> <span class='ocrx_word' id='word_1_741' title='bbox 2153 5012 2401 5082; x_wconf 84' lang='lat' dir='ltr'><strong>injuriam</strong></span> <span class='ocrx_word' id='word_1_742' title='bbox 2421 5011 2750 5080; x_wconf 83' lang='lat' dir='ltr'><strong>facientibus,</strong></span> <span class='ocrx_word' id='word_1_743' title='bbox 2768 5012 2859 5065; x_wconf 89' lang='lat' dir='ltr'><strong>dat</strong></span> <span class='ocrx_word' id='word_1_744' title='bbox 2876 5028 3046 5066; x_wconf 85' lang='lat' dir='ltr'><strong>escam</strong></span> <span class='ocrx_word' id='word_1_745' title='bbox 3071 5014 3438 5079; x_wconf 86' lang='lat' dir='ltr'><strong>esurientibus,</strong></span> 
     </span>
    </p>
   </div>
   <div class='ocr_carea' id='block_1_99' title="bbox 217 5096 1774 5175">
    <p class='ocr_par' dir='ltr' id='par_1_99' title="bbox 217 5096 1774 5175">
     <span class='ocr_line' id='line_1_99' title="bbox 217 5096 1774 5175; baseline 0.006 -26"><span class='ocrx_word' id='word_1_746' title='bbox 217 5097 338 5167; x_wconf 59' lang='lat' dir='ltr'><strong>pirr-</strong></span> <span class='ocrx_word' id='word_1_747' title='bbox 366 5096 492 5164; x_wconf 83' lang='grc' dir='ltr'>τοῖς</span> <span class='ocrx_word' id='word_1_748' title='bbox 515 5096 830 5162; x_wconf 74' lang='grc' dir='ltr'>πεινῶσιν,</span> <span class='ocrx_word' id='word_1_749' title='bbox 858 5116 912 5153; x_wconf 90' lang='grc' dir='ltr'><strong>κ.</strong></span> <span class='ocrx_word' id='word_1_750' title='bbox 948 5118 999 5154; x_wconf 87' lang='grc' dir='ltr'><strong>τ.</strong></span> <span class='ocrx_word' id='word_1_751' title='bbox 1029 5102 1076 5154; x_wconf 78' lang='grc' dir='ltr'>ἑ.</span> <span class='ocrx_word' id='word_1_752' title='bbox 1121 5102 1397 5174; x_wconf 77' lang='grc' dir='ltr'>Ἀλήθειαν</span> <span class='ocrx_word' id='word_1_753' title='bbox 1426 5100 1544 5157; x_wconf 78' lang='grc' dir='ltr'>εἷπε</span> <span class='ocrx_word' id='word_1_754' title='bbox 1574 5104 1650 5175; x_wconf 85' lang='grc'><strong>(5)</strong></span> <span class='ocrx_word' id='word_1_755' title='bbox 1682 5104 1774 5159; x_wconf 83' lang='grc' dir='ltr'><strong>τὸν</strong></span> 
     </span>
    </p>
   </div>
   <div class='ocr_carea' id='block_1_100' title="bbox 220 5190 1774 5270">
    <p class='ocr_par' dir='ltr' id='par_1_100' title="bbox 220 5190 1774 5270">
     <span class='ocr_line' id='line_1_100' title="bbox 220 5190 1774 5270; baseline 0.004 -23"><span class='ocrx_word' id='word_1_756' title='bbox 220 5190 480 5262; x_wconf 77' lang='grc' dir='ltr'>ἀληθινὸν,</span> <span class='ocrx_word' id='word_1_757' title='bbox 510 5191 618 5247; x_wconf 83' lang='grc' dir='ltr'>ἀπὸ</span> <span class='ocrx_word' id='word_1_758' title='bbox 638 5192 733 5264; x_wconf 81' lang='grc' dir='ltr'>τῆς</span> <span class='ocrx_word' id='word_1_759' title='bbox 762 5193 925 5261; x_wconf 74' lang='grc' dir='ltr'>ἕξεως</span> <span class='ocrx_word' id='word_1_760' title='bbox 954 5194 1223 5266; x_wconf 81' lang='grc' dir='ltr'>ὀνομάσας</span> <span class='ocrx_word' id='word_1_761' title='bbox 1248 5197 1340 5250; x_wconf 86' lang='grc' dir='ltr'><strong>τὸν</strong></span> <span class='ocrx_word' id='word_1_762' title='bbox 1367 5197 1657 5269; x_wconf 81' lang='grc' dir='ltr'>μετέχοντα</span> <span class='ocrx_word' id='word_1_763' title='bbox 1674 5198 1774 5270; x_wconf 81' lang='grc' dir='ltr'>τῆς</span> 
     </span>
    </p>
   </div>
   <div class='ocr_carea' id='block_1_101' title="bbox 262 5278 1739 5356">
    <p class='ocr_par' dir='ltr' id='par_1_101' title="bbox 262 5278 1739 5356">
     <span class='ocr_line' id='line_1_101' title="bbox 262 5278 1739 5356; baseline 0.003 -17"><span class='ocrx_word' id='word_1_764' title='bbox 262 5278 305 5312; x_wconf 73' lang='grc'><strong>⁸⁸</strong></span> <span class='ocrx_word' id='word_1_765' title='bbox 330 5285 369 5340; x_wconf 94' lang='lat' dir='ltr'><strong>ll</strong></span> <span class='ocrx_word' id='word_1_766' title='bbox 392 5285 517 5341; x_wconf 91' lang='lat' dir='ltr'><strong>Cor.</strong></span> <span class='ocrx_word' id='word_1_767' title='bbox 546 5302 629 5350; x_wconf 85' lang='grc' dir='ltr'>ιιι,</span> <span class='ocrx_word' id='word_1_768' title='bbox 664 5285 717 5340; x_wconf 81' lang='lat'><strong>3.</strong></span> <span class='ocrx_word' id='word_1_769' title='bbox 794 5286 842 5320; x_wconf 72' lang='lat'><strong>“</strong></span> <span class='ocrx_word' id='word_1_770' title='bbox 863 5284 1000 5341; x_wconf 89' lang='lat' dir='ltr'><strong>Geu.</strong></span> <span class='ocrx_word' id='word_1_771' title='bbox 1027 5301 1101 5350; x_wconf 82' lang='grc' dir='ltr'><strong>νι,</strong></span> <span class='ocrx_word' id='word_1_772' title='bbox 1136 5287 1190 5341; x_wconf 77' lang='grc'>5.</span> <span class='ocrx_word' id='word_1_773' title='bbox 1271 5286 1317 5320; x_wconf 68' lang='grc'><strong>⁸⁸</strong></span> <span class='ocrx_word' id='word_1_774' title='bbox 1343 5288 1359 5341; x_wconf 92' lang='lat' dir='ltr'><strong>l</strong></span> <span class='ocrx_word' id='word_1_775' title='bbox 1384 5288 1509 5343; x_wconf 88' lang='lat' dir='ltr'><strong>Cor.</strong></span> <span class='ocrx_word' id='word_1_776' title='bbox 1538 5305 1627 5356; x_wconf 80' lang='lat' dir='ltr'><strong>xv,</strong></span> <span class='ocrx_word' id='word_1_777' title='bbox 1651 5288 1739 5344; x_wconf 85' lang='lat'><strong>50.</strong></span> 
     </span>
    </p>
   </div>
   <div class='ocr_carea' id='block_1_102' title="bbox 226 5379 1770 5508">
    <p class='ocr_par' dir='ltr' id='par_1_102' title="bbox 226 5379 1770 5508">
     <span class='ocr_line' id='line_1_102' title="bbox 226 5379 1770 5508; baseline -0.028 -25"><span class='ocrx_word' id='word_1_778' title='bbox 226 5379 395 5508; x_wconf 84' lang='grc'><strong>)</strong></span> <span class='ocrx_word' id='word_1_779' title='bbox 438 5381 711 5451; x_wconf 73' lang='grc' dir='ltr'><strong>Ἐπείπερ</strong></span> <span class='ocrx_word' id='word_1_780' title='bbox 741 5380 780 5450; x_wconf 66' lang='grc' dir='ltr'><em>ἦ</em></span> <span class='ocrx_word' id='word_1_781' title='bbox 806 5382 1228 5451; x_wconf 72' lang='grc' dir='ltr'>μεγαλωσύνη,</span> <span class='ocrx_word' id='word_1_782' title='bbox 1268 5392 1375 5439; x_wconf 86' lang='lat' dir='ltr'><strong>etc.</strong></span> <span class='ocrx_word' id='word_1_783' title='bbox 1405 5383 1605 5441; x_wconf 86' lang='lat' dir='ltr'><strong>Catena</strong></span> <span class='ocrx_word' id='word_1_784' title='bbox 1636 5384 1770 5442; x_wconf 88' lang='lat' dir='ltr'><strong>Cor-</strong></span> 
     </span>
    </p>
   </div>
   <div class='ocr_carea' id='block_1_103' title="bbox 312 5519 1449 5593">
    <p class='ocr_par' dir='ltr' id='par_1_103' title="bbox 312 5519 1449 5593">
     <span class='ocr_line' id='line_1_103' title="bbox 312 5519 1449 5593; baseline 0.004 -18"><span class='ocrx_word' id='word_1_785' title='bbox 312 5520 400 5593; x_wconf 71' lang='lat'><strong>9];</strong></span> <span class='ocrx_word' id='word_1_786' title='bbox 428 5520 676 5577; x_wconf 82' lang='grc' dir='ltr'>Πάντων</span> <span class='ocrx_word' id='word_1_787' title='bbox 692 5523 827 5593; x_wconf 80' lang='grc' dir='ltr'>μέν,</span> <span class='ocrx_word' id='word_1_788' title='bbox 855 5530 963 5578; x_wconf 90' lang='lat' dir='ltr'><strong>etc.</strong></span> <span class='ocrx_word' id='word_1_789' title='bbox 998 5519 1222 5577; x_wconf 77' lang='lat' dir='ltr'><strong>Sclteda:</strong></span> <span class='ocrx_word' id='word_1_790' title='bbox 1243 5521 1449 5579; x_wconf 84' lang='lat' dir='ltr'><strong>Crabii.</strong></span> 
     </span>
    </p>
   </div>
   <div class='ocr_carea' id='block_1_104' title="bbox 311 5591 1541 5662">
    <p class='ocr_par' dir='ltr' id='par_1_104' title="bbox 311 5591 1541 5662">
     <span class='ocr_line' id='line_1_104' title="bbox 311 5591 1541 5662; baseline 0.006 -16"><span class='ocrx_word' id='word_1_791' title='bbox 311 5591 396 5662; x_wconf 83' lang='grc'>98)</span> <span class='ocrx_word' id='word_1_792' title='bbox 422 5594 491 5647; x_wconf 81' lang='lat' dir='ltr'><strong>El</strong></span> <span class='ocrx_word' id='word_1_793' title='bbox 517 5596 569 5646; x_wconf 79' lang='grc' dir='ltr'>οἱ</span> <span class='ocrx_word' id='word_1_794' title='bbox 589 5591 895 5662; x_wconf 74' lang='grc' dir='ltr'>οίκτιρμοί,</span> <span class='ocrx_word' id='word_1_795' title='bbox 918 5604 1020 5647; x_wconf 91' lang='lat' dir='ltr'><strong>etc.</strong></span> <span class='ocrx_word' id='word_1_796' title='bbox 1055 5594 1253 5647; x_wconf 85' lang='lat' dir='ltr'><strong>Catena</strong></span> <span class='ocrx_word' id='word_1_797' title='bbox 1276 5593 1541 5653; x_wconf 87' lang='lat' dir='ltr'><strong>Corderii.</strong></span> 
     </span>
    </p>
   </div>
   <div class='ocr_carea' id='block_1_105' title="bbox 289 5596 1382 5735">
    <p class='ocr_par' dir='ltr' id='par_1_105' title="bbox 289 5596 1382 5735">
     <span class='ocr_line' id='line_1_105' title="bbox 290 5596 1382 5662; baseline 0.002 -17"><span class='ocrx_word' id='word_1_798' title='bbox 290 5596 375 5662; x_wconf 86' lang='lat'><strong>(98</strong></span> <span class='ocrx_word' id='word_1_799' title='bbox 422 5596 491 5647; x_wconf 80' lang='lat' dir='ltr'><strong>El</strong></span> <span class='ocrx_word' id='word_1_800' title='bbox 517 5596 569 5646; x_wconf 79' lang='grc' dir='ltr'>οἱ</span> <span class='ocrx_word' id='word_1_801' title='bbox 589 5596 895 5662; x_wconf 81' lang='grc' dir='ltr'>οίκτιρμοί,</span> <span class='ocrx_word' id='word_1_802' title='bbox 918 5604 1020 5647; x_wconf 91' lang='lat' dir='ltr'><strong>etc.</strong></span> <span class='ocrx_word' id='word_1_803' title='bbox 1055 5596 1253 5647; x_wconf 85' lang='lat' dir='ltr'><strong>Catena</strong></span> <span class='ocrx_word' id='word_1_804' title='bbox 1276 5596 1382 5649; x_wconf 88' lang='lat' dir='ltr'><strong>Cor</strong></span> 
     </span>
     <span class='ocr_line' id='line_1_106' title="bbox 289 5596 1382 5735; baseline 0.005 -16"><span class='ocrx_word' id='word_1_805' title='bbox 289 5596 396 5735; x_wconf 74' lang='lat'><strong>(99)</strong></span> <span class='ocrx_word' id='word_1_806' title='bbox 428 5663 557 5718; x_wconf 84' lang='grc' dir='ltr'>Νῦν</span> <span class='ocrx_word' id='word_1_807' title='bbox 582 5663 743 5733; x_wconf 76' lang='grc' dir='ltr'>ἔργα,</span> <span class='ocrx_word' id='word_1_808' title='bbox 776 5673 883 5718; x_wconf 91' lang='lat' dir='ltr'><strong>etc.</strong></span> <span class='ocrx_word' id='word_1_809' title='bbox 917 5662 1141 5718; x_wconf 65' lang='lat' dir='ltr'><strong>Schedte</strong></span> <span class='ocrx_word' id='word_1_810' title='bbox 1174 5662 1382 5724; x_wconf 87' lang='lat' dir='ltr'><strong>Grabii.</strong></span> 
     </span>
    </p>
   </div>
   <div class='ocr_carea' id='block_1_106' title="bbox 567 5757 1184 5821">
    <p class='ocr_par' dir='ltr' id='par_1_106' title="bbox 567 5757 1184 5821">
     <span class='ocr_line' id='line_1_107' title="bbox 567 5757 1184 5821; baseline 0.003 -2"><span class='ocrx_word' id='word_1_811' title='bbox 567 5759 839 5820; x_wconf 71' lang='lat' dir='ltr'><strong>PATROL.</strong></span> <span class='ocrx_word' id='word_1_812' title='bbox 882 5758 998 5820; x_wconf 79' lang='lat' dir='ltr'><strong>Gn.</strong></span> <span class='ocrx_word' id='word_1_813' title='bbox 1045 5757 1184 5821; x_wconf 83' lang='lat' dir='ltr'><strong>XII.</strong></span> 
     </span>
    </p>
   </div>
   <div class='ocr_carea' id='block_1_107' title="bbox 1878 5103 3437 5174">
    <p class='ocr_par' dir='ltr' id='par_1_107' title="bbox 1878 5103 3437 5174">
     <span class='ocr_line' id='line_1_108' title="bbox 1878 5103 3437 5174; baseline -0.003 -12"><span class='ocrx_word' id='word_1_814' title='bbox 1878 5116 1983 5162; x_wconf 91' lang='lat' dir='ltr'><strong>etc.</strong></span> <span class='ocrx_word' id='word_1_815' title='bbox 2012 5105 2270 5161; x_wconf 80' lang='lat' dir='ltr'><strong>Veritatis</strong></span> <span class='ocrx_word' id='word_1_816' title='bbox 2301 5106 2519 5159; x_wconf 88' lang='lat' dir='ltr'><strong>nomine</strong></span> <span class='ocrx_word' id='word_1_817' title='bbox 2555 5103 2843 5174; x_wconf 78' lang='lat' dir='ltr'><strong>appellavit</strong></span> <span class='ocrx_word' id='word_1_818' title='bbox 2866 5119 3133 5168; x_wconf 83' lang='lat' dir='ltr'><strong>veracem,</strong></span> <span class='ocrx_word' id='word_1_819' title='bbox 3161 5106 3227 5160; x_wconf 86' lang='lat' dir='ltr'><strong>ab</strong></span> <span class='ocrx_word' id='word_1_820' title='bbox 3254 5106 3437 5160; x_wconf 80' lang='lat' dir='ltr'><strong>habitu</strong></span> 
     </span>
    </p>
   </div>
   <div class='ocr_carea' id='block_1_108' title="bbox 1881 5195 3443 5268">
    <p class='ocr_par' dir='ltr' id='par_1_108' title="bbox 1881 5195 3443 5268">
     <span class='ocr_line' id='line_1_109' title="bbox 1881 5195 3443 5268; baseline -0.004 -16"><span class='ocrx_word' id='word_1_821' title='bbox 1881 5196 2163 5254; x_wconf 87' lang='lat' dir='ltr'><strong>nominans</strong></span> <span class='ocrx_word' id='word_1_822' title='bbox 2186 5195 2401 5251; x_wconf 85' lang='lat' dir='ltr'><strong>habitus</strong></span> <span class='ocrx_word' id='word_1_823' title='bbox 2432 5197 2771 5268; x_wconf 84' lang='lat' dir='ltr'><strong>participem.</strong></span> <span class='ocrx_word' id='word_1_824' title='bbox 2807 5196 2897 5251; x_wconf 90' lang='lat' dir='ltr'><strong>Sic</strong></span> <span class='ocrx_word' id='word_1_825' title='bbox 2930 5196 3096 5250; x_wconf 89' lang='lat' dir='ltr'><strong>etiam</strong></span> <span class='ocrx_word' id='word_1_826' title='bbox 3124 5197 3299 5266; x_wconf 86' lang='lat' dir='ltr'><strong>diligit</strong></span> <span class='ocrx_word' id='word_1_827' title='bbox 3339 5199 3443 5255; x_wconf 76' lang='lat' dir='ltr'><strong>mi-</strong></span> 
     </span>
    </p>
   </div>
   <div class='ocr_carea' id='block_1_109' title="bbox 1945 5376 3318 5527">
    <p class='ocr_par' dir='ltr' id='par_1_109' title="bbox 1945 5376 3318 5527">
     <span class='ocr_line' id='line_1_110' title="bbox 1945 5376 2903 5524; baseline -0.001 -90"><span class='ocrx_word' id='word_1_828' title='bbox 1945 5380 2024 5524; x_wconf 64' lang='lat'><strong>(</strong></span> <span class='ocrx_word' id='word_1_829' title='bbox 2055 5382 2121 5434; x_wconf 81' lang='lat' dir='ltr'><strong>Ei</strong></span> <span class='ocrx_word' id='word_1_830' title='bbox 2145 5379 2183 5447; x_wconf 71' lang='grc' dir='ltr'>ἡ</span> <span class='ocrx_word' id='word_1_831' title='bbox 2200 5376 2507 5442; x_wconf 78' lang='grc' dir='ltr'>βασιλεία,</span> <span class='ocrx_word' id='word_1_832' title='bbox 2534 5385 2643 5432; x_wconf 87' lang='lat' dir='ltr'><strong>etc.</strong></span> <span class='ocrx_word' id='word_1_833' title='bbox 2670 5376 2903 5457; x_wconf 66' lang='lat' dir='ltr'><strong>Eaedem.</strong></span> 
     </span>
     <span class='ocr_line' id='line_1_111' title="bbox 1973 5447 3318 5527; baseline -0.01 -5"><span class='ocrx_word' id='word_1_834' title='bbox 1973 5489 2018 5527; x_wconf 44' lang='lat'><strong>-_-,</strong></span> <span class='ocrx_word' id='word_1_835' title='bbox 2063 5450 2514 5527; x_wconf 57' lang='grc' dir='ltr'><strong>Ἐξολόθρετξσις</strong></span> <span class='ocrx_word' id='word_1_836' title='bbox 2535 5449 2903 5527; x_wconf 58' lang='grc' dir='ltr'><strong>ἀμᾳρτωλορ,</strong></span> <span class='ocrx_word' id='word_1_837' title='bbox 2937 5447 3318 5527; x_wconf 69' lang='lat' dir='ltr'><strong>e_lc.__E.udem.</strong></span> 
     </span>
    </p>
   </div>
   <div class='ocr_carea' id='block_1_110' title="bbox 1947 5516 3103 5589">
    <p class='ocr_par' dir='ltr' id='par_1_110' title="bbox 1947 5516 3103 5589">
     <span class='ocr_line' id='line_1_112' title="bbox 1947 5516 3103 5589; baseline -0.004 -14"><span class='ocrx_word' id='word_1_838' title='bbox 1947 5516 2026 5589; x_wconf 73' lang='lat'><strong>(&#39;5)</strong></span> <span class='ocrx_word' id='word_1_839' title='bbox 2055 5519 2227 5575; x_wconf 85' lang='grc' dir='ltr'>Πᾶσα</span> <span class='ocrx_word' id='word_1_840' title='bbox 2263 5517 2441 5589; x_wconf 77' lang='grc' dir='ltr'>σάρξ,</span> <span class='ocrx_word' id='word_1_841' title='bbox 2474 5527 2577 5572; x_wconf 88' lang='lat' dir='ltr'><strong>etc.</strong></span> <span class='ocrx_word' id='word_1_842' title='bbox 2606 5519 2806 5589; x_wconf 68' lang='lat' dir='ltr'><strong>Catena</strong></span> <span class='ocrx_word' id='word_1_843' title='bbox 2832 5516 3103 5589; x_wconf 13' lang='lat' dir='ltr'><strong>rCoqlerii.</strong></span> 
     </span>
    </p>
   </div>
   <div class='ocr_carea' id='block_1_111' title="bbox 1971 5585 3126 5661">
    <p class='ocr_par' dir='ltr' id='par_1_111' title="bbox 1971 5585 3126 5661">
     <span class='ocr_line' id='line_1_113' title="bbox 1971 5585 3126 5661; baseline -0.004 -16"><span class='ocrx_word' id='word_1_844' title='bbox 1971 5592 2025 5661; x_wconf 68' lang='grc'>4)</span> <span class='ocrx_word' id='word_1_845' title='bbox 2048 5590 2159 5645; x_wconf 80' lang='grc' dir='ltr'><strong>Καὶ</strong></span> <span class='ocrx_word' id='word_1_846' title='bbox 2196 5592 2228 5661; x_wconf 72' lang='lat' dir='ltr'><strong>d</strong></span> <span class='ocrx_word' id='word_1_847' title='bbox 2250 5588 2508 5661; x_wconf 67' lang='grc' dir='ltr'>Παῦλος..</span> <span class='ocrx_word' id='word_1_848' title='bbox 2534 5596 2637 5642; x_wconf 73' lang='grc' dir='ltr'>ειν.</span> <span class='ocrx_word' id='word_1_849' title='bbox 2666 5587 2891 5661; x_wconf 58' lang='grc' dir='ltr'>δςιιοόαι</span> <span class='ocrx_word' id='word_1_850' title='bbox 2919 5585 3126 5661; x_wconf 66' lang='lat' dir='ltr'><strong>Grabii.</strong></span> 
     </span>
    </p>
   </div>
   <div class='ocr_carea' id='block_1_112' title="bbox 1949 5594 3168 5738">
    <p class='ocr_par' dir='ltr' id='par_1_112' title="bbox 1949 5594 3168 5738">
     <span class='ocr_line' id='line_1_114' title="bbox 1971 5594 3126 5661; baseline -0.004 -16"><span class='ocrx_word' id='word_1_851' title='bbox 1971 5594 2025 5661; x_wconf 68' lang='grc'>4)</span> <span class='ocrx_word' id='word_1_852' title='bbox 2048 5594 2159 5645; x_wconf 78' lang='grc' dir='ltr'><strong>Καὶ</strong></span> <span class='ocrx_word' id='word_1_853' title='bbox 2196 5594 2228 5643; x_wconf 86' lang='grc' dir='ltr'><strong><em>ό</em></strong></span> <span class='ocrx_word' id='word_1_854' title='bbox 2250 5594 2508 5654; x_wconf 76' lang='grc' dir='ltr'>Παῦλος..</span> <span class='ocrx_word' id='word_1_855' title='bbox 2534 5596 2637 5642; x_wconf 74' lang='grc' dir='ltr'>εισι.</span> <span class='ocrx_word' id='word_1_856' title='bbox 2666 5594 2891 5641; x_wconf 68' lang='lat' dir='ltr'><strong>Schedaa</strong></span> <span class='ocrx_word' id='word_1_857' title='bbox 2919 5594 3126 5641; x_wconf 80' lang='lat' dir='ltr'><strong>Grabii.</strong></span> 
     </span>
     <span class='ocr_line' id='line_1_115' title="bbox 1949 5594 3168 5738; baseline -0.004 -20"><span class='ocrx_word' id='word_1_858' title='bbox 1949 5594 2025 5738; x_wconf 52' lang='lat' dir='ltr'><strong>i5)</strong></span> <span class='ocrx_word' id='word_1_859' title='bbox 2072 5658 2384 5727; x_wconf 79' lang='grc' dir='ltr'>Ἀλήθειαν</span> <span class='ocrx_word' id='word_1_860' title='bbox 2401 5653 2546 5726; x_wconf 75' lang='grc' dir='ltr'>εἷπε,</span> <span class='ocrx_word' id='word_1_861' title='bbox 2571 5668 2675 5713; x_wconf 90' lang='lat' dir='ltr'><strong>etc.</strong></span> <span class='ocrx_word' id='word_1_862' title='bbox 2714 5654 2938 5713; x_wconf 74' lang='lat' dir='ltr'><strong>Scheda:</strong></span> <span class='ocrx_word' id='word_1_863' title='bbox 2958 5656 3168 5716; x_wconf 84' lang='lat' dir='ltr'><strong>Grabii.</strong></span> 
     </span>
    </p>
   </div>
   <div class='ocr_carea' id='block_1_113' title="bbox 3005 5753 3081 5812">
    <p class='ocr_par' dir='ltr' id='par_1_113' title="bbox 3005 5753 3081 5812">
     <span class='ocr_line' id='line_1_116' title="bbox 3005 5753 3081 5812; baseline -0.013 0"><span class='ocrx_word' id='word_1_864' title='bbox 3005 5753 3081 5812; x_wconf 80' lang='lat'><strong>53</strong></span> 
     </span>
    </p>
   </div>
  </div>
