3928 6158
231 226 278 280 1
300 227 411 281 677

787 345 1077 401 ἾἏΛΜΟΣ
1121 348 1302 403 PMZ'.

337 439 458 493 Ὅτι
483 437 772 508 ἑνίσχυσε
810 440 950 506 τοὺς
983 440 1253 509 μοχλοὺς
1295 440 1412 494 τῶν
1449 441 1656 504 πυλῶν
1683 455 1823 504 σου,

225 547 316 586 κ.
353 550 408 586 τ.
444 533 488 588 ἑ.
522 530 746 602 Μοχλοὶ,
775 527 923 602 οἶμαι
955 534 1090 604 (15),
1117 533 1224 587 τῶν
1255 533 1433 587 πυλῶν
1458 535 1595 587 εἰσιν
1632 535 1826 606 Ἰερου-

229 623 444 695 σαλὴμ
473 622 817 692 συνεχόμενοι
844 623 948 676 ὑπὸ
969 623 1192 694 Κυρίου,
1213 621 1283 675 τὰ
1307 621 1447 693 ὑπὲρ
1468 623 1566 692 τῆς
1594 621 1825 692 θεωρου-

235 715 433 784 μένης
454 714 709 785 ἀληθείας
733 717 825 768 καὶ
850 714 1404 785 καταλαμϐανομένης
1444 713 1633 783 λογικὰ
1663 713 1820 766 δυνα-

225 805 368 868 τῶς
397 806 562 876 αὐτὴν
593 807 948 877 παριστάντα.

329 896 450 952 Τοῦ
481 897 686 952 αὐτοῦ.
722 898 921 969 Μοχλοὶ
954 898 1050 968 μὲν
1079 897 1177 966 τῆς
1210 896 1320 969 (14)
1365 896 1719 968 Ἰερουσαλήμ
1745 897 1820 949 εί-

229 1004 345 1044 σιν
396 991 450 1042 αἱ
493 989 788 1061 πρακτικαὶ
836 989 1028 1059 ἀρεταὶ
1070 987 1373 1041 κωλύουσαι
1419 988 1544 1050 τοὺς
1593 985 1818 1057 ἐχθροὺς

233 1077 614 1150 παρεισδῦναι
634 1097 649 1110 ν
676 1079 772 1150 τῆς
801 1077 855 1132 δὲ
878 1079 1014 1132 Σιὼν
1036 1079 1103 1133 τὰ
1133 1079 1356 1149 οὐράνια
1378 1077 1622 1147 δόγματα
1656 1075 1750 1129 καὶ
1781 1077 1812 1144 ἡ

233 1171 392 1242 ὀρθὴ
444 1171 621 1235 πίστις
653 1173 749 1243 τῆς
801 1171 1175 1244 προπυνητῆς
1218 1171 1311 1224 καὶ
1364 1169 1521 1238 ἁγίας
1569 1169 1813 1239 Τριάδος,

233 1262 415 1332 εἴπερ
447 1264 480 1332 ἡ
515 1262 610 1332 μὲν
658 1263 1007 1334 Ἰερουσαλὴμ
1037 1263 1136 1332 τὴν
1167 1261 1341 1332 ψυχὴν
1377 1259 1650 1330 σημαίνει,
1689 1259 1721 1330 ή
1758 1259 1814 1312 δὲ

235 1349 393 1404 Σιὼν
424 1351 513 1404 τὸν
555 1351 698 1406 νοῦν.
741 1353 1129 1424 Ἐρμηνεύεται
1177 1351 1287 1421 γὰρ
1331 1348 1684 1421 Ἰερουσαλὴμ
1718 1349 1814 1421 μὲν

235 1439 462 1511 ὅρασις
490 1443 750 1511 εἰρήνης,
786 1443 923 1498 Σιὼν
953 1445 1008 1497 δὲ
1039 1442 1495 1511 σκοπευτήριον.

331 1539 389 1588 '0
432 1538 610 1604 τιθεὶς
654 1537 726 1592 τὰ
776 1537 905 1606 ὅριά
956 1555 1071 1591 σου
1111 1537 1378 1606 εἰρήνην,
1434 1557 1485 1592 κ.
1533 1557 1584 1593 τ.
1632 1541 1677 1592 ὲ.
1733 1539 1814 1592 Τὰ

235 1631 374 1701 ὅρια
413 1628 522 1701 (15)
563 1629 663 1700 τῆς
719 1629 1069 1701 Ἰερουσαλὴμ
1099 1630 1289 1701 εἰρήνη
1325 1631 1440 1683 ἐστὶ
1473 1630 1679 1684 πάνταο
1711 1630 1813 1698 ἔξω

1204 222 1209 228 ’
1241 229 1547 286 SELECTA
1585 228 2314 286 IN‘PSAIMOS.—PSAL.
2356 231 2606 288 CXLVII.

1858 357 1905 410 Α
2409 349 2721 405 PSALMUS
2751 348 2996 404 CXLVII.

3350 238 3483 294 1678

2002 437 2167 494 Vens.
2223 440 2308 494 15.
2354 441 2614 505 Quoniam
2664 440 2976 509 confortavit
3029 454 3173 495 seras
3213 455 3483 510 portarum

1929 541 2161 595 tuarum,
2187 540 2292 587 etc.
2319 531 2604 585 Portarum
2637 530 2936 587 Jerusalem
2966 538 3146 588 vectes
3172 573 3187 596 ,
3220 536 3295 589 uti
3329 538 3482 592 arbi-

1929 630 2066 687 tror,
2103 623 2193 692 qui
2227 637 2253 675 a
2282 622 2507 676 Domino
2536 623 2905 690 continentur,
2938 633 3064 678 sunt
3091 624 3331 680 rationes
3363 641 3483 694 qua:

1929 723 2267 783 perspectam
2315 721 2368 768 et
2423 715 2862 783 comprehensam
2925 725 3176 785 potenter
3224 719 3485 776 exhibent

1929 806 2232 859 veritatem.

1989 893 2265 963 Ejusdem.
2292 894 2481 950 Vectes
2513 895 2726 964 quidem
2753 893 3048 952 Jerusalem
3077 906 3200 952 sunt
3227 901 3480 968 praetica:

1924 985 2154 1039 virtutes
2175 1000 2295 1053 quae
2323 985 2505 1040 hostes
2539 986 2758 1040 introitu
2787 987 3109 1055 prohibent;
3145 986 3324 1044 Sionis
3350 1005 3478 1046 vero

1922 1089 2058 1129 serze
2084 1084 2213 1128 sunt
2251 1075 2494 1130 coelestia
2543 1076 2788 1145 dogmata
2817 1117 2831 1142 ,
2880 1085 2932 1130 et
2966 1087 3114 1132 recta
3164 1078 3298 1134 fides
3349 1081 3480 1134 ado-

1923 1165 2102 1218 randae
2157 1174 2212 1218 et
2260 1173 2461 1218 sanctae
2492 1162 2775 1218 Trinitatis
2805 1202 2821 1228 ,
2875 1165 3141 1233 siquidem
3174 1166 3475 1223 Jerusalem

1920 1253 2156 1308 animam
2191 1254 2460 1324 significat
2483 1295 2496 1320 ,
2536 1253 2664 1310 Sion
2695 1270 2822 1311 vero
2854 1270 3110 1311 mentem.
3147 1259 3478 1328 Interpreta-

1920 1355 2008 1400 tur
2033 1345 2176 1401 enim
2208 1345 2504 1401 Jerusalem
2531 1348 2659 1401 visio
2679 1348 2848 1416 pacis,
2879 1347 3006 1404 Sion
3034 1359 3214 1404 autem
3239 1352 3474 1420 specula.

1986 1529 2150 1584 Vens.
2183 1531 2268 1585 14.
2308 1529 2412 1596 Qui
2442 1530 2584 1597 ponit
2607 1529 2737 1597 ﬁnes
2771 1539 2884 1584 tuos
2913 1548 3110 1598 parem,
3143 1542 3246 1587 etc.
3278 1533 3476 1590 Omnes

1920 1621 2051 1676 lines
2077 1621 2371 1677 Jerusalem
2422 1631 2548 1677 sunt
2583 1637 2712 1691 pax.
2755 1621 2948 1677 Verum
2979 1633 3130 1678 extra
3183 1624 3321 1681 fines
3359 1626 3476 1694 ejus

231 1722 303 1774 δὲ
337 1723 444 1775 τῶν
487 1723 658 1793 ὁρέων
700 1721 870 1792 αὐτῆς
903 1721 1002 1775 οὐκ
1042 1721 1186 1774 ἔστιν
1217 1723 1440 1793 εἰρήνηο
1479 1721 1560 1775 διὸ
1589 1721 1618 1774 ὁ
1653 1720 1726 1792 μὴ
1756 1723 1804 1774 ἐκ.

1927 1729 2020 1767 non
2049 1721 2132 1768 est
2155 1728 2279 1783 pax.
2306 1712 2488 1779 Quare
2509 1714 2555 1768 is
2581 1713 2671 1783 qui
2702 1726 2806 1767 non
2837 1724 2921 1769 est
2945 1716 2998 1768 in
3027 1730 3180 1784 pace,
3211 1727 3293 1772 est
3319 1727 3473 1772 extra

236 1814 437 1886 εἰρήνῃ
463 1813 567 1878 ἔξω
599 1814 714 1867 ἐστὶ
744 1813 850 1866 τῶν
882 1813 1050 1883 ὁρέων
1095 1812 1465 1885 Ἰερουσαλήμ.

325 1905 437 1961 Τοῦ
485 1904 690 1959 αὑτοῦ.
727 1905 890 1975 "Optat
931 1905 1031 1975 τῆς
1063 1902 1174 1975 (16)
1215 1904 1437 1976 εἰρήνης
1478 1903 1640 1973 φασὶν
1677 1898 1814 1958 εἶναι

233 1995 344 2069 τὴν
375 1996 639 2050 ἀπάθειαν
668 1995 767 2066 τῆς
796 1995 994 2066 ψυχῆς.

310 2087 423 2141 Kal
504 2086 687 2156 στέαρ
755 2087 948 2155 πυροῦ
1005 2086 1318 2156 ἐμπιπλῶν
1372 2100 1465 2151 σε,
1537 2104 1591 2140 κ.
1650 2104 1702 2140 τ.
1762 2089 1808 2140 ὲ.

241 2180 469 2251 Ὅμοιον
499 2181 613 2252 (17)
641 2182 697 2234 ὲν
723 2179 1063 2251 ὀγδοηκοστῷ
1093 2179 1294 2243 οὕτως’
1329 2197 1347 2231 ι
1401 2179 1510 2233 Kal.
1539 2178 1812 2250 ἐψώμισεν

228 2272 440 2336 αὐτοὺς
486 2273 549 2324 ἐκ
583 2270 802 2334 στέατος
844 2270 1038 2343 πυροῦ.
1079 2290 1098 2324 ι
1140 2271 1199 2324 '0
1240 2271 1437 2334 κόκκος
1465 2271 1558 2322 τοῦ
1595 2271 1741 2324 σίτου
1783 2274 1812 2324 ὁ

239 2365 437 2437 Σωτήρ
478 2365 624 2417 ἐστι·
661 2363 742 2417 διὸ
779 2364 871 2418 καὶ
916 2365 1084 2435 πυρός
1129 2365 1275 2417 ἐστιν
1317 2358 1377 2417 οὗ
1409 2362 1743 2435 ἐμπίπλησιν
1782 2364 1811 2415 ὁ

238 2458 376 2523 Θεὸς
395 2456 492 2530 τὴν
522 2456 825 2529 Ἰερουσαλή
836 2474 893 2528 μ.

321 2548 384 2600 '0
408 2545 800 2601 ἀποστέλλων
828 2546 894 2599 τὸ
912 2547 1120 2615 λόγιον
1154 2545 1340 2599 αὐτοῦ
1365 2543 1440 2614 τῇ
1466 2543 1562 2615 γῇ,
1595 2563 1650 2599 κ.
1676 2562 1726 2598 τ.
1759 2545 1805 2598 ὲ.

236 2637 351 2708 Γῆν
397 2637 628 2691 ἐνταῦθα
665 2636 777 2706 (18)
817 2635 1126 2708 ἀλληγορεῖ,
1175 2636 1314 2706 τάχα
1364 2636 1462 2707 μὲν
1518 2637 1610 2689 καὶ
1663 2637 1810 2708 ἡμᾶς

231 2732 362 2794 τοὺς
411 2731 469 2784 ὲν
499 2728 836 2801 ὀστρακίνοις
879 2728 1095 2782 σκεύεσι
1137 2728 1229 2782 τὸν
1269 2727 1538 2800 Θησαυρὸν
1582 2727 1807 2798 περιφέ-

236 2840 430 2894 ροντας
448 2839 461 2852 ·
490 2821 710 2892 ἄμεινον
735 2821 791 2874 δὲ
819 2821 910 2874 τὸν
942 2820 1070 2874 Υίον
1098 2821 1191 2874 τοῦ
1217 2821 1350 2874 Θεοῦ
1373 2821 1686 2892 ἐκδέχεσθαι
1717 2821 1808 2876 τὸν

233 2913 294 2966 ἑν
320 2915 387 2984 τῇ
421 2913 603 2984 σαρκὶ,
637 2912 704 2981 ἣν
737 2913 982 2982 χωρῆσαι
1016 2910 1248 2982 ἠθέλησε
1287 2911 1378 2964 τὸν
1412 2910 1661 2965 τοσοῦτον
1696 2911 1807 2966 Κύ-

275 3023 372 3059 ιον.

275 3023 372 3059 ιον.

235 3023 268 3078 ρ
309 3097 418 3151 Τοῦ
452 3096 724 3162 διδόντος
761 3098 933 3165 χιόνα
968 3095 1110 3149 ὠσεί
1150 3095 1332 3164 ἔριον,
1359 3096 1619 3165 ὀμίχλην
1661 3095 1802 3148 ὡσεὶ

231 3191 469 3245 σποδὸν
514 3191 894 3256 πάσσοντος,
921 3207 976 3243 κ.
1020 3206 1071 3242 τ.
1117 3189 1163 3241 ὲ.
1205 3189 1408 3253 Διττῶς
1439 3189 1655 3258 λέγεται
1690 3189 1799 3259 (19)

233 3283 430 3339 διδόναι
458 3284 608 3348 Θεὸς,
639 3283 672 3354 ἢ
699 3283 996 3355 συγχωρῶν
1021 3285 1053 3354 ἢ
1081 3283 1318 3355 ἐνεργῶν
1339 3300 1353 3314 ο
1380 3283 1456 3346 ὡς
1483 3285 1531 3336 εἰ
1557 3284 1649 3336 καὶ
1674 3282 1799 3354 περὶ

235 3377 322 3432 τοῦ
359 3378 508 3449 ἡλίου
541 3395 624 3441 τις
655 3376 858 3445 ἔλεγεν,
889 3377 971 3430 ὅτι
1004 3377 1164 3440 αὐτός
1207 3378 1354 3429 ἐστιν
1404 3377 1432 3428 ὁ
1463 3375 1562 3446 τὴν
1590 3375 1800 3447 ἡμέραν

235 3468 401 3524 ποιῶν
445 3469 538 3522 καὶ
577 3468 674 3540 τὴν
723 3468 914 3534 νύκτα,
961 3469 1076 3523 ἀλλ’
1134 3469 1348 3539 ἡμέραν
1397 3467 1495 3539 μὲν
1547 3467 1796 3538 λάμπων,

236 3562 400 3617 νύκτα
431 3562 485 3615 δὲ
513 3560 830 3632 ὑποχωρῶν.
861 3559 1018 3614 Κατὰ
1048 3555 1141 3614 οὖν
1166 3559 1225 3612 τὸ
1263 3558 1512 3631 δεύτερον
1543 3559 1799 3630 σημαινό-

232 3672 391 3727 μενον
418 3653 479 3706 τὸ
511 3653 708 3706 διδόναι
745 3653 836 3708 τὸν
870 3653 1001 3707 Θεὸν
1033 3651 1267 3706 ἐνταῦθα
1304 3653 1604 3722 νομιστέον,
1638 3652 1797 3723 εἴπερ

239 3744 572 3800 ίποστέλὶων
611 3744 702 3796 τὸν
726 3742 881 3812 λόγον
907 3743 1072 3796 αὐτοῦ
1102 3744 1259 3814 τήκει
1289 3742 1448 3796 αὐτά.

312 3832 744 3899 Ἐξαποστελεῖ
787 3831 895 3885 τὸν
959 3833 1145 3901 λόγον
1191 3831 1377 3885 αὐτοῦ
1397 3869 1411 3893 ,
1472 3831 1571 3884 καί
1630 3830 1795 3900 τήξει

232 3927 399 3992 αὐτὰ,
431 3944 484 3980 κ.
514 3945 563 3980 τ.
597 3927 645 3991 ὲ,
677 3926 743 3978 Ἥ
778 3923 908 3996 χιὼν
945 3924 1055 3994 (ΞΟ)
1081 3923 1174 3977 καὶ
1203 3924 1232 3974 ὁ
1263 3922 1615 3993 κρύσταλλος,
1642 3925 1735 3977 καὶ
1761 3926 1794 3995 ή

231 4017 426 4088 ὁμίχλη
465 4017 559 4070 καὶ
602 4016 664 4068 τὸ
690 4014 858 4086 ψῦχος
891 4015 1031 4069 κατὰ
1072 4013 1326 4085 στέρησιν
1367 4012 1461 4066 τοῦ
1514 4013 1664 4084 ἡλίου
1697 4014 1796 4084 τῆς

228 4105 568 4179 δικαιοσύνης
600 4107 979 4178 έπισυμὸαίνει
1010 4108 1076 4176 τῇ
1111 4104 1268 4174 φύσει
1307 4107 1371 4176 τῇ
1408 4105 1620 4176 λογικῇ,
1653 4104 1795 4176 ἆπερ

229 4197 414 4271 ἔτηξεν
450 4205 480 4257 ὁ
509 4200 603 4254 τοῦ
647 4199 782 4254 Θεοῦ
802 4199 970 4268 Λόγος
999 4197 1323 4261 ἀποσταλείς
1342 4214 1355 4228 ο
1396 4215 1414 4248 t
1454 4197 1572 4268 Πῦρ
1645 4194 1751 4264 γὰρ
1778 4235 1793 4262 ,

234 4292 420 4365 φησιν,
489 4287 652 4366 ἦλθον
682 4290 860 4362 βαλεῖν
887 4292 979 4345 ἐπὶ
1001 4291 1099 4363 τὴν
1127 4291 1246 4362 γῆν.
1281 4310 1298 4342 ι

750 4557 1038 4611 ΨΑΛΜΟΣ
1074 4557 1260 4613 PMH'.

297 4654 519 4710 Αἰνεῖτε
568 4654 676 4706 τὸν
705 4651 920 4720 Κύριον
954 4650 1023 4702 ἐκ
1069 4646 1188 4702 τῶν
1223 4645 1512 4715 appar-(Ine,
1540 4663 1594 4699 κ.
1634 4661 1686 4698 τ.
1733 4645 1781 4697 ὲ.

237 4737 382 4806 divo;
423 4743 569 4796 ἐστιν
594 4742 702 4813 (21)
731 4741 896 4813 ὕμνος
928 4741 1009 4807 εἰς
1047 4737 1178 4793 Θεὸν
1211 4738 1304 4791 ἐπὶ
1347 4739 1413 4810 τῇ
1448 4736 1650 4809 θεωρίᾳ
1676 4735 1784 4789 τῶν

240 4836 536 4906 γεγονότων.

294 4926 513 4981 Αἰνεῖτε
539 4925 962 4988 aeternam.
991 4923 1062 4978 τὰ
1088 4924 1278 4992 ἄστρα
1317 4919 1414 4974 καί
1449 4918 1512 4972 τὸ
1542 4918 1686 4988 φῶς,
1724 4933 1778 4971 κ.

231 5034 274 5073 τ.
307 5019 353 5072 ὲ.
385 5018 458 5071 Τὸ
491 5018 604 5085 φῶς
629 5016 722 5071 νῦν
753 5015 1094 5088 συμϐολικῶς
1120 5014 1343 5084 λογικὴν
1392 5009 1552 5082 φύσιν
1587 5008 1784 5079 σημαί-

237 5127 329 5166 ιειο
377 5128 395 5161 ι
441 5109 628 5180 Ὑμεῖς
689 5109 799 5178 γὰρ
829 5150 844 5174 ,
907 5107 1070 5177 φησὶν
1101 5146 1118 5171 ,
1183 5105 1304 5158 ὲστὲ
1334 5104 1395 5157 τὸ
1420 5102 1533 5172 φῶς
1562 5100 1656 5154 τοῦ
1691 5100 1782 5153 κό-

237 5217 376 5272 ςμου.
415 5220 432 5251 ι

1917 1804 2052 1858 lines
2079 1801 2401 1859 Jerusalem.

1984 1895 2261 1966 Ejusdem.
2318 1896 2478 1953 Fines
2505 1898 2655 1970 pacis
2696 1900 2882 1956 dicunt
2932 1912 3050 1955 esse
3084 1899 3371 1957 affectuum
3416 1905 3470 1959 in

1914 1989 2092 2042 anima
2117 1990 2442 2046 vacuitatem

1981 2081 2112 2136 IBID.
2144 2080 2209 2135 Et
2235 2084 2390 2153 adipe
2422 2086 2676 2153 frumenti
2701 2091 2858 2145 satiat
2881 2103 2930 2144 te
2955 2133 2968 2158 ,
3011 2101 3118 2145 etc.
3169 2090 3357 2146 Simile
3390 2101 3475 2145 est

1889 2173 1965 2226 ,in
2001 2172 2208 2242 psalmo
2259 2178 2587 2246 octogesimo
2635 2178 2777 2235 istud
2822 2181 2912 2236 ⁵ος
2950 2200 2968 2233 ι
3011 2181 3077 2236 Ει
3122 2181 3320 2236 cibavit
3354 2181 3475 2236 illos

1913 2268 1978 2320 de
2012 2267 2170 2336 adipe
2208 2267 2489 2324 frumenti.
2547 2291 2566 2325 ι
2617 2271 2857 2330 Granum
2911 2275 3167 2330 frumenti
3222 2275 3476 2331 Salvator

1912 2368 2034 2427 est;
2077 2371 2408 2430 quapropter
2435 2363 2601 2418 etiam
2650 2364 2983 2420 frumentum
3026 2373 3113 2419 est
3164 2380 3273 2434 quo
3328 2366 3473 2421 Deus

1910 2452 2074 2509 satiat
2107 2452 2428 2509 Jerusalem.

1979 2544 2143 2599 Vsus.
2176 2543 2262 2600 15.
2299 2544 2406 2609 Qui
2431 2545 2620 2600 emittit
2658 2546 2918 2618 eloquium
2950 2564 3101 2602 suum
3135 2558 3310 2612 terra,
3361 2557 3468 2602 etc.

1894 2635 2023 2692 Hoc
2049 2638 2168 2693 loco
2203 2647 2402 2694 terram
2433 2639 2720 2710 allegorice
2753 2639 2938 2705 sumit,
2974 2654 3182 2709 nosque
3212 2638 3351 2694 forte
3377 2640 3466 2692 in-

1909 2730 2050 2785 dicat
2078 2731 2170 2800 qui
2199 2731 2253 2785 in
2286 2731 2446 2787 luteis
2475 2733 2620 2788 vasis
2649 2731 2962 2786 thesaurum
3009 2731 3466 2786 circumferimus.

1910 2821 2016 2878 Sed
2047 2822 2140 2878 Dei
2171 2823 2366 2878 Filium
2398 2824 2453 2879 in
2484 2839 2666 2892 carne,
2691 2838 2852 2894 quam
2879 2838 3073 2894 capere
3109 2833 3321 2878 tantum
3355 2823 3464 2878 Do-

1909 2915 2110 2969 minum
2138 2915 2325 2982 voluit,
2359 2925 2584 2986 praestat
2612 2916 2932 2985 intelligere.

1971 3099 2134 3155 Vsus.
2176 3099 2261 3154 16.
2317 3099 2422 3169 Qui
2454 3103 2544 3156 dat
2594 3103 2759 3156 nivem
2788 3103 2922 3156 sicut
2983 3101 3182 3166 lanam,
3226 3099 3466 3155 nebulam

1903 3194 2040 3247 sicut
2088 3193 2311 3247 cinerem
2339 3196 2560 3265 spargit,
2600 3204 2709 3249 etc.
2767 3193 3062 3263 Dupliciter
3098 3195 3296 3249 dicitur
3339 3194 3467 3250 dare

1904 3284 2046 3338 Dens
2072 3285 2153 3339 vel
2186 3295 2453 3353 quatenus
2483 3285 2748 3353 permittit
2773 3325 2788 3347 .
2830 3285 2914 3340 vel
2948 3296 3218 3354 quatenus
3247 3283 3410 3339 efﬁcit
3445 3301 3458 3337 :

1901 3379 2124 3446 perinde
2153 3392 2218 3432 ac
2252 3378 2297 3433 si
2331 3378 2399 3433 de
2435 3378 2548 3434 sole
2581 3378 2852 3448 quiSpiam
2880 3378 3105 3442 diceret,
3146 3379 3317 3447 ipsum
3344 3389 3466 3432 esse

1901 3471 1991 3540 qui
2023 3469 2164 3524 diem
2217 3469 2350 3525 facit
2393 3480 2448 3524 et
2499 3479 2738 3532 nnctem,
2774 3470 2915 3525 diem
2946 3469 3188 3538 quidem,
3225 3483 3347 3523 cum
3381 3466 3466 3519 In-

1898 3571 2022 3626 cet;
2053 3572 2264 3617 noctem
2301 3575 2430 3618 vero
2456 3577 2578 3617 cum
2611 3561 2778 3634 846
2810 3561 3034 3616 recedit.
3061 3559 3178 3615 Hoc
3207 3572 3338 3627 ergo
3370 3572 3460 3612 se-

1899 3653 2076 3707 cundo
2106 3668 2265 3708 sensu
2298 3653 2439 3707 Dens
2469 3653 2598 3707 dare
2644 3653 2748 3706 hoc
2791 3652 2911 3706 loco
2946 3650 3218 3720 putandus
3241 3657 3347 3715 est,
3382 3649 3461 3704 si-

1897 3742 2116 3812 quidem
2145 3742 2402 3797 cmittens
2431 3742 2654 3797 verbum
2682 3755 2837 3795 suum
2870 3738 3129 3794 tabefacit
3158 3751 3244 3794 ea.

1967 3835 2130 3889 Vens.
2163 3833 2250 3887 18.
2291 3831 2503 3886 Emittet
2529 3832 2738 3887 verbum
2770 3845 2926 3884 suum
2953 3837 3004 3883 et
3045 3825 3344 3897 liquefaciet
3375 3841 3458 3890 ea,

1896 3935 2004 3982 etc.
2034 3923 2157 3988 Nix,
2190 3923 2503 3994 crystallus,
2539 3922 2731 3977 nebula
2757 3931 2811 3976 et
2843 3920 3012 3991 frigus
3038 3920 3322 3974 recedente
3347 3918 3463 3972 sole

1891 4017 2113 4090 jnstitia:
2145 4025 2393 4070 naturam
2443 4016 2652 4070 ratione
2683 4013 2960 4082 praeditam
2995 4021 3262 4080 occupant
3295 4028 3307 4064 :
3339 4025 3462 4078 qua:

1896 4109 2111 4180 quidem
2142 4108 2400 4163 emissum
2431 4106 2525 4162 Dei
2565 4106 2802 4161 Verbum
2861 4102 3159 4159 tabefecit:
3206 4119 3225 4154 ι
3277 4101 3460 4174 Ignem

1896 4202 2063 4266 enim,
2095 4201 2268 4271 inquit
2293 4199 2364 4267 ",
2399 4198 2522 4254 veni
2548 4197 2764 4253 mittere
2792 4196 2845 4252 in
2874 4202 3096 4251 terram.
3153 4212 3173 4245 ι

2353 4540 2675 4598 ΡδΑωιυε
2723 4535 2993 4595 CXLVIII.

1963 4640 2128 4694 Vens.
2155 4637 2203 4691 I.
2230 4635 2464 4689 Laudate
2494 4631 2772 4688 Dominum
2792 4631 2854 4684 de
2885 4628 3049 4691 caelis,
3081 4635 3187 4680 etc.
3207 4623 3348 4679 Laus
3376 4628 3460 4677 est

1891 4733 2122 4802 hymnus
2155 4729 2209 4783 in
2247 4729 2412 4782 Deum
2465 4725 2535 4780 ob
2583 4737 2770 4779 eorum
2818 4735 2941 4777 oua:
2991 4719 3133 4775 facta
3166 4726 3454 4772 suntcon-

1892 4821 2319 4891 templationem.

1959 4913 2122 4967 Vens.
2155 4912 2208 4970 5.
2245 4911 2480 4965 Laudale
2527 4925 2644 4963 eum
2670 4949 2686 4974 ,
2733 4922 2910 4961 omnes
2945 4906 3111 4960 stellae
3159 4911 3209 4956 et
3279 4917 3456 4965 amen,

1890 5015 1998 5058 etc.
2033 5001 2148 5056 Lux
2179 5003 2280 5056 hoc
2308 5001 2428 5056 loco
2470 5001 2766 5071 symbolice
2796 5007 3046 5053 naturam
3084 4994 3290 5047 ratione
3319 5007 3454 5059 prae-

1889 5098 2056 5152 ditam
2110 5096 2403 5166 signiﬁcat.
2450 5114 2468 5146 ι
2509 5095 2617 5150 Vos
2646 5094 2811 5159 enim,
2861 5091 3034 5159 inquit
3075 5088 3144 5151 ⁸²,
3192 5085 3322 5140 estis
3362 5083 3452 5139 lux

1889 5188 2096 5244 mundi.
2162 5207 2182 5241 ι

312 5319 356 5350 ⁵⁰
387 5317 526 5372 Psal.
557 5331 719 5380 Lux,
774 5314 862 5369 I7.
950 5315 993 5345 ⁵¹
1025 5312 1155 5368 Luc.
1181 5327 1257 5365 stt
1282 5351 1297 5376 ,
1334 5310 1423 5365 49.
1508 5269 1553 5342 ⁸1
1580 5307 1774 5363 Matth.
1811 5320 1863 5372 ν,
1913 5305 2001 5361 14.

293 5412 396 5484 (15)
421 5411 667 5482 Μοχλοί,
696 5407 882 5484 οἶμαιὲ
899 5418 1001 5464 etc.
1032 5410 1232 5484 Catena
1257 5405 1522 5484 _Cor_der_ii.

295 5476 400 5554 (14)
424 5476 649 5552 111οάλοί
809 5479 938 5547 τῆς,
958 5491 1061 5554 e_tc.
1096 5476 1548 5554 Sclted:e_Grabii.

300 5547 406 5623 IIS)
437 5547 820 5623 Τίίόριαίτῆς,
843 5549 1167 5623 etc._C_ate_na
1189 5547 1456 5623 glortlerii.

299 5617 405 5695 (16)
436 5617 603 5691 "opia
625 5617 754 5695 τῆς,
775 5617 897 5695 etc.
932 5620 1153 5695 Scltedaa
1179 5617 1383 5695 Grahii.

293 5688 394 5762 (17)
430 5688 691 5761 Ὅμοιον,
711 5688 822 5749 etc.
853 5689 1055 5746 Catena
1077 5688 1336 5746 Corderii.

1951 5401 2063 5470 (18)
2093 5397 2221 5467 Γῆν
2238 5395 2517 5470 ἐνταῦθα,
2544 5401 2646 5448 etc.
2683 5391 2916 5470 Eadem:
2996 5457 3032 5470 ﬂ
3102 5457 3151 5470 Η

1951 5401 2040 5470 (18
2093 5401 2221 5467 Γῆν
2238 5401 2517 5458 ἐνταῦθα,
2544 5401 2646 5448 etc.
2683 5401 2903 5445 Eadem.
3141 5457 3174 5470 η

1948 5401 2063 5542 (19)
2094 5468 2304 5542 ᾼιττῶς
2332 5466 2584 5542 λέγεται,
2612 5475 2717 5542 etc.
2746 5459 2967 5516 Sclteda)
2993 5457 3198 5513 Grabtt.

1951 5534 2064 5608 (20)
2104 5540 2174 5608 Ἡ
2192 5537 2354 5607 χιών,
2393 5534 2499 5590 etc.
2525 5534 2760 5608 Emdem.

2094 5598 2270 5693 Αἰνός
2301 5598 2490 5693 εστιν,
2521 5615 2652 5693 ιρι-0.]
2681 5601 2874 5693 Omnia
2915 5605 2967 5659 in
3006 5606 3148 5693 b‘unc
3183 5598 3442 5672 psalmum

1884 5675 2086 5740 scholia
2113 5695 2145 5737 e
2171 5680 2384 5737 schedis
2409 5675 2596 5734 Grabii
2623 5677 2900 5742 desumpta
2923 5684 3072 5733 sunt.
