3928 6158
570 248 717 304 1679

1947 242 2037 298 EX
2076 241 2375 299 ORIGENE

3638 246 3726 301 1630

650 366 811 420 Vsus.
852 363 904 418 ι.
936 360 1161 415 Laudate
1184 377 1298 413 eum
1340 366 1465 417 caeli
1491 363 1757 426 caelorum,
1781 370 1829 415 et
1852 379 1999 432 aqua'
2014 378 2125 430 qua:

2300 360 2525 416 Αὶνεῖτε
2546 359 2752 423 αὐτὸν,
2780 361 2835 413 ol
2854 359 3095 428 οὐρανοί
3123 358 3257 413 τῶν
3293 359 3569 427 οὐρανῶν,
3595 368 3668 417 καὶ
3688 370 3729 423 τὸ

574 471 733 524 super
764 454 917 509 cmlos
947 463 1067 507 sunt
1093 495 1106 517 ,
1140 453 1351 506 laudent
1382 471 1565 508 nomen
1602 453 1844 518 Domini,
1872 464 1981 510 etc.
2015 454 2137 509 Cm-

578 547 686 602 lum
722 544 1083 616 intelligibile,
1117 547 1452 601 rationabilis
1480 558 1563 603 est
1616 558 1807 603 natura
1834 561 1953 618 quae
1979 546 2137 616 justi-

579 639 667 693 tia:
698 637 864 693 solem
895 637 948 691 in
975 652 1035 692 se
1061 636 1395 693 circumfert.

689 822 923 896 jusdem.
977 824 1142 892 Aquae
1166 837 1284 893 quae
1306 836 1468 890 super
1494 822 1662 878 caelos
1690 830 1816 876 sunt
1848 861 1864 888 ,
1911 828 2134 880 naturas

575 915 926 970 rationabiles
955 914 1266 985 signiﬁcant
1292 957 1306 981 ,
1338 927 1459 984 qua;
1492 914 1561 970 ab
1592 914 1747 985 aquis
1779 927 1897 984 qua
1927 914 1980 969 in
2021 928 2134 970 cte-

576 1005 642 1062 lis
671 1014 815 1073 sunt,
848 1016 1188 1074 separantur.

647 1097 809 1154 Vsus.
865 1099 953 1155 M.
1011 1098 1077 1152 Et
1109 1098 1362 1153 exaltabit
1419 1116 1581 1155 cornu
1623 1100 1800 1168 napuli
1846 1100 1968 1163 sui,
2023 1108 2130 1155 etc.

575 1193 755 1248 Cornu
782 1202 863 1247 est
892 1206 1042 1247 mens
1074 1207 1226 1261 pura.

644 1282 774 1338 Iam.
804 1282 1044 1353 Hymnus
1067 1283 1304 1337 omnibus
1349 1283 1547 1337 sanctis
1568 1283 1680 1353 ejus
1708 1321 1723 1348 ,
1751 1292 1857 1337 etc.
1889 1281 2133 1353 Hymnus

574 1387 657 1432 est
708 1376 999 1430 admiratio
1047 1390 1167 1429 cum
1218 1375 1609 1446 gloriﬁcatione
1659 1375 1730 1431 ob
1766 1390 1957 1430 eorum
2012 1388 2134 1444 quae

575 1468 917 1538 contigerunt
961 1476 1017 1524 et
1042 1482 1071 1522 a
1104 1466 1212 1522 Deo
1243 1468 1385 1522 facta
1431 1475 1556 1523 sunt
1597 1466 2130 1531 contemplationem.

1050 1641 1370 1699 PSALMUS
1417 1643 1651 1700 CXLIX.

602 1798 613 1807 .
642 1735 806 1791 Vens.
836 1736 885 1790 1.
939 1734 1163 1791 Cantate
1206 1734 1432 1791 Domino
1455 1739 1718 1791 canticum
1766 1752 1951 1792 novum
1978 1778 1994 1805 ,
2023 1744 2130 1792 etc.

570 1826 664 1884 llle
713 1829 861 1883 canit
909 1843 1104 1883 novum
1152 1830 1419 1883 canticum
1467 1829 1559 1897 qui
1592 1838 1827 1884 veterem
1862 1829 2133 1885 hominem

570 1920 863 1976 secundum
890 1921 1094 1976 erroris
1138 1921 1404 1976 desideria
1434 1930 1744 1992 corruptum
1782 1921 2048 1991 deposuit,
2081 1928 2136 1979 et

570 2027 769 2068 novum
797 2012 973 2067 induit
1000 2013 1091 2084 qui
1132 2012 1431 2068 secundum
1462 2013 1634 2068 Deum
1663 2022 1881 2070 creatus
1904 2022 2009 2069 est.

640 2195 771 2255 IBID.
805 2196 946 2251 Laus
972 2197 1086 2268 ejus
1111 2198 1163 2250 in
1186 2193 1427 2250 Ecclesia
1450 2205 1779 2262 sanctorum,
1803 2203 1907 2251 etc.
1940 2195 2136 2263 Quem-

569 2288 858 2344 admodum
906 2305 927 2339 ο
979 2304 1085 2345 non
1116 2299 1199 2345 est
1225 2291 1469 2361 speciosa
1499 2290 1616 2345 laus
1662 2290 1715 2344 in
1749 2305 1845 2346 ore
1873 2299 2131 2360 peccato-

566 2385 643 2439 ris
668 2384 737 2445 ⁵⁸.
774 2402 794 2436 ι
833 2383 908 2460 ita
937 2397 1038 2439 nec
1068 2383 1121 2438 in
1157 2382 1400 2441 Ecclesia
1434 2383 1842 2455 malignantium
1872 2422 1888 2449 ,
1932 2383 2032 2439 sed
2076 2384 2131 2439 in

565 2474 809 2531 Ecclesia
862 2484 1176 2532 sanctorum
1215 2492 1232 2543 ;
1291 2477 1451 2548 idque
1500 2476 1553 2530 in
1603 2476 1707 2531 hac
1755 2476 1932 2546 potius
1967 2490 2130 2547 quam

564 2567 647 2621 vel
675 2567 727 2620 in
755 2582 860 2622 uno
889 2566 1093 2638 aliquo,
1131 2574 1224 2623 aut
1258 2569 1311 2624 in
1349 2568 1564 2640 paucis.

636 2660 801 2716 Vens.
837 2660 890 2715 2.
922 2660 1156 2717 Lmtetur
1192 2661 1365 2717 Israel
1397 2664 1454 2716 in
1502 2679 1561 2717 eo
1590 2666 1681 2733 qui
1716 2662 1837 2733 fecit
1877 2679 1993 2718 eum
2024 2704 2038 2727 ,
2083 2673 2132 2718 et

566 2751 666 2820 ﬁlii
696 2750 826 2807 Sion
855 2752 1115 2808 exsultent
1145 2755 1198 2807 in
1225 2768 1339 2824 rege
1367 2770 1485 2818 suo,
1512 2763 1616 2809 etc.
1645 2753 1779 2809 Cum
1807 2755 1872 2811 de
1894 2756 1986 2811 illo
2011 2755 2132 2825 qui-

566 2846 689 2901 dem
725 2847 867 2916 quod
898 2855 980 2901 est
1005 2845 1301 2901 secundum
1329 2845 1618 2915 imaginem
1648 2846 1854 2903 dictum
1879 2849 1955 2903 sit
1990 2866 2006 2901 I
2044 2847 2129 2905 fe-

565 2941 674 3007 cit;
714 2960 733 2992 ι
769 2941 836 2996 de
866 2955 931 2996 eo
960 2956 1086 2997 vero
1136 2941 1277 3011 quod
1314 2950 1399 2996 est
1433 2940 1499 2995 de
1531 2940 1755 3011 pulvere
1803 2941 2007 2997 dictum
2060 2942 2130 2997 sit

573 3053 592 3085 ο
630 3032 906 3097 formavit,
943 3052 963 3086 ι
996 3042 1051 3089 et
1076 3042 1263 3088 sancta
1294 3032 1481 3087 laetitia
1516 3034 1778 3088 consistat
1810 3034 1863 3088 in
1893 3049 1959 3090 eo
1985 3035 2126 3104 quod

564 3132 649 3179 est
679 3124 974 3179 secundum
1008 3125 1320 3196 imaginem,
1356 3124 1559 3179 idcirco
1583 3122 1747 3197 847
1771 3122 1938 3181 Israel
1963 3125 2126 3195 jube-

568 3222 659 3269 tur
710 3215 879 3270 lxtari
936 3215 989 3270 in
1021 3230 1086 3269 eo
1114 3216 1204 3284 qui
1249 3214 1378 3269 fecit
1406 3231 1555 3271 eum.
1587 3216 1741 3272 Filtis
1777 3228 1958 3274 autem
1995 3219 2125 3273 Sion

569 3308 799 3377 imperat
836 3306 1107 3368 Christus,
1154 3306 1204 3359 id
1233 3317 1315 3362 est
1347 3307 1634 3377 sapientia,
1672 3308 1896 3365 verbum
1924 3350 1939 3377 ,
1984 3310 2128 3365 veri-

563 3406 666 3465 tas,
703 3399 755 3451 in
787 3413 892 3468 quo
926 3397 1219 3452 exsultent.

649 3491 808 3545 Vsus.
839 3490 895 3545 5.
926 3488 1159 3544 Laudent
1195 3505 1378 3544 nomen
1402 3488 1513 3560 ejus
1540 3492 1597 3545 in
1617 3492 1774 3546 choro
1801 3532 1816 3558 ,
1845 3501 1955 3548 etc.
1986 3492 2124 3549 Cum

563 3582 718 3638 multi
747 3583 801 3636 in
833 3583 1021 3638 eadem
1075 3590 1255 3637 mente
1303 3592 1355 3638 et
1396 3584 1583 3638 eadem
1635 3585 1898 3640 sententia
1932 3586 2126 3641 unani-

563 3674 724 3730 m‘iter
756 3689 861 3730 uno
892 3675 1073 3729 animo
1107 3682 1161 3727 et
1202 3688 1309 3729 uno
1356 3675 1519 3729 corde
1561 3674 1782 3730 laudant
1828 3691 2019 3731 nomen
2070 3685 2126 3732 ct

558 3766 946 3837 proprietatem
998 3766 1159 3834 regis,
1213 3773 1341 3820 tunc
1391 3764 1612 3820 laudant
1650 3780 1847 3821 nomen
1898 3766 2014 3837 ejus
2068 3768 2122 3823 in

562 3859 729 3913 cboro
761 3873 881 3912 cum
912 3867 1201 3913 concentu.

631 3952 764 4007 lem.
805 3952 867 4006 In
898 3964 1144 4022 tympano
1177 3960 1223 4005 et
1246 3952 1492 4022 psalterio
1530 3951 1759 4022 psallunt
1783 3954 1852 4019 ei,
1879 3963 1986 4009 etc.
2020 3953 2122 4023 Qui

560 4045 779 4114 quidem
837 4045 1165 4099 mortiﬁcant
1219 4043 1459 4099 membra
1517 4058 1611 4099 sua
1643 4060 1763 4115 qum
1808 4038 2123 4117 sunt‘super

563 4145 786 4200 terram,
835 4149 1008 4203 eaque
1064 4135 1115 4187 in
1174 4134 1373 4203 lignum
1432 4143 1633 4201 agunt,
1681 4147 1738 4191 ut
1788 4138 1947 4192 simul
1998 4152 2120 4192 cum

559 4227 778 4282 Christo
814 4223 1137 4295 crucifigant
1170 4224 1503 4294 principatus
1533 4243 1597 4283 ac
1625 4237 1938 4299 potestates,
1984 4229 2039 4285 bi
2069 4232 2119 4286 in

2236 454 2391 523 ὕδωρ
2429 453 2497 507 τό
2531 451 2805 522 ὑπεράνω
2831 452 2948 506 τῶν
2974 451 3256 520 οὐρανῶν
3288 452 3666 509 αῑνεσὰτωσαν
3689 463 3731 514 τό

2235 544 2423 613 ὄνομα
2460 545 2701 613 Κυρίου,
2737 559 2791 596 κ.
2825 560 2878 597 τ.
2909 543 2957 596 ὲ.
2986 542 3235 614 Οὐρανός
3264 541 3386 593 ἐστι
3418 543 3586 613 νοητὸς
3625 546 3732 614 quia:

2233 635 2422 708 λογικὴ
2461 636 2552 690 τὸν
2592 636 2691 707 τῆς
2716 634 3061 705 δικαιοσύνης
3086 635 3247 706 ἥλιον
3293 635 3353 687 ἐν
3402 636 3530 705 αὐτῇ
3574 642 3735 709 περιφέ-

2239 747 2425 800 ρουσα.

2313 821 2423 875 Τοῦ
2450 820 2654 877 αὑτοῦ.
2684 819 2867 891 ’Υδωρ
2888 819 2948 872 τὸ
2979 820 3164 873 ὲπάνω
3187 817 3307 872 τῶν
3328 818 3561 889 οὐρανῶν
3578 818 3736 888 λογικὰς

2237 909 2428 981 φύσεις
2462 910 2735 981 σημαίνει,
2768 910 3178 981 κεχωρισμένας
3212 908 3329 962 ἀπὺ
3358 907 3465 962 τῶν
3494 911 3547 962 ὲν
3572 914 3658 975 τοῖς
3676 913 3736 964 e3-

2239 1006 2421 1074 ρανοῖς
2451 1003 2619 1057 ὄντων
2648 1002 2876 1057 ὑδάτων.
3416 1003 3421 1007 ’
3523 1007 3528 1010 ’

2307 1095 2417 1148 Kal.
2456 1095 2687 1163 ὑψώσει
2714 1094 2892 1163 κέρας
2924 1095 3076 1150 λαοῦ
3122 1093 3344 1159 αὑτοῦ,
3378 1111 3433 1148 κ.
3471 1110 3520 1149 τ.
3547 1095 3588 1148 ὲ.
3611 1095 3736 1167 Κέρας

2237 1186 2352 1239 ἐστὶ
2381 1185 2503 1249 νοῦς
2531 1187 2787 1258 καθαρός.

2310 1278 2534 1347 ’Ύμνος
2559 1277 2710 1335 πᾶσι
2735 1279 2861 1346 τοῖς
2887 1281 3080 1347 ὁσίοις
3100 1280 3323 1346 αὐτοῦ,
3358 1298 3412 1335 ι.
3441 1298 3490 1334 τ.
3519 1282 3562 1336 ἑ.
3593 1284 3737 1355 Tum;

2235 1369 2380 1423 ἐστὶν
2419 1370 2684 1442 ἐμπληξις
2725 1372 2861 1443 μετὰ
2898 1372 3207 1442 δοξο).ογίας
3248 1374 3347 1426 ἐπὶ
3374 1375 3441 1445 τῇ
3472 1373 3741 1447 θεωρίᾳτῶν

2236 1463 2533 1532 γεγονότων
2561 1465 2655 1519 καὶ
2682 1467 2988 1538 γενομένων
3014 1467 3120 1520 ὑπὸ
3151 1466 3318 1521 Θεοῦ.

2165 1651 2208 1708 Β
2760 1644 3049 1699 ΨΛΛΜΟΣ
3093 1642 3280 1697 PMO'.

2307 1738 2527 1808 ’ᾼσατε
2551 1735 2632 1802 τῷ
2673 1736 2869 1804 Καρίῳ
2905 1729 3068 1806 ᾆσμα
3100 1735 3343 1797 καινὸν,
3377 1752 3436 1791 κ.
3471 1752 3521 1790 τ.
3556 1737 3595 1788 ἑ.
3621 1727 3740 1796 Οὗτος

2233 1831 2349 1904 ᾅδει
2378 1830 2489 1903 (22)
2529 1830 2716 1884 καινὸν
2742 1826 2892 1902 ᾆσμα
2914 1831 2943 1883 ὁ
2969 1829 3059 1882 τὸν
3094 1829 3331 1883 παλαιὸν
3364 1827 3624 1899 ἄνθρωπον
3648 1829 3739 1880 ἁπι-

2233 1923 2476 1994 θέμενος,
2520 1922 2614 1976 τὸν
2663 1922 3014 1994 φθειρόμενον
3048 1921 3192 1975 κατὰ
3225 1920 3329 1985 τὰς
3372 1920 3641 1991 ἐπιθυμίας
3675 1921 3740 1988 τῆς

2230 2016 2466 2088 ἀπάτης,
2509 2016 2603 2070 καὶ
2650 2016 3008 2085 ἐνδυσάμενος
3051 2014 3146 2069 τὸν
3192 2015 3318 2068 νέον
3359 2014 3450 2068 τὸν
3488 2011 3614 2068 κατὰ
3647 2012 3738 2064 Θεὸν

2232 2109 2539 2163 κτισθέντα.

2318 2200 2380 2254 Ἠ
2406 2199 2638 2264 αἷνεσις
2666 2195 2851 2251 αὑτοῦ
2880 2196 2950 2250 ἐν
2987 2197 3322 2264 Ἐκκλησίᾳ
3354 2197 3547 2259 ὁσίων,
3576 2213 3621 2250 κ.
3647 2193 3734 2250 ei.

2244 2292 2331 2356 Ὠς
2361 2311 2380 2343 ‹
2413 2293 2512 2363 οὐχ
2538 2291 2737 2363 ὡραῖος
2761 2289 2871 2361 (25)
2898 2283 3045 2353 αἶνος
3068 2290 3126 2342 ἐν
3148 2290 3386 2361 στόματι
3410 2285 3733 2359 ἁμαρτωλοῦ·ι

2231 2385 2403 2450 οὕτως
2446 2385 2566 2438 οὐδὲ
2619 2387 2677 2439 ἐν
2734 2382 3029 2454 Ἐκκλησία
3073 2382 3542 2454 πονηρευομένων,
3573 2380 3664 2433 ἀλλ’
3696 2380 3735 2429 ἐν

2244 2477 2541 2550 Ἐκκλησία
2586 2477 2781 2531 όσίων·
2820 2477 2915 2531 καὶ
2945 2478 3003 2530 ὲν
3047 2474 3222 2547 ταύτῃ
3263 2472 3519 2545 μᾶλλονῆ
3555 2475 3603 2525 ὲν
3624 2470 3733 2539 tam,

2231 2575 2288 2627 ὲν
2320 2573 2538 2643 ὀλίγοις.

2301 2664 2703 2736 Εὐφρανθήτω
2741 2663 2980 2733 Ἰσραὴλ
3012 2663 3108 2718 ἐπὶ
3138 2662 3219 2729 τῷ
3251 2660 3557 2727 ποιήσαντι
3579 2658 3728 2720 αὑτὸν,

2231 2759 2329 2813 καὶ
2351 2759 2469 2813 υἱοὶ
2498 2757 2650 2812 Σιὼν
2675 2756 3181 2827 ἀγαλλιάσθωσαν
3203 2756 3307 2809 ἐπὶ
3336 2755 3416 2821 τῷ
3427 2751 3726 2819 βασιλεῖαι)-

2229 2849 2367 2915 τῶν,
2403 2868 2459 2904 κ.
2499 2867 2551 2903 τ.
2590 2851 2636 2903 ὲ.
2692 2850 2842 2904 Ἐπεὶ
2884 2850 3012 2922 περὶ
3048 2848 3145 2920 μὲν
3180 2848 3296 2919 (24)
3340 2847 3431 2901 τοῦ
3467 2847 3575 2899 κατ’
3599 2843 3726 2897 εἰκόνι

2231 2940 2290 2994 τὸ
2328 2957 2348 2992 t
2386 2940 2639 3012 ἐποίησεν
2672 2960 2690 2992 ι
2721 2941 2952 3013 εἴρηται,
2989 2941 3117 3012 περὶ
3147 2938 3205 2993 δὲ
3236 2937 3337 2992 τοῦ
3367 2937 3469 2991 ἀπὸ
3498 2934 3578 2989 τοῦ
3595 2933 3666 3005 χοῦ
3686 2932 3725 2983 τὸ

2234 3051 2252 3083 ι
2289 3031 2512 3096 ἔπλασε,
2550 3051 2568 3083 ι
2604 3033 2698 3085 καὶ
2729 3034 2762 3104 ἡ
2796 3033 2926 3101 ἁγία
2954 3031 3265 3104 εὐφροσύνη
3293 3029 3443 3100 ὲντῷ
3468 3028 3575 3082 κατ’
3595 3025 3723 3079 εξκένι

2227 3125 2375 3177 ἐστί·
2422 3123 2511 3178 διὰ
2560 3123 2717 3178 τοῦτο
2765 3124 2979 3198 Ἰσραὴλ
3013 3124 3105 3177 ἐπὶ
3154 3123 3231 3194 τῷ
3298 3123 3561 3194 ποιήσαντι
3610 3115 3723 3171 αὐτὸν

2226 3214 2623 3286 προστάσσεται
2655 3214 3056 3287 εὐφραίνεσθαι.
3086 3215 3232 3267 Υίῶν
3276 3213 3332 3266 δὲ
3368 3211 3497 3265 Σιὼν
3520 3206 3723 3278 βασιλεύει

2230 3302 2482 3378 Χριστὸς,
2506 3308 2748 3361 τουτέστι
2769 3306 2946 3377 σοφία,
2968 3304 3124 3375 λόγος
3138 3349 3153 3373 ,
3182 3305 3427 3378 ἀλήθεια,
3450 3304 3528 3371 ἐφ’
3605 3296 3722 3366 ἀταλ·

2226 3397 2550 3452 λιάσθωσαν.

2296 3488 2724 3546 Αἰνεσάτωσαν
2748 3488 2814 3543 τὸ
2841 3488 3028 3559 ὄνομα
3051 3487 3236 3542 αὑτοῦ
3270 3488 3340 3541 ἐν
3365 3483 3526 3557 χορῷ,
3554 3500 3599 3535 κ.
3624 3496 3661 3534 τ.
3686 3479 3717 3530 ἑ.

2236 3582 2364 3637 Ἐὰν
2394 3583 2445 3636 oi
2479 3581 2663 3635 πολλοὶ
2698 3579 2812 3652 (25)
2860 3583 2918 3634 ὲν
2956 3579 3037 3650 τῷ
3083 3578 3232 3649 αὐτῷ
3278 3578 3358 3634 νοῒ
3394 3577 3480 3631 καὶ
3523 3576 3580 3645 τῇ
3622 3569 3717 3637 αὐτῇ

2225 3673 2417 3746 γνώμῃ
2448 3671 2787 3745 ὁμοθυμαδὸν
2826 3673 2923 3742 μιᾷ
2945 3671 3089 3742 ψυχῇ
3120 3673 3213 3725 κα)⁵
3244 3673 3345 3742 μιᾷ
3371 3668 3548 3739 καρδίᾳ
3575 3661 3717 3718 civim

2224 3768 2285 3820 τὸ
2309 3768 2478 3838 ὄνομα
2506 3766 2599 3819 καὶ
2636 3763 2734 3835 τὴν
2764 3763 3003 3834 ἰδιότητα
3050 3763 3142 3818 τοῦ
3182 3764 3457 3835 βασιλέως,
3484 3755 3654 3813 alveum
3676 3752 3717 3804 τὸ

2255 3875 2394 3929 νομα
2425 3855 2590 3912 αὐτοῦ
2621 3859 2678 3910 ὲν
2712 3855 2856 3927 χορῷ
2893 3854 3031 3927 μετὰ
3062 3857 3395 3927 συμφωνίας.

2305 3954 2401 4005 Ἐν
2426 3950 2709 4020 τυμπάνῳ
2740 3951 2837 4005 καὶ
2869 3951 3175 4020 ψωλτηρίῳ
3211 3949 3557 4019 ψιλιάτωσαν
3579 3939 3711 4004 aius-1i

2222 4061 2276 4097 κ.
2304 4060 2356 4096 τ.
2390 4044 2435 4097 ἑ.
2481 4042 2543 4096 Οἱ
2576 4042 2675 4113 μὲν
2717 4040 3086 4113 νεκρώσαντες
3118 4042 3227 4114 (26)
3259 4042 3331 4095 τὰ
3368 4042 3453 4094 ἐπὶ
3484 4039 3574 4108 γῆς
3595 4034 3708 4106 μέλη,

2222 4136 2316 4190 καὶ
2347 4134 2710 4203 ἀναγαγόντες
2750 4133 2842 4187 ἐπὶ
2870 4132 2932 4187 τὸ
2972 4134 3126 4199 ξύλον
3171 4133 3248 4205 τῷ
3289 4130 3494 4206 Χριστῷ
3533 4142 3710 4182 συστεν-

2224 4227 2443 4299 ροῦσθαι
2485 4226 2583 4290 τὰς
2621 4225 2795 4299 ἀρχὰς
2846 4227 2940 4280 καὶ
2982 4227 3080 4293 τὰς
3121 4226 3386 4294 ἐξουσίας,
3418 4227 3469 4279 ἐν
3507 4219 3710 4291 τυμπάνῳ

562 4328 818 4391 tympano
863 4316 1096 4386 psallunt
1130 4316 1239 4371 Deo
1271 4333 1288 4372 :
1319 4318 1409 4387 qui
1448 4333 1577 4375 vero
1611 4321 1706 4375 loti
1745 4332 1872 4378 sunt
1907 4322 2117 4392 spiritui

2228 4319 2481 4390 ψάλλουσι
2513 4318 2591 4390 τῷ
2620 4319 2773 4388 Θεῷο
2804 4323 2853 4375 οἱ
2885 4322 2943 4375 δὲ
2975 4321 3255 4392 ὁλόκληροι
3294 4322 3385 4374 καὶ
3413 4315 3623 4390 ἁρμόνιοι
3655 4308 3708 4379 τῷ

560 4410 985 4474 consentientes,
1022 4409 1074 4463 in
1101 4408 1378 4477 psalterio.

629 4500 795 4557 Vens.
827 4500 883 4556 4.
920 4500 1057 4566 Quia
1100 4500 1478 4570 beneplacitum
1499 4512 1573 4555 est
1597 4502 1821 4560 Domino
1851 4506 1904 4559 in
1928 4506 2118 4576 populo

556 4609 674 4659 suo,
705 4602 751 4647 et
797 4592 1043 4647 exaltabit
1075 4601 1375 4647 mansuetos
1409 4595 1466 4647 in
1497 4595 1692 4661 salute,
1727 4605 1836 4654 etc.
1863 4597 2116 4670 Compla-

558 4691 645 4738 cet
691 4682 793 4737 sibi
833 4682 1093 4739 Dominus
1142 4683 1197 4739 in
1245 4691 1397 4754 parte
1443 4700 1581 4753 sua,
1614 4703 1732 4758 quae
1779 4699 1859 4745 est
1890 4691 2118 4760 populus

548 4776 673 4845 ejus
700 4816 716 4841 ,
753 4790 858 4828 non
890 4774 943 4828 in
979 4775 1086 4831 alio
1129 4777 1328 4848 populo
1358 4777 1583 4847 alioujus
1631 4780 1895 4851 principis
1936 4783 2118 4838 szcculi

552 4868 732 4938 hujus.
767 4868 831 4923 Et
860 4868 1120 4925 exaltabit
1163 4881 1476 4927 mansuetos
1526 4873 1576 4927 in
1625 4888 1687 4928 ea
1746 4889 1909 4943 quam
1959 4875 2120 4931 mites

554 4960 875 5016 hmreditate
902 4962 1193 5031 accipiunt,
1248 4974 1389 5018 terra
1419 4981 1523 5019 non
1571 4964 1845 5033 inferiore,
1896 4966 1989 5021 sed
2027 4966 2115 5022 illa

554 5053 647 5108 ubi
696 5062 782 5109 est
829 5068 1061 5124 superna
1119 5054 1440 5111 Jerusalem.
1491 5055 1761 5112 Exaltabit
1798 5057 1939 5111 enim
1977 5054 2114 5115 Deus

557 5151 867 5199 mansuetos
898 5143 951 5199 in
981 5143 1158 5201 salute
1187 5188 1202 5212 ,
1248 5155 1301 5201 et
1329 5140 1676 5204 exsultabunt
1708 5149 1881 5205 sancti
1909 5150 1961 5203 in
1999 5150 2113 5221 glo-

525 5237 655 5332 lria.
704 5235 760 5292 In
789 5236 1201 5309 qualigloria?
1241 5240 1440 5332 utique
1473 5240 1538 5295 de
1569 5255 1674 5310 qua
1732 5240 1899 5295 dicit:
1937 5258 1955 5293 ι
2006 5240 2110 5311 Qui

553 5329 833 5399 gloriatur,
862 5332 917 5384 in
954 5331 1180 5386 Domino
1205 5329 1465 5401 glorietur
1490 5332 1569 5394 διε
1614 5351 1634 5384 ι
1668 5332 1751 5388 vel
1778 5332 1829 5387 in
1860 5333 1951 5389 tali
1974 5350 2106 5406 qua-

626 5423 672 5455 ⁸³
699 5424 862 5481 Eccli.
895 5441 985 5491 xv,
1010 5426 1064 5482 9.
1139 5426 1186 5458 “
1214 5425 1234 5479 ι
1265 5424 1391 5481 Cor.
1439 5442 1496 5492 ι,
1552 5427 1641 5482 51.

756 5512 949 5591 ῼςῦτος-
968 5516 1117 5591 ᾄδει,
1147 5525 1251 5591 etc.
1286 5516 1511 5591 Schedee
1534 5516 1742 5591 Grabji.

772 5583 861 5662 Et;
890 5589 1002 5662 οὐχ
1029 5587 1260 5662 ὡραῖος.
1294 5588 1632 5662 etc._i3atena
1659 5588 1936 5662 Gorderii.‘

621 5653 731 5725 (24)
774 5655 931 5708 Ἐπεὶ
959 5653 1090 5724 περὶ
1109 5658 1241 5729 μέν.
1271 5671 1370 5715 etc.
1413 5658 1630 5716 Eadem.

2226 4410 2515 4482 πνεύματι,
2550 4412 2606 4465 ὲν
2639 4412 2936 4485 ψαλτηρίῳ.

2297 4503 2423 4556 ’Ότι
2451 4501 2687 4557 εὐδοκεῖ
2708 4505 2921 4572 Κύριος
2950 4502 3020 4557 ἐν
3040 4502 3168 4569 λαῷ
3189 4503 3390 4566 αὑτοῦ,
3421 4500 3501 4555 καὶ
3528 4494 3703 4564 ὑψώσει

2224 4595 2428 4665 πραεῖς
2451 4594 2520 4648 ἐν
2541 4596 2823 4664 σωτηρίᾳ,
2859 4612 2912 4648 κ.
2943 4613 2994 4648 τ.
3028 4595 3073 4649 ὲ.
3105 4594 3329 4648 Εὐδοκεῖ
3355 4592 3533 4665 Κύριος
3557 4586 3643 4655 (27)
3664 4583 3704 4633 ἐν

2218 4691 2283 4761 τῇ
2314 4688 2419 4760 ἰδίᾳ
2458 4687 2657 4760 μερίδι,
2683 4688 2805 4759 ἥτις
2835 4686 2978 4741 ἔστιν
3007 4688 3035 4740 ὁ
3062 4686 3189 4750 λαὸς
3216 4687 3394 4751 αὐτοῦ,
3421 4686 3506 4739 οὐκ
3532 4681 3580 4732 ἐν
3598 4674 3701 4740 ἀλλφ

2218 4780 2364 4843 τινὸς
2408 4778 2662 4851 ἄρχοντος
2700 4777 2794 4832 τοῦ
2824 4778 3020 4842 αἰῶνος
3050 4778 3240 4833 τούτου
3274 4779 3399 4850 λαῷ.
3428 4776 3522 4829 Καὶ
3548 4767 3696 4839 idibus:

2220 4874 2413 4944 πραεῖς
2448 4872 2527 4936 είς
2553 4871 2654 4943 γῆν
2691 4870 2757 4942 ἢν
2797 4871 3218 4942 κληρονομοῦσιν
3258 4873 3305 4925 οἱ
3340 4871 3523 4943 πραεῖς,
3555 4862 3603 4915 οὗ
3626 4860 3696 4927 τὴν

2219 4966 2385 5030 κάτω,
2414 4964 2550 5018 ἀλλὰ
2576 4964 2776 5036 ταύτην
2804 4965 2889 5035 ἐφ’
2920 4959 2988 5036 ἧς
3011 4965 3158 5018 ἐστὶν
3186 4966 3219 5038 ἡ
3253 4966 3360 5020 ἄνω
3395 4954 3690 5033 Ἰερουσαλήμ

2219 5056 2423 5129 ὑψώσει
2449 5056 2557 5129 γὰρ
2588 5056 2718 5120 Θεὸς
2748 5060 2941 5130 πραεῖς
2977 5058 3035 5110 ὲν
3065 5057 3333 5129 σωτηρίᾳο
3363 5056 3444 5111 καὶ
3469 5048 3691 5119 καυχήσον·

2215 5165 2305 5204 ται
2333 5150 2465 5202 ὅσιοι
2507 5150 2567 5200 ὲν
2602 5147 2743 5221 δόξῃ.
2793 5148 2893 5202 Ἑν·
2914 5148 3042 5222 ποίᾳ
3076 5149 3239 5222 δόξῃς
3290 5148 3497 5217 εὐλόγως
3520 5139 3618 5209 περὶ
3642 5131 3689 5205 ἧς

2216 5257 2408 5314 φησιν’
2450 5259 2471 5293 ι
2538 5242 2594 5295 Ὀ
2641 5241 2987 5313 καυχώμενος
3032 5244 3090 5296 ὲν
3144 5244 3333 5314 Κυρίῳ
3375 5232 3680 5308 καυχάσθω-³

2209 5333 2242 5405 ἢ
2278 5332 2500 5408 τοιαύτῃ
2551 5333 2740 5387 ὁποίαν
2788 5331 2903 5406 εἶχε
2955 5336 3218 5407 Μωῦσῆς,
3266 5337 3353 5390 ὅτε
3393 5314 3686 5393 δεδόξασταιῆ

2319 5518 2408 5588 25)
2456 5518 2595 5584 Ἐὰν
2616 5522 2671 5572 οι
2698 5522 2936 5588 πολλοί,
2963 5531 3070 5576 etc.
3099 5521 3316 5578 Eadem.

2316 5589 2406 5655 26)
2440 5592 2504 5643 Ol
2517 5589 2635 5658 μὲν
2659 5591 3086 5658 νεκρώσαντες,
3111 5603 3217 5648 etc.
3248 5594 3449 5649 Eadem.

2287 5657 2677 5730 (27yE060er
2698 5657 2931 5729 Κύριος,
2962 5657 3067 5720 etc.
3109 5662 3322 5720 Eadem.
