3928 6158
200 227 378 285 1681

1267 228 1574 286 SELECTA
1609 229 1677 284 lN
1711 229 2047 287 PSALMOS.
2079 259 2153 277 —-
2178 228 2376 285 PSAL.
2418 228 2522 285 CL.

3335 227 3499 287 “382"

202 343 363 415 ὀψις
393 342 489 398 τοῦ
520 343 810 415 προσώπου
840 345 1006 399 αὑτοῦ
1027 363 1040 376 ·
1066 346 1160 399 καὶ
1185 346 1312 417 περὶ
1335 341 1403 418 ἧς
1428 363 1590 417 φησιν
1611 348 1640 400 ό
1668 345 1795 400 Παῦ-

1914 345 2017 402 letu
2061 346 2268 418 Moyses
2317 345 2528 410 habuit,
2575 340 2791 414 quando
2838 342 3133 415 glorificata
3164 352 3247 397 est
3300 344 3467 399 facies

214 436 361 498 λοςο
404 453 424 485 t
473 436 661 505 Ἡμεῖς
692 435 750 488 δὲ
780 435 978 500 πάντες
1009 437 1512 509 ἀνακεκαλυμμένῳ
1537 437 1795 509 προσώπιι

1910 436 2086 491 vultus
2113 438 2256 506 ejus;
2284 445 2337 491 et
2357 436 2425 489 de
2448 450 2550 505 qua
2585 436 2788 492 Paulus
2821 435 2959 490 ait”
2982 453 2993 490 :
3020 453 3038 487 ι
3070 432 3180 489 Nos
3194 448 3324 490 vero
3350 449 3468 488 om-

216 527 340 599 ’.τὴν
386 527 542 593 δόξαν
584 528 791 597 Κυρίου
828 528 1347 599 κατοπτριζόμενοι,
1396 531 1496 601 τὴν
1528 529 1694 601 αὐτὴν
1728 532 1806 584 εί-

230 619 375 673 ιιόνα
398 621 895 694 μεταμορφούμεθα
919 622 1028 678 ἀπὸ
1056 621 1216 693 δόξης
1245 625 1325 687 εἰς
1347 623 1521 688 δόξαν.
1562 643 1581 675 ι

308 803 423 858 Kal
457 803 927 875 ἀγαλλιάσονται
955 805 1055 859 ἐπὶ
1086 804 1205 861 τῶν
1234 805 1449 861 κοιτῶν
1495 807 1712 874 αὐτῶν,
1747 825 1802 862 κ.

214 911 283 949 τ.
317 897 367 950 έ.
407 896 844 964 Ἀγαλλιάσονται
873 898 983 968 (28)
1023 899 1115 951 ἐπὶ
1137 898 1245 954 τῶν
1276 898 1470 952 κοιτῶν
1497 897 1695 964 αὐτῶν,
1724 892 1806 964 οἷς

223 1004 254 1039 ι
294 987 331 1057 ἡ
379 985 475 1052 νὺξ
514 987 837 1060 προέκοψεν,
881 988 998 1060 ἡδὲ
1030 988 1212 1060 ἡμέρα
1251 990 1510 1060 ἤγγικενο
1554 1008 1574 1041 ι
1616 989 1665 1042 οἳ
1712 989 1804 1043 καὶ

207 1080 307 1145 ὡς
342 1083 401 1134 ἐν
419 1080 601 1153 ἡμέρᾳ
625 1082 975 1153 εὐσχημόνως
1005 1080 1414 1152 περιπατοῦσιν,
1451 1100 1470 1135 ‹
1505 1081 1567 1136 οὐ
1599 1080 1804 1153 κώμοις

218 1173 329 1227 καὶ
364 1173 574 1245 μέθαις,
609 1173 670 1228 οὑ
699 1173 903 1237 κοίταις
934 1172 1028 1226 καὶ
1059 1173 1385 1243 ἀσελγείαις.
1427 1193 1448 1227 s

304 1359 376 1411 Αἱ
420 1356 686 1427 ὑψώσεις
744 1356 851 1411 τοῦ
886 1356 1033 1411 Θεοῦ
1076 1358 1146 1412 ἐν
1180 1356 1263 1423 τῷ
1300 1354 1553 1427 λάρυττι
1582 1353 1798 1421 αὐτῶν,

219 1468 286 1505 κ.
318 1468 371 1504 τ.
397 1453 441 1504 ὲ.
467 1445 564 1504 Ὧν
587 1451 648 1503 οὐ
678 1434 844 1521 τάφος
871 1451 982 1522 (29)
1011 1449 1354 1521 ἀνεῳγμένος
1376 1452 1406 1502 ό
1428 1448 1652 1520 λάρυγξ,
1680 1448 1802 1503 τού-

214 1561 340 1597 των
375 1543 609 1614 ὑψώσεις
649 1544 783 1597 Θεοῦ
815 1545 872 1597 ὲν
918 1544 996 1615 τῷ
1026 1543 1259 1614 λάρυγγι
1301 1541 1502 1607 αὐτῶν,
1532 1544 1625 1597 καὶ
1670 1544 1803 1615 ῥομ-

219 1636 389 1703 φαῖαι
425 1634 663 1705 δίστομοι
710 1637 769 1688 ἐν
818 1637 938 1698 ταῖς
985 1634 1173 1706 χερσὶν
1214 1632 1392 1687 αὐτῶν
1428 1632 1538 1687 τῶν
1569 1632 1800 1703 ἑτοίμως

1906 544 2004 584 nes
2052 530 2290 584 revelata
2342 528 2481 585 facie
2506 529 2730 599 gloriam
2758 527 2971 584 Domini
3012 524 3377 596 speculantes,
3408 525 3461 580 in

1906 620 2165 675 eamdem
2218 622 2505 692 imaginem
2554 622 3005 677 transformamur
3045 635 3076 673 a
3111 618 3360 675 claritate
3408 615 3489 672 in-

1907 711 2235 768 claritatem.
2277 732 2297 766 ι

1975 804 2135 861 Vnus.
2163 805 2219 860 5.
2247 804 2316 860 Et
2350 807 2668 861 lwlabuntur
2688 806 2740 859 in
2762 805 3017 860 cubilibus
3044 806 3179 871 suis,
3209 814 3316 862 etc.
3347 804 3465 862 Lua-

1908 898 2165 952 labuntur
2192 896 2248 951 in
2284 897 2555 952 cubilibus
2583 897 2696 952 suis
2726 897 2972 967 iiquibus
2990 915 3008 949 ι
3034 912 3134 951 nox
3161 900 3463 968 praecessit,

1904 983 2021 1038 dies
2060 992 2239 1039 autem
2274 984 2725 1054 appropinquavit
2748 986 2794 1016 ⁵⁸
2827 1003 2841 1039 :
2886 1003 2906 1037 ι
2933 987 3022 1053 qui
3058 986 3223 1041 etiam
3277 1005 3297 1039 ι
3335 996 3455 1043 tan-

1905 1088 2069 1143 quam
2101 1073 2155 1129 in
2179 1074 2265 1129 die
2308 1074 2537 1130 honeste
2566 1075 2867 1143 ambulant,
2895 1091 3003 1131 non
3047 1075 3102 1130 in
3134 1092 3465 1134 commessa—

1906 1167 2140 1222 tionibus
2165 1175 2223 1222 et
2262 1166 2638 1234 ebrietatibus,
2669 1182 2776 1223 non
2812 1168 2866 1223 in
2904 1166 3172 1224 cubilibus
3197 1178 3252 1224 et
3283 1169 3461 1241 impu—

1902 1257 2050 1314 diciti
2059 1257 2124 1313 is.
2164 1277 2184 1311 ι

1972 1348 2134 1405 Vnus.
2165 1348 2220 1405 6.
2256 1348 2624 1405 Exaltationes
2662 1349 2760 1406 Dei
2794 1351 2850 1405 in
2868 1359 3079 1422 gutture
3120 1369 3322 1419 eorum,
3351 1362 3458 1409 etc.

1903 1441 2144 1509 Quorum
2176 1451 2363 1512 guttur
2396 1457 2502 1497 non
2545 1452 2629 1497 est
2662 1443 2970 1513 sepulcrum
2998 1453 3191 1515 patens
3215 1484 3232 1512 ,
3263 1444 3458 1500 borum

1901 1533 2257 1592 exaltationes
2299 1536 2395 1591 Dei
2434 1545 2561 1591 sunt
2592 1536 2647 1591 in
2683 1546 2899 1606 gutture
2945 1551 3132 1593 eorum
3168 1556 3183 1592 :
3212 1548 3267 1595 et
3294 1538 3459 1609 gladii

1902 1628 2165 1698 ancipites
2194 1631 2247 1682 in
2272 1629 2520 1684 manibus
2544 1643 2731 1684 eorum
2757 1630 2849 1701 qui
2874 1631 3108 1701 prompti
3133 1640 3260 1688 sunt
3286 1634 3354 1687 ad
3378 1631 3458 1687 ul-

218 1724 464 1793 ὲχόντων
493 1722 725 1778 ἐκδικεῖν
755 1726 933 1779 πᾶσαν
983 1725 1285 1798 παρακοὴν,
1343 1726 1437 1779 καὶ
1485 1723 1795 1797 καθαιρούν-

1910 1721 2212 1776 ciscendam
2239 1734 2450 1777 omnem
2495 1724 3003 1791 praevaricationem
3028 1765 3045 1791 ,
3089 1734 3144 1780 et
3172 1724 3459 1781 destruunt

216 1832 339 1867 των
376 1816 484 1868 πᾶν
524 1814 723 1887 ὕψωμα
749 1816 1109 1890 ἐπαιρόμενον
1137 1815 1279 1870 κατὰ
1312 1816 1411 1887 τῆς
1436 1815 1690 1885 γνώσεως
1706 1813 1799 1868 τοῦ

216 1906 388 1962 Θεοῦ.

298 1999 411 2053 Καὶ
438 1998 725 2069 ρομφαῖαι
756 1998 1029 2069 δίστομοι
1065 1997 1137 2052 ἐν
1166 1997 1295 2063 ταῖς
1330 1998 1545 2067 χερσὶν
1578 1994 1796 2062 αὐτῶν,

219 2108 281 2145 κ.
313 2109 361 2145 τ.
395 2092 441 2145 ὲ.
483 2090 771 2161 Ῥομφαῖαί
803 2090 912 2159 (50)
943 2092 1047 2143 είσι
1087 2088 1423 2159 διαλογισμοὶ
1455 2087 1548 2141 καὶ
1576 2085 1800 2158 πράξεις

216 2182 403 2254 ψυχῆς
429 2184 494 2236 ὲκ
517 2182 713 2246 κακίας
743 2182 836 2236 καὶ
871 2182 1165 2250 ἀγνωσίας.

304 2275 415 2329 Τοῦ
443 2273 649 2329 αὐτοῦ.
699 2273 967 2345 Ῥομφαία
1006 2273 1123 2326 ἐστὶ
1152 2271 1263 2343 (51)
1288 2270 1409 2336 νοῦς
1456 2269 1680 2339 λογικὸς
1706 2271 1798 2323 ὲκ-

223 2367 445 2420 κόπτων
469 2364 646 2435 ψυχὴν
674 2364 782 2418 ἀπὸ
801 2363 1000 2428 κακίας
1025 2364 1118 2418 καὶ
1149 2362 1441 2432 ἀγνωσίας.

308 2457 419 2512 Τοῦ
472 2454 717 2526 ποιῆσαι
751 2455 1067 2524 ἐκδίκησιν
1101 2456 1171 2509 ἐν
1204 2452 1330 2519 τοῖς
1356 2452 1616 2513 ἔθνεσιν,
1664 2450 1797 2504 ἑλε-

225 2551 414 2620 τμοὺς
449 2551 519 2604 ἐν
547 2551 662 2616 τοῖς
694 2549 885 2616 λαοῖς,
918 2566 972 2602 κ.
1001 2565 1051 2601 τ.
1088 2548 1134 2601 ὲ.
1167 2565 1186 2598 t
1226 2546 1535 2615 Ἐκδίκησιν
1564 2545 1661 2614 μὲν
1684 2542 1796 2612 (52)

223 2642 286 2695 ὲν
312 2644 425 2705 τοῖς
450 2640 678 2705 ἔθνεσιν,
720 2660 741 2692 s
784 2641 842 2692 ὲν
873 2641 985 2702 τοῖς
1013 2635 1336 2708 ἐτεροδόξοις
1356 2652 1369 2664 ·
1401 2654 1419 2686 t
1451 2635 1713 2704 ὲλεγμοὺς
1740 2630 1796 2684 δὲ

223 2735 285 2788 ἐν
306 2736 420 2798 τοῖς
451 2732 619 2797 λαοῖς,
658 2752 677 2784 s
713 2734 826 2795 τοῖς
854 2730 1243 2802 ἁμαρτάνουσι,
1275 2726 1417 2782 κατὰ
1444 2728 1532 2782 τὸν
1566 2727 1679 2797 βίον
1711 2745 1798 2783 νο·-

227 2824 539 2896 μιζομένοις
564 2823 1056 2894 ὲκκλησιαστικοῖς.

300 2916 412 2971 Τοῦ
441 2915 625 2984 δῆσαι
648 2915 789 2981 τοὺς
814 2913 1094 2980 βασιλεῖς
1120 2911 1320 2967 αὐτῶν
1345 2912 1417 2967 ἐν
1439 2912 1666 2979 πέδαις,
1694 2912 1793 2967 καὶ

220 3008 368 3075 τοὺς
398 3007 686 3073 ἐνδόξους
721 3005 918 3062 αὐτῶν
961 3007 1031 3059 ἐν
1081 3003 1454 3073 χειροπέδαις
1495 3003 1790 3073 σιδηραῖς,

304 3060 365 3154 ντῖ
495 3060 934 3169 Ὀἶσυμόιθάζων
961 3095 1071 3168 (55)
1081 3060 1449 3159 ’διδασκάλους
1474 3060 1793 3167 ἑτεροδόξων
1819 3060 1862 3118 c

223 3192 320 3245 καὶ
352 3191 476 3254 τοὺς
505 3192 563 3244 ὲν
598 3190 827 3255 ἐκείνοις
856 3189 1147 3253 δοκοῦντας
1177 3187 1264 3242 διὰ
1294 3185 1651 3258 νομιζομένην
1672 3188 1792 3241 ἱκα-

225 3282 425 3352 νότητα
447 3280 710 3347 ἐνδόξους,
729 3280 899 3335 δεῖται
927 3281 1164 3351 βασιλεῖς
1188 3279 1363 3333 αὐτῶν
1386 3281 1443 3332 ὲν
1472 3278 1677 3342 πέδαις,
1708 3278 1794 3332 ἴνα

228 3374 305 3445 μὴ
348 3372 682 3444 προϐαίνωσι
729 3371 808 3444 τῷ
854 3372 996 3444 λόγῳ
1038 3371 1238 3436 αὐτῶν,
1273 3372 1521 3434 καὶτοὺς
1554 3368 1795 3434 ἐνδόξους

225 3464 405 3519 αὐτῶν
445 3465 504 3518 ὲν
531 3464 871 3536 χειροπέδαις
910 3464 1174 3535 σιδηραῖς,
1210 3464 1296 3516 ἴνα
1324 3462 1518 3534 μηκέτι
1551 3460 1794 3535 κρατῶσι

222 3556 316 3610 τὸν
346 3555 509 3610 πάλαι
534 3555 623 3628 διὰ
647 3557 709 3609 τὸ
731 3554 1133 3628 εύεξαπάτητον
1162 3554 1545 3628 κρατούμενον.

302 3739 417 3795 Τοῦ
448 3739 652 3795 αὑτοῦ.
691 3740 896 3811 Δεσμός
927 3741 1043 3794 ἐστι
1083 3740 1195 3812 (54)
1221 3740 1409 3812 νοητὸς
1441 3738 1679 3795 ἀπάθεια
1704 3737 1792 3791 λο-

227 3834 387 3903 γικῆς
414 3832 591 3903 ψυχῆς
609 3849 621 3861 ·
646 3832 679 3901 ἢ
721 3831 883 3901 φόϐος
902 3832 1108 3903 Κυρίου
1138 3832 1400 3886 ἐκκλίνων
1428 3831 1536 3885 ἀπὸ
1562 3829 1790 3893 κακίας*

226 3925 261 3995 ἢ
289 3922 601 3978 διδασκαλία
645 3923 988 3995 πνευματικὴ
1029 3923 1104 3995 μὴ
1149 3922 1506 3995 συγχωροῦσα
1535 3922 1626 3976 τὸν
1670 3919 1794 3976 νοῦν

228 4017 321 4069 ἐπὶ
346 4015 443 4087 τὴν
477 4016 675 4070 κακίαν
700 4015 932 4070 ὁδεύειν*
966 4014 999 4086 ἢ
1031 4014 1219 4087 ἀγάπη
1253 4013 1595 4085 πνευματικὴ
1631 4012 1794 4084 μηδὲν

228 4105 552 4178 προτιμῶσα
583 4107 680 4177 τῆς
708 4101 960 4174 γνώσεως
985 4103 1078 4157 τοῦ
1107 4102 1263 4158 Θεοῦ.

303 4197 412 4250 Τοῦ
439 4196 687 4265 ποιῆσαι
705 4196 775 4250 ἐν
792 4194 997 4261 αὐτοῖς
1018 4195 1196 4265 κρῖμα
1217 4194 1567 4264 ἐγγραπτον,
1592 4209 1645 4245 κ.
1666 4208 1717 4244 τ.
1742 4192 1790 4245 ὲ.

229 4286 477 4342 Ποιοῦσιν
506 4289 555 4341 οἱ
591 4287 728 4340 ὅσιοι
771 4286 881 4358 (55)
916 4288 1090 4358 κρῖμα
1122 4285 1396 4357 ἔγγραφον
1436 4286 1530 4338 καὶ
1575 4282 1793 4355 γραφῆς

228 4377 323 4448 τῆς
355 4379 413 4431 ὲν
454 4378 723 4448 πνεύματι
763 4376 911 4442 ἄξιον
951 4379 1010 4431 ὲν
1039 4379 1155 4440 τοῖς
1195 4376 1608 4449 προειρημένοις
1641 4374 1789 4445 βασι-
1820 4399 1865 4456 D

229 4467 376 4522 λεῦσι
403 4469 498 4523 καὶ
527 4469 756 4535 ἐνδόξοις
774 4485 788 4499 ⁸
824 4469 919 4524 καὶ
962 4469 1139 4523 πάντα
1170 4467 1239 4523 τὰ
1268 4468 1636 4541 προειρημένα
1663 4465 1789 4533 δόξα

231 4560 343 4620 ἐστὶ
380 4562 514 4615 πᾶσι
550 4565 661 4626 τοῖς
689 4564 855 4627 ὁσίοις
887 4561 984 4616 τοῦ
1027 4558 1184 4625 Θεοῦ,
1230 4559 1305 4624 ὼς
1344 4560 1435 4616 τὸν
1486 4559 1560 4632 μὴ
1598 4558 1789 4630 ἔχοντα

230 4651 396 4707 ταῦτα
427 4654 502 4725 μὴ
533 4651 672 4708 εἶναι
704 4655 848 4709 ὅσιον
885 4653 1039 4709 Θεοῦ.

787 4834 1076 4889 ΨΑΛΜΟΣ
1113 4835 1237 4888 PN’.

300 4925 525 4980 Αἰνεῖτε
546 4926 654 4980 τὸν
681 4927 833 4981 Θεὸν
861 4927 931 4980 ἐν
957 4926 1080 4993 τοῖς
1110 4928 1299 4996 ἁγίοις
1320 4925 1525 4992 αὐτοῦ,
1567 4944 1616 4979 κ.
1650 4944 1701 4981 τ.
1741 4927 1787 4979 ὲ.

238 5017 436 5088 Μηδεὶς
480 5017 707 5085 ἐξελθὼν
753 5018 864 5089 (56)
913 5019 981 5074 τὰ
1027 5019 1157 5088 ἆγια
1206 5019 1424 5073 αἰνείτω
1468 5018 1561 5073 τὸν
1620 5018 1785 5072 Θεόνο

244 5130 261 5161 ι
294 5110 415 5174 Πῶς
464 5129 484 5164 ι
520 5111 629 5182 γὰρ
675 5131 692 5163 ι
730 5111 949 5183 ᾄσωμεν
989 5113 1085 5184 τὴν
1118 5112 1260 5184 ᾠδὴν
1306 5111 1512 5184 Κυρίου
1556 5112 1649 5165 ἐπὶ
1687 5111 1792 5183 γῆς

242 5201 546 5273 ἀλλοτρίας;
581 5224 599 5255 ι
635 5202 912 5277 ’Λλλοτρία
932 5204 989 5258 δὲ
1017 5204 1087 5276 γῆ
1117 5204 1186 5258 τὰ
1210 5203 1285 5275 μὴ
1308 5203 1460 5273 ἅγια.
1493 5205 1563 5256 Ἦ
1586 5202 1708 5256 ἐπεὶ
1728 5203 1787 5256 οὐ

1907 1831 1927 1865 t
1999 1827 2216 1868 omnem
2273 1812 2615 1870 altitudinem
2683 1814 3031 1871 extollentem
3091 1829 3150 1873 se
3201 1816 3458 1873 adversus

1901 1903 2181 1960 scientiam
2213 1904 2304 1959 Dei
2328 1905 2396 1958 ⁵⁷.
2439 1923 2458 1959 ι

1968 1995 2098 2050 leto.
2127 1994 2197 2050 Et
2224 1995 2394 2067 gladii
2428 1999 2683 2066 ancipites
2722 1998 2777 2052 in
2817 2000 3055 2055 manibus
3109 2015 3313 2064 eorum,
3345 2008 3457 2056 etc.

1898 2088 2070 2144 Gladii
2104 2098 2232 2144 sunt
2261 2089 2545 2146 ratiocinia
2575 2098 2631 2145 et
2654 2090 2898 2147 actiones
2929 2091 3123 2146 animae
3153 2106 3220 2147 ex
3250 2090 3455 2147 malitia

1899 2188 1953 2234 et
1983 2181 2305 2250 ignorantia.

1983 2270 2258 2341 Ejusdem.
2286 2271 2508 2329 Gladius
2537 2284 2621 2329 est
2648 2288 2802 2329 mens
2828 2272 3167 2330 rationabilis
3192 2288 3312 2344 qua;
3334 2274 3454 2330 aui-

1898 2377 2040 2417 tttam
2071 2378 2103 2417 a
2133 2363 2335 2418 malitia
2360 2374 2415 2418 et
2453 2363 2756 2435 ignorantia
2803 2363 3094 2420 exseittdit.
3388 2368 3401 2379 ’

1985 2453 2144 2510 Vens.
2176 2455 2230 2508 7.
2263 2456 2345 2509 Ad
2370 2455 2669 2524 faciendam
2712 2457 2995 2512 vindictam
3040 2457 3098 2513 in
3126 2457 3450 2519 nationibus.

1896 2548 2274 2616 increpationes
2306 2548 2363 2601 in
2392 2549 2620 2619 populis,
2648 2556 2754 2604 etc.
2788 2547 3124 2604 tVindictam
3153 2550 3366 2620 quidem
3395 2550 3448 2605 itt

1898 2638 2227 2703 nationibus,
2269 2658 2290 2692 ι
2346 2639 2399 2695 in
2429 2639 2776 2696 beterodoxis
2803 2641 3090 2711 videlicet;
3126 2660 3146 2695 ι
3198 2644 3447 2712 increpa.

1900 2729 2073 2784 tiones
2105 2743 2233 2784 vero
2278 2728 2333 2784 in
2362 2729 2577 2800 populis
2606 2769 2622 2796 ,
2678 2749 2697 2784 s
2748 2731 3003 2788 nimirum
3032 2732 3407 2803 peccatoribus
3434 2774 3456 2800 ,
3552 2748 3561 2757 ‘

1896 2823 1987 2894 qui
2014 2839 2081 2877 ex
2111 2823 2224 2878 vita
2248 2833 2504 2893 putantur
2528 2824 2906 2881 ecclesiastici.

1975 2912 2145 2986 848
2185 2912 2346 2969 Vens.
2397 2915 2452 2971 8.
2509 2915 2590 2968 Ad
2623 2916 2922 2986 alligandos
2978 2933 3122 2989 reges
3166 2932 3345 2971 eorum
3393 2917 3453 2970 in

1894 3008 2265 3074 compedibus,
2310 3019 2357 3062 et
2405 3007 2603 3062 nobiles
2646 3024 2826 3063 eorum
2873 3010 2930 3064 in
2978 3010 3198 3064 manicis
3227 3010 3451 3079 ferreis,

1894 3108 2002 3155 etc.
2036 3100 2138 3168 Qui
2182 3100 2634 3156 lteterodoxorum
2680 3101 2931 3157 doctores
2960 3101 3236 3167 conciliat,
3277 3111 3333 3158 et
3359 3117 3453 3158 eos

1893 3192 1984 3262 qui
2013 3194 2083 3247 ob
2109 3205 2227 3247 eam
2258 3208 2418 3262 quam
2451 3192 2650 3249 habere
2691 3202 2951 3263 putantur
2974 3194 3223 3264 peritiam
3251 3233 3270 3261 ,
3314 3195 3453 3249 inter

1895 3281 2014 3337 illos
2053 3281 2304 3338 videntur
2352 3281 2562 3338 nobiles
2586 3321 2603 3347 ,
2642 3283 2687 3339 is
2735 3283 2924 3356 alligat
2960 3299 3116 3356 reges
3150 3300 3340 3343 eorum
3393 3286 3451 3341 ln

1892 3372 2249 3451 compedibus
2291 3387 2358 3428 ne
2386 3387 2639 3428 sermone
2680 3387 2784 3428 suo
2807 3374 3117 3444 proﬁciant,
3148 3384 3204 3432 et
3245 3376 3455 3432 nobiles

1893 3478 2088 3518 eorum
2139 3462 2192 3517 in
2243 3463 2473 3519 manicis
2520 3463 2757 3529 ferreis,
2805 3479 2872 3520 ne
2920 3465 3150 3535 amplius
3180 3466 3455 3522 detineant

1892 3569 2014 3609 eum
2053 3555 2145 3624 qui
2195 3555 2348 3622 olim,
2389 3556 2535 3627 quod
2566 3557 2792 3627 deceptu
2844 3555 3020 3613 facilis
3062 3566 3246 3623 esset,
3277 3556 3455 3612 fuerat

1893 3657 2201 3717 superatus.

1975 3738 2248 3810 Ejusdem.
2267 3740 2551 3796 Vinculum
2599 3740 2934 3811 intelligibile
2980 3748 3065 3796 est
3116 3740 3452 3796 rationabilis

1893 3831 2089 3886 animae
2120 3832 2190 3888 ab
2232 3832 2519 3889 aﬂ‘ectibus
2563 3832 2908 3899 immunitas;
2938 3833 3025 3889 vel
3056 3834 3217 3889 timor
3237 3833 3452 3889 Domini

1893 3919 2174 3977 declinans
2202 3936 2232 3976 a
2255 3921 2430 3988 malo;
2470 3922 2554 3977 vel
2580 3922 2827 3978 doctrina
2857 3922 3138 3994 spiritalis,
3163 3937 3281 3994 qua:
3305 3937 3453 3978 men-

1897 4020 2003 4065 tem
2056 4026 2162 4066 non
2216 4012 2347 4068 sinit
2395 4015 2461 4070 ad
2507 4013 2767 4069 malitiam
2811 4015 3051 4085 gradiri;
3102 4015 3190 4070 vel
3233 4015 3453 4073 dilectio

1892 4102 2155 4174 spiritalis
2179 4120 2298 4176 quae
2327 4107 2564 4162 scientia
2591 4106 2684 4161 Dei
2721 4105 2855 4162 nihil
2883 4108 3188 4177 anteponit.

1964 4192 2130 4251 Vens.
2161 4197 2215 4253 9.
2244 4195 2313 4251 Ut
2345 4196 2544 4266 faciant
2580 4198 2637 4253 in
2658 4200 2734 4256 eis
2766 4201 3037 4271 judicium
3074 4201 3447 4271 conscriptum,

1893 4294 1998 4341 etc.
2033 4285 2303 4342 iudicium
2346 4289 2716 4359 conscriptum
2743 4329 2761 4356 ,
2811 4299 2866 4358 et
2906 4292 3178 4362 scriptura
3227 4307 3345 4363 quae
3395 4293 3452 4345 itt

1892 4375 2084 4445 spiritu
2111 4386 2195 4433 est
2224 4377 2443 4449 dignum
2472 4380 2680 4437 faciunt
2723 4382 2896 4439 sancti
2926 4385 2979 4437 in
3007 4382 3278 4453 praedictis
3312 4380 3453 4451 regi-

1892 4466 1991 4523 bus
2046 4477 2101 4525 et
2148 4470 2542 4530 nobilibus:et
2592 4476 2771 4531 omnia
2814 4475 3073 4546 praedicta
3110 4474 3279 4543 gloria
3327 4483 3454 4528 sunt

1892 4561 2144 4617 omnibus
2174 4564 2379 4620 sanctis
2410 4566 2526 4632 Dei,
2566 4566 2641 4621 ita
2681 4576 2741 4622 ut
2771 4565 2820 4621 is
2861 4566 2953 4636 qui
2979 4566 3094 4621 haec
3122 4581 3229 4621 non
3264 4565 3452 4629 habet,

1896 4666 2003 4705 non
2035 4652 2107 4707 sit
2130 4666 2354 4711 sanctus
2385 4656 2498 4712 Dei.

2457 4836 2774 4892 PSALMUS
2802 4834 2907 4890 CL.

1961 4924 2124 4983 Vens.
2150 4927 2201 4983 l.
2230 4926 2468 4983 Laudate
2496 4927 2668 4983 Deum
2697 4929 2752 4982 in
2774 4929 2968 4983 sanctis
2993 4925 3129 4996 ejus,
3148 4936 3253 4980 etc.
3285 4921 3454 4978 Nemo

1891 5033 1923 5075 e
1949 5020 2156 5075 sanctis
2180 5033 2433 5092 egressus
2462 5020 2646 5075 laudet
2677 5019 2849 5075 Deum
2883 5034 2899 5073 :
2935 5036 2954 5070 t
2989 5017 3268 5085 Quomodo
3309 5015 3452 5069 enim

1892 5112 2228 5168 cantabimus
2257 5114 2530 5169 canticum
2564 5111 2777 5168 Domini
2823 5111 2876 5166 itt
2910 5119 3057 5165 terra
3090 5109 3266 5164 aliena
3295 5105 3386 5159 δεῖ
3427 5123 3446 5155 ο

1890 5201 2078 5258 Aliena
2116 5211 2297 5259 autem
2341 5212 2484 5260 terra
2527 5212 2765 5275 estquae
2813 5217 2919 5258 non
2949 5208 3156 5257 sancta.
3200 5197 3292 5256 Vel
3323 5196 3467 5267 quia.
3512 5270 3515 5273 _

308 5293 351 5325 "
394 5293 438 5348 ll
466 5292 591 5349 Cor.
617 5309 702 5356 Ill,
736 5294 823 5350 18.
900 5294 946 5324 ⁸⁸
974 5295 1129 5347 llom.
1158 5310 1278 5361 stu,
1308 5294 1523 5361 12,15.
1595 5294 1639 5326 ³⁷
1669 5293 1709 5350 ll
1741 5294 1795 5351 Ct

1910 5309 1931 5348 ι
1959 5294 2030 5361 ,5.
2117 5296 2165 5328 ⁸⁸
2196 5295 2338 5356 Psal.
2375 5311 2572 5353 cum
2595 5338 2611 5366 ,
2634 5296 2689 5351 4.

321 5387 409 5453 ’28)
435 5389 668 5459 ζΑγαλλ

324 5459 412 5528 29)
433 5454 544 5513 Ἦν
573 5462 645 5515 σὺ
665 5458 872 5528 τάφος,
895 5471 1002 5515 etc.
1036 5460 1258 5516 Eadem.

322 5529 408 5588 50)
440 5530 746 5599 Ῥομφαῖαί
767 5533 906 5593 εἱσι,
932 5539 1036 5585 etc.
1071 5529 1292 5585 Sttltetlar.
1316 5530 1525 5591 Grabii.

324 5599 411 5669 51)
445 5599 729 5669 Ῥομφαίιι
742 5601 893 5662 ἐστι,
922 5611 1027 5655 etc.
1056 5601 1288 5657 Eodem.

324 5667 410 5740 5?.)
441 5667 778 5740 Ἐκδίκησιν
801 5670 941 5741 μέν,
970 5681 1077 5729 etc.
1103 5672 1304 5729 Catena
1335 5672 1602 5732 Corderii.

671 5388 960 5453 ιάσονται,
990 5399 1091 5445 etc.
1129 5390 1329 5445 Catena
1360 5391 1627 5449 Corderii.

1979 5391 2069 5463 55)
2110 5393 2163 5446 Ὁ
2187 5391 2580 5463 συμὸιὸάζων,
2608 5400 2714 5463 etc.
2734 5388 2962 5463 Eadem.

1974 5462 2067 5534 54)
2096 5457 2324 5534 Δεσμός
2351 5464 2503 5534 ἐστι,
2535 5470 2638 5516 etc.
2659 5459 2882 5534 Sci":ij
2906 5457 3118 5534 Grabii.

1974 5463 2045 5518 54
2096 5465 2324 5534 Δεσμός
2351 5464 2503 5524 ἐστι,
2535 5470 2638 5516 etc.
2659 5463 2882 5515 Scltedae
2906 5463 3118 5514 Grahii.

1976 5533 2046 5587 55
2097 5533 2382 5589 Ποιοῦσιν
2404 5537 2458 5588 οἱ
2479 5533 2651 5597 ὅσιοι,
2680 5539 2785 5585 etc.
2814 5528 3014 5583 Catena
3047 5526 3326 5586 (Sortlerii.~

1974 5463 2067 5676 56)
2096 5603 2316 5675 Μηδεὶς
2338 5600 2621 5671 ἐξελθών,
2651 5611 2757 5656 etc.
2790 5598 3007 5655 Ea'dem.

1952 5390 1975 5677 ξ

2096 5603 2316 5675 Μηδεὶς
2338 5600 2621 5671 ἐξελθών,
2651 5611 2757 5656 etc.
2790 5598 3007 5655 Ea'dem.
