3928 6158
478 236 617 293 1683

1501 241 1591 296 EX
1630 239 1929 299 ORIGENE
1966 242 2275 302 SELECTA
2307 243 2377 301 ΙΝ
2408 244 2724 304 PSALMOS

3562 244 3702 302 1584

477 372 581 411 non
631 363 759 410 sunt
800 352 975 412 danda
1004 362 1192 411 sancta
1235 357 1484 424 canibus,
1535 373 1713 430 neque
1756 360 2029 416 mittendae

2141 360 2306 414 Βοτέον
2337 361 2407 414 τὰ
2436 362 2565 431 ἆγια
2589 363 2699 426 τοῖς
2723 362 2902 426 κυσὶν,
2933 360 3055 415 οὐδὲ
3085 356 3303 432 βλητέον
3321 359 3454 423 τοὺς
3484 376 3702 431 μαργα-

478 449 787 517 margaritae
831 459 956 506 ante
986 465 1201 519 porcos,
1229 450 1348 506 laus
1381 463 1561 506 autem
1596 451 1809 507 Domini
1843 465 2030 509 sancta

473 548 638 594 estet
693 542 981 610 margarita
1006 582 1023 607 ,
1057 541 1110 597 in
1149 543 1356 597 sanctis
1395 542 1695 599 laudandus
1729 554 1812 601 est
1848 545 1988 601 Dens
2013 586 2029 613 ,

473 640 529 686 et
564 647 669 686 non
700 632 751 686 in
780 633 1026 700 canibus,
1064 648 1239 702 neque
1269 634 1321 689 in
1348 635 1549 703 porcis.

549 721 680 777 Iltn.
732 721 974 778 Laudatc
1016 740 1134 778 eum
1178 727 1233 778 in
1266 724 1599 792 ﬁrmamento
1627 726 1837 781 uirtutis
1874 727 1990 797 ejus
2013 767 2031 794 ,

472 823 580 870 etc.
626 815 726 870 Ubi
753 825 836 870 est
871 815 989 871 ﬁdei
1036 825 1091 871 et
1116 816 1492 872 aadiﬁcationis
1516 818 1709 875 similis
1747 820 1796 875 ei
1831 835 1953 889 qua:
2000 835 2032 875 a

472 908 594 961 viro
642 907 893 976 prudenti
941 921 1099 976 supra
1133 918 1341 978 petram
1389 909 1655 964 aediﬁcata
1688 919 1773 967 est
1798 952 1813 978 ,
1848 911 2031 966 ﬁrma-

475 1008 743 1063 mentum,
796 1006 850 1054 et
875 1000 1127 1053 Christus
1178 998 1269 1054 Dei
1304 1000 1497 1066 virtus,
1526 1001 1635 1058 illic
1687 1011 1943 1072 tanquam
1976 1003 2028 1056 in

475 1087 816 1146 ﬁrmamento
843 1091 1059 1147 virtutis
1098 1090 1191 1148 Dei
1229 1093 1484 1148 laudetur
1513 1092 1679 1149 Deus.
1712 1094 1890 1165 Atque
1916 1093 2030 1150 haec

472 1181 584 1236 sint
621 1190 731 1236 tam
762 1182 818 1237 in
849 1182 1104 1253 loquente
1131 1199 1293 1254 quam
1320 1186 1373 1240 in
1407 1185 1678 1241 audiente.

559 1270 724 1328 Vens.
768 1274 822 1328 5.
856 1273 1093 1329 Laudate
1124 1291 1241 1329 eum
1273 1276 1327 1330 in
1351 1277 1707 1343 potentatibus
1731 1275 1864 1347 ejus,
1917 1285 2026 1333 etc.

473 1364 937 1431 Quemadmodum
970 1366 1022 1421 in
1053 1368 1197 1422 omni
1223 1368 1342 1424 loco
1364 1367 1744 1425 dominationis
1764 1369 1883 1440 ejus
1912 1370 2031 1424 ani-

472 1471 558 1510 ma
585 1455 713 1525 justi
747 1456 909 1512 Deum
951 1459 1248 1522 benedicit,
1295 1459 1368 1513 ita
1394 1473 1607 1529 quoque
1651 1460 1767 1530 ipse
1795 1459 2030 1515 laudan-

472 1548 571 1601 dus
598 1557 680 1603 est
711 1553 764 1601 ln
803 1548 868 1602 iis
896 1550 1263 1616 potentatibus
1289 1566 1426 1620 quos
1466 1552 1749 1607 constituit
1791 1561 1847 1607 et
1880 1553 2031 1607 ordi-

2135 453 2288 524 ρίτας
2331 452 2637 526 ἔμπροσθεν
2670 453 2775 507 τῶν
2816 453 3032 525 χοίρων,
3066 455 3100 524 ἡ
3146 453 3203 506 δὲ
3243 453 3451 515 αίνεσις
3496 452 3703 524 Κυρίου

2133 545 2265 613 ἁγία
2292 547 2384 599 καὶ
2426 545 2795 617 μαργαρίτης·
2829 546 2887 597 ἑν
2930 545 3105 613 ἁγίοις
3140 545 3379 598 αίνετέον
3420 545 3515 598 τὸν
3545 544 3699 610 Θεὸν,

2132 639 2228 691 καὶ
2258 636 2381 691 οὔτε
2410 640 2469 693 ἑν
2498 639 2652 691 κυσὶν
2673 636 2795 690 οῦτε
2827 637 2885 690 ἑν
2906 637 3129 708 χοίροις.

2199 730 2425 784 Αἰνεῖτε
2448 728 2637 784 αὐτὸν
2666 730 2737 783 ἑν
2765 727 3121 797 στερεώματι
3148 725 3457 797 δυνάμεως
3486 727 3699 792 αὐτοῦ,

2130 841 2186 878 κ.
2215 841 2267 877 τ.
2299 825 2347 877 ἑ.
2381 824 2551 876 Ὅπου
2583 822 2867 894 στερέωμα
2890 822 3000 894 (57)
3025 821 3257 883 πίστεως
3291 821 3387 873 καὶ
3411 819 3703 890 οἰκοδομῆς

2129 915 2320 987 ὁμοίας
2349 912 2414 986 τῇ
2453 916 2545 968 ἑπὶ
2590 914 2792 986 πέτραν
2824 912 2930 966 ὑπὸ
2969 911 3163 984 ἀνδρὸς
3202 910 3465 982 φρονίμου
3493 909 3701 963 οἰκοδο-

2133 1007 2385 1081 μηθείσῃ,
2415 1008 2507 1061 καὶ¹
2535 1008 2765 1079 Χριστὸς
2785 1008 2818 1078 ἡ
2842 1005 2935 1059 τοῦ
2967 1004 3101 1059 Θεοῦ
3129 1005 3374 1076 δύναμις,
3398 1004 3513 1056 ἐκεῖ
3532 1002 3606 1067 ὡς
3635 1003 3698 1056 ἑν

2133 1100 2470 1174 περεὼματι
2509 1099 2787 1170 δυνάμεως
2840 1097 2977 1152 Θεοῦ
3014 1097 3269 1152 αἰνείσθω
3311 1098 3342 1151 ὁ
3379 1095 3532 1159 Θεός.
3580 1094 3698 1148 Καὶ

2128 1192 2268 1246 ἑστω
2294 1191 2465 1246 ταῦτα
2488 1192 2545 1246 ἑν
2575 1191 2654 1262 τῷ
2687 1190 2892 1260 λέγοντι
2919 1191 3014 1244 καὶ
3034 1191 3091 1243 ὲν
3114 1188 3191 1260 τῷ
3228 1187 3501 1241 ἀκούοντι.

2193 1283 2422 1338 Αἰνεῖτε
2457 1282 2644 1338 αὐτὸν
2680 1283 2778 1341 ἐπὶ
2807 1282 2937 1349 ταῖς
2973 1281 3353 1346 δυναστείαις
3386 1277 3600 1343 αὑτοῦ,
3632 1296 3692 1334 κ.

2127 1393 2178 1429 τ.
2210 1377 2257 1429 ἑ.
2297 1376 2387 1439 Ὧς
2430 1377 2488 1429 ἑν
2528 1377 2689 1429 παντὶ
2724 1374 2836 1444 (58)
2878 1374 3030 1444 τόπῳ
3056 1373 3156 1443 τῆς
3182 1372 3494 1435 δεσποτείας
3523 1370 3697 1444 αὑτοῦ

2129 1468 2396 1539 εὐλογείή
2428 1467 2571 1539 ψυχὴ
2599 1465 2692 1520 τοῦ
2725 1465 2934 1521 δικαίου
2969 1467 3061 1519 τὸν
3086 1465 3248 1518 Θεόν’
3271 1464 3444 1528 οὓτως
3477 1464 3570 1518 καὶ
3602 1464 3698 1519 al-

2129 1561 2306 1614 νετέον
2328 1559 2487 1613 αὐτὸν
2509 1560 2599 1613 καὶ
2621 1560 2705 1628 ἐφ’
2727 1554 2815 1623 αἷς
2832 1557 3025 1629 ἑστησε
3048 1558 3140 1610 καὶ
3160 1554 3313 1619 ἔταξε
3335 1554 3696 1617 δυναστείαις,

471 1639 643 1691 navit.
674 1638 783 1693 llos
814 1640 1132 1709 intelligant,
1166 1650 1225 1695 ut
1254 1656 1443 1696 eorum
1472 1643 1761 1712 participes
1787 1645 1891 1698 sint
1924 1654 2029 1698 tam

2141 1651 2197 1716 5.;
2221 1651 2528 1714 νοείτωσαν,
2563 1651 2649 1704 ἵνα
2675 1652 2769 1705 καὶ
2798 1651 3096 1721 μετέχωσιν
3126 1648 3302 1700 αὐτῶν
3326 1648 3356 1699 ὁ
3387 1646 3565 1715 λέγων
3600 1646 3701 1699 καὶ

471 1730 563 1798 qui
602 1730 840 1800 loquitur
866 1747 1024 1802 quam
1054 1735 1144 1803 qui
1190 1734 1362 1788 audit.
1390 1732 1681 1788 lncll‘abilia
1712 1736 1854 1789 enim
1903 1745 2029 1791 sunt

2141 1713 2365 1798 ἀκούων.
2402 1745 2649 1816 Ἀρρητα
2681 1713 2892 1815 γὰρ-τὰ
3039 1740 3145 1794 τῶν
3177 1740 3344 1805 ἁγίων
3375 1713 3540 1792 αὐτοῦ
3580 1739 3704 1809 διη-

471 1836 593 1891 quae
618 1823 833 1877 assidue
859 1839 888 1876 a
916 1826 1118 1879 sanctis
1144 1823 1260 1892 ejus
1284 1826 1546 1893 praeclare
1571 1835 1853 1895 geruntur.

542 1909 675 1966 lem.
712 1911 952 1967 Laudatc
991 1930 1108 1968 eum
1149 1915 1435 1968 secundum
1476 1902 1865 1969 multitudinem
1911 1931 2029 1969 ma-

471 2005 758 2073 gnitudinis
786 2005 920 2072 ejus,
968 2014 1074 2059 etc.
1107 2003 1383 2059 Intellecta
1408 2004 1653 2074 qualibet
1689 2005 1785 2060 Dei
1819 2007 2030 2075 magni-

471 2096 697 2161 tudine,
744 2097 969 2165 singular.
1020 2111 1237 2166 quoque
1282 2108 1550 2153 creatura:
1595 2113 2024 2168 cognoscentur,

471 2202 572 2243 nec
622 2203 727 2242 non
789 2188 1076 2245 multitudo
1103 2189 1533 2260 magnitudinis,
1588 2191 1743 2261 cujus
1774 2193 2031 2249 uniuscu-

466 2277 659 2350 jusque
697 2294 803 2335 non
831 2289 915 2335 est
942 2280 1086 2339 ﬁnis.

537 2372 705 2445 849
739 2373 902 2430 Vens.
936 2374 992 2429 5.
1045 2374 1280 2430 Laudate
1323 2393 1441 2433 eum
1469 2378 1526 2431 in
1558 2394 1684 2433 sono
1712 2380 1852 2435 tuba:
1877 2419 1893 2445 ,
1919 2390 2027 2436 etc.

471 2462 778 2520 Secundum
810 2466 1107 2536 spiritalem
1131 2468 1196 2521 de
1226 2467 1477 2522 tubarum
1515 2477 1789 2525 structura
1821 2485 2030 2526 sermo-

470 2570 597 2612 nem
651 2573 743 2628 qut
776 2557 828 2612 in
867 2556 1120 2613 Numeris
1154 2559 1384 2613 habetur
1408 2599 1423 2624 ,
1482 2559 1610 2615 tuba
1665 2560 2029 2615 construenda

467 2658 571 2715 est,
605 2650 740 2706 utin
772 2664 907 2706 sono
936 2649 1054 2719 ejus
1096 2652 1263 2705 Deum
1293 2650 1594 2710 laudemus.
1622 2652 1902 2719 Ejusmodi
1933 2666 2031 2705 au-

470 2751 604 2809 tem,
640 2742 717 2797 uti
744 2742 1000 2808 arbitror,
1031 2743 1169 2798 tubae
1199 2742 1575 2813 signiﬁcantur
1596 2747 1759 2800 etiam
1788 2744 1874 2800 his
1906 2759 2025 2799 vero

430 2852 439 2865 ι
467 2831 554 2887 his
586 2850 601 2887 :
635 2851 654 2885 ι
689 2832 858 2890 Canet
887 2836 1033 2890 enim
1083 2834 1207 2888 tuba
1237 2874 1253 2899 ,
1301 2843 1359 2889 et
1403 2835 1600 2890 mortui
1633 2846 1914 2905 resurgent
1941 2835 2029 2889 in-

466 2925 710 2995 corrupti
752 2925 818 2980 '9.
859 2944 879 2977 ι
911 2925 1044 2981 ltem
1092 2927 1211 2982 istis
1244 2946 1257 2982 :
1296 2944 1317 2979 ι
1372 2927 1427 2982 ln
1456 2942 1590 2982 voce
1620 2927 1937 2997 archangeli
1974 2936 2029 2983 et

2131 1836 2303 1899 νεκῶς
2330 1834 2751 1906 κατορθούμενα.

2202 1926 2426 1982 Αίνεῖτε
2457 1928 2641 1983 αὑτὸν
2671 1927 2819 1982 κατὰ
2848 1927 2914 1981 τὸ
2948 1926 3179 1995 πλῆθος
3211 1924 3321 1995 τῆς
3353 1922 3704 1994 gerulum}-

2132 2036 2246 2088 νης
2272 2019 2480 2082 αὐτοῦ,
2509 2037 2564 2073 κ.
2593 2036 2643 2073 τ.
2688 2020 2736 2073 ἑ.
2767 2017 3070 2089 Νοηθείση’ς
3108 2016 3343 2087 ἑκάστης
3377 2015 3491 2086 ('59)
3537 2030 3706 2084 μεγα-

2133 2111 2375 2183 λωσύνης
2400 2111 2495 2165 τοῦ
2529 2110 2685 2175 Θεοῦ,
2725 2112 2820 2166 καὶ
2846 2110 3073 2164 ἑκαστον
3099 2108 3206 2162 τῶν
3232 2107 3545 2178 κτισμάτων
3576 2122 3702 2176 νοη-

2135 2202 2375 2274 θήσεται,
2401 2203 2494 2256 καὶ
2516 2201 2575 2257 τὸ
2602 2200 2804 2272 πλῆθος
2824 2201 2922 2273 τῆς
2945 2198 3350 2272 μεγαλωσύνης,
3369 2195 3438 2270 ἧς
3463 2198 3698 2268 ἑκάστης

2133 2296 2233 2348 οὐκ
2262 2294 2373 2348 ἑστι
2403 2294 2593 2365 πέρας.

2202 2390 2424 2445 Αἰνεῖτε
2444 2389 2632 2442 αὐτὸν
2656 2387 2725 2441 ἐν
2750 2385 2878 2458 ἤχῳ
2905 2385 3258 2456 σάλπιγγος,
3287 2402 3342 2438 κ.
3370 2402 3424 2438 τ.
3460 2384 3509 2437 ἑ.
3540 2382 3699 2438 Κατά

2134 2483 2228 2537 τὸν
2268 2482 2376 2551 (40)
2422 2482 2787 2552 πνευματικὸν
2833 2479 2959 2551 περὶ
3006 2478 3319 2547 σαλπίγγων
3350 2478 3697 2546 κατασκευῆς

2135 2576 2193 2627 ἑν
2254 2573 2526 2644 Ἀριθμοίς
2558 2571 2712 2640 λόγον
2749 2569 3213 2623 κατασκευαστέον
3260 2568 3537 2636 σάλπιγγα
3554 2606 3570 2630 ,
3610 2565 3698 2619 ἵνα

2133 2666 2192 2718 ἑν
2230 2665 2347 2735 ἤχῳ
2380 2663 2551 2734 αὐτῆς
2581 2663 2883 2732 αίνέσωμεν
2911 2661 3001 2713 τὸν
3032 2659 3183 2712 Θεόν.
3209 2657 3467 2711 Τοιαῦται
3503 2656 3583 2720 δὲ,
3620 2650 3695 2708 οἷ-

2137 2773 2254 2828 μαι,
2292 2756 2585 2824 σάλπιγγες
2609 2752 2888 2825 δηλοῦνται
2914 2751 3005 2804 καὶ
3025 2752 3081 2804 ἑν
3105 2750 3201 2821 τῷο
3231 2768 3251 2801 ι
3279 2748 3540 2803 Σαλπίσει
3567 2746 3691 2816 γὰρ,

2134 2849 2229 2903 καὶ
2259 2851 2307 2901 οί
2347 2848 2526 2919 νεκροὶ
2557 2846 2940 2926 ἐγερθήσονται
2968 2844 3266 2916 ἄφθαρτον
3314 2859 3333 2892 ι
3368 2840 3465 2894 καὶ
3496 2842 3555 2894 ἑν
3584 2837 3689 2908 τῷ·

2138 2956 2157 2989 ι
2205 2938 2291 2991 Ἐν
2336 2939 2485 3008 φωνῇ
2530 2935 2868 3008 ἀρχαγγέλου
2910 2934 3007 2988 καὶ
3044 2936 3099 2986 ὲν
3133 2932 3393 3000 σάλπιγγι
3436 2929 3534 2983 τοῦ
3562 2926 3692 2982 Θεοῦ

467 3018 523 3072 in
572 3016 695 3072 tuba
726 3017 820 3073 Dei
852 3018 1139 3073 descendet
1178 3020 1246 3075 de
1290 3019 1430 3075 coelo
1457 3019 1523 3075 ⁸ο.
1565 3038 1584 3072 ι
1623 3017 1891 3074 Caeterum
1943 3031 2027 3074 est

2141 3027 2499 3099 καταϐήσεται
2555 3027 2647 3080 ἀπ’
2699 3025 2949 3099 οὐρανοῦ.
3011 3044 3029 3077 ι
3087 3024 3243 3076 Ἐστι
3291 3023 3348 3076 δὲ
3399 3022 3496 3075 καὶ
3540 3018 3695 3091 ἑορτὴ

468 3109 630 3163 etiam
663 3108 858 3165 festum
893 3109 1198 3167 Neomeniaa
1231 3111 1446 3181 septimi
1475 3112 1681 3167 mensis
1713 3112 2029 3166 memoriale

469 3199 742 3265 tubarum,
769 3200 925 3270 juxta
964 3202 1104 3270 quod
1139 3203 1364 3267 dicitur,
1418 3220 1437 3253 ι
1476 3200 1771 3258 Buccinate
1805 3205 1857 3257 in
1886 3202 2030 3258 Neo-

470 3290 645 3345 tnenia
683 3291 807 3346 tuba
843 3291 895 3346 in
929 3293 1125 3363 insigni
1157 3294 1242 3363 die
1272 3294 1630 3350 solemnitatis
1671 3306 1865 3350 vestra:
1895 3295 1961 3349 “.
2003 3313 2023 3346 ι

538 3380 814 3450 Ejusdem.
848 3382 996 3437 Tuba
1027 3392 1111 3438 est
1134 3399 1285 3439 mens
1309 3376 1725 3456 contemplativa
1766 3385 1850 3441 vel
1875 3399 2030 3440 mens

469 3475 554 3530 cui
584 3475 827 3530 doctrina
857 3475 1118 3545 spiritalis
1145 3477 1355 3532 credita
1382 3485 1486 3533 est.
1744 3536 1747 3539 ν

539 3567 704 3624 Vsus.
736 3568 859 3625 3-5.
893 3567 1130 3624 Laudate
1159 3585 1279 3623 eum
1309 3570 1369 3624 in
1394 3568 1643 3640 psalterio
1690 3580 1739 3625 et
1783 3570 1989 3624 cithara
2010 3609 2026 3635 ,

467 3662 683 3716 laudate
714 3676 833 3714 eum
861 3661 918 3714 in
961 3669 1208 3730 tympano
1254 3671 1304 3715 et
1353 3662 1533 3727 choro,
1572 3662 1785 3715 laudate
1814 3678 1932 3716 eum
1970 3663 2027 3716 in

465 3754 674 3809 chordis
707 3764 752 3809 et
795 3769 1016 3824 organo,
1054 3754 1272 3808 laudate
1292 3771 1411 3810 eum
1451 3756 1507 3809 in
1543 3755 1794 3825 cymbalis
1818 3755 2028 3809 beneso-

468 3849 739 3914 nantibus,
762 3848 976 3902 laudate
1011 3864 1130 3902 cum
1161 3848 1215 3902 in
1243 3849 1495 3918 cymbalis
1533 3848 1893 3919 jubilationis,
1919 3859 2025 3905 etc.

466 3938 687 3994 Cithara
719 3949 803 3993 est
830 3940 1015 3994 anima
1047 3939 1220 4002 activa
1250 3981 1264 4005 ,
1303 3956 1424 4010 qnze
1453 3956 1480 3994 a
1512 3941 1782 3996 mandatis
1823 3940 2025 3996 Christi

466 4041 732 4086 movetur.
755 4031 1089 4113 Tympanum
1108 4041 1191 4087 est
1212 4033 1556 4088 mortiﬁcatio
1580 4034 2029 4102 concupiscentia:

463 4135 694 4193 propter
724 4112 896 4191 ipsam
928 4112 1299 4179 honestatem.
1348 4122 1563 4179 Chorus
1606 4134 1690 4178 est
1735 4134 2028 4179 concentus

464 4214 865 4271 rationabilium
891 4214 1191 4270 animarum
1226 4213 1365 4270 idem
1396 4214 1713 4280 dicentium,
1742 4225 1797 4268 et
1823 4214 1876 4269 in
1909 4215 2029 4285 qui-

463 4306 562 4361 bus
591 4320 696 4361 non
741 4314 864 4361 sunt
905 4305 1218 4361 schismata.
1261 4306 1487 4363 Chordae
1521 4315 1645 4362 sunt
1676 4306 2025 4360 consonantia

2129 3120 2386 3192 νεομηνία
2435 3119 2660 3190 ἑϐδόμου
2720 3118 2885 3188 μηνὸς
2944 3115 3282 3188 μνημόσυνον
3345 3112 3691 3181 σαλπίγγων

2130 3209 2250 3263 καθ’
2279 3209 2307 3263 ὃ
2336 3208 2580 3278 λέγεταιο
2636 3226 2654 3260 ι
2700 3207 3002 3260 Σαλπίσατε
3035 3206 3090 3259 ἑν
3132 3204 3397 3276 νεομηνία,
3436 3203 3697 3273 σάλπιγγι

2128 3301 2187 3353 ὲν
2215 3300 2438 3372 εὐσήμῳ
2468 3298 2652 3371 ἡμέρᾳ
2677 3298 2870 3369 ἑορτῆς
2898 3296 3072 3369 ἡμῶν·
3109 3315 3127 3348 ι

2204 3390 2315 3446 Τοῦ
2347 3390 2553 3445 αὐτοῦ.
2594 3390 2833 3459 Σάλπιγξ
2864 3391 2981 3443 ἐστὶ
3015 3388 3124 3460 (41)
3171 3386 3296 3451 νοῦς
3340 3385 3691 3457 θεωρητικὸς,

2128 3483 2161 3554 ἢ
2192 3482 2315 3546 νοῦς
2342 3482 2688 3537 διδασκαλίαν
2714 3481 3083 3552 πνευματικὴν
3111 3477 3563 3547 πεπιστευμένος.

2196 3575 2423 3631 Αἰνεῖτε
2447 3574 2632 3631 αὐτὸν
2666 3575 2736 3630 ἐν
2762 3574 3071 3644 gica/Imple)
3096 3572 3193 3627 καί
3220 3570 3453 3639 κιθάρᾳ,
3478 3568 3692 3624 αἱνεῖτε

2126 3666 2314 3722 αὐτὸν
2347 3667 2418 3720 ἐν
2447 3665 2732 3735 τυμπάνῳ
2773 3665 2871 3718 καί
2910 3663 3088 3733 χορῷ,
3133 3662 3353 3717 αίνεῑτε
3390 3660 3579 3714 αὐτὸν
3621 3658 3692 3712 ἐν

2128 3758 2373 3829 χορδαῖς
2403 3759 2499 3812 καί
2531 3758 2779 3827 ὀργάνῳ,
2807 3757 3023 3811 αὶνεῖτε
3051 3756 3235 3810 αὐτὸν
3259 3756 3330 3808 ὲν
3365 3751 3689 3823 κυμϐάλοις

2126 3849 2392 3920 εὐήχοις,
2422 3850 2638 3904 αἱνεῖτε
2658 3848 2845 3903 αὑτὸν
2870 3851 2940 3903 ὲν
2962 3846 3288 3917 κυμϐάλοις
3309 3841 3686 3913 ἀλαλαγμοῦ,

2129 3960 2181 3996 κ.
2224 3960 2274 3995 τ.
2313 3943 2361 3997 ἑ.
2392 3941 2607 4011 Κιθάρα
2649 3940 2764 3993 ἐστὶ
2800 3939 2909 4011 (42)
2952 3938 3096 4009 ψυχὴ
3128 3936 3404 4006 πρακτικὴ
3446 3936 3553 3988 ὑπὸ
3584 3934 3691 3987 τῶν

2129 4032 2352 4087 ἐντολῶν
2393 4032 2486 4087 τοῦ
2520 4032 2754 4104 Χριστοῦ
2787 4030 3096 4101 κινουμένη.
3131 4026 3423 4098 Τύμπανόν
3453 4027 3568 4079 ἑστι
3608 4023 3690 4077 νέ-

2128 4142 2334 4197 κρωσις
2365 4122 2458 4177 τοῦ
2501 4121 2897 4194 ἑπιθυμητικοῦ
2934 4121 3000 4175 δι’
3030 4120 3160 4174 αὐτὸ
3196 4118 3257 4172 τὸ
3298 4116 3482 4171 καλόν.
3517 4115 3690 4187 Χορὸς

2128 4216 2185 4268 δέ
2216 4217 2331 4268 ἑστι
2366 4215 2651 4285 συμφωνία
2686 4212 2869 4283 ψυχῶν
2901 4210 3130 4280 λογικῶν
3168 4210 3230 4263 τὸ
3265 4209 3396 4262 αὐτὸ
3419 4208 3689 4277 λεγουσῶν

2128 4305 2222 4359 καὶ
2258 4306 2332 4375 μὴ
2365 4303 2604 4375 ἑχουσῶν
2636 4304 2924 4373 σχίσματα.
2972 4300 3169 4372 Χορδαί
3198 4301 3303 4353 είσι
3341 4297 3690 4369 συμφώνησις

463 4400 612 4455 vocis
637 4398 895 4453 virtutum
927 4409 981 4453 et
1005 4414 1351 4470 organorum.
1372 4398 1643 4470 Organum
1666 4407 1750 4453 est
1779 4397 2019 4453 Ecclesia

2141 4393 2602 4465 Ξινταναιρεθείσης
2624 4391 2806 4460 φωνῆς
2833 4387 3040 4461 ἀρετῶν
3065 4389 3156 4441 καὶ
3182 4385 3448 4458 ὀργάνων.
3486 4386 3692 4455 Ὄργα-

466 4490 559 4546 Dei
586 4531 602 4558 ,
632 4507 754 4563 qua:
779 4491 1208 4561 contemplativis
1238 4500 1290 4546 et
1334 4492 1525 4548 activis
1569 4490 1851 4545 animabus
1887 4504 2018 4543 con-

464 4594 593 4639 stat.
629 4584 947 4656 Cymbalum
1000 4585 1342 4639 benesonans
1395 4593 1481 4639 est
1512 4583 1690 4638 anima
1727 4581 1900 4636 activa
1929 4583 2023 4636 de-

463 4677 661 4733 siderio
706 4672 911 4732 Christi
960 4675 1137 4731 aﬂixa.
1177 4674 1495 4747 Cymbalunt
1546 4672 1883 4745 jubilationis
1939 4681 2023 4728 est

468 4784 619 4826 mens
644 4784 800 4839 pura,
836 4783 865 4822 a
888 4768 1090 4824 Christi
1118 4769 1290 4823 salute
1328 4768 1610 4838 inspirata.

534 4952 811 5024 Ejusdem.
856 4949 1084 5006 Chordm
1131 4948 1313 5018 plures
1365 4946 1632 5003 concinne
1689 4946 2019 5017 compositae,

462 5057 513 5101 et
540 5058 608 5100 ex
639 5054 757 5098 arte
787 5042 993 5098 musica
1047 5040 1276 5109 singula:
1321 5039 1438 5093 suis
1483 5037 1619 5093 locis
1665 5040 1976 5093 constitutae
2005 5078 2021 5104 ,

462 5146 591 5192 sunt
616 5135 786 5191 multa
817 5135 1070 5190 mandata
1096 5141 1151 5188 et
1180 5133 1248 5187 de
1284 5133 1446 5187 rebus
1475 5130 1724 5201 plurimis
1751 5132 2022 5200 dogmata,

461 5245 581 5302 qua:
629 5228 834 5285 nullam
863 5226 1064 5282 habent
1091 5226 1231 5280 inter
1273 5239 1334 5280 se
1365 5223 1785 5281 dissonantiam.
1817 5223 2028 5279 Instru-

527 5346 576 5379 ⁸³
602 5343 646 5403 1.
676 5344 799 5401 Cor.
826 5358 917 5410 xv,
939 5341 1029 5398 ΒΞ.
1107 5340 1153 5374 θ’
1176 5339 1593 5404 l'l'hess.tv,15.
1634 5339 1679 5372 ⁶¹
1708 5338 1848 5395 Psal.
1874 5353 2037 5407 uss,
2066 5338 2120 5395 4.

436 5504 445 5525 .
532 5463 645 5533 (51)
679 5463 860 5519 Ὀποῦ
886 5463 1210 5532 στερέωμα,
1233 5470 1337 5516 etc.
1361 5460 1565 5518 Catena
1598 5461 1870 5519 Corderii.

553 5535 642 5604 58)
679 5535 774 5601 Ὡς
793 5537 865 5590 ὲν
889 5534 1087 5600 παντί,
1123 5545 1227 5587 etc.
1264 5534 1480 5587 Eadem.

552 5603 641 5663 39)
666 5606 995 5673 Νοηθείσης
1023 5604 1303 5670 ἑκάστης.
1334 5614 1441 5658 etc.
1469 5603 1686 5660 Eadem.

529 5673 641 5747 (40)
678 5675 839 5732 Κατὰ
861 5676 989 5742 τόν,
1026 5685 1132 5732 etc.
1168 5674 1387 5731 Eadem.

2127 4485 2217 4541 νόν
2267 4486 2413 4538 ἑστιν
2478 4484 2768 4554 Ἐκκλησία
2828 4480 2986 4548 Θεοῦ,
3037 4479 3143 4534 ἀπὸ
3198 4476 3547 4551 θεωρητικῶν
3597 4477 3693 4530 καὶ

2128 4576 2524 4649 πραγματικῶν
2578 4576 2887 4630 συνεστῶσα
2940 4574 3145 4645 ψυχῶν.
3196 4571 3492 4643 Κῦμϐαλόν
3542 4573 3691 4625 ἑστιν

2127 4669 2322 4742 εῦηχον
2365 4669 2510 4739 ψυχὴ
2553 4667 2826 4739 πρακτικὴ
2852 4666 2930 4738 τῷ
2971 4665 3118 4737 πόθῳ
3153 4662 3553 4736 προσηλωμένη
3595 4658 3689 4714 τοῦ

2127 4762 2382 4835 Χριστοῦ.
2428 4762 2720 4832 Κύμϐαλόν
2757 4763 2901 4814 ἑστιν
2940 4757 3250 4829 ἀλαλαγμοῦ
3293 4757 3416 4820 νοῦς
3450 4755 3687 4827 καθαρὸς

2128 4855 2279 4926 παρὰ
2306 4855 2405 4925 τῆς
2434 4854 2528 4908 τοῦ
2558 4853 2792 4926 Χριστοῦ
2820 4853 3184 4924 ἐμπνεόμενος
3211 4849 3502 4921 σωτηρίας.

2197 4947 2307 5002 Τοῦ
2342 4947 2546 5001 αὐτοῦ.
2593 4947 2795 5018 Χορδαὶ
2823 4944 3038 5008 πλείους
3068 4944 3177 5015 (45)
3206 4943 3479 5013 ἁρμονίως
3511 4957 3688 4994 συντε-

2121 5040 2387 5112 θειμέναι,
2421 5040 2516 5094 καὶ
2549 5039 2817 5112 μουσικῶς
2843 5039 3044 5111 ἑκάστη
3086 5039 3144 5091 ἑν
3185 5036 3361 5107 οἰκείᾳ
3406 5034 3561 5108 χώρᾳ
3601 5049 3687 5086 τε-

2121 5134 2388 5204 ταγμένη,
2430 5134 2485 5186 αἱ
2529 5131 2717 5185 πολλαί
2746 5133 2882 5184 εἰσιν
2909 5129 3117 5184 ἐντολαὶ
3143 5129 3236 5181 καὶ
3266 5126 3335 5181 τά
3356 5126 3484 5198 περὶ
3510 5125 3685 5178 πλειό-

2124 5241 2229 5278 νων
2257 5224 2521 5295 δόγματα,
2560 5222 2812 5294 οὐδεμίαν
2857 5220 3050 5293 ἕχοντα
3080 5220 3215 5292 πρὸς
3245 5217 3449 5290 ἀλληλα
3477 5216 3683 5287 διαφω-

2192 5457 2302 5529 (Μ)
2334 5454 2599 5526 Σάλπιγξ
2618 5453 2772 5522 ἐστι,
2806 5462 2913 5508 etc.
2940 5449 3162 5506 Scheda:
3191 5446 3399 5503 Grabii.

2192 5553 2305 5624 (42)
2332 5549 2552 5617 Κιθὰρα
2581 5548 2732 5615 ἐστί,
2761 5555 2867 5601 etc.
2899 5543 3126 5599 Eaedem.

2197 5642 2307 5716 (l5)
2348 5640 2558 5712 Χορδαὶ
2585 5639 2847 5706 πλείους,
2867 5645 2973 5694 etc.
3008 5635 3220 5691 Catena
3245 5631 3526 5690 Corderii.
