4054 6198
304 234 3598 302 W

1152 421 1955 574 PROLEG
1980 420 2693 572 OMENA
2736 423 2767 463 ³

557 692 719 846 ΑΙ)
831 690 1586 849 EVANGELIUM
1689 687 2147 845 EUSEBII
2256 684 3091 845 VERGELLENSIS
3194 658 3269 842 δ.

1606 940 2301 1001 Μῶμε*

1206 1099 1776 1186 EPISTOLA
1846 1095 2673 1183 DEDICATORIA

992 1262 1119 1324 AD
1184 1261 1660 1324 JOANNEM
1726 1262 1818 1336 V,
1884 1259 2478 1323 LUSITANI/E
2552 1261 2929 1326 REGEM.

349 1479 534 1531 Sistunt
556 1490 610 1528 se
630 1476 735 1541 tibi,
755 1484 963 1528 Joarmes
986 1488 1177 1542 magne,
1220 1484 1426 1543 quatuor
1448 1482 1756 1529 sacrosancta
1770 1476 1803 1525 J
1810 1487 1894 1526 esu
1920 1483 1968 1542 Α
1996 1474 2293 1536 paupertatis
2316 1480 2481 1525 tenax.
2503 1477 2638 1525 Pace
2660 1475 2856 1527 reddita
2876 1476 2963 1528 sub
3000 1476 3329 1545 Constantino,
3352 1482 3601 1549 auctisque

293 1560 471 1614 Christi
494 1559 758 1627 Evangelia
800 1558 996 1612 totidem
1025 1557 1273 1613 laterculis
1296 1560 1552 1613 distributa
1583 1559 1649 1611 ad
1672 1573 1892 1613 normam

289 1645 608 1710 miriﬁcorum
665 1642 890 1710 Origeuis
934 1645 1218 1697 Adamantii
1278 1644 1631 1710 Tetraplorum.
1690 1645 1892 1710 Regium

288 1729 460 1781 solium
490 1743 579 1795 per
617 1728 866 1793 epistolam
899 1728 1143 1789 aditurus,
1182 1728 1300 1779 rudi
1321 1726 1568 1780 scribendi
1598 1740 1775 1794 genere
1799 1741 1894 1780 non

286 1819 510 1874 terreor;
552 1810 798 1876 quoniam,
831 1811 955 1864 sicut
984 1813 1067 1876 qui
1097 1812 1232 1877 apud
1256 1819 1301 1864 te
1335 1826 1427 1877 pro
1451 1810 1682 1876 dignitate
1714 1810 1893 1861 audent

284 1894 476 1955 dicere,
497 1893 874 1960 magnitudinem
896 1900 1029 1945 tuam
1047 1894 1309 1961 ignorant;
1332 1891 1401 1946 ita
1423 1893 1507 1957 qui
1537 1906 1725 1958 quoqno
1752 1893 1895 1944 modo

283 1991 385 2029 non
407 1978 607 2040 audent,
633 1977 855 2042 ignorant
876 1978 1237 2030 humanitatem.
1263 1976 1338 2029 Ab
1363 1975 1709 2041 antiquissimis
1742 1990 1894 2042 usque

284 2058 586 2125 temporibus
603 2074 703 2112 mos
723 2059 815 2125 fuit
846 2074 1013 2112 rerum
1030 2058 1413 2112 memorabilium
1434 2067 1738 2111 monumenta
1760 2073 1893 2111 mau-

283 2145 406 2197 data
430 2143 624 2210 litteris,
646 2143 700 2197 in
738 2144 889 2198 libros
920 2142 1168 2210 redigere,
1202 2151 1347 2211 atque
1376 2147 1553 2210 offerre
1591 2141 1894 2208 principibus

280 2227 442 2290 viris;
474 2232 588 2293 quia
608 2242 773 2292 neque
800 2229 982 2292 aliquid
1006 2229 1259 2280 inchoatur
1276 2265 1291 2289 ,
1315 2230 1408 2279 nisi
1426 2268 1440 2292 ,
1484 2237 1594 2293 post
1616 2227 1795 2291 Deum,
1820 2226 1893 2276 fa-

280 2314 416 2364 verit
436 2315 721 2377 imperator,
741 2314 1103 2377 utotiman‘atus
1119 2319 1189 2365 est
1208 2310 1594 2365 Valentinianum
1620 2314 1649 2362 Ι
1654 2312 1685 2361 Ι
1702 2315 1894 2377 Augus-

282 2405 380 2448 tum
415 2398 621 2448 Flavius
660 2397 885 2463 Vegetius
917 2401 1148 2457 Henatus,
1186 2409 1298 2448 cum
1335 2396 1513 2449 suosei
1545 2394 1715 2448 obtulit
1752 2395 1890 2447 Com-

280 2485 567 2533 mentarios.
605 2483 669 2531 Et
706 2478 930 2547 quoniam
968 2494 1033 2532 ea:
1064 2479 1209 2532 rebus
1251 2480 1474 2533 humanis
1510 2478 1633 2532 nihil
1654 2486 1725 2531 est
1761 2493 1891 2544 pra:-

281 2562 487 2627 clarius,
537 2577 681 2628 quam
726 2565 790 2616 de
822 2562 1071 2626 republica
1100 2563 1219 2614 bene
1249 2564 1449 2624 mereri,
1486 2560 1539 2615 in
1582 2575 1761 2628 magna
1796 2561 1893 2613 erit

281 2644 431 2698 laude
470 2646 745 2707 ponendum
780 2653 887 2711 tua,
924 2647 1051 2711 quod
1083 2645 1135 2697 in
1167 2644 1357 2714 regiam
1386 2646 1585 2698 tutelam
1622 2645 1893 2708 susceperis

282 2728 475 2780 labores
512 2742 661 2789 meos,
706 2726 927 2779 utilitatis
969 2728 1155 2793 aliquid
1196 2727 1451 2779 allaturos.
1494 2723 1735 2778 Exhibent
1765 2722 1894 2777 enim

282 2812 531 2877 vulgatam
549 2811 692 2863 illam
732 2809 933 2862 latinam
965 2812 1147 2862 Italam
1169 2810 1453 2873 versionem,
1482 2809 1686 2861 antehac
1730 2806 1892 2859 inedi-

286 2862 398 2957 tam:
421 2908 553 2961 quat,
575 2893 822 2960 principio
843 2894 1082 2947 nascentis
1092 2862 1329 2946 Ecclesin
1354 2908 1386 2944 a
1407 2862 1568 2945 nescio
1588 2906 1683 2959 quo
1700 2899 1892 2957 aposto-
1921 2862 1970 2921 Β

288 2980 448 3032 lar-tun
486 2978 667 3044 (equali
689 2978 933 3042 sapienter
955 2977 1225 3042 elaborata,
1249 2975 1505 3038 obtinebat,
1545 2982 1655 3027 ante
1678 2973 1893 3026 divinam

282 3063 411 3115 beati
456 3061 746 3126 Hieronymi
789 3060 1157 3124 Bibliothecam,
1205 3059 1257 3110 in
1298 3061 1323 3109 ι
1328 3056 1460 3110 talia:
1501 3056 1734 3123 priurum,
1775 3070 1892 3110 mox

282 3145 496 3212 Africa,
543 3152 686 3211 atque
732 3142 904 3196 Gallice
944 3143 1193 3195 Ecclesiis.
1234 3142 1354 3208 Eius
1391 3143 1495 3195 loca
1534 3142 1667 3206 apud
1706 3148 1893 3194 sanctos

282 3234 468 3283 Patres
483 3226 777 3282 steculorum
792 3227 1147 3290 primitivorum
1160 3226 1419 3292 habentur,
1444 3228 1679 3288 visuntur,
1699 3224 1856 3277 lucem
1873 3238 1893 3287 ;

281 3315 564 3378 prcesertim
600 3314 734 3378 apud
780 3314 1079 3378 Cyprianum
1126 3310 1599 3377 Carthaginiensem,
1642 3308 1894 3361 Hilarium

284 3395 665 3460 Pictaviensem,
692 3395 967 3461 Luciferum
1006 3395 1352 3458 Calaritanum,
1378 3398 1618 3446 Zenonem
1647 3398 1892 3446 Veronen—

283 3492 406 3542 sem,
447 3477 769 3530 Gaudentium
811 3476 1122 3539 Brixirmum,
1168 3477 1409 3529 Victorem
1442 3479 1638 3541 Afrum,
1684 3477 1894 3528 Ambro-

284 3559 413 3613 sium
440 3561 868 3625 Hediolanensem,
894 3558 1245 3626 Hieronynnun
1266 3560 1645 3621 Stridonensem,
1672 3561 1892 3626 Leonem,

281 3651 329 3697 et
362 3643 660 3709 Gregorium
690 3648 939 3708 Magnum.
975 3646 1183 3695 Sanctus
1222 3656 1337 3695 vero
1383 3640 1678 3709 Augustinus
1722 3643 1894 3693 Italam

282 3729 413 3781 torui
438 3727 567 3793 fecit,
599 3738 651 3781 ut
672 3742 783 3781 eam
815 3727 1087 3793 praztulerit
1126 3728 1335 3789 caneris,
1371 3727 1430 3780 ob
1454 3729 1715 3780 verborum
1756 3736 1895 3778 tena-

284 3816 516 3876 citatem,
543 3827 652 3865 cum
692 3814 1049 3877 pempicuitate
1086 3816 1367 3864 sententias.
1406 3816 1559 3874 Quem
1595 3817 1761 3863 testem
1795 3822 1897 3861 me-

284 3896 468 3949 liorem
501 3896 785 3961 quaerimus,
827 3903 879 3948 ut
913 3895 1133 3948 omnibus
1164 3898 1329 3961 palam
1349 3894 1454 3960 ﬁat,
1493 3903 1671 3960 quanta
1702 3895 1753 3946 in
1790 3895 1895 3954 ejus

284 3979 498 4033 lectione
518 3977 611 4044 vis,
652 3987 795 4043 atque
818 3979 1000 4032 utilitas
1037 3978 1268 4031 habeatur
1289 3980 1314 4030 2'
1347 3979 1503 4030 Latuit
1543 3979 1622 4029 hic
1641 3976 1895 4029 thesaurus

284 4077 447 4126 usque
466 4064 519 4115 in
548 4062 834 4115 hodiernam
856 4063 984 4115 diem
1016 4063 1067 4114 in
1090 4062 1282 4115 scrmiis
1300 4068 1347 4113 et
1367 4061 1624 4113 tabulariis
1644 4058 1895 4112 nonnulla-

285 4160 399 4199 rum
438 4145 700 4212 insignium
742 4146 1056 4199 ecclesiarum
1090 4145 1469 4210 cathedralium,
1505 4158 1569 4196 ea:
1592 4142 1763 4209 quibus
1787 4155 1894 4208 ego,

1996 1552 2179 1606 divitiis
2195 1596 2207 1618 ,
2233 1555 2395 1621 magni
2428 1556 2737 1622 imperatoris
2776 1560 3016 1626 exemplo,
3041 1559 3125 1627 qui
3145 1561 3340 1615 codices
3379 1580 3546 1619 sacros
3567 1584 3600 1620 a

1994 1636 2301 1701 peritissimis
2325 1638 2540 1692 librariis
2563 1641 2791 1705 describi,
2818 1644 3079 1713 ornarique
3104 1644 3241 1709 iussit
3259 1646 3331 1710 (ut
3354 1653 3486 1713 apud
3510 1659 3602 1701 Eu-

1994 1720 2181 1773 sebium
2202 1721 2255 1773 in
2278 1722 2382 1788 eius
2418 1724 2527 1775 Vita
2547 1727 2792 1778 memerita
2815 1730 3061 1789 proditum
3082 1731 3203 1793 est),
3232 1730 3319 1783 alii
3343 1731 3607 1786 Christiani

1994 1820 2156 1872 reges,
2192 1814 2239 1858 et
2265 1807 2510 1873 principes
2553 1809 2841 1871 surnptuosis
2884 1812 3247 1875 exemplaribus
3272 1855 3286 1878 ,
3330 1816 3606 1880 praesertim

1994 1889 2383 1954 Evangeliorum,
2408 1892 2658 1958 regiarum
2680 1891 2991 1946 basilicarum
3012 1897 3511 1963 grammatophylacia
3533 1899 3606 1950 lo-

1995 1972 2317 2036 cupletat-unt.
2363 1976 2671 2028 [mmortales
2709 1976 2873 2042 itaque
2918 1979 3093 2045 gratae
3123 1995 3155 2031 a
3199 1979 3334 2035 nobis
3372 1980 3607 2035 habenda:

1992 2064 2103 2108 sunt
2127 2055 2403 2122 Desiderio,
2441 2059 2615 2111 Carolo
2647 2064 2842 2126 Magno,
2874 2062 3195 2129 Berengario,
3238 2064 3446 2131 aliisque
3465 2065 3607 2130 priu-

1994 2137 2179 2203 cipibus
2206 2138 2343 2200 viris,
2370 2154 2576 2205 quorum
2595 2141 2839 2208 mimi/teis
2857 2144 2991 2197 curis
3023 2153 3070 2196 et
3102 2146 3388 2211 sumptibus,
3423 2150 3490 2201 ad
3522 2164 3609 2203 nos

1994 2238 2259 2287 pervenere
2299 2224 2430 2288 libri,
2456 2240 2574 2291 quos
2594 2241 2683 2291 ego
2716 2227 2900 2291 primus
2926 2229 3096 2295 evulgo
3124 2272 3139 2295 ,
3186 2238 3238 2283 ut
3275 2240 3523 2286 versentur
3555 2233 3608 2285 in

1993 2311 2215 2362 manibus
2236 2309 2470 2371 omnium,
2495 2326 2757 2377 numquam
2778 2313 3007 2380 deinceps
3030 2316 3126 2367 nisi
3144 2331 3254 2368 cum
3276 2317 3452 2370 litteris
3482 2317 3607 2371 inte-

1994 2393 2159 2445 rituri.
2188 2398 2265 2458 Et,
2292 2396 2520 2457 quoniam
2536 2403 2601 2448 tot
2622 2410 2763 2461 reges
2787 2395 2976 2464 inclyti,
2999 2397 3190 2451 collatis
3210 2401 3350 2467 quasi
3370 2400 3608 2464 dexteris,

1992 2484 2040 2527 et
2060 2476 2249 2542 ofﬁciis,
2272 2480 2339 2529 ad
2364 2480 2660 2543 oﬂ‘erendum
2682 2494 2853 2532 munus
2876 2488 2924 2531 te
2946 2495 3060 2544 rege
3082 2481 3283 2546 dignum
3304 2484 3608 2545 conspirasse

1994 2558 2239 2626 videntur,
2270 2577 2413 2626 spero
2446 2576 2640 2614 sacram
2666 2562 2969 2625 Maiestatem
3000 2570 3133 2613 luant
3169 2565 3359 2618 labores
3392 2581 3522 2620 meos
3555 2567 3608 2621 in

1993 2645 2192 2695 tutelam
2231 2644 2600 2697 clementissime
2643 2654 2990 2711 suscepturum.
3036 2651 3176 2712 Quod
3216 2651 3261 2703 si
3302 2653 3605 2718 praestiterit,

1993 2742 2179 2781 summa
2201 2726 2290 2779 tibi
2312 2729 2363 2780 in
2388 2728 2619 2795 beneﬁcio
2640 2729 2731 2783 isto
2754 2731 3035 2799 magnitudo
3071 2733 3186 2800 erit,
3225 2736 3345 2787 mihi
3369 2751 3482 2790 vero
3502 2753 3610 2791 ma-

1994 2810 2129 2861 xima
2152 2808 2312 2878 gloria
2329 2826 2347 2863 :
2375 2819 2421 2863 et
2446 2815 2776 2865 monumentis
2817 2812 2955 2879 longe
2986 2815 3328 2881 pulcherrimis
3349 2820 3609 2887 debebunt,

1995 2902 2196 2947 ventura
2239 2895 2422 2947 saecula
2444 2904 2669 2958 paratam
2691 2895 2985 2961 felicissimis
3008 2900 3217 2954 Joannis
3252 2902 3508 2970 auspiciis,
3529 2905 3609 2958 lu-

1996 2992 2115 3039 cem,
2160 2987 2206 3032 et
2228 2980 2566 3032 wternitatem.
2601 2982 2859 3047 Alcuinus,
2898 2984 2974 3035 vir
2996 2984 3215 3038 omnium
3253 3003 3371 3055 quos
3392 3004 3453 3042 ea
3498 2990 3608 3044 tulit

1996 3069 2115 3115 tetas
2152 3061 2534 3128 eruditissimus,
2573 3064 2796 3116 volumen
2834 3080 3088 3119 sacrorum
3122 3068 3396 3123 Bibliorum
3429 3072 3610 3126 Hiero-

1996 3144 2243 3213 nymianaz
2287 3146 2511 3199 editionis
2534 3186 2547 3207 ,
2601 3155 2858 3215 utrumque
2909 3151 3152 3206 continens
3212 3156 3569 3211 Testamenttnn
3588 3199 3605 3225 ,

1996 3232 2289 3296 nuncupavit
2330 3230 2437 3297 regi
2462 3231 2927 3297 prlecellentissimo,
2953 3242 3000 3286 et
3022 3242 3109 3301 qui
3132 3253 3255 3292 unus
3277 3239 3605 3305 plurimorum

1996 3312 2149 3364 instar
2183 3326 2285 3366 esse
2307 3313 2465 3377 debet,
2489 3312 2673 3366 scilicet
2712 3313 2885 3367 Carolo
2918 3320 3116 3384 Magno.
3144 3323 3315 3373 Exstat
3330 3321 3419 3374 hoc
3442 3338 3608 3378 exem-

1996 3394 2109 3476 plar
2131 3395 2519 3461 aut/tographum
2548 3397 2838 3450 millenaria:
2859 3399 3018 3452 aetatis
3048 3400 3099 3454 in
3121 3411 3286 3456 nostra
3334 3420 3607 3476 congrega-

1996 3475 2138 3529 tionis
2180 3478 2394 3529 Oratorii
2434 3477 2637 3531 Romani
2690 3477 2993 3544 bibliotheca,
3040 3498 3168 3550 qua,
3210 3487 3471 3541 clarissimi
3510 3489 3607 3543 viri

1997 3561 2202 3614 Achillis
2223 3564 2368 3615 Statii
2392 3563 2608 3615 Lusitani
2641 3579 2868 3627 munere,
2895 3579 2984 3631 per
3022 3569 3263 3623 Cwsarem
3303 3575 3605 3629 cardinalem

2001 3644 2265 3697 Baronium
2304 3645 2520 3710 eiusdem
2542 3647 2923 3715 congregationis
2946 3648 3213 3703 immortale
3234 3656 3401 3718 decus,
3443 3665 3490 3709 et
3521 3636 3606 3711 or-

1998 3736 2291 3790 namentum,
2315 3736 2498 3780 tantam
2519 3743 2692 3795 gazam
2723 3737 2793 3781 est
2812 3738 3086 3784 consecuta.
3131 3733 3292 3801 Hujus
3313 3751 3500 3803 quoque
3522 3756 3604 3794 σο.

1997 3812 2144 3876 dicis,
2182 3820 2227 3864 et
2266 3812 2467 3865 alterius
2508 3812 2697 3878 pariter
2731 3814 2967 3881 Carolini,
2999 3830 3142 3882 quem
3182 3822 3521 3877 monasterium
3544 3829 3603 3879 S.

1997 3897 2151 3949 Pauli
2173 3906 2322 3955 extra,
2343 3898 2524 3950 Urbem
2539 3913 2727 3951 summa
2745 3897 2982 3966 religione
3003 3902 3224 3965 custodit,
3249 3914 3429 3969 praesto
3442 3908 3534 3961 erit
3558 3909 3609 3962 in

2000 3979 2174 4044 Operis
2196 3981 2547 4046 prosecutione,
2572 3996 2666 4034 rex
2697 3982 3002 4048 portugatlite
3017 3984 3115 4050 pie,
3142 3986 3280 4051 felix,
3316 3998 3534 4058 auguste,
3559 4002 3609 4047 te

1998 4068 2263 4118 Mectenate
2281 4107 2295 4130 ,
2329 4064 2639 4130 te.Auspice,
2680 4074 2779 4118 tota
2810 4066 3111 4131 descriptio;
3141 4070 3365 4131 quoniam
3398 4081 3469 4127 est
3492 4090 3609 4129 cor-

1998 4158 2174 4212 rectus,
2221 4158 2267 4201 et
2304 4149 2587 4201 emendatus
2621 4147 2864 4211 maxime;
2893 4163 3053 4213 eoaue
3092 4152 3282 4206 cazteris
3326 4165 3563 4220 prazstans
3584 4200 3600 4224 ,

283 4228 360 4281 vel
391 4227 588 4295 primus
607 4227 772 4294 effodi,
798 4230 872 4281 vel
894 4244 1043 4281 manu
1064 4228 1329 4280 amicorum
1351 4227 1489 4293 longe
1512 4225 1896 4279 doctissimorum
1923 4244 1966 4307 ρ
1999 4233 2127 4298 quod
2149 4233 2214 4283 ad
2238 4230 2391 4296 ipsius
2420 4245 2661 4296 nonnum,
2685 4239 2732 4284 et
2764 4232 2985 4297 regulam
3006 4235 3179 4287 summi
3201 4237 3449 4303 ροηιηῖεεε
3480 4240 3601 4293 ru]-

284 4314 495 4379 accepi:
528 4327 654 4365 nunc
695 4328 806 4366 vero
826 4328 1082 4378 erumpens
1104 4313 1156 4365 in
1178 4313 1333 4364 lucem
1356 4314 1445 4363 sub
1482 4311 1630 4375 regiis
1662 4310 1894 4376 auspiciis

284 4397 402 4459 tuis,
451 4399 634 4462 profert
675 4410 797 4448 nova
835 4396 999 4462 simul,
1035 4405 1079 4448 et
1112 4403 1295 4460 vetera,
1336 4394 1528 4448 codices
1558 4408 1728 4460 nempe
1765 4393 1894 4461 (quis

284 4484 521 4537 crederet
546 4483 569 4535 ?
592 4484 613 4549 )
644 4496 793 4536 aureo
816 4490 1133 4548 argenteoque
1162 4482 1404 4548 pigmento
1426 4478 1713 4532 nitidissime
1735 4480 1895 4545 scrip-

285 4576 383 4632 tos,
400 4563 671 4630 simrptibus
692 4578 865 4632 regum
900 4563 1257 4630 muniﬁcorum,
1300 4564 1352 4616 in
1385 4563 1677 4616 membranis
1708 4578 1895 4629 purpu-

287 4649 416 4714 reis,
446 4662 564 4715 quas
585 4646 904 4701 remotissima
938 4649 1215 4712 antiquitas,
1240 4648 1605 4711 quatuordecim
1636 4647 1779 4698 etiam
1799 4659 1894 4698 sa:-

287 4735 522 4785 culorum
563 4732 875 4784 consecravit.
922 4733 1045 4783 Tum
1073 4731 1332 4799 longinqua
1368 4739 1489 4784 tetas
1526 4744 1665 4784 suam
1705 4727 1897 4782 habebit

287 4814 590 4869 iamrwbilem
609 4814 884 4880 firmitatem
905 4830 969 4870 ea:
990 4814 1332 4881 specinzinibus
1354 4815 1712 4875 characterum,
1738 4814 1823 4878 qui
1844 4812 1898 4865 in

290 4897 478 4950 tabulis
499 4895 650 4949 cereis
673 4894 798 4965 8ton
827 4896 1062 4962 descripti
1092 4903 1203 4950 sunt
1241 4911 1353 4949 cum
1389 4896 1564 4951 nativis
1596 4892 1898 4949 lineamentis

290 4981 424 5044 suis,
460 4989 513 5033 ut
534 4988 675 5035 testes
705 4982 799 5034 sint
820 4988 1105 5046 temporum,
1142 4980 1298 5033 nuntii
1321 4980 1565 5045 veritatis;
1588 4987 1732 5045 atque
1767 4983 1897 5032 com"-

292 5070 564 5119 monstrent
604 5064 787 5117 uacula
807 5065 1208 5131 antiquariorum,
1248 5066 1373 5117 velut
1396 5079 1499 5118 atra
1522 5063 1896 5131 chronologiam.

298 5152 422 5203 Non
443 5149 621 5212 primo,
646 5160 733 5199 nec
754 5149 907 5201 altero
932 5148 1112 5201 Christi
1135 5148 1313 5202 steculo
1324 5146 1549 5201 videntur
1575 5147 1719 5212 fuisse
1740 5148 1790 5200 in
1810 5161 1901 5199 usu

297 5229 570 5297 magnifica
610 5231 715 5283 hazc
740 5229 1019 5283 divinarum
1056 5232 1427 5296 Scripturarum
1461 5230 1719 5296 volumina,
1756 5246 1900 5296 artra,

306 5321 600 5380 argentoque
621 5312 886 5380 descripta,
910 5327 1021 5366 cum
1042 5314 1202 5365 adhuc
1227 5322 1349 5368 esset
1379 5314 1597 5366 Ecclesia
1628 5313 1903 5379 apostolica:

310 5472 327 5497 ν
386 5469 421 5532 ᾗ
434 5467 507 5519 Ne
526 5470 670 5532 nobis
688 5478 979 5521 succenseat
992 5470 1149 5532 lector
1170 5468 1301 5532 quod
1319 5468 1509 5518 tabulas
1534 5467 1620 5532 teri
1645 5466 1824 5517 incisas
1841 5464 1906 5514 de

351 5530 498 5595 uibus
516 5531 831 5595 frequensin
861 5533 943 5582 his
977 5530 1345 5595 proleguinenis
1363 5532 1415 5581 lit
1454 5530 1662 5595 mentio,
1697 5540 1909 5591 quaeque

351 5544 498 5580 uinus
516 5544 758 5595 uequcns
779 5544 831 5582 in
861 5544 943 5582 nis
1010 5544 1345 5594 rouegumems
1363 5544 1415 5581 ut
1454 5544 1662 5587 mentio,
1697 5544 1909 5591 quaeque

302 5544 516 5664 ﬁiuhde
536 5598 698 5664 magis
710 5594 773 5664 ad
797 5548 1289 5664 superaliundantiau}
1312 5606 1464 5664 quam_
1479 5592 1538 5640 ad
1562 5594 1911 5664 necessitatem

304 5656 587 5717 pertinent,
619 5652 827 5706 ἓάὶιὶοηί
849 5652 1029 5707 nostra:
1052 5669 1150 5706 non
1180 5652 1594 5717 subiunxerimus,
1634 5653 1747 5717 ipse
1790 5652 1917 5701 sciat

302 5715 438 5769 Satis
458 5719 580 5779 erit,
607 5729 699 5767 nos
720 5718 966 5769 caelatura
986 5720 1234 5782 impensas
1268 5715 1587 5782 nequaquam
1628 5715 1794 5766 facere
1831 5725 1918 5776 po-

304 5820 381 5912 éc
596 5801 876 5866 ΡΛτιωι..
938 5801 1082 5864 ΧΠ.

200 5918 307 5984 κν

168 5986 220 6053 ³)

1998 4323 2161 4380 gatam
2202 4318 2467 4367 Sacrorum
2492 4313 2763 4367 Bibliorum
2799 4316 3055 4369 editionem
3076 4318 3423 4372 restituendam
3452 4335 3600 4375 cura-

2000 4409 2128 4452 runt.
2159 4400 2369 4466 Maiores
2391 4400 2612 4465 equidem
2643 4399 2795 4451 nostri
2808 4401 2928 4462 jure
2948 4400 3125 4465 optimo
3155 4413 3467 4468 censueriutt,
3492 4421 3602 4461 ver-

1999 4482 2181 4535 sionem
2203 4480 2358 4534 sancti
2390 4479 2681 4545 Hieronymi
2699 4480 2916 4545 (Alcuini
2938 4482 3176 4535 volumine
3189 4490 3474 4553 contentam)
3499 4502 3603 4543 esse

2001 4565 2191 4618 cceteris
2245 4564 2639 4631 prwierendam;
2689 4578 2784 4617 non
2840 4571 2997 4617 tamen
3044 4568 3213 4619 Italam
3259 4573 3598 4637 repudiarunt.

2002 4652 2033 4701 I
2034 4664 2162 4703 mmo
2183 4662 2349 4701 eorum
2366 4647 2618 4701 consilium
2638 4647 2737 4700 tale
2756 4649 2865 4712 fuit,
2884 4648 3132 4716 utriusque
3140 4651 3322 4707 habere
3342 4659 3601 4711 rationem.

2009 4731 2268 4797 Utriusque
2300 4728 2618 4790 auctoritatis,
2641 4743 2701 4780 ac
2724 4730 2969 4784 memoria:
2992 4732 3262 4788 retinendae
3300 4751 3465 4801 causa,
3502 4740 3601 4792 No-

2003 4830 2135 4881 vam,
2158 4829 2217 4866 ac
2258 4822 2484 4866 veterem
2505 4813 2767 4865 mandabat
2792 4813 2983 4880 litteris,
3018 4819 3256 4882 referebat
3286 4819 3338 4872 in
3358 4835 3597 4879 commen-

2002 4898 2148 4959 taria,
2193 4903 2237 4948 et
2260 4894 2551 4961 praponebat
2586 4892 2819 4947 Ecclesiis
2840 4904 3034 4948 sanctus
3064 4899 3326 4963 Gregorius
3360 4909 3601 4973 Magnus;

2005 4979 2211 5046 facultas
2253 4985 2303 5029 ut
2328 4983 2449 5029 esset
2488 4975 2710 5041 ﬁdelibus
2732 4978 3048 5041 cognoscendi
3071 4980 3319 5049 utriusque
3360 4995 3604 5052 ρνιεδιαη-

2005 5061 2141 5113 tiam.
2181 5062 2240 5115 Et
2263 5074 2348 5111 nos
2370 5057 2422 5109 in
2460 5056 2708 5121 utriusque
2732 5055 2932 5109 lectione
2969 5059 3117 5112 etiam
3148 5061 3293 5115 hodie
3328 5081 3596 5122 versamur.

2006 5143 2174 5196 Ambo:
2196 5140 2323 5194 enim
2341 5138 2608 5204 coniunctas
2630 5139 2752 5191 inter
2770 5151 2822 5190 se
2841 5138 3099 5207 Vulgatam
3116 5145 3402 5202 hodiernam
3421 5152 3602 5217 erm/1a..

2008 5239 2135 5279 vere.
2166 5229 2269 5288 Quo
2290 5226 2471 5287 faction
2507 5229 2558 5272 ut
2580 5222 2776 5273 tandem
2797 5222 2933 5275 Italo:
2969 5238 3143 5279 nomen
3165 5236 3210 5279 et
3233 5232 3362 5284 notio
3380 5233 3604 5289 habuerit

2009 5309 2228 5363 ultimum
2257 5315 2440 5369 tempus
2464 5304 2641 5358 ιεωιὶδ.
2667 5307 2842 5372 Itaque
2863 5306 3123 5365 clarissimi
3140 5314 3342 5380 quidam
3366 5316 3475 5381 viri,
3518 5321 3605 5385 qui

2008 5463 2165 5534 luisse
2209 5462 2299 5511 nisi
2346 5460 2485 5534 istius
2526 5458 2786 5534 voluminis
2809 5462 3037 5533 .pretium
3081 5463 3191 5515 fere
3235 5467 3605 5534 quadruplican

2010 5525 2376 5589 ampliassemus
2416 5522 2485 5573 ita
2526 5534 2647 5572 sane
2690 5522 2884 5585 longius
2913 5536 2942 5573 a
2968 5537 3116 5588 scopo
3161 5522 3329 5579 nostro
3368 5522 3608 5585 aberrat};

2012 5593 2109 5715 te;
2128 5648 2208 5715 De
2238 5647 2443 5715 Eusebii
2462 5649 2558 5715 vita
2593 5646 2866 5715 etscriptis
2887 5646 3070 5699 videsis
3102 5661 3216 5715 qua:
3249 5652 3476 5709 adnotata
3494 5664 3618 5714 sunt

2015 5710 2076 5763 ad
2097 5711 2283 5765 calcem
2298 5710 2442 5774 hujus
2463 5708 2735 5763 voluminis.
