4054 6198
384 207 405 263 l
424 208 446 264 I
1750 197 1966 258 PBOLE

2070 198 2287 258 usus.
3619 209 3697 274 re.

385 323 584 376 summis
626 321 850 388 ingeniis,
885 303 1219 388 exquisitaque
1243 319 1466 372 doctrina
1503 318 1554 369 in
1588 318 1678 368 hac
1704 315 1978 368 litterarunt
2004 320 2057 380 Α
2081 319 2202 380 cior,
2228 321 2376 383 quod,
2401 327 2446 371 te
2467 327 2605 386 patre
2628 323 2824 387 patriae,
2847 325 2980 377 mala
2997 325 3154 379 adimi
3207 334 3254 379 et
3270 325 3488 396 pros'pici
3510 345 3571 383 ne
3593 328 3690 384 sint

387 407 495 458 luce
514 407 800 467 clarescunt,
834 406 995 459 statim
1019 414 1067 458 ut
1099 404 1338 457 rescivere
1361 417 1438 456 me
1459 402 1699 470 singulari
1745 405 1835 454 Dei
1856 400 1980 468 opti-

387 489 452 540 nti
473 489 678 542 mimi
699 488 918 555 benificio
939 490 1105 540 Italam
1128 484 1450 546 adinrenisse,
1493 476 1721 549 precibus
1744 481 1980 554 sollicita-

387 581 512 634 runt,
539 582 591 626 ut
611 582 710 626 tam
729 574 1018 625 venerandtc
1039 569 1334 638 antiquitatis
1359 577 1729 628 incitamentum,
1754 566 1981 630 temporis

386 657 698 710 diuturnitate
739 643 802 709 ei
839 657 1086 710 hominum
1127 654 1361 726 memoria
1387 651 1650 720 dilapsum,
1685 665 1742 726 ac
1781 664 1980 716 prorsus

383 739 740 802 oblitteratum,
762 725 1064 818 quaintocius'
1097 719 1366 818 pulg‘areniz.
1645 725 1830 788 homini
1864 747 1978 818 fon-

384 824 576 876 veniens
615 831 718 873 erat
752 813 922 874 eorum
941 801 1171 875 noluntati
1198 801 1416 884 parere;
1435 806 1704 884 p‘ra'sei'tim
1726 832 1836 868 cum
1858 803 1978 867 inst-

382 920 474 974 gae
498 904 642 958 Itala:
671 903 900 958 oersionis
925 907 1076 969 Opus,
1101 918 1133 953 a
1166 917 1261 967 quo
1279 908 1347 954 est
1377 908 1554 953 nostra:
1592 899 1831 970 Vulgatcc,
1859 908 1981 970 tam-

384 1005 530 1055 quam
551 988 644 1044 rivi
663 1003 695 1040 a
734 990 881 1048 fonte,
906 986 1148 1047 deductio,
1183 994 1372 1039 sanctos
1405 989 1580 1038 Patres
1621 993 1822 1050 quatuor
1846 975 1978 1047 prio-

381 1089 495 1126 rum
511 1073 804 1127 satculorum
826 1071 1032 1137 mirifice
1055 1071 1280 1123 illustrat.
1310 1070 1401 1138 llis
1423 1068 1701 1140 accedebat,
1726 1069 1853 1134 quod
1878 1067 1982 1140 pri-

380 1171 508 1209 mam
525 1156 869 1222 ingressionem
885 1168 1038 1206 meam
1062 1153 1113 1206 in
1127 1155 1278 1221 adyta
1293 1133 1662 1216 Seriptururnm
1681 1133 1832 1204 voluit
1842 1133 1979 1202 Deus

379 1238 628 1304 auspicari
666 1236 832 1290 codice
855 1237 1153 1306 dittography
1192 1235 1350 1302 sancti
1369 1232 1586 1304 lipsebji,
1602 1232 1814 1303 episcopi
1859 1237 1978 1305 Ver-

380 1323 603 1375 cellensis
624 1329 671 1373 et
693 1321 927 1387 martyris
950 1320 1214 1372 venerandi
1235 1335 1249 1382 ;
1269 1320 1349 1370 cui
1373 1317 1532 1370 nullus
1554 1325 1711 1371 exstat
1735 1316 1905 1370 similis
1929 1317 1978 1369 in

380 1406 495 1457 orbe
517 1413 563 1458 et
599 1420 706 1470 par.
733 1404 893 1464 Huius
918 1400 1101 1466 codicis
1123 1401 1368 1452 ant/tentia
1391 1408 1488 1452 tota
1509 1399 1788 1464 antiquitate
1809 1396 1979 1463 ﬁrma-

376 1483 494 1553 tur;
537 1497 584 1542 et
615 1479 724 1541 acta
757 1479 1045 1541 sanctissimi
1080 1485 1320 1539 Prwsulis
1362 1477 1555 1551 vulgata
1587 1474 1836 1546 testantur,
1882 1500 1977 1536 non

376 1591 547 1645 vagam
593 1565 696 1630 esse
732 1583 814 1633 aut
847 1565 1165 1649 interruptam
1207 1563 1523 1627 Vei'ccllen'sis
1547 1573 1782 1626 Ecclesia:
1821 1575 1977 1625 tradi-

373 1660 587 1715 tionem:
610 1658 692 1712 cui
722 1661 853 1725 regis
879 1658 1186 1726 Berengarii,
1203 1659 1426 1711 eamdem
1448 1657 1715 1712 Ecclesium
1734 1656 1974 1720 adeuntis,

372 1744 560 1812 insigne
604 1745 792 1798 accedit
832 1741 1178 1818 testimonium,
1237 1743 1364 1807 quod
1411 1741 1719 1796 libentissime
1761 1741 1972 1808 profero.

373 1829 579 1883 Nolebut
600 1830 719 1893 ipse,
735 1825 948 1881 cadicem
966 1835 1063 1880 tam
1084 1834 1336 1888 vetustum,
1356 1826 1556 1892 propria
1579 1828 1808 1892 martyris
1831 1840 1975 1876 manu

375 1909 689 1978 descriptum,
734 1901 875 1976 atque
919 1927 977 1978 ea
1008 1912 1116 1975 jam
1152 1918 1291 1963 a’tate
1328 1910 1565 1962 labantem
1608 1908 1808 1973 (scilicet
1843 1907 1975 1960 circa

372 1985 550 2048 annum
596 1996 775 2048 Christi
816 1991 1165 2070 neccnxxnvnt,
1200 2009 1293 2060 quo
1331 1992 1657 2061 Berengarius
1689 1990 1738 2042 in
1774 2005 1974 2059 regnum

369 2077 533 2155 Italica
555 2081 645 2149 fuit
686 2077 930 2147 adtectus):
957 2073 1141 2146 iniuria
1162 2077 1409 2144 temporis,
1437 2085 1480 2130 el
1523 2077 1662 2128 dente
1686 2076 1973 2129 sa'culorum

369 2164 532 2221 invido
551 2167 703 2237 magis
722 2167 969 2233 magisque
992 2164 1222 2217 consumi.
1246 2168 1425 2237 Quare,
1445 2171 1495 2214 ut
1519 2155 1701 2236 illtesus
1721 2175 1972 2213 conserva-

366 2259 499 2303 retur
534 2235 868 2317 imposterum,
899 2248 1140 2314 argenteis
1182 2235 1372 2320 laniatis
1397 2262 1517 2299 auro
1537 2245 1824 2313 gemmisque
1856 2261 1972 2297 con-

364 2323 510 2404 teattis
555 2332 734 2386 librum
766 2323 1078 2386 muniendum
1106 2321 1310 2385 curauit.
1355 2327 1423 2381 Id
1461 2321 1734 2406 pru’dicant'
1773 2343 1967 2393 versus,

364 2423 464 2486 qui,
487 2411 580 2492 sub
597 2414 888 2496 sanctissimi
912 2407 1106 2474 Eusebii
1126 2419 1284 2487 effigie
1308 2417 1403 2486 ipsi
1420 2419 1577 2470 codici
1595 2415 1821 2483 appositi.
1839 2413 1970 2468 idem

309 2543 326 2559 .
362 2503 516 2584 incidi
541 2504 699 2590 iussit,
725 2505 994 2582 habentque
1021 2547 1034 2570 ,

427 2607 746 2676 Prgzsulﬂhic
774 2608 1000 2676 Eusebius
1033 2607 1247 2676 scripsit,
1274 2606 1503 2676 solvitgne
1540 2615 1778 2667 vetustas;

533 2673 596 2723 ea:
615 2667 952 2736 Berengizriu’s
982 2671 1068 2736 sed
1093 2667 1339 2736 reparavit
1367 2667 1528 2736 idem:

424 2732 690 2798 Argentum
712 2729 964 2798 poitquam
982 2731 1114 2798 fulvo
1129 2729 1396 2798 depromsit
1419 2729 1463 2779 et
1485 2743 1625 2791 auro,

489 2789 740 2854 Ecclesia},
771 2789 991 2852 Pra’sul,
1009 2792 1177 2846 obtulit
1200 2789 1306 2855 ipse
1328 2799 1442 2842 tute.

426 2900 570 2965 Quod
589 2912 681 2952 rex
705 2887 1036 2964 Bcrengarius
1053 2895 1276 2962 rependit
1290 2894 1523 2963 Martyri,
1538 2894 1738 2963 egotibi,
1767 2907 1857 2946 rea:
1881 2906 1963 2956 po-

358 2981 650 3048 tentissime,
678 2983 874 3033 devotus
896 2980 1078 3033 nomini
1115 2967 1453 3043 Majestatique
1473 2986 1568 3029 tua:
1591 2992 1688 3028 una
1723 2990 1832 3028 cum
1853 2973 1965 3026 aliis

357 3057 608 3120 codicibus
624 3054 909 3118 venerandis
928 3062 1146 3128 eiusdem
1162 3062 1373 3126 autimas
1405 3059 1598 3112 Italiae
1621 3058 1850 3111 versionis
1873 3059 1955 3122 do,

359 3152 501 3217 dono,
537 3150 730 3204 dedico.
775 3150 864 3200 Rei
900 3153 1254 3215 argumentum,
1291 3143 1585 3198 sanctissimi
1623 3142 1816 3195 Eusebii
1857 3156 1959 3193 me-

355 3235 473 3296 rita,
498 3240 563 3286 tot
580 3227 769 3304 regum,
797 3239 843 3285 et
863 3233 1144 3297 reginarum
1163 3227 1460 3304 sollicitudo,
1496 3227 1665 3296 quibus
1689 3219 1793 3279 lucc
1813 3225 1961 3278 editio

358 3318 555 3374 codices
577 3333 698 3382 pene
719 3331 882 3371 omnes
905 3317 1047 3389 debet
1070 3323 1290 3382 acceptos
1305 3355 1320 3376 ,
1350 3315 1664 3366 certissimam
1685 3327 1819 3378 spem
1842 3309 1960 3363 mihi

355 3404 600 3468 ingerunt,
613 3403 657 3453 te
667 3400 828 3452 eidem
838 3395 1049 3465 futurum
1061 3411 1164 3451 esse
1179 3406 1432 3465 patronum
1442 3393 1933 3461 muniﬁcentissimum
1941 3435 1954 3459 ,

357 3491 406 3539 et
447 3486 734 3553 prasidium
772 3483 1037 3552 singulare.
1078 3481 1240 3536 Porro
1262 3481 1447 3534 nullum
1468 3482 1625 3545 majus
1649 3479 1818 3544 afferri
1849 3493 1958 3529 ntu-

358 3585 448 3623 nus
472 3558 662 3635 polerat'
680 3568 790 3634 regi
809 3581 999 3637 magno,
1021 3566 1165 3634 quam
1190 3567 1529 3631 Evangelicum
1552 3564 1729 3638 foedus,
1754 3578 1848 3628 quo
1872 3577 1954 3615 re-

356 3668 504 3722 gnum
527 3669 636 3706 cum
653 3641 949 3720 sacerdotio,
972 3651 1197 3718 maiestas
1217 3667 1326 3704 cum
1349 3649 1579 3717 religione
1600 3648 1954 3713 conciliantur;

355 3747 398 3789 et
424 3737 564 3804 cujus
587 3736 788 3790 lectione
814 3735 994 3802 usuque
1023 3737 1235 3790 omnium
1259 3752 1425 3804 regum
1456 3739 1655 3789 virtutes
1681 3736 1952 3798 acquisitte,

355 3820 602 3886 perfectae.
626 3827 672 3873 et
691 3828 876 3873 ornata:
898 3829 1024 3872 sunt.
1046 3818 1152 3872 Has
1175 3820 1309 3871 dotes
1343 3821 1472 3870 Deus
1491 3819 1698 3879 optimus
1715 3816 1956 3870 maximus

353 3901 405 3953 in
428 3905 474 3952 te
493 3902 564 3953 ita
583 3897 819 3967 profudit,
845 3911 897 3954 ut
925 3903 988 3952 ad
1024 3899 1268 3969 fastigium
1290 3901 1569 3959 perveneris
1598 3899 1808 3966 pietatis,
1845 3911 1956 3962 quw

352 3999 526 4040 nomen
546 3971 780 4039 internum
811 3985 898 4038 tibi
920 3977 1230 4055 comparavit.
1277 3983 1422 4036 Felix
1459 3983 1795 4050 Portugalliu,
1823 3996 1951 4049 qtae,

354 4077 403 4122 te
429 4070 752 4132 moderatore,
780 4066 828 4121 te
846 4067 1083 4134 principe,
1114 4063 1248 4120 inter
1263 4065 1448 4120 medios
1470 4061 1708 4142 bellorum
1740 4066 1955 4132 undique

352 4152 662 4220 frementium
698 4147 920 4220 impetus,
948 4147 1296 4220 tranquillitate
1324 4153 1504 4219 gaudet
1551 4157 1596 4204 et
1632 4165 1768 4216 pace.
1815 4150 1951 4203 Feli-

2083 403 2333 466 recidiva;
2369 405 2491 457 bona
2517 421 2625 470 vero
2657 409 2906 474 praestari,
2931 417 2977 462 et
3007 411 3135 476 effici
3156 425 3217 464 ne
3239 415 3334 466 sint
3355 419 3565 474 caduca,
3613 430 3689 468 co-

2082 486 2279 554 gnoscit.
2317 485 2642 555 Felicissimo,
2686 492 2835 559 quod,
2861 500 2907 544 te
2938 495 3131 557 sospite.
3169 511 3329 560 sospes
3351 506 3420 550 est
3455 512 3688 567 regnum,

2081 571 2268 637 ipsique
2307 575 2373 624 ad
2395 583 2556 627 votum
2590 578 2855 628 succedunt
2898 579 3079 629 omnia.
3115 582 3194 636 El,
3235 579 3465 644 quoniam
3495 588 3692 634 sanctus

2081 653 2378 722 Augustinus
2401 657 2689 730 christianos
2730 674 2868 726 reges
2904 660 3067 716 beatos
3098 662 3236 727 dicit,
3263 649 3344 728 ἰιιιὶ
3365 665 3500 726 juste
3527 668 3692 726 impe-

2082 747 2208 800 rant,
2236 741 2316 800 qui
2341 753 2476 812 suam
2518 749 2817 805 powstatem
2849 745 2905 793 ad
2931 744 3025 796 Dei
3051 735 3233 814 cultum
3253 745 3464 814 maxime.
3488 750 3695 799 dilatan-

2081 821 2193 872 dum
2207 805 2446 888 Majeslali
2462 819 2568 887 ejus
2585 813 2818 876 famulam
2828 815 3027 889 faciunt,
3116 823 3212 880 tua:
3223 805 3693 883 beaiitudiuiscausa

2081 916 2224 980 atque
2253 907 2522 976 felicitatis,
2555 922 2701 972 quam
2725 909 2862 959 nulla
2884 925 3112 973 umquam
3133 912 3403 965 adversitas
3432 915 3691 977 perturba-

2084 992 2164 1042 bit.
2195 994 2460 1056 Obstupens
2476 990 2685 1041 detinent
2709 1004 2913 1057 regnum
2937 991 3141 1055 iustitia,
3167 993 3341 1058 pietas,
3365 994 3538 1061 religio
3574 1002 3688 1046 tua:

2081 1082 2128 1152 et
2164 1089 2326 1128 omnes
2348 1085 2398 1126 te
2425 1083 2614 1152 patrem
2642 1073 2906 1146 nominant,
2929 1083 3075 1138 atque
3095 1083 3145 1127 ut
3168 1076 3520 1128 lucidissimum
3534 1078 3691 1144 jubar

2078 1147 2319 1209 intuentur
2345 1147 2517 1219 suum;
2539 1155 2764 1220 quoniam
2780 1197 2792 1219 ,
2821 1171 2913 1211 rex
2936 1158 3310 1222 prtcclarissime
3329 1201 3341 1223 ,
3363 1159 3508 1212 simul
3525 1161 3690 1212 omnia

2079 1240 2252 1292 virtute
2272 1240 2552 1306 perfundis;
2578 1253 2636 1290 ac
2658 1237 2772 1307 solis
2791 1239 2962 1304 instar,
2983 1255 3076 1291 non
3095 1249 3232 1305 parte
3253 1241 3435 1307 aliqua,
3477 1245 3566 1294 sed
3585 1251 3690 1296 sta-

2082 1321 2165 1372 tim
2189 1329 2340 1383 lotus;
2364 1336 2451 1372 nec
2471 1321 2572 1378 uni,
2593 1328 2675 1371 aut
2700 1322 2860 1382 alteri,
2899 1324 2986 1372 sed
3011 1323 3228 1375 omnibus
3249 1324 3334 1375 tibi
3361 1325 3586 1388 subjectis
3608 1327 3689 1392 fa-

2081 1403 2152 1456 cis
2175 1413 2220 1455 te
2253 1417 2356 1457 esse
2376 1416 2692 1455 communem.
2718 1405 3021 1456 Communem
3046 1413 3093 1457 te
3115 1406 3234 1471 facit
3255 1405 3427 1458 litteris
3449 1409 3683 1469 studium,

2079 1488 2208 1549 quod
2259 1485 2542 1551 impe'ndisti
2585 1484 2650 1537 ad
2691 1487 3064 1538 instaurandum
3107 1487 3414 1553 magniﬁcam
3452 1497 3687 1558 typogra-

2079 1571 2274 1636 phiam;
2293 1587 2380 1634 pro
2418 1585 2513 1635 qua
2530 1579 2612 1622 tua
2637 1569 2900 1622 liberalitas
2922 1572 2989 1622 ita
3012 1584 3063 1622 se
3085 1573 3272 1636 effudit,
3296 1581 3346 1623 ut
3369 1588 3460 1639 pro
3482 1589 3656 1627 norma
3670 1619 3686 1642 ,

2078 1662 2124 1707 et
2148 1658 2369 1719 exemplo
2391 1655 2580 1707 caneris
2605 1653 2798 1718 regibus
2820 1651 2989 1706 haberi
3005 1654 3172 1718 possit;
3198 1656 3375 1708 scilicet
3388 1657 3454 1708 ad
3478 1661 3688 1723 praecla-

2079 1738 2299 1790 rissimas
2324 1737 2493 1791 laudes
2515 1746 2622 1790 tuas
2642 1737 2746 1790 lucc
2768 1753 2952 1803 quoque
2987 1737 3220 1790 addenda
3243 1747 3366 1803 erat,
3395 1755 3491 1806 qua
3522 1725 3677 1806 nulla,

2076 1838 2181 1874 meo
2224 1823 2416 1890 quidem
2440 1821 2650 1886 judicio,
2683 1820 2884 1888 posteris
2923 1823 3087 1875 utilior
3119 1832 3206 1887 est,
3248 1825 3384 1876 nulla
3407 1827 3680 1893 gloriosior.

2077 1908 2208 1984 Jure
2237 1905 2385 1970 igitur
2446 1905 2710 1972 meritoque
2754 1904 2907 1957 omnis
2929 1903 3250 1972 Portugallia:
3282 1907 3495 1974 iudicio,
3539 1920 3683 1978 atque

2077 2003 2310 2063 consensu
2335 1990 2620 2040 Litterarum
2659 1997 2796 2056 pater
2819 1989 3026 2048 diceris,
3051 1988 3316 2044 nominaris
3332 2028 3345 2053 ,
3373 1991 3556 2045 existis.
3591 1993 3682 2046 Vi-

2078 2073 2188 2124 dent
2215 2073 2358 2135 enim,
2384 2081 2569 2123 mutata
2589 2087 2753 2122 rerum
2774 2072 2916 2136 facie,
2945 2073 3128 2124 litteras
3151 2074 3201 2124 in
3221 2087 3370 2142 regno
3387 2075 3677 2140 florescere:

2074 2154 2234 2206 vident
2254 2153 2534 2216 seminaria,
2559 2153 2765 2214 scholas,
2790 2154 3067 2206 academias
3089 2153 3338 2218 fundatas,
3363 2165 3570 2223 erectas,
3596 2155 3680 2210 di-

2072 2245 2214 2302 tatus,
2239 2231 2493 2303 stipendiis
2515 2245 2562 2288 te
2583 2237 2684 2290 solo
2709 2236 2889 2306 dignis,
2915 2252 2974 2289 ac
2991 2237 3170 2289 nemini
3199 2242 3566 2304 comparandis:
3603 2243 3678 2294 ni-

2073 2322 2186 2372 dent
2215 2321 2422 2404 denique
2457 2331 2589 2374 tuum
2611 2320 2939 2374 bibliothecam
2960 2321 3226 2390 insignem,
3246 2331 3292 2376 et
3323 2326 3529 2392 regiam,
3565 2341 3676 2395 qua:

2070 2415 2136 2458 tot
2158 2405 2509 2459 accessionibus
2531 2414 2677 2458 aucta
2700 2414 2786 2468 est,
2815 2415 2865 2459 ut
2889 2407 3203 2460 Ptolomaica:
3230 2415 3276 2460 et
3303 2408 3527 2462 Attalico:
3571 2425 3674 2462 me-

2071 2489 2275 2542 moriam
2298 2491 2503 2541 obruere
2534 2491 2878 2555 propemodum
2899 2490 3140 2544 videatur.
3176 2493 3409 2554 Quoniam
3441 2507 3554 2546 vero
3593 2496 3674 2547 in-

2068 2574 2220 2640 gentis
2250 2565 2326 2626 Est
2363 2573 2590 2638 ponderis
2635 2575 2925 2638 exemplum,
2967 2576 3098 2640 quod
3131 2591 3162 2626 a
3183 2590 3296 2642 rege
3315 2561 3672 2640 sapientissimo

2070 2655 2414 2722 proficiscitur,
2439 2671 2548 2720 spes
2571 2663 2656 2718 est,
2684 2663 2728 2708 te
2749 2665 2965 2722 auctore,
2989 2665 3033 2710 te
3057 2658 3288 2724 principe,
3317 2657 3539 2711 liberales
3562 2661 3667 2714 dis-

2068 2735 2274 2800 ciplinas
2297 2752 2478 2800 omnes,
2502 2746 2750 2800 mutasque
2772 2745 2902 2790 artes
2927 2740 3120 2802 majora
3151 2739 3324 2792 indies
3349 2741 3667 2808 incrementa,

2065 2817 2467 2882 splendoremque
2504 2833 2676 2870 novum
2712 2827 3067 2871 consecuturus.
3113 2809 3246 2884 Sed,
3268 2820 3517 2885 ut-faciam
3548 2806 3674 2876 scri-

2066 2899 2210 2951 bendi
2232 2899 2396 2964 ﬁnem.
2422 2914 2500 2950 me
2531 2909 2655 2963 cogtt
2678 2901 2904 2967 ntajestas
2923 2909 3035 2964 tua;
3069 2915 3214 2967 quam
3239 2901 3414 2969 procul
3432 2905 3574 2958 etiam
3592 2905 3671 2958 in-

2063 2995 2218 3044 tueor,
2257 2995 2423 3052 atque,
2467 2986 2516 3038 in
2553 2987 2674 3040 meis
2706 2985 2986 3052 sacrificiis,
3027 2986 3223 3040 lmmilis
3255 2990 3505 3055 sacerdos,
3549 2991 3670 3052 Deo,

2062 3069 2214 3120 beata:
2232 3068 2406 3120 Mariae
2432 3067 2640 3135 Virgini,
2655 3069 2820 3120 etdivo
2841 3067 3047 3121 Antonio
3075 3071 3434 3137 Thaumaturgo
3458 3071 3673 3136 quotidie

2062 3155 2340 3206 commendo
2357 3169 2374 3204 :
2416 3167 2596 3205 memor
2618 3153 2880 3220 ingentium
2921 3153 3280 3219 beneficiorum,
3331 3170 3441 3219 qua:
3471 3147 3674 3222 prwsuli

2062 3239 2326 3291 Fruncisco
2352 3238 2639 3302 Blunchiuo,
2688 3246 2860 3304 patruo
2899 3251 3032 3302 meo,
3066 3247 3110 3290 et
3150 3240 3358 3304 Gaspari
3401 3239 3673 3294 Blanchiuo

2060 3324 2220 3384 fratri,
2258 3332 2301 3375 et
2335 3322 2486 3390 equiti
2528 3321 2706 3376 Christi
2748 3331 2847 3388 tuo,
2873 3339 2966 3375 rex
3001 3322 3460 3390 mwdficeutissime,
3503 3333 3672 3378 contu-

2061 3405 2178 3459 listi.
2207 3403 2366 3458 Almw
2389 3412 2556 3459 Roma:
2588 3421 2736 3458 unum
2755 3415 2823 3458 est
2848 3414 3024 3471 votum,
3051 3416 3102 3458 ut
3135 3411 3265 3460 Deus
3288 3406 3492 3474 optimus
3511 3411 3673 3460 maxi-

2061 3506 2186 3552 mus,
2224 3492 2437 3556 perfecta
2459 3490 2748 3552 valetudine,
2789 3488 3116 3556 continuisque
3140 3505 3306 3542 rerum
3342 3491 3671 3544 secundarum

2061 3577 2357 3628 successibus
2381 3583 2445 3637 te,
2469 3588 2637 3640 regum
2669 3573 2867 3638 optime,
2894 3574 3142 3639 fortunare
3181 3583 3369 3642 pergat.
3410 3574 3670 3642 Litteraria

2062 3657 2356 3721 respublica,
2385 3657 2620 3721 porrectis
2641 3660 2707 3708 ad
2736 3656 2913 3708 ccelum
2933 3655 3169 3719 manibus,
3198 3655 3330 3709 idem
3350 3666 3511 3710 votum
3532 3659 3671 3723 iuge-

2060 3741 2247 3793 minat:
2288 3739 2419 3792 idem
2461 3739 2764 3793 Christianus
2809 3739 2956 3792 orbis.
3007 3746 3118 3794 Vos:
3159 3739 3498 3792 universorum
3519 3783 3532 3806 ,
3573 3755 3669 3792 ros:

2063 3824 2154 3874 Dci
2191 3831 2300 3884 est;
2329 3836 2438 3888 quia
2476 3819 2593 3887 facit
2631 3837 2764 3885 spem
2802 3823 3032 3873 inchoare
3069 3823 3259 3889 longam
3297 3823 3504 3876 Joannis
3536 3823 3668 3890 regis

2060 3907 2187 3971 vilic,
2215 3913 2259 3956 et
2284 3895 2486 3970 publica:
2507 3903 2749 3969 felicitatis
2770 3905 3105 3972 Portugalliaz.

2183 4072 2256 4124 Ex
2294 4072 2480 4122 aedibus
2511 4070 2846 4122 Vallicellanis
2871 4075 3272 4138 congregationis
3311 4073 3525 4126 Oratorii
3569 4073 3666 4125 Ro-

2058 4157 2208 4220 mani,
2232 4156 2392 4206 idibus
2425 4155 2660 4218 Januarii,
2679 4168 2808 4208 anno
2830 4156 3025 4208 Domini
3045 4171 3299 4209 unccxuv.

371 4368 3640 4392 mw

699 4406 762 4417 ru:

984 4499 1324 4588 EPISTO’LA

650 4647 878 4690 PHILIPPI
903 4648 1167 4690 θιιιεειιι
1199 4648 1268 4688 AD
1296 4647 1658 4689 BLANCKINUI.

871 4745 952 4802 De
972 4745 1151 4802 codice
1171 4745 1442 4802 Brixiano.

600 4845 734 4931 Viro
776 4865 1083 4931 clarissimo
1125 4862 1367 4933 Josepho
1415 4862 1716 4926 Blanchino

715 4957 997 5030 Philippus
1023 4955 1312 5013 Garbellus
1339 4955 1397 5011 S.
1430 4955 1491 5010 P.
1527 4956 1588 5010 D.

423 5063 712 5140 Revocasti
755 5077 843 5138 me
874 5070 1004 5143 nihil
1037 5071 1144 5126 tale
1176 5067 1501 5140 cogitantem
1553 5066 1965 5123 humanissimis

352 5167 546 5244 ofﬁciis
581 5157 686 5244 tuis
727 5164 793 5224 ad
823 5179 884 5219 ea
916 5145 1091 5218 studia
1114 5204 1127 5226 ,
1161 5171 1282 5234 quae
1309 5176 1456 5231 saepe
1495 5161 1764 5230 seposita,
1809 5175 1954 5230 saepe

353 5239 529 5318 etiam.
558 5239 868 5330 resumpta,
921 5247 1064 5336 nunc
1099 5243 1353 5336 tandem,
1393 5255 1742 5311 avocantibus
1790 5255 1951 5310 rebus

353 5357 508 5423 aliis,
554 5355 775 5411 omnino
826 5352 1167 5408 distuleram.
1221 5351 1359 5418 Cum
1389 5354 1534 5407 enim
1583 5350 1950 5422 apographum

354 5450 554 5506 veteris
591 5436 935 5520 interpretis,
973 5446 1116 5519 quod
1153 5447 1206 5501 in
1248 5446 1504 5520 principis
1541 5445 1795 5500 Ecclesia:
1831 5460 1955 5500 ves-

353 5551 450 5597 trm
473 5540 764 5612 z'l‘abulario
801 5527 1138 5596 reconditum
1167 5537 1505 5602 servabatur,
1547 5537 1710 5592 edere
1735 5538 1952 5609 Statnis-

351 5649 462 5697 ses,
507 5633 724 5688 invento
750 5633 889 5688 inter
931 5630 1162 5688 scltedas
1191 5629 1463 5689 Francisci
1497 5630 1668 5698 patrui
1705 5628 1778 5682 tui
1801 5669 1816 5695 ,
1851 5628 1950 5683 viri

347 5725 687 5798 amplissimi,
741 5726 1035 5798 specitninc
1064 5713 1306 5796 quodam
1328 5709 1509 5777 nostri
1530 5719 1731 5776 codicis
1757 5729 1946 5794 argen-

1977 4516 2032 4578 D
2058 4511 2151 4579 tei,
2182 4510 2324 4582 quod
2353 4526 2380 4564 a
2411 4526 2499 4567 me
2531 4511 2659 4567 olim
2696 4520 3002 4582 acceperat,
3025 4513 3177 4586 egisti
3211 4530 3425 4586 mecum
3456 4517 3551 4588 per
3578 4517 3667 4590 litg

2063 4613 2226 4671 teras,
2281 4614 2338 4661 ut
2378 4591 2636 4661 lectiones
2661 4621 2693 4660 a
2717 4605 2940 4678 Vulgata
2967 4608 3234 4682 abeuntes
3265 4623 3616 4682 excerperem
3647 4628 3662 4664 :

2063 4708 2206 4766 tum,
2239 4701 2283 4755 si
2311 4701 2440 4770 quid
2473 4701 2614 4756 aliud
2652 4715 2682 4756 e
2715 4716 2773 4756 re
2804 4711 2894 4756 tua
2919 4700 3156 4768 futurum
3198 4713 3506 4773 putassem,
3532 4703 3666 4762 illud

2062 4793 2235 4865 ipsmn
2257 4836 2272 4860 ,
2311 4811 2405 4851 seu
2436 4795 2738 4867 symbolam
2763 4838 2777 4863 ,
2818 4796 2884 4852 ad
2915 4796 3086 4853 hocce
3109 4799 3418 4854 convivium
3447 4797 3666 4856 adferre

2062 4896 2119 4939 ut
2151 4900 2220 4940 ne
2263 4901 2569 4941 renuerem.
2605 4887 2731 4943 Feci
2781 4887 2992 4945 lubens.
3040 4887 3177 4955 Quid
3205 4890 3349 4944 enim
3382 4904 3487 4944 non
3515 4904 3546 4944 a
3574 4905 3667 4946 me

2061 4978 2305 5048 exigeret
2332 4994 2460 5033 cura
2484 4981 2586 5032 ista
2609 4988 2717 5043 tua,
2751 4995 2871 5049 qua:
2899 4996 3004 5035 non
3038 4981 3209 5035 multo
3239 4981 3444 5050 pridem
3481 4980 3664 5052 magni

2059 5073 2294 5128 nominis
2321 5073 2465 5128 viros
2497 5073 2669 5128 tenuit
2699 5074 2793 5136 ita,
2842 5085 2895 5127 ιιι
2923 5089 3127 5141 secum,
3159 5089 3224 5129 ac
3250 5091 3371 5130 cum
3411 5073 3663 5129 universo

2057 5166 2191 5219 orbe
2225 5163 2532 5219 Christiano
2572 5165 2831 5234 prmclare
2854 5174 3032 5220 actum
3065 5167 3474 5226 arbitrarentur,
3505 5164 3572 5230 si,
3603 5173 3662 5219 ut

2060 5257 2114 5320 in
2150 5255 2336 5312 Galliis
2375 5256 2716 5312 lliartiatueus
2766 5267 3037 5314 vetustum
3092 5257 3324 5313 Matth-ni
3380 5255 3660 5327 exemplar

2062 5351 2348 5421 vnlgando,
2381 5351 2460 5406 sic
2488 5352 2541 5405 in
2570 5351 2794 5421 reliquis
2825 5351 3116 5407 elTereutlis
3138 5352 3248 5418 alii,
3281 5353 3475 5422 quibus
3505 5365 3662 5406 sacra

2058 5445 2174 5499 lucc
2201 5456 2548 5499 monumenta
2581 5455 2948 5516 suppeterent,
2981 5445 3094 5515 pari
3126 5444 3256 5510 lide,
3287 5460 3351 5500 ac
3371 5443 3661 5500 sedulitate

2053 5537 2416 5614 laborassem.
2464 5539 2616 5606 Quod
2652 5538 2895 5608 profecto
2934 5538 3221 5595 consilium
3257 5549 3402 5594 tuum
3435 5537 3657 5610 dignum

2054 5640 2127 5696 te,
2159 5631 2375 5701 dignum
2400 5631 2571 5697 Italia,
2598 5632 2818 5703 dignum
2849 5633 3012 5688 etiam
3041 5634 3303 5690 memoria
3336 5631 3534 5702 patrui,
3563 5619 3660 5690 cué

2044 5724 2135 5795 jus
2161 5725 2385 5796 vestigia
2418 5732 2563 5781 tanta
2599 5742 2721 5782 cum
2757 5725 2917 5782 laude
2959 5741 3205 5799 premere
3244 5727 3446 5800 pergis,
3477 5721 3659 5784 erudi-
