4054 6198
393 253 464 310 I5
1179 245 1396 304 EPIST.
1438 245 1684 301 PlllLlP.
1730 246 2101 315 GARBELLI,
2132 247 2222 305 DE
2259 247 2512 307 CODICE
2550 250 2900 309 BRIXIANO.
3624 260 3694 316 ﬂ

388 372 461 427 tis
485 336 744 426 omnist
772 374 1075 438 acceptum,
1118 365 1512 435 probatumque
1555 364 1619 419 iri
1667 379 1830 421 nemo
1874 375 1988 434 est,
2019 369 2071 427 A
2097 375 2240 422 teres
2273 366 2397 424 hinc
2426 367 2550 423 inde
2596 368 2832 440 dilapso,
2866 370 3085 426 nonnisi
3132 372 3253 427 luce
3302 374 3534 443 plurima
3563 374 3691 444 quid

394 463 496 535 qui
542 478 649 517 non
691 461 893 516 videat.
941 458 1198 516 Seddum
1225 458 1499 513 variantes
1527 458 1810 523 lectiones,
1854 474 1990 530 quas

384 559 518 612 olim
544 572 577 613 e
607 555 844 611 llatthrei
872 560 1029 609 textu
1050 567 1274 613 omnes.
1309 568 1340 608 e
1368 552 1529 608 Luca:
1556 567 1619 608 ac
1644 553 1868 609 Joannis
1898 554 1994 607 ali-

384 656 520 721 quot
554 649 608 704 in
635 646 979 703 Adversariis
1006 650 1382 715 seposueram,
1412 651 1649 700 retracto
1675 645 1868 700 iterum
1890 688 1902 709 ,
1929 659 1994 701 ac

384 742 615 799 confero
650 758 665 795 :
697 755 768 795 ne
806 750 1024 794 errores
1070 738 1272 804 noSIri,
1306 736 1352 792 si
1384 736 1477 807 qui
1519 735 1747 792 fortasse
1795 737 1995 807 legenti

387 840 557 903 mihi.
598 847 695 894 aut
722 837 1050 893 describenti
1080 836 1471 907 obrepsissenl,
1502 837 1840 908 imponerent
1869 834 1993 907 pes-

362 931 589 988 'tet'itati
627 949 643 985 :
674 946 745 987 en
790 944 978 984 rursus
1012 929 1411 983 amantissimas
1442 929 1651 983 litteras
1684 939 1803 984 tuas
1824 972 1838 995 ,
1877 931 1995 1000 qni-

388 1027 490 1082 bus
514 1025 757 1096 cogitare
779 1034 832 1079 te
852 1024 922 1080 de
949 1023 1160 1079 edendo
1186 1024 1380 1093 imegri
1419 1024 1624 1079 codicis
1654 1034 1799 1079 textu
1823 1025 1993 1094 signi-

388 1119 541 1174 ficas.
592 1117 832 1174 Laudari
882 1117 1217 1188 propositum
1266 1116 1445 1181 istud,
1504 1133 1610 1186 quo
1653 1118 1705 1170 in
1738 1132 1796 1171 re
1840 1130 1993 1172 sacra

388 1212 759 1277 versantibus,
790 1212 947 1281 longe
980 1210 1200 1266 uberius
1226 1226 1387 1280 quam
1417 1208 1547 1264 solis
1575 1211 1870 1280 excerptis,
1909 1225 1995 1265 sa-

389 1308 659 1361 tisfactum
690 1304 758 1360 iri
787 1298 1092 1359 videbatur.
1125 1303 1383 1371 Quamvis
1423 1302 1565 1357 enim
1605 1300 1671 1357 ad
1705 1316 1997 1358 socernen-

386 1401 538 1467 dum,
573 1399 700 1471 quid
730 1398 859 1452 olim
904 1410 938 1453 e
984 1396 1250 1461 fontibus,
1293 1395 1419 1465 quid
1468 1411 1498 1451 e
1538 1396 1813 1451 memoria:
1853 1410 1994 1465 penu

388 1491 760 1565 prompserim
799 1502 1047 1556 veteres;
1095 1506 1215 1561 quae
1248 1490 1301 1544 in
1350 1490 1584 1560 publicis
1623 1488 1993 1545 Erclesiarum

385 1585 669 1641 codicibus
691 1583 878 1648 facies,
912 1582 1107 1653 qumin
1133 1582 1467 1653 privatorum
1498 1591 1680 1648 esset;
1728 1581 1854 1652 quid
1888 1583 1995 1651 pri-

387 1679 513 1742 mis,
549 1675 679 1749 quid
714 1673 1065 1745 sequentibus
1106 1673 1320 1728 szrculis
1348 1673 1638 1743 legeretur,
1681 1673 1799 1728 haec
1832 1672 1992 1742 pluri-

2094 460 2354 531 scriptum
2410 463 2481 515 sit
2506 476 2648 532 mgre
2698 476 3013 533 assequare.
3063 462 3332 535 lutegrum
3367 467 3548 537 itaque
3581 478 3696 523 tex-

2096 561 2208 606 tum
2235 562 2466 623 quatuor
2492 554 2943 625 evangelistarutn
2984 573 3069 613 me
3100 573 3285 613 coram
3333 571 3389 613 ut
3419 577 3447 614 a
3481 561 3694 631 legente

2096 646 2329 716 scriptor
2355 647 2630 715 exciperet
2668 648 2875 702 curavi.
2924 650 3036 716 Qua
3069 652 3119 705 in
3172 666 3229 707 re
3260 653 3391 723 quid
3414 654 3492 707 sit
3520 653 3700 710 teren-

2096 739 2224 797 dum
2268 749 2383 795 tuto
2449 742 2559 797 scis
2603 760 2616 795 :
2670 751 2955 812 tecumque
3005 758 3196 801 omnes
3229 788 3242 810 ,
3314 748 3407 815 qui
3472 747 3696 817 hujusce

2097 835 2241 889 modi
2297 835 2491 890 studiis
2529 851 2754 907 Operam
2805 837 3143 906 impendunt.
3184 840 3382 910 'Neque
3415 842 3517 896 hoc
3563 843 3695 898 satis

2098 927 2222 983 fidei
2257 938 2457 984 noslrze
2504 931 2699 984 factum
2730 932 3067 1000 existimans,
3109 936 3360 989 omnibus
3390 936 3455 990 ad
3488 937 3696 992 calcem

2099 1030 2269 1089 usque
2299 1020 2597 1089 perductis,
2644 1024 2848 1077 contuli
2880 1040 3069 1081 rursus
3099 1041 3221 1081 cum
3255 1027 3569 1100 archetypo,
3604 1036 3700 1084 cx-

2097 1118 2257 1181 cepto
2281 1110 2553 1180 Matth-oeo,
2586 1128 2767 1181 quem,
2803 1116 3089 1171 occasione
3120 1120 3463 1175 commodum
3494 1122 3697 1186 oblata,

2097 1202 2163 1258 ad
2192 1212 2243 1258 te
2272 1204 2640 1272 praemiseram
2672 1223 2685 1261 :
2716 1208 2887 1263 oculis
2914 1219 3105 1279 suapte
3156 1212 3441 1267 imbecillis
3475 1221 3700 1285 perpete

2097 1297 2188 1352 illo
2214 1297 2333 1354 nisu
2367 1299 2658 1370 aliquando
2684 1300 3052 1360 fatiscentibus
3075 1307 3177 1370 ita,
3215 1317 3270 1361 ut
3296 1324 3518 1379 pergere
3554 1311 3699 1367 ultra

2100 1406 2206 1445 non
2253 1392 2461 1447 liceret.
2512 1393 2669 1448 Evasi
2705 1404 2905 1460 tamen,
2953 1397 3299 1469 perfectaque
3342 1401 3488 1457 dedi.
3520 1402 3700 1459 Habes

2102 1497 2246 1538 nunc
2294 1483 2421 1554 quid
2451 1483 2521 1539 de
2556 1484 2712 1541 istius
2737 1488 2942 1544 codicis
2973 1489 3151 1546 indole
3182 1507 3309 1548 vero
3340 1494 3569 1549 similius
3596 1512 3700 1567 pu-

2099 1581 2206 1630 tem
2236 1593 2249 1628 :
2282 1576 2407 1646 quid
2430 1576 2495 1630 de
2524 1578 2669 1633 illius
2691 1587 2850 1635 a-tate
2879 1581 3202 1652 eonjeeerim
3238 1602 3251 1638 :
3285 1602 3405 1657 quae
3435 1598 3701 1658 praeterea

2099 1668 2227 1723 olim
2262 1684 2292 1724 a
2327 1684 2414 1725 me
2452 1672 2645 1740 raptim
2692 1674 3011 1739 observata,
3062 1692 3203 1732 nunc
3246 1680 3509 1735 secundis
3554 1683 3702 1737 curis

388 1785 538 1825 mum
568 1768 882 1829 conferant;
918 1766 1050 1821 nihil
1083 1774 1261 1820 tamen
1308 1781 1462 1834 atque
1491 1765 1621 1820 utile
1641 1810 1655 1835 ,
1688 1780 1753 1819 ac
1796 1765 1994 1834 jucun-
2024 1759 2321 1835 Badaucta
2352 1763 2626 1831 paululum
2646 1807 2659 1827 ,
2690 1775 2852 1835 atque
2878 1766 3120 1823 discussa
3153 1771 3205 1824 in
3242 1771 3488 1828 ordinem
3511 1783 3705 1831 utcun-

385 1856 516 1917 dum
549 1870 661 1925 est,
696 1874 857 1927 quam
905 1858 1102 1913 seriem
1157 1858 1325 1927 ipsam
1355 1897 1369 1922 ,
1417 1856 1653 1910 indolem
1684 1897 1698 1922 ,
1753 1856 1990 1926 genium,

389 1955 759 2011 minutissima
787 1952 1007 2008 demum
1040 1952 1275 2022 integri,
1307 1960 1365 2005 ut
1394 1951 1464 2006 ita
1498 1951 1706 2015 dicam,
1749 1951 1996 2022 Corporis

392 2046 729 2104 lineamenta
782 2045 837 2099 in
883 2043 1206 2114 pervetustis
1234 2042 1385 2097 hisce
1413 2040 1746 2112 antigrapbis
1786 2042 1995 2108 rimari,

386 2147 555 2208 atque
585 2136 802 2193 eﬂ’erre.
842 2133 1009 2204 Cujus
1050 2135 1129 2189 rei
1160 2148 1321 2189 causa
1358 2134 1484 2188 olim
1515 2133 1805 2205 Bentleyus
1829 2132 1998 2189 Joan-

388 2248 515 2289 nem
562 2229 787 2286 Millium
826 2230 893 2284 ad
942 2228 1211 2300 vulganda
1255 2227 1678 2283 Alexandrinum
1710 2216 1993 2282 Cantabri-

386 2326 581 2397 giense
605 2364 621 2390 ,
646 2389 651 2395 _
674 2323 1003 2385 Oxoniense,
1049 2321 1254 2377 Gallica
1296 2323 1513 2377 demum
1556 2321 1782 2392 urgebat
1814 2321 1905 2383 ita,
1942 2329 2000 2375 ut

390 2432 459 2473 ea
487 2415 659 2471 editio
680 2414 911 2485 singulas
937 2414 1156 2478 litteras,
1192 2422 1344 2485 atque
1369 2414 1544 2482 apices
1579 2411 1997 2484 Exemplariain,

387 2512 546 2565 etiam
570 2508 658 2562 ubi
679 2524 712 2561 a
732 2505 984 2561 Librariis
1004 2515 1272 2577 peccatum
1293 2515 1387 2570 est,
1412 2514 1670 2567 accurate,
1693 2513 1739 2557 et
1766 2504 2002 2574 religiose

388 2596 1062 2672 subsequereturﬂt‘pistofa
1084 2596 1151 2651 ad
1176 2596 1404 2650 Millium
1426 2613 1513 2668 ap.
1534 2595 1695 2649 Fabr.
1719 2594 1836 2648 Bib.
1854 2594 1998 2662 Gn).

392 2697 551 2751 Licet
593 2703 777 2765 postea
820 2690 1171 2747 celeberrima
1204 2690 1292 2745 illa
1334 2704 1429 2744 sua
1462 2689 1526 2743 N.
1560 2689 1623 2743 Τ.
1666 2689 1852 2744 Graeca
1884 2686 2001 2741 edi-

399 2788 552 2844 tione
579 2789 843 2843 distentus
866 2828 881 2854 ,
914 2803 1033 2841 mox
1086 2787 1371 2840 immaturo
1395 2784 1503 2839 fato
1536 2789 1836 2853 prtereptus
1860 2772 2003 2835 hanc

398 2881 653 2951 Spartam
684 2879 803 2935 aliis
833 2878 1129 2933 ornandam
1161 2876 1458 2947 reliquerit.
1497 2873 1564 2929 Et
1587 2889 1717 2930 sane
1739 2888 1860 2929 cum
1888 2886 2003 2927 ma-

390 2972 578 3042 jorum
604 2980 785 3039 aetate,
821 2969 981 3042 longe
1006 2984 1139 3024 vero
1163 2967 1397 3038 amplius
1423 2965 1523 3021 hac
1555 2976 1737 3021 nostra
1765 2966 1810 3022 is
1843 2964 2006 3019 fuerit

393 3062 736 3134 antiquitatis
764 3076 941 3127 amor,
975 3075 1039 3116 ea
1064 3058 1343 3114 hominum
1375 3056 1552 3113 studia
1597 3057 1650 3111 in
1681 3057 2004 3127 perquiren-

2101 1870 2206 1926 que
2229 1856 2433 1926 redegi.
2459 1856 2513 1912 Si
2543 1858 2670 1928 quid
2701 1859 2751 1913 in
2786 1859 2937 1916 hisce
2966 1862 3406 1921 meditationibus
3438 1870 3640 1924 nostris
3668 1884 3703 1925 e

2100 1961 2160 2002 re
2189 1956 2277 2001 tua
2312 1962 2434 2003 esse
2464 1950 2767 2018 videbitur,
2831 1955 2998 2010 uteris
3052 1958 3275 2025 perinde
3318 1974 3381 2015 ac
3413 1962 3650 2032 propriis
3684 1979 3700 2017 :

2103 2038 2176 2093 tui
2206 2040 2350 2094 enim
2382 2043 2555 2101 solius
2582 2057 2744 2099 causa
2781 2045 3127 2116 digessimus.
3173 2050 3266 2106 Sin
3302 2052 3507 2119 minus,
3536 2056 3704 2109 silen-

2102 2131 2177 2185 tio
2204 2146 2443 2202 premes.
2491 2133 2573 2189 Me
2600 2136 2818 2206 quidem
2867 2139 3106 2207 lubente,
3140 2143 3233 2213 qui
3284 2145 3449 2200 sciam
3490 2147 3541 2200 in
3578 2130 3707 2205 trito

2101 2220 2227 2291 isto,
2268 2239 2613 2296 excussaque
2641 2229 2862 2299 pulvere
2890 2232 2976 2286 vix
3011 2248 3133 2288 esse
3165 2234 3317 2290 novis
3346 2239 3585 2309 vestigiis
3616 2230 3704 2295 lo-

2100 2327 2247 2385 cum,
2276 2328 2329 2372 et
2359 2319 2576 2374 nonnisi
2602 2336 2742 2388 rara,
2775 2332 2937 2394 atque
2959 2326 3226 2396 exquisita
3260 2339 3505 2398 spectare
3532 2344 3707 2387 saecu-

2101 2406 2214 2462 lum
2244 2409 2475 2480 ingeniis
2501 2410 2630 2466 felix
2669 2434 2681 2467 :
2710 2429 2828 2483 qum
2870 2422 2970 2471 nos
3000 2417 3241 2486 profecto
3275 2436 3451 2489 neque
3480 2436 3703 2491 sperare

2101 2502 2508 2573 nobismetipsis
2554 2506 2606 2558 ln
2654 2507 2971 2560 tenuissimo
3043 2524 3245 2576 censu,
3299 2512 3471 2567 multo
3527 2517 3707 2571 minus

2104 2591 2363 2648 exhibere
2390 2594 2513 2649 aliis
2554 2608 2858 2665 possumus.
2892 2598 2999 2654 Sed
3026 2599 3137 2670 jam
3164 2602 3229 2655 ad
3273 2606 3549 2673 proposita
3581 2623 3708 2676 per-

2103 2700 2317 2756 gamus.

2178 2778 2323 2834 lnter
2353 2780 2744 2849 celeberrima,
2791 2797 2899 2837 non
2940 2785 3113 2840 solum
3153 2787 3319 2843 ltalim
3345 2830 3360 2855 ,
3406 2790 3499 2845 sed
3546 2795 3711 2849 totius

2109 2871 2336 2942 Europa:
2376 2876 2729 2940 monasteria,
2761 2875 2892 2931 illud
2925 2877 3021 2932 fuit
3043 2895 3277 2950 semper.
3301 2893 3490 2952 estque
3519 2885 3713 2940 etiam-

2108 2968 2272 3029 nunc,
2312 2964 2453 3033 quod
2504 2966 2811 3022 Desideritts
2842 2968 3320 3038 Longobardorum
3351 2990 3444 3029 rex
3485 2974 3537 3029 iu
3562 2975 3714 3033 Urbe

2109 3064 2291 3110 nostra
2324 3070 2352 3109 a
2384 3056 2752 3114 fundamentis
2781 3061 3071 3127 excitavit;
3092 3064 3209 3133 ejus
3241 3066 3469 3122 ecclesia
3510 3070 3713 3124 Serva-

395 3156 523 3223 dis,
552 3170 677 3227 qua!
707 3154 950 3211 latebant
984 3152 1215 3225 plurima
1239 3194 1253 3219 ,
1294 3162 1458 3222 atque
1488 3151 1784 3206 etiamnum
1814 3149 2001 3212 latent,
2032 3144 2076 3204 C
2112 3149 2212 3203 tori
2244 3149 2440 3206 dicata.
2467 3152 2723 3217 Quamvis
2751 3164 2936 3223 postea
2985 3155 3087 3210 hac
3117 3158 3260 3227 ipsa.
3311 3166 3427 3215 non
3459 3163 3709 3232 equidem

401 3264 507 3321 qua
536 3249 709 3305 sacris
729 3290 745 3315 ,
774 3262 877 3319 qua
905 3247 1145 3317 profanis
1166 3253 1410 3301 veterum
1441 3242 1832 3305 monumentis,
1866 3251 1924 3296 ut
1952 3241 2005 3295 in

396 3343 599 3398 lucem,
630 3340 771 3394 hanc
818 3340 1083 3410 publicam
1132 3337 1389 3394 efferrent
1431 3354 1445 3391 :
1484 3337 1679 3391 mirum
1712 3342 2005 3406 preptet'ea

396 3434 573 3489 videri
614 3433 805 3502 possit,
848 3432 1089 3488 nondum
1119 3430 1338 3486 illorum
1392 3444 1718 3501 quemquam
1764 3420 2004 3499 primaevi

400 3528 719 3597 interpretis
763 3526 1073 3582 versionem
1127 3524 1396 3595 integram
1448 3522 1782 3594 protulisse,
1834 3523 2008 3591 qualis

399 3628 532 3674 ante
561 3617 944 3689 Hieronymum
974 3615 1266 3671 ferebatur.
1309 3615 1442 3669 Nam
1489 3623 1684 3683 praeter
1712 3613 2005 3668 admirabi-

399 3712 512 3767 lem
525 3710 677 3765 ilium
694 3712 749 3765 in
772 3708 1120 3766 describenda
1149 3708 1468 3779 Evangelica
1486 3706 1709 3762 historia
1733 3715 1810 3762 tot
1836 3722 2008 3762 Saecu-

403 3803 587 3858 lorum
612 3817 955 3869 consensum,
987 3799 1117 3856 illud
1139 3801 1300 3857 etiam
1333 3801 1559 3871 liqueret
1602 3802 1862 3865 fortasse,
1896 3817 2002 3856 non

402 3892 1106 3964 satisattentellieronymi,
1134 3902 1293 3963 atque
1320 3892 1601 3963 Augustini
1628 3894 2004 3948 auctoritatem

412 4004 612 4061 urgere
634 3988 854 4053 multos,
885 3987 975 4058 qui
999 3987 1062 4041 N.
1094 3984 1160 4041 Τ.
1193 3985 1413 4041 Latinas
1443 3985 1722 4041 versiones
1748 3985 2006 4053 plurimas

404 4086 539 4140 olim
567 4083 620 4138 in
652 4080 890 4138 Ecclesia
922 4080 1089 4136 fuisse
1115 4079 1470 4135 arbitrantur.
1516 4079 1665 4135 Adeo
1696 4078 1749 4134 in
1795 4079 2002 4149 paucis,

402 4186 464 4233 et
496 4173 715 4246 quidem
748 4172 915 4229 verbo
960 4180 1143 4236 tenus,
1175 4166 1434 4226 dill'erurit
1482 4170 1623 4225 inter
1674 4185 1734 4225 se
1787 4170 2003 4225 codices

405 4268 764 4334 vetustiores;
795 4282 985 4329 unum,
1035 4274 1129 4320 aut
1158 4266 1386 4320 alterum
1432 4264 1476 4317 si
1514 4263 1721 4329 demas,
1753 4277 1889 4333 quos
1914 4275 2005 4318 aut

407 4364 624 4419 licentia
678 4361 1053 4431 privatorum.
1107 4365 1202 4412 aut
1269 4354 1611 4429 ignorantia,
1681 4355 2003 4427 quandoque

403 4454 570 4512 etiam
630 4454 803 4523 pictas
861 4450 1164 4505 inconsulta
1213 4450 1365 4504 miris
1417 4447 1590 4503 modis
1640 4447 2001 4517 interpolavit.

2108 3240 2325 3296 deserta
2357 3243 2610 3310 omnino,
2643 3244 2738 3300 sed
2768 3245 2835 3301 ad
2863 3247 3088 3317 privatze
3123 3250 3339 3319 pietatis
3366 3252 3540 3308 officia
3564 3295 3578 3321 ,
3616 3270 3713 3310 an-

2108 3334 2297 3403 gustiis
2317 3376 2330 3400 ,
2361 3343 2420 3388 ut
2446 3346 2576 3405 puto
2597 3378 2611 3403 ,
2644 3347 2806 3407 atque
2835 3340 3023 3393 umbra
3053 3341 3284 3411 plurima
3328 3343 3716 3401 intercedenti-

2112 3425 2242 3492 bus,
2268 3426 2503 3495 seposita
2524 3470 2537 3493 ,
2585 3430 2937 3487 nobilissima:
2976 3432 3219 3502 Virgines
3247 3437 3513 3506 aptiorem
3548 3438 3712 3496 alia’m

2108 3521 2279 3575 sacris
2311 3520 2578 3576 faciundis
2606 3525 2881 3579 erexerint
2900 3569 2913 3591 ,
2971 3534 3281 3598 sanctatque
3307 3529 3460 3586 Julia:
3490 3532 3709 3589 dicare-

2108 3613 2234 3667 rint.
2286 3612 2485 3667 Locum
2515 3613 2683 3676 hunc.
2716 3615 2761 3669 si
2791 3630 2950 3685 quem
2983 3618 3168 3683 alium,
3201 3636 3321 3674 cum
3359 3624 3499 3692 regis
3540 3624 3711 3692 illius,

2111 3711 2223 3757 tum
2262 3702 2559 3769 Caesarum,
2599 3707 2690 3775 qui
2720 3720 2912 3763 everso
2954 3708 3429 3779 Longobartlornm
3460 3715 3710 3785 impr-rio,

2109 3794 2271 3849 rebus
2319 3804 2443 3850 sunt
2484 3798 2662 3868 potiti,
2724 3797 3037 3863 liberalitas,
3079 3810 3240 3873 atque
3270 3805 3599 3878 indulgentia
3642 3809 3714 3868 ad

2112 3895 2285 3943 tantas
2315 3902 2446 3958 opes
2477 3899 2795 3956 evexerant,
2830 3899 2887 3945 ut
2935 3893 2984 3946 in
3016 3892 3258 3963 pluribus
3288 3897 3454 3952 Itali-.e
3496 3900 3714 3968 provin-

2109 3983 2210 4037 ciis
2239 3983 2568 4053 amplissima
2602 3985 2825 4054 praedia,
2866 3987 3009 4055 jura,
3066 3987 3245 4055 fcuda,
3292 3994 3574 4061 ecclesias,
3610 3998 3715 4052 ea-

2109 4092 2337 4147 rumque
2365 4078 2665 4133 sacerdotia
2712 4080 3071 4148 possiderent.
3115 4084 3354 4152 Quorum
3379 4096 3553 4144 tamen
3586 4090 3711 4160 pars

2108 4169 2362 4237 maxima,
2400 4178 2459 4223 ut
2481 4180 2564 4225 est
2593 4171 2831 4226 conditio
2863 4188 3040 4229 rerum
3073 4174 3454 4247 humanarum,
3489 4182 3539 4234 in
3572 4182 3709 4238 alius

2110 4277 2231 4316 mox
2272 4273 2431 4334 atque
2474 4264 2609 4319 alios
2664 4265 2891 4335 dilapsa,
2942 4268 3123 4325 titulos
3174 4279 3379 4326 tantum
3431 4290 3493 4331 ac
3542 4275 3706 4333 docu-

2107 4364 2286 4411 menta
2319 4366 2532 4413 veteres
2577 4358 2827 4415 dominos
2854 4360 3056 4417 habere
3090 4363 3275 4433 jussit.
3330 4366 3461 4423 Nam
3515 4383 3710 4438 praeter

2107 4449 2415 4520 apographa
2465 4450 2724 4506 Desiderii
2772 4462 2827 4507 et
2874 4454 3131 4526 Adclgisi,
3177 4456 3466 4527 supersunt
3532 4462 3711 4521 adhuc

405 4546 562 4603 Adde
588 4543 844 4617 Cymeliis
891 4544 1040 4599 hisce
1085 4543 1233 4598 nullo
1263 4542 1369 4597 alio
1395 4541 1624 4596 consilio
1651 4541 1882 4613 prospici
1915 4556 1999 4596 sc-
2027 4539 2080 4599 Ι)
2104 4541 2433 4611 autographa
2482 4542 2595 4611 ipsa
2645 4552 2888 4599 veterum
2943 4548 3325 4616 imperatorum
3377 4552 3704 4624 diplomata,

403 4639 614 4704 curius.
654 4648 712 4692 ut
740 4652 807 4693 ne
837 4644 1101 4692 vetustate
1128 4634 1453 4700 dilabantur,
1485 4649 1644 4703 quam
1665 4635 1709 4689 si
1742 4634 1883 4705 typis
1907 4650 2006 4688 ex-

404 4746 535 4786 cusa
566 4742 852 4786 versentur
883 4731 934 4782 in
965 4728 1215 4782 manibus
1244 4727 1519 4791 omnium;
1554 4740 1823 4794 nunquam
1850 4725 2003 4780 dein-

406 4838 537 4892 ceps
553 4822 657 4876 nisi
680 4836 803 4877 cum
828 4818 1025 4874 litteris
1052 4818 1187 4890 ipsis
1207 4817 1512 4873 interitura.
1537 4815 1838 4887 Utcumque
1857 4818 2000 4871 cnim

404 4925 497 4970 aut
532 4915 586 4970 in
618 4913 834 4971 scriniis
865 4912 1189 4981 privatorum
1210 4956 1225 4978 ,
1261 4920 1355 4965 aut
1382 4909 1436 4964 iu
1479 4909 1821 4965 bibliothecis
1849 4909 2001 4980 prin-

405 5007 588 5079 cipum
616 5005 1031 5075 diligentissime
1076 5004 1328 5068 servatis,
1357 5011 1660 5057 caracteres
1692 5012 1867 5057 tamen
1897 5003 1998 5072 ipsi

408 5101 535 5166 situ,
566 5099 750 5162 tineis,
785 5098 1021 5168 pulvere,
1063 5098 1157 5152 sed
1188 5096 1449 5151 edacitate
1497 5094 1834 5165 potissimum
1864 5102 2002 5150 tcm-

410 5193 557 5259 poris
600 5199 953 5248 evanescunt.
985 5190 1064 5245 Ex
1103 5203 1211 5261 quo
1243 5188 1303 5243 lit
1343 5200 1424 5254 ut,
1457 5204 1576 5259 quae
1605 5206 1732 5253 uno,
1763 5189 2002 5245 alterove

413 5287 612 5341 saturio
653 5283 874 5354 elapsis,
908 5284 1011 5355 legi
1043 5300 1149 5338 non
1180 5282 1517 5338 incommode
1559 5293 1826 5352 poterant,
1859 5299 2004 5339 nunc

420 5376 842 5449 liquescentibus
868 5375 1026 5432 lineis
1064 5375 1175 5441 vix,
1207 5389 1271 5431 ac
1318 5388 1387 5430 ne
1413 5375 1497 5429 vix
1530 5375 1744 5444 quidem
1795 5375 2004 5430 secerni

416 5480 633 5542 queant.
666 5469 820 5536 Quod
855 5471 1095 5539 profecto
1139 5468 1194 5522 in
1224 5467 1325 5522 hoc
1352 5476 1537 5522 nostro
1570 5466 1766 5521 factum
1796 5467 1861 5521 iri
1902 5468 2005 5522 ali-

413 5567 638 5638 quando
660 5582 767 5623 non
812 5565 1022 5623 dubito.
1055 5564 1266 5621 Alicubi
1298 5563 1467 5627 enim,
1497 5563 1549 5617 in
1594 5563 1753 5618 Lucae
1779 5577 2010 5633 praeser-

415 5662 532 5727 tim,
552 5674 784 5731 purpura
804 5659 896 5714 illa
918 5659 970 5714 in
992 5657 1312 5724 cmruleum,
1327 5670 1557 5725 eumque
1577 5669 1803 5724 Opacqu
1835 5662 2010 5708 trans-

414 5764 605 5823 eunte,
627 5754 838 5829 glutine
862 5768 995 5810 vero
1020 5760 1300 5826 argenteo,
1328 5746 1525 5823 quoliti
1554 5746 1767 5805 fuerant
1788 5746 2012 5804 charac-

2112 4634 2305 4705 quibus
2334 4643 2543 4704 neptes,
2567 4635 2723 4702 filias,
2759 4652 2977 4693 sorores
3008 4640 3116 4695 Deo
3138 4640 3209 4699 ibi
3238 4657 3475 4701 sacratas
3500 4649 3706 4703 benefi-

2110 4725 2208 4780 ciis
2237 4724 2546 4796 ingentibus
2586 4737 2708 4782 sunt
2744 4732 3032 4799 prosecuti.
3086 4734 3221 4789 Tum
3261 4738 3706 4809 subsequentium

2108 4816 2382 4872 Ctesarum
2404 4859 2418 4885 ,
2450 4817 2610 4872 etiam
2644 4819 2983 4878 invictissimi
3025 4825 3246 4897 Augusti
3275 4828 3454 4886 Caroli
3506 4832 3573 4890 Vl
3604 4830 3711 4895 "r'e-

2108 4921 2344 4977 gumque
2373 4908 2645 4979 Hispaniae
2678 4914 2962 4984 rescripta,
2994 4910 3187 4984 quibus
3215 4932 3401 4975 earum
3427 4925 3708 5000 privilegia

2110 5002 2162 5056 in
2192 5001 2394 5059 ditione
2422 5002 2806 5061 Mcdiolaneosi
2841 5007 3136 5063 firmantur.
3170 5012 3378 5069 Ctetcra
3411 5020 3554 5074 enim
3585 5022 3705 5078 oin-

2110 5094 2196 5149 nia
2219 5095 2475 5166 majestas
2496 5082 2943 5167 principisnostri
2970 5100 3019 5152 in
3046 5102 3265 5157 tu‘tclatn
3284 5100 3706 5169 clctnentiSSime

2110 5187 2331 5256 recepit.
2365 5186 2613 5241 Veterum
2638 5192 2897 5257 praeterea
2930 5188 3363 5253 metuhra‘narum
3394 5192 3582 5273 ingens
3611 5192 3703 5261 c'o.

2114 5279 2229 5349 pia,
2282 5279 2334 5331 in
2379 5279 2574 5348 quibus
2618 5278 2842 5333 donaria
2888 5281 3257 5353 privatorum,
3312 5282 3702 5366 emphit‘eus‘es,

2111 5370 2433 5440 emptiones,
2483 5371 2855 5439 venditiones;
2907 5387 3100 5433 caetera
3145 5380 3359 5437 demum
3390 5376 3455 5439 ad
3484 5376 3709 5462 amplis-

2111 5466 2231 5521 simi
2266 5465 2369 5520 loci
2396 5465 2633 5521 rationes
2655 5469 2973 5536 pertinentia
3008 5490 3018 5524 :
3051 5478 3161 5528 tum
3192 5492 3311 5546 qum
3332 5493 3531 5548 mOI'CS.
3563 5498 3707 5555 “Cia.

2116 5558 2291 5629 leges,
2337 5556 2534 5624 judicia
2580 5558 2792 5612 illorum
2843 5568 3170 5630 temporum,
3224 5573 3523 5633 prmsertim
3574 5574 3709 5634 νεέιιο

2118 5652 2380 5722 glossaria
2429 5651 2670 5706 barbarie
2716 5650 2997 5708 latinitalis
3028 5654 3227 5746 augere
3271 5660 3554 5729 plurimum
3582 5683 3709 5738 pos-

2119 5745 2247 5802 sint.
2284 5743 2351 5799 Et
2379 5743 2580 5799 utinam
2612 5743 2949 5800 documentis
2976 5743 3122 5814 aliis,
3152 5763 3272 5821 qua:
3299 5753 3406 5813 illic
3433 5773 3715 5830 superesse
