4054 6198
425 252 494 307 15
1790 240 2034 297 PROLEl

2140 239 2326 298 ΙΕΝΑ.
3665 245 3728 302 16

427 368 749 430 debuerant,
792 364 964 420 series
992 370 1073 419 tot
1108 360 1455 427 surculorum,
1479 359 1763 430 scripturae
1793 355 2028 411 difﬁcul-

430 467 536 527 tas,
569 473 750 513 rerum
782 454 1070 527 ignoratio,
1102 467 1167 508 ac
1194 450 1425 507 subinde
1455 450 1755 522 neglectus,
1789 448 2029 503 omnium

428 565 560 607 vero
588 549 820 604 maxime
849 547 1205 604 deliramenta
1247 560 1503 599 manumn
1534 544 1828 598 otiosarum
1856 557 1924 597 ne
1951 540 2031 594 in-

431 645 829 705 tercessissent,
858 640 1150 713 quominus
1189 638 1366 694 adhuc
1395 637 1663 700 viverent,
1693 646 1748 691 ct
1768 635 2028 704 vigerent.

427 736 537 794 Sed
565 745 685 792 acta
710 751 797 791 res
819 744 903 790 est
933 751 946 787 :
978 746 1079 789 nec
1106 732 1319 789 cineres
1345 731 1478 787 istos
1503 744 1722 785 movere
1743 727 1855 799 jam
1886 727 2031 782 licet.

430 829 545 900 Ego
577 826 792 881 illormn
830 840 935 879 non
971 838 1166 894 pauca,
1198 838 1266 878 ne
1296 821 1564 877 fortunam
1593 818 1843 875 eamdem
1884 815 2032 872 subi-

430 929 552 977 rent
584 935 702 975 mea
730 933 896 974 manu
926 916 1221 986 descripta,
1251 915 1303 970 in
1335 913 1659 970 Adversaria
1694 910 1984 967 retulerant
2017 924 2031 961 :

429 1013 678 1068 editurus
704 1009 1019 1079 aliquando,
1043 1008 1087 1062 si
1111 1008 1243 1073 vita,
1269 1007 1523 1076 viresque
1548 1012 1921 1074 superessent.
1955 1000 2038 1056 Li-

424 1115 516 1162 cct
541 1115 725 1177 postea
755 1120 899 1160 cura:
931 1102 1078 1166 aliae,
1124 1117 1259 1156 nova
1293 1099 1491 1162 studia,
1528 1108 1582 1154 et
1620 1098 1796 1152 luxata
1840 1097 1891 1151 in
1918 1095 2037 1151 dics

425 1200 705 1263 valetudo,
729 1214 849 1268 qua:
880 1212 967 1252 me
998 1213 1151 1267 spem
1183 1204 1329 1251 vetat
1356 1193 1611 1249 inchoare
1634 1184 1870 1263 Iungam,
1901 1209 2035 1260 pra:-

432 1293 592 1347 terita
620 1290 847 1345 consilia
878 1288 1308 1350 interverterint,
1342 1285 1797 1354 excusserintque
1824 1284 1889 1339 de
1918 1300 2034 1337 nm-

431 1389 610 1445 uibus.
644 1386 751 1442 Sed
781 1395 839 1440 ut
864 1385 928 1439 ad
957 1400 1070 1440 rem
1103 1393 1345 1438 nostram
1374 1381 1616 1445 redeam,
1648 1380 1789 1435 inter
1814 1396 1906 1448 pra
1930 1379 2033 1433 fata

427 1486 775 1536 monumenta
814 1477 1030 1546 jacebat
1058 1474 1233 1531 codex
1270 1483 1563 1544 argenteus
1592 1471 2033 1542 Evangeliorum,

425 1589 588 1645 quem
616 1571 850 1640 virgines
885 1569 989 1622 illa:
1030 1566 1359 1623 breviarium
1402 1568 1564 1620 Ansa:
1606 1564 1805 1634 regina:
1850 1562 2038 1632 appel-

430 1667 551 1723 lare
574 1665 843 1721 solebant.
877 1662 1029 1716 Hunc
1052 1660 1181 1716 mihi
1206 1675 1233 1713 a
1250 1658 1575 1714 consobrina
1605 1672 1720 1711 mea
1754 1664 1881 1710 tunc
1902 1663 2039 1709 tem-

2135 365 2192 412 ct
2217 357 2503 428 tetraplum
2538 356 2688 424 illud,
2723 356 2865 429 quod
2899 359 2950 413 in
2981 368 3228 416 extremo
3262 360 3429 417 limbo
3467 362 3731 434 cujusque

2135 449 2347 520 paginae
2391 451 2651 516 cernitur,
2694 461 2953 522 argenteo
2996 452 3229 524 quodam
3284 454 3561 526 pigmento
3605 465 3733 512 sunt

2137 539 2217 595 liti
2248 557 2261 593 :
2290 539 2444 610 cujus
2486 549 2666 597 tamen
2698 543 2848 598 color
2879 532 3142 599 multis'in
3172 544 3304 601 locis
3345 548 3609 604 evanidus
3634 565 3733 605 au-

2135 649 2285 689 reum
2307 635 2546 702 simulat,
2574 634 2819 707 fallitque
2847 637 2950 692 nisi
2978 646 3185 693 attente
3210 639 3546 708 inspiciatur.
3572 641 3729 699 Unde

2135 736 2192 784 et
2215 743 2315 785 nos
2341 728 2470 783 olim
2502 728 2744 785 codicem
2776 746 2997 785 auremn
3021 733 3370 789 vocabamus.
3391 733 3735 804 Pigmentum

2135 820 2268 876 illud
2298 822 2461 877 modo
2504 823 2665 890 laeve,
2710 839 2853 880 nunc
2892 840 3136 880 crassum
3163 867 3179 893 ,
3224 826 3585 900 scabrnmque
3625 840 3729 885 est.

2135 911 2269 969 Sive
2299 912 2403 969 hoc
2430 913 2643 970 diversa
2666 915 3091 972 illuminatorum
3121 934 3341 986 manus,
3384 934 3478 975 seu
3509 923 3732 978 materia

2138 1005 2288 1077 ipsa,
2327 1016 2419 1060 aut
2456 1005 2672 1061 demum
2706 1007 2977 1076 pennicilli
3019 1010 3389 1078 praestiterint.
3421 1010 3729 1084 Utcumque

2137 1097 2282 1151 enim
2328 1098 2520 1167 pennis
2563 1099 2742 1152 avium
2786 1098 3091 1168 descriptos
3132 1100 3296 1156 fuisse
3333 1102 3549 1158 codices
3602 1088 3737 1161 iSlos

2137 1202 2354 1251 aureos,
2402 1197 2795 1259 argenteosque
2826 1189 3052 1245 innucre
3082 1191 3328 1247 videatur
3351 1207 3513 1262 supra
3550 1194 3733 1249 lauda-

2140 1290 2226 1334 tus
2251 1280 2596 1336 Mahillonius
2625 1280 2937 1353 (Supplem.
2971 1282 3041 1334 ad
3069 1300 3176 1337 rem
3209 1284 3438 1349 Diplom.
3472 1303 3593 1356 pug.
3620 1286 3735 1355 51).

2142 1372 2439 1427 hoctamcn
2461 1372 2529 1428 de
2553 1374 2741 1442 prima,
2777 1386 2831 1426 ut
2856 1374 2924 1426 ita
2957 1373 3213 1441 dixerim,
3237 1391 3397 1429 manu
3427 1377 3735 1447 intelligen-

2141 1464 2268 1519 dum
2319 1465 2598 1532 existimo.
2644 1465 2864 1519 Certum
2915 1466 3057 1520 enim
3097 1474 3182 1522 est
3224 1483 3255 1521 a
3288 1468 3521 1523 librariis
3549 1470 3742 1527 ductos

2143 1556 2373 1624 prinmm
2406 1566 2710 1611 atramento
2730 1568 3057 1621 caracteres,
3088 1572 3207 1612 mox
3239 1558 3308 1613 ab
3351 1559 3731 1617 illuminatori-

2144 1648 2243 1703 bus
2283 1665 2443 1703 aurea
2478 1649 2589 1713 illa,
2619 1656 2712 1704 aut
2756 1659 3009 1719 argentea
3054 1651 3291 1707 mixtura
3337 1665 3578 1721 ornatos,
3611 1673 3735 1727 quze

430 1757 580 1828 poris
599 1756 869 1810 abbatissa
891 1751 1131 1807 oblatum
1155 1765 1276 1806 cum
1299 1749 1578 1813 vidissem,
1624 1756 1783 1817 atque
1803 1763 1833 1801 c
1857 1746 2039 1801 limine
2074 1750 2116 1807 Β
2146 1740 2388 1811 profecto
2427 1742 2619 1812 pennis
2654 1741 2803 1798 reddi
2832 1756 2937 1797 non
2970 1753 3200 1814 poterat.
3231 1745 3305 1801 Ita
3337 1750 3511 1817 spissa
3536 1761 3618 1804 cst
3639 1751 3741 1806 ali.

434 1858 643 1907 tantum
671 1847 1017 1911 salutassetn,
1052 1842 1384 1899 membranis
1410 1842 1531 1896 aliis
1561 1841 1825 1906 intentus,
1854 1840 2039 1909 impe-

432 1945 569 2001 travi
612 1951 798 2014 pustca
834 1957 848 1995 :
882 1949 992 1995 tum
1021 1947 1079 1994 ut
1119 1936 1489 2008 supradictum
1528 1937 1806 2005 specimen
1858 1935 2039 1993 mitte—

432 2051 552 2094 rem
578 2045 771 2106 patruo
790 2042 902 2100 tuo,
930 2034 1046 2102 qui,
1080 2046 1331 2102 purpura:
1354 2029 1581 2099 insignia
1605 2027 2037 2086 eminentissimo

430 2129 625 2186 Joanni
658 2127 952 2183 Francisco
972 2124 1272 2180 Barbadico
1295 2138 1417 2177 cum
1442 2121 1745 2189 detulisset,
1773 2123 1922 2176 illum
1950 2138 2040 2176 uo-

428 2222 664 2286 biscum,
693 2220 781 2290 qui
810 2220 858 2273 ei
891 2218 1142 2281 comites,
1170 2216 1393 2271 honoris
1427 2231 1589 2271 causa
1618 2257 1633 2281 ,
1666 2215 1734 2269 ab
1763 2215 2039 2269 humanis-

429 2315 572 2370 simo
598 2314 840 2381 principe
865 2311 1228 2374 datieramus,
1254 2318 1310 2364 ct
1333 2310 1663 2379 inspexerat,
1683 2322 1735 2364 ct
1761 2310 2036 2364 charm-te-

430 2422 521 2462 res
548 2406 809 2475 excipere
849 2413 1151 2460 tcntaverat
1176 2420 1191 2457 :
1222 2414 1332 2457 tum
1362 2402 1525 2456 etiam
1574 2410 1631 2456 ut
1661 2401 1850 2458 eadem
1882 2416 2039 2457 occa-

436 2499 591 2554 sione
614 2496 983 2567 expendcrem
1012 2496 1290 2560 attentius,
1326 2504 1488 2564 atque
1518 2510 1620 2548 una
1651 2492 1920 2548 variantes
1945 2510 2035 2548 ex-

433 2604 717 2658 cerperem
753 2605 766 2639 :
799 2603 935 2656 quas
957 2586 1090 2640 mihi
1114 2584 1405 2654 aliquando
1430 2584 1547 2639 usui
1576 2585 1783 2639 futuras
1812 2600 1918 2639 non
1942 2583 2041 2639 du-

431 2682 668 2737 bitabam
688 2721 704 2746 ,
738 2680 863 2734 licet
903 2694 1067 2742 nunc,
1092 2678 1256 2733 etiam
1280 2692 1441 2744 supra
1464 2692 1623 2746 quam
1654 2677 1899 2731 mihimet
1923 2677 2039 2745 ipse

430 2772 853 2845 spoponderam.
904 2787 1003 2827 usu
1051 2771 1102 2826 id
1144 2770 1390 2840 profecto
1430 2770 1694 2839 ampliore
1724 2771 2037 2841 contigerit.

434 2866 548 2923 lllis
590 2863 738 2921 enim
766 2863 914 2919 curis
942 2863 1078 2919 meis
1117 2873 1171 2917 et
1212 2859 1511 2916 amicitiam
1547 2872 1690 2916 tuam
1738 2861 1911 2917 debeo
1941 2879 1953 2915 :
1986 2870 2042 2917 et

442 2966 798 3015 monumento
828 2956 987 3027 longe
1036 2953 1435 3025 pulcherrimo,
1478 2969 1640 3026 quam
1672 2971 1700 3009 a
1734 2970 1821 3010 me
1862 2954 2041 3011 adhuc

426 3052 657 3107 fortasse
688 3049 1115 3120 praestolaretur,
1150 3056 1389 3117 paratam
1418 3045 1757 3103 felicioribus
1781 3047 2038 3118 anSpiciis

427 3144 630 3211 lttcem,
656 3153 817 3213 atque
840 3140 1224 3197 aeternitatem.

498 3236 756 3292 Codicem
783 3233 966 3297 istmn,
987 3231 1055 3287 ad
1087 3230 1203 3286 luce
1225 3246 1394 3301 usque
1418 3239 1686 3301 tempora,
1716 3230 2028 3287 criticornm

428 3342 712 3384 sacrorum
763 3324 965 3380 nemini
1011 3323 1314 3393 inspectum
1354 3322 1551 3388 fuisse,
1595 3332 1747 3379 certe
1800 3338 1828 3377 a
1885 3323 2034 3378 nullo

432 3418 626 3475 studiis
653 3416 977 3481 adhibitum,
1008 3414 1137 3469 illud
1166 3421 1485 3485 argumento
1512 3428 1634 3470 esse
1660 3422 1857 3485 potest,
1889 3414 2032 3485 quod

429 3514 580 3569 inter
606 3519 687 3566 tot
704 3510 838 3565 alios
862 3510 932 3564 ab
963 3509 1029 3564 iis
1056 3516 1406 3575 memoratos,
1440 3507 1583 3563 unde
1608 3507 1876 3563 variantes
1904 3507 2036 3562 hau-

433 3614 647 3671 serunt,
677 3620 744 3659 ne
785 3618 951 3658 unum
999 3600 1216 3672 quidem
1259 3600 1469 3667 videas,
1510 3600 1602 3671 qui
1640 3600 1874 3671 aliquam
1913 3599 2036 3656 inde

434 3697 760 3769 protulerit.
790 3696 982 3762 Solus,
1021 3692 1161 3765 quod
1203 3695 1411 3761 sciam,
1448 3692 1644 3748 Paulus
1693 3692 2032 3760 Galleardus,

434 3790 509 3846 cl.
537 3790 946 3846 eoncivismeus
979 3801 1138 3841 unam
1176 3786 1481 3842 etalteram
1509 3785 1667 3843 nobis
1712 3786 1956 3841 exhibuit
1982 3787 2034 3841 in

433 3880 836 3953 elegantissima
885 3878 1122 3933 editione
1181 3876 1416 3946 Operum
1474 3875 1814 3931 Gandentii:
1874 3893 2034 3948 quam

434 3972 678 4046 profecto
709 3972 1004 4026 auctiorem
1068 3968 1280 4033 multo,
1332 3968 1871 4039 pmstautioremque
1918 3981 2038 4025 erat

436 4065 595 4123 nobis
628 4063 873 4129 daturus,
907 4061 952 4116 si
991 4075 1101 4115 non
1128 4058 1311 4114 alieno
1356 4057 1584 4113 arbitrio
1623 4059 1719 4124 uti,
1754 4058 1849 4114 sed
1896 4074 1995 4116 suo
2016 4102 2032 4129 ,

436 4158 602 4217 cdere
629 4171 764 4224 opus
789 4153 1091 4225 egregium,
1122 4166 1228 4207 non
1258 4151 1517 4207 festinare
1546 4151 1843 4209 debuisset.

510 4248 851 4305 Mahlllonius
883 4246 1000 4317 ipse
1030 4244 1082 4301 in
1114 4244 1325 4311 itinere,
1355 4242 1501 4315 quod
1530 4259 1623 4314 per
1642 4244 1849 4299 Italiam
1885 4246 2037 4302 insti-

440 4344 561 4409 tuit,
604 4338 1009 4397 cum'Brixiam
1058 4337 1338 4402 inviseret,
1389 4350 1579 4391 omnes
1628 4335 1791 4392 hasce
1840 4341 2033 4393 vetusti

439 4436 541 4492 aevi
587 4430 841 4503 reliquias
892 4430 1030 4487 clam
1089 4428 1307 4496 habuit;
1368 4428 1585 4485 nomine
1629 4444 1661 4485 e
1705 4431 2035 4486 nostratibus

2140 1833 2286 1899 cubi,
2314 1849 2376 1889 ac
2400 1835 2713 1904 prominens
2742 1852 2771 1889 e
2800 1836 3151 1906 membranis,
3169 1839 3439 1910 prtecipne
3462 1842 3515 1896 in
3541 1842 3739 1909 Mareo;

2141 1927 2194 1983 in
2226 1944 2332 1998 quo
2369 1937 2424 1983 ct
2465 1945 2704 1983 muscam
2733 1930 2941 2000 glutine
2987 1931 3081 1985 illo
3136 1934 3517 2001 circumlitam,
3576 1944 3744 2008 atque

2142 2020 2413 2075 inretitam
2468 2020 2646 2077 adlmc
2694 2021 2955 2091 integram
3010 2024 3332 2080 invenimus.
3393 2026 3546 2083 Unde
3610 2029 3741 2083 olim

2137 2111 2496 2182 conjcceram,
2529 2112 2782 2167 (Iudicem
2813 2113 2956 2169 hunc
2982 2125 3171 2171 :leztle
3200 2117 3507 2174 absolutum
3541 2120 3732 2176 fuisse.

2140 2207 2292 2263 Tunc
2314 2207 2459 2263 enim
2494 2207 2700 2263 facilius
2745 2219 3026 2264 arescente
3058 2211 3283 2279 pictura.
3319 2212 3410 2267 ubi
3450 2212 3729 2270 adversam

2143 2300 2386 2371 paginam
2434 2298 2796 2355 ahsolvisseut
2839 2317 3042 2373 operte,
3074 2319 3356 2372 aversam,
3417 2324 3521 2362 non
3575 2310 3743 2364 multo

2142 2395 2402 2464 temporis
2418 2393 2723 2460 intervallo,
2745 2404 2954 2450 tentare
2973 2405 3239 2465 poterant.
3264 2399 3379 2452 Dixi
3395 2399 3743 2457 characteres

2141 2494 2445 2539 atramento
2486 2485 2716 2555 simplici
2762 2486 3011 2555 primitus
3038 2486 3265 2553 ductos;
3294 2489 3437 2558 quod
3497 2490 3743 2559 pluribus

2142 2578 2195 2633 in
2239 2577 2372 2632 locis
2407 2577 2809 2633 evidentissime
2831 2578 3163 2649 colligaszin
3213 2580 3367 2634 Lucze
3409 2583 3740 2652 prmscrtim,

2140 2684 2204 2725 ac
2226 2668 2448 2725 Joannis
2471 2668 2645 2734 initio,
2670 2670 2759 2724 ubi
2788 2670 3116 2739 pigmentum
3149 2672 3276 2726 illud
3300 2672 3562 2742 dilapsum
3589 2681 3695 2728 cst.

2216 2761 2371 2815 lnitiu
2400 2762 2689 2830 cujuslibet
2718 2762 2993 2832 Evangelii
3025 2763 3210 2831 prima:
3248 2764 3403 2820 linea:
3432 2765 3548 2819 auri
3580 2765 3740 2820 hrac-

2142 2853 2299 2908 teolis
2341 2862 2468 2908 sunt
2514 2852 2783 2919 obductae,
2845 2854 2988 2924 quod
3034 2854 3327 2908 etiamnum
3375 2857 3734 2926 splendidum,

2138 2946 2509 3016 intactumque
2563 2954 2665 3001 est.
2710 2946 2889 3002 Linear
2922 2963 3115 3004 omnes
3158 2950 3301 3020 stylo
3351 2963 3628 3020 cxaratae,
3683 2963 3742 3007 ut

2139 3052 2254 3103 cas,
2278 3038 2332 3092 in
2356 3038 2737 3105 describendo,
2777 3039 3111 3109 antiquarius
3134 3053 3473 3111 sequeretur.
3508 3045 3740 3100 Charac-

2065 3133 2110 3196 C
2146 3140 2289 3187 teres
2330 3130 2697 3202 magnitudine
2722 3133 2958 3203 aequales
2985 3154 2999 3188 ;
3030 3132 3134 3188 nisi
3154 3134 3295 3204 quod
3321 3136 3386 3190 ad
3418 3136 3737 3208 insigniores

2140 3223 2419 3293 pericopas
2467 3223 2664 3293 quibus
2716 3232 2777 3278 ut
2826 3223 3116 3294 plurimum
3180 3226 3233 3280 in
3288 3226 3423 3283 hevo
3498 3232 3740 3300 margine

2139 3318 2301 3372 lectio
2345 3318 2653 3387 apponitur,
2699 3319 2934 3388 majores
2980 3318 3325 3375 adhibentur.
3374 3322 3442 3377 Et
3476 3336 3735 3391 econtra,

2137 3411 2181 3465 si
2210 3410 2337 3482 quid
2366 3412 2419 3465 in
2446 3412 2551 3466 fine
2579 3412 2738 3466 lineae
2767 3410 3073 3467 addendum
3132 3425 3434 3485 supererat.
3468 3418 3741 3473 minuscu-

2139 3503 2203 3559 lis
2248 3503 2531 3573 supplebat
2583 3504 2860 3559 lihrarius.
2900 3505 3056 3572 Quod
3105 3506 3171 3560 ad
3217 3507 3432 3562 illnrmn
3490 3510 3733 3566 ordinem

2136 3606 2375 3666 spectat,
2430 3596 2563 3651 nihil
2616 3597 2811 3652 addam
2855 3600 2906 3653 iu
2952 3614 3228 3669 pra-scus:
3274 3617 3397 3656 cum
3451 3604 3726 3673 specimen

2140 3688 2313 3758 ipsum
2342 3690 2540 3745 seriem
2572 3691 2907 3755 continuam,
2939 3701 3376 3765 strncturamque
3396 3710 3427 3750 a
3463 3698 3734 3754 veteribus

2140 3788 2423 3851 usurpatas
2447 3798 2555 3851 pra:
2577 3782 2749 3838 oculis
2776 3793 2958 3853 ponat.

2210 3873 2442 3938 Alicubi,
2472 3890 2596 3928 raro
2636 3884 2836 3941 tamen,
2886 3874 2939 3929 in
2966 3891 3122 3954 unam
3163 3877 3284 3933 dua:
3312 3879 3503 3936 littera:
3530 3882 3730 3938 coales-

2138 3974 2297 4019 cunt:
2331 3974 2414 4021 ast
2451 3982 2664 4036 semper
2694 3966 2745 4031 in
2794 3970 2900 4024 line
2950 3969 3124 4024 linem.
3156 3970 3339 4042 Neque
3376 3973 3535 4029 aliter
3572 3991 3731 4045 quant

2140 4059 2212 4127 Ν,
2257 4070 2349 4115 aut
2396 4060 2436 4115 V
2485 4061 2832 4130 superaddite
2884 4062 3160 4133 longurio,
3214 4075 3271 4119 ut
3300 4065 3342 4119 Τ
3374 4082 3514 4132 uno,
3569 4078 3731 4138 atque

2138 4155 2331 4212 eodem
2386 4166 2557 4213 tractu
2584 4157 2913 4227 exprimeret
2935 4158 3205 4213 librarius.
3236 4160 3405 4226 Quam
3432 4158 3745 4218 litterarum

2139 4252 2655 4321 coagmentationcm
2701 4251 2947 4307 licentius
2986 4252 3156 4307 inulto
3194 4255 3523 4324 usurpabant
3558 4255 3610 4310 in
3638 4272 3729 4312 ve-

2141 4343 2299 4398 tustis
2330 4342 2593 4413 lapidilms
2632 4344 2979 4414 quadratarii.
3012 4344 3124 4399 Non
3164 4345 3309 4413 enim
3345 4346 3396 4400 in
3441 4346 3549 4402 line
3573 4346 3730 4404 linem

2140 4441 2368 4497 tantum,
2411 4434 2506 4490 scd
2552 4436 2744 4491 mediis
2786 4434 2970 4502 etiam,
3013 4451 3186 4508 neque
3236 4436 3339 4494 hoc
3383 4440 3550 4495 semel
3599 4439 3730 4495 illud

434 4526 609 4583 facem
658 4522 999 4596 praeferente.
1046 4523 1125 4579 De
1174 4536 1285 4592 quo
1336 4521 1585 4591 equidem
1638 4521 1783 4578 inter
1830 4522 2312 4597 amicosDipsum
2339 4526 2519 4582 videas
2548 4529 2883 4598 praestitisse.

439 4635 587 4691 saepe
605 4633 751 4673 cram
780 4624 1043 4686 questus;
1094 4614 1237 4685 quod
1268 4630 1373 4670 non
1425 4614 1521 4669 has
1560 4616 1742 4680 etiam,
1769 4632 1872 4672 una
1912 4632 2034 4673 cum

438 4720 521 4768 tot
549 4709 669 4764 aliis
709 4706 920 4762 urbium
952 4705 1405 4771 clarissimarum,
1442 4705 1835 4763 immortalibus
1861 4711 2035 4781 scrip-

438 4802 511 4858 tis
548 4796 979 4857 commendasset
1025 4798 1353 4868 posteritati.
1383 4797 1582 4853 Verum
1631 4815 1773 4855 nunc
1818 4801 2035 4859 tandem

435 4893 653 4963 egregie
681 4900 861 4946 actum
894 4888 1174 4944 nobiscum
1204 4888 1383 4955 video,
1412 4905 1480 4944 ne
1502 4904 1719 4946 omnem
1746 4893 2039 4963 antiquita-

433 4995 547 5042 tum
578 4993 881 5040 nostrarum
913 4983 1230 5039 memoriam
1260 4982 1581 5039 deberemus
1619 4988 1858 5042 externis
1884 4986 2037 5059 inge-

436 5078 543 5133 niis
574 5093 587 5130 :
620 5084 697 5143 et,
720 5088 882 5145 quam
903 5074 956 5129 in
990 5090 1098 5131 uno
1128 5072 1368 5129 Matthxi
1397 5082 1546 5130 textu
1572 5074 1640 5131 ab
1669 5076 1859 5134 altrice
1888 5076 2036 5137 litte-

434 5181 625 5223 rarum
678 5173 842 5235 atque
883 5166 1078 5220 artium
1123 5164 1300 5221 Gallia
1352 5165 1482 5222 olim
1532 5168 1860 5239 accepimus,
1895 5171 2034 5228 hanc

432 5260 510 5316 illi
542 5258 689 5316 ltalia
718 5266 928 5322 nostra,
959 5254 1251 5328 etquidem
1273 5272 1397 5315 cum
1427 5256 1636 5318 femore
1665 5269 1719 5317 ut
1741 5260 2033 5335 aliquando

432 5353 663 5425 gratiam
696 5347 982 5421 rependat.

506 5445 705 5501 Forma
749 5442 986 5508 codicis,
1037 5442 1273 5515 oblonga
1320 5452 1405 5500 est
1443 5444 1547 5513 ita,
1591 5455 1651 5503 ut
1689 5446 2029 5507 latitudinem

429 5541 603 5597 ferme
624 5539 924 5610 quadrante
950 5546 1193 5607 superet.
1218 5538 1347 5607 Ejus
1374 5539 1724 5608 membranae,
1754 5541 1879 5600 licet
1903 5559 2033 5614 pur-

430 5647 565 5704 pura
594 5631 775 5684 tinctze
812 5629 1033 5693 fuerint,
1065 5627 1308 5697 plurimae
1351 5638 1529 5683 tamen
1579 5638 1846 5689 vetustate
1894 5643 2031 5690 tem-

396 5722 580 5807 ‘poris
605 5720 826 5780 cwrulei
848 5723 1081 5793 Speciem
1107 5737 1218 5796 prie
1240 5739 1299 5780 se
1328 5723 1525 5780 ferunt.
1547 5724 1923 5798 Characteres,
1955 5732 2029 5788 uti

2209 4617 2353 4673 Nihil
2402 4628 2580 4674 autem
2613 4621 2945 4691 frequentius
2985 4622 3036 4678 in
3067 4622 3252 4680 codice
3298 4624 3404 4680 isto
3444 4641 3603 4696 quam
3647 4627 3734 4681 lit-

2140 4716 2373 4764 terarum
2427 4714 2771 4778 permutatio.
2824 4713 2867 4767 0
2906 4730 3001 4783 pro
3032 4714 3093 4781 V,
3143 4715 3184 4768 Τ
3233 4731 3329 4785 pro
3382 4717 3445 4782 D,
3497 4717 3590 4773 sed
3622 4733 3733 4788 prae

2135 4803 2349 4858 caeteris
2378 4804 2417 4857 ll
2446 4819 2542 4872 pro
2572 4804 2631 4869 V,
2662 4816 2713 4860 et
2738 4805 2853 4861 vice
2876 4822 3028 4861 versa
3062 4809 3352 4878 usurpatis.
3383 4809 3535 4874 Quod
3561 4812 3732 4880 impc-

2138 4894 2256 4949 ritis
2280 4895 2535 4952 harmnce
2562 4912 2742 4954 rerum
2783 4913 2996 4955 crucem
3023 4902 3185 4970 figere
3205 4901 3494 4969 aliquando
3528 4916 3730 4973 posset.

2137 4986 2269 5043 Cum
2294 5004 2401 5043 non
2432 4989 2600 5045 semel
2627 5004 2819 5047 sensus
2856 4991 2970 5061 ipse
2998 4992 3284 5048 verborum
3316 4992 3510 5049 inverti
3554 4995 3735 5050 vidca-

2135 5088 2250 5135 tur:
2285 5083 2557 5151 praeterito
2583 5083 2635 5137 in
2660 5082 2895 5139 futurum
2924 5092 3168 5155 tempus,
3200 5085 3302 5141 hoc
3329 5086 3381 5141 in
3411 5086 3542 5140 illud
3582 5103 3733 5155 s:epe

2137 5172 2562 5229 transeuntibus.
2583 5173 2689 5229 Sed
2721 5188 2809 5230 res
2837 5185 2921 5230 est
2946 5191 3067 5230 cum
3088 5176 3314 5232 eruditis
3332 5218 3347 5241 ,
3376 5177 3570 5247 quibus
3598 5177 3729 5233 nihil

2134 5260 2189 5317 in
2218 5263 2453 5334 antiquis
2476 5264 2625 5321 hisce
2654 5267 3022 5324 monumentis
3052 5267 3732 5340 perspectius.Aliquandu

2134 5358 2298 5414 etiam
2334 5358 2379 5414 ν
2411 5375 2509 5430 pro
2558 5359 2626 5426 Υ,
2678 5370 2736 5417 et
2777 5371 3023 5429 econtra,
3065 5362 3161 5417 sed
3206 5377 3369 5433 parce
3413 5370 3729 5433 usurpatum

2133 5452 2315 5508 inveni
2346 5453 2400 5508 in
2425 5452 2704 5521 Matthteo,
2737 5466 2794 5512 et
2822 5454 3069 5512 Joanne:
3109 5472 3341 5511 mmram
3379 5455 3587 5511 scilicet
3631 5468 3728 5526 pro

2134 5562 2380 5616 myrram,
2422 5557 2477 5603 et
2530 5549 2733 5620 verbym
2772 5565 2871 5619 pro
2898 5550 3123 5605 verbum.
3178 5552 3310 5618 Quae
3354 5551 3559 5616 omnia,
3614 5550 3727 5604 sive

2134 5638 2419 5705 lecturum,
2454 5651 2546 5695 aut
2572 5642 2966 5712 descriptorum
2998 5643 3146 5709 vitio,
3193 5662 3287 5699 seu
3311 5643 3492 5699 verius
3521 5641 3726 5699 idiotis-

2132 5734 2236 5789 mis
2286 5735 2500 5792 illorum
2554 5747 2853 5809 temporum
2903 5738 3138 5807 tribuas,
3188 5751 3395 5795 certum
3451 5750 3536 5797 est
3591 5754 3723 5795 mss.
