4054 6198
308 297 379 355 l7
1102 294 1318 353 EPIST.
1355 264 1601 353 PlllLlP.
1642 292 2015 363 GARBELLI,
2047 294 2134 352 DE
2172 296 2813 357 CODICE‘BRIXIANO.
3542 303 3613 361 18

308 418 641 489 exemplaria
682 416 795 475 fere
814 418 1020 483 omnia,
1052 426 1164 474 tum
1193 427 1431 475 vetustas
1457 421 1620 475 etiam
1665 416 1900 488 lapidum
1931 420 1979 478 A
2080 417 2135 473 lu
2166 420 2463 475 cauouibus
2493 420 2640 476 hisce
2684 421 3013 491 digerendis,
3064 437 3171 477 non
3224 420 3464 487 Eusebii,
3517 422 3614 476 sed

309 513 718 585 inscriptiones,
746 528 809 567 ac
841 512 1166 568 numismata
1207 528 1523 583 occupasse.
2012 512 2259 566 codicum
2287 556 2300 577 ,
2335 529 2470 584 quos
2503 529 2611 583 pra:
2643 516 2814 569 oculis
2844 515 3097 578 habebat.
3150 518 3512 572 meououtiam
3553 516 3619 572 li-

376 604 817 661 Observabamus
863 604 1153 675 aliquando
1181 604 1510 673 exemplaria
1539 603 1639 658 ista
1686 601 1911 657 nnciali-
2015 607 2227 663 lirarius
2256 624 2508 665 servasse
2538 609 2773 665 videtur.
2802 609 2933 665 Nam
2990 610 3058 675 Χ,
3086 611 3137 664 itt
3171 627 3277 679 quo
3307 610 3617 676 Mattltteus,

307 699 413 755 bus
453 699 650 752 litteris
699 697 994 766 descripta,
1045 712 1211 752 onera
1258 697 1429 767 magis
1485 704 1703 751 exarata
1749 709 1907 765 quam
2015 702 2246 768 Marcus,
2277 702 2469 768 Lucas,
2503 703 2741 759 Joannes
2785 703 2925 775 apud
2975 702 3147 769 illum,
3184 702 3272 757 hic
3312 712 3435 771 post
3476 703 3618 758 llat-

307 792 527 847 codices
581 790 966 863 Hieronymum
1023 790 1328 861 appellasse
1383 788 1653 861 (Prwfat.
1704 789 1758 843 in
1807 787 1909 841 Job
2015 795 2215 850 tinuum
2264 799 2512 866 sequitur
2557 797 2820 864 Joannes,
2869 812 2995 851 mox
3042 796 3234 860 Lucas,
3280 810 3346 850 ac
3389 795 3621 851 subinde

310 896 440 940 extr.
462 884 520 953 ):
559 884 720 954 idque
774 893 959 952 postea
991 884 1255 938 imitatum
1301 882 1584 939 Alcuiuum
1608 921 1620 942 .
1652 881 1741 950 qui
1775 895 1909 950 pon-
2021 887 2262 943 Marcus;
2295 888 2476 942 additu
2506 888 2575 943 ad
2608 889 2765 943 tinem
2811 887 3233 958 uniuscujusque
3278 887 3611 957 Epigraplic;

309 978 440 1032 dera
468 975 732 1031 librorum
756 984 973 1046 portatu
996 974 1261 1037 difﬁcilia,
1293 990 1356 1029 ac
1395 973 1624 1045 proinde
1648 973 1910 1027 lectorum
2016 978 2243 1049 Explica
2267 978 2445 1034 canon
2479 980 2529 1033 Χ
2552 979 2805 1045 Manlian,
2834 978 3011 1051 incipit
3056 978 3233 1035 canon
3278 976 3329 1033 X
3356 977 3621 1041 Joannis,-

312 1072 563 1125 manibus
599 1070 781 1141 gravia
820 1069 953 1124 dixit
982 1068 1181 1139 (Prtef.
1214 1068 1283 1122 ad
1324 1078 1506 1139 quaest.
1535 1068 1585 1121 in
1629 1062 1910 1135 Genesim).
2016 1072 2222 1142 explica
2254 1069 2431 1127 canon
2460 1070 2511 1127 Χ
2536 1070 2777 1135 Joannis,
2800 1072 2978 1135 incipi;
3005 1068 3180 1127 (ῖαηοη
3204 1069 3254 1124 Χ
3288 1069 3476 1135 Luae;
3520 1084 3621 1124 επ.

310 1165 523 1222 Placuit
556 1166 610 1219 in
660 1165 814 1219 lance
852 1164 955 1220 hoc
981 1173 1225 1219 nostrum
1255 1162 1561 1232 appendere
1591 1180 1603 1215 :
1638 1161 1912 1216 inventum
2018 1163 2160 1234 plicit
2188 1160 2433 1217 CanonX
2455 1162 2633 1230 Lacte,
2665 1164 2845 1235 incipit
2871 1160 3047 1217 Conon
3077 1160 3129 1216 X
3153 1160 3342 1215 Marci.

311 1268 397 1313 est
417 1257 831 1327 quatuordecim
862 1255 1062 1324 pondo.
1093 1254 1287 1324 Liquet
1312 1255 1475 1310 etiam
1518 1270 1583 1309 ex
1612 1262 1915 1309 memorato
2092 1256 2150 1311 In
2190 1255 2298 1312 line
2326 1258 2551 1312 canonis
2577 1257 2773 1325 octavi,
2809 1256 2861 1311 in
2886 1270 2993 1327 quo
3020 1256 3313 1324 cmteroqui
3342 1251 3626 1308 Matthteus

313 1348 630 1419 Hieronymi
662 1348 783 1403 loco
816 1346 927 1417 jam
980 1358 1107 1402 tunc
1146 1347 1198 1401 in
1231 1347 1518 1417 purpureis
1563 1344 1916 1409 membranis,
2021 1360 2075 1404 et
2098 1348 2336 1404 Joannes
2362 1348 2757 1413 desiderantur,
2792 1363 2966 1419 neque
2997 1346 3293 1409 Ammonii,
3328 1354 3489 1416 alque
3509 1343 3621 1399 Eu-

310 1445 518 1505 aureis,
544 1450 708 1507 atque
734 1439 1004 1507 argenteis
1034 1438 1227 1493 litteris
1250 1438 1519 1506 descripta
1545 1437 1714 1492 fuisse
1738 1451 1921 1491 exem-
2026 1441 2159 1497 sebii
2184 1441 2379 1497 seriem
2403 1442 2729 1513 sequebatur
2748 1440 3048 1511 descriptor
3064 1438 3190 1513 (sub
3219 1438 3462 1495 sectione
3478 1437 3623 1493 enim

312 1533 485 1604 plaria
514 1574 531 1598 ,
586 1547 708 1587 eum
745 1532 812 1586 ad
862 1531 1227 1587 Ecclesiarum
1278 1544 1412 1601 uuas
1468 1538 1594 1585 ante
1648 1530 1919 1599 tetigerat.
2023 1549 2287 1591 cccxxxtx
2315 1536 2536 1591 exhibet
2559 1550 2644 1603 ea,
2676 1550 2797 1605 qua:
2826 1533 2967 1605 apud
2997 1534 3140 1600 illos,
3168 1543 3222 1589 et
3254 1535 3307 1588 in
3339 1531 3527 1589 codice
3550 1532 3629 1587 le-

312 1641 473 1680 usum
500 1644 513 1679 :
541 1634 653 1679 tum
688 1624 752 1679 ad
792 1624 1121 1695 privatorum
1143 1665 1157 1689 ,
1190 1639 1325 1696 quos
1356 1622 1553 1679 ibidem
1605 1621 1919 1693 redarguit:
2023 1634 2221 1697 guntur
2254 1626 2467 1699 cccsL),
2506 1636 2564 1683 et
2592 1627 2755 1683 Marci
2789 1627 3071 1698 pericopas
3100 1643 3207 1682 non
3236 1627 3375 1682 ultra
3407 1624 3626 1696 trigesi-

316 1720 535 1789 objecta
589 1719 696 1773 illis
743 1718 1139 1787 magnificentia
1184 1716 1457 1783 codicum,
1490 1718 1578 1787 qui
1611 1726 1793 1772 tamen
1821 1714 1923 1770 mi-
2028 1733 2170 1773 mam
2214 1727 2462 1790 quartam
2505 1735 2671 1792 supra
2714 1718 3140 1775 ducentesimam
3190 1718 3458 1789 producit.
3488 1717 3629 1774 Nunt

320 1831 423 1870 nos
459 1823 648 1870 essent
667 1814 862 1869 exacti.
898 1814 964 1867 Et
989 1812 1223 1868 fortasse
1253 1815 1304 1868 in
1338 1814 1710 1883 hujuscemodi
1738 1829 1923 1882 sutnp-
1953 1806 1997 1866 Β
2030 1825 2162 1867 vero
2202 1826 2326 1867 cum
2365 1815 2551 1868 codice
2597 1812 2743 1881 paria
2788 1811 2970 1879 faciat,
3022 1814 3286 1868 incertum
3319 1831 3332 1867 :
3380 1820 3631 1868 extrema

323 1908 492 1963 tuosis
513 1907 873 1978 antigrapltis,
899 1907 1067 1977 magis
1097 1922 1257 1976 quam
1298 1907 1351 1961 iu
1380 1907 1627 1969 ceteris,
1661 1921 1922 1975 peccave-
2030 1907 2176 1961 enim
2208 1907 2261 1961 in
2294 1906 2472 1962 Marco
2504 1907 2737 1977 periere.
2762 1906 3015 1975 Canones
3042 1905 3509 1977 escipitquzedam
3530 1919 3634 1959 cett

323 1999 435 2054 rint
486 1998 801 2069 autiquarii;
851 1998 995 2067 quod
1049 1998 1230 2068 operis
1275 2012 1545 2052 morosum
1593 1995 1923 2067 diligentiam
2032 1997 2304 2067 praefatio,
2338 2014 2459 2067 quae
2487 2014 2647 2053 uuam
2676 2007 2733 2054 et
2760 1998 2985 2054 alteram
3033 1997 3282 2069 paginam
3313 1997 3520 2069 implet.
3550 1996 3634 2051 En

328 2091 569 2156 taedium,
610 2105 671 2145 ac
703 2090 987 2155 lassitudo,
1022 2106 1147 2143 mox
1170 2090 1461 2156 festinatio,
1512 2100 1673 2160 atque
1718 2090 1926 2144 incuria
2031 2096 2202 2162 illam,
2234 2097 2327 2152 tibi
2354 2114 2367 2150 :
2398 2113 2521 2152 nam
2550 2107 2606 2153 et,
2636 2099 2689 2153 in
2723 2098 2891 2156 hocce
2918 2099 3109 2155 sabulo
3137 2100 3253 2156 auri
3286 2099 3516 2155 fortasse
3543 2113 3630 2154 ra-

324 2194 709 2254 sequercutur.
758 2181 893 2238 Cum
937 2184 1210 2253 praecipue
1239 2182 1512 2239 difficilius
1554 2197 1699 2238 esset
1748 2192 1925 2238 errata
2032 2201 2219 2245 menta
2249 2190 2528 2247 invenient
2552 2191 2776 2248 eruditi,

328 2276 609 2345 corrigere
644 2292 657 2327 :
714 2275 1015 2329 obsistente
1070 2284 1407 2330 caracterum
1454 2273 1833 2344 pulcritudine,
1866 2291 1930 2329 ac
2102 2280 2329 2337 Sanctus
2358 2280 2547 2337 Petrus
2572 2284 2856 2356 προδιοιιις,
2884 2284 3171 2358 discipula;
3201 2283 3490 2339 εαιυαιοι-ξ,
3521 2282 3636 2338 Do-

331 2370 769 2425 membranarum
789 2411 803 2433 ,
838 2384 1064 2437 quarum
1101 2368 1313 2438 species
1332 2412 1346 2435 ,
1379 2384 1536 2424 secus
1562 2379 1723 2439 atque
1747 2369 1799 2423 in
1834 2383 1931 2439 pu-
2033 2374 2161 2427 ntini
2188 2375 2347 2428 nostri
2370 2374 2499 2428 .lesu
2529 2373 2743 2441 Christi,
2771 2376 2985 2432 edocens
3010 2376 3211 2446 ﬁdeles.
3239 2386 3449 2448 propter
3474 2376 3644 2430 diver-

334 2467 409 2519 ris
439 2464 679 2523 lituram.
703 2462 1090 2533 spongiamque
1120 2461 1208 2516 vix
1241 2462 1423 2517 ferret.
2033 2466 2238 2519 sitatem
2282 2466 2591 2520 adsertionis
2638 2468 2939 2539 linguarum
2982 2471 3221 2523 admonet
3247 2478 3457 2522 cunctos
3497 2477 3551 2520 ut
3585 2468 3640 2521 in

407 2556 681 2610 Cteterum
713 2556 875 2610 etiam
909 2555 1066 2625 longe
1109 2565 1236 2610 ante
1270 2556 1577 2627 Hieronymi
1608 2563 1849 2626 tempora
1880 2553 1933 2609 in
2037 2567 2213 2613 octavo
2234 2559 2366 2612 libro
2388 2559 2662 2613 Clementis
2684 2562 2903 2614 continet
2922 2561 3186 2614 scribtum.
3212 2560 3512 2618 docenssic.
3536 2578 3639 2616 au-

339 2664 437 2704 nsu
465 2648 638 2702 fuisse
668 2662 895 2716 operosa
941 2648 1040 2700 ista
1078 2646 1406 2716 exemplaria
1436 2647 1589 2701 testis
1611 2655 1694 2700 cst
1722 2646 1938 2715 Capito-
2038 2652 2144 2706 dite
2169 2668 2248 2707 me
2273 2654 2503 2706 conservi
2530 2652 2869 2709 dilectissimi.
2903 2655 3093 2709 bonum
3114 2663 3188 2708 est
3210 2664 3264 2707 ut
3291 2655 3644 2725 unusquisque

341 2739 485 2794 linus
531 2739 585 2793 in
632 2737 924 2793 Maximino
963 2738 1173 2792 altero:
1207 2738 1291 2791 cui
1315 2778 1330 2802 ,
1375 2738 1515 2791 inter
1544 2737 1723 2790 omina
1772 2735 1935 2790 futuri
2039 2752 2261 2799 vestrum
2303 2744 2605 2808 secundum,
2638 2746 2776 2815 quod
2805 2754 2965 2815 potest
2994 2746 3157 2817 prosit
3192 2746 3547 2801 accedentibus
3573 2746 3645 2800 ad

347 2831 582 2900 itnpcrii,
599 2829 700 2885 hoc
726 2829 991 2884 accidisse
1020 2830 1114 2890 ait.
1144 2842 1203 2884 ut
1229 2845 1418 2900 puero,
1441 2844 1563 2883 cum
1584 2827 1939 2899 grammatico

2044 2837 2197 2907 ﬁdem
2224 2837 2488 2910 religionis
2524 2847 2735 2892 nostrte.
2780 2848 2829 2891 et
2866 2838 2984 2893 ideo
3010 2855 3113 2891 non
3139 2854 3224 2893 eos
3264 2840 3435 2911 pigeat
3462 2853 3645 2892 secun-

344 2926 594 2987 daretur,
628 2924 750 2979 libri
802 2924 1070 2979 llomerici
1117 2938 1306 2978 omnes
1340 2922 1615 2992 purpurei,
1647 2922 1825 2975 aureis
1856 2921 1943 2974 lit-

2044 2930 2167 2983 dum
2190 2929 2498 2999 sapientiant
2523 2944 2640 2993 qua:
2667 2930 2807 2983 vobis
2828 2946 2920 3001 per
2955 2929 3009 2983 di
3034 2929 3409 3000 providentiam
3435 2928 3645 2983 conlata

346 3020 477 3073 leris
507 3019 692 3087 scripti
738 3018 966 3087 primum
1022 3016 1447 3088 porrigerentur.
1490 3014 1673 3085 Neque
1720 3014 1941 3069 dubium
2045 3030 2141 3086 est,
2165 3019 2467 3073 disserentes
2489 3020 2995 3091 instruere.ignaros
3020 3020 3253 3078 edocere.
3278 3021 3352 3075 ita
3375 3030 3564 3075 tamen.
3590 3029 3647 3075 ut

343 3120 428 3165 est
447 3110 581 3180 quin
611 3124 732 3164 mos
763 3110 865 3164 iste
894 3110 961 3162 ab
992 3108 1226 3163 ethnicis
1255 3107 1575 3177 antiquariis
1614 3108 1681 3161 ad
1726 3116 1942 3164 nostros
2047 3111 2127 3166 his
2142 3126 2258 3180 qute
2282 3127 2314 3163 α
2334 3126 2414 3164 me
2436 3111 2656 3167 audistis
2678 3122 2728 3166 et
2757 3112 2945 3166 tradita
2966 3121 3083 3166 sunt
3110 3111 3248 3165 vobis
3274 3112 3426 3166 vestri
3448 3120 3648 3166 tantum

350 3203 667 3257 manaverit.
696 3203 814 3269 Quo
847 3212 1109 3271 tempore,
1144 3202 1427 3256 incertum.
1461 3201 1595 3255 Puto
1628 3212 1804 3255 tamen
1835 3217 1940 3255 non
1968 3191 2014 3254 C
2046 3207 2295 3261 sermonis
2332 3206 2671 3275 eloquentiam
2714 3208 2937 3262 societis.
2966 3224 3054 3262 nec
3075 3206 3273 3277 aliquid
3303 3207 3569 3280 proprium
3599 3215 3648 3261 et

349 3295 544 3365 primo,
576 3294 803 3348 fortasse
830 3309 930 3348 nec
966 3293 1145 3348 medio
1170 3293 1340 3347 altero
1380 3294 1580 3346 sarculo
1610 3307 1624 3344 :
1652 3307 1774 3347 cum
1806 3308 1935 3361 patt-
2051 3300 2190 3369 quod
2228 3299 2369 3354 vobis
2394 3316 2497 3353 non
2519 3310 2595 3354 est
2621 3300 2870 3355 traditum
2898 3300 3296 3374 proloquamini.
3342 3300 3544 3355 etiamsi
3564 3315 3653 3354 vo-

347 3402 450 3457 pcr
480 3386 687 3450 adhuc,
744 3394 797 3440 et
844 3386 1075 3454 antiqua:
1112 3384 1471 3454 simplicitatis
1503 3394 1657 3438 tenax
1709 3383 1947 3439 Ecclesia

2056 3392 2132 3447 bis
2160 3394 2433 3448 verisimile
2453 3394 2704 3450 videatur.
2731 3396 2820 3449 sed
2842 3404 2896 3448 ut
2923 3395 3031 3449 dixi
3070 3411 3185 3463 qua:
3214 3394 3322 3466 ipse
3343 3413 3374 3449 a
3398 3409 3514 3448 vero
3533 3408 3653 3463 pro-

348 3487 521 3532 essel.
552 3476 657 3531 Sed
687 3487 798 3531 ttttn
824 3475 1066 3542 demum,
1094 3491 1216 3530 cum
1249 3476 1427 3545 longe.
1472 3475 1688 3563 lateque
1730 3475 1948 3543 diffusa,
2054 3485 2206 3555 pheta
2249 3495 2485 3557 suscepta
2529 3486 2670 3541 vobis
2696 3486 2887 3540 tradidi
2912 3487 3298 3559 prosequimini.
3345 3485 3440 3540 etsi
3478 3485 3651 3540 minus

353 3568 754 3623 euullucntilius
785 3570 849 3622 ad
878 3570 996 3638 ejus
1026 3569 1204 3623 sinum
1229 3584 1332 3621 nou
1364 3568 1562 3637 popqu
1596 3576 1822 3634 tantum,
1854 3568 1950 3623 sed
2053 3574 2220 3646 plenae
2239 3575 2548 3629 adsertionis
2575 3592 2684 3631 esse
2702 3576 3006 3631 videbuntur
3025 3586 3070 3631 et
3098 3577 3214 3630 ideo
3241 3592 3304 3630 ne
3325 3576 3379 3630 in
3400 3576 3653 3647 interpre-

356 3661 696 3731 principibus
750 3662 901 3727 viris,
956 3661 1318 3731 fmminisque,
1350 3658 1628 3714 abundare
1676 3660 1949 3730 coepisset.
2055 3666 2329 3720 tationibus
2373 3667 2667 3739 linguarum
2694 3667 2973 3721 secundum
3019 3682 3133 3732 qua:
3179 3667 3234 3721 in
3262 3665 3509 3719 interiora
3539 3664 3658 3720 libri

357 3754 545 3819 Longe
578 3769 708 3808 vero
730 3754 985 3823 amplius,
1022 3753 1227 3809 reddita
1269 3754 1370 3807 sub
1400 3752 1755 3807 Constantino
1800 3768 1953 3822 pace,
2056 3756 2408 3811 ostenduntur.
2456 3758 2641 3831 legenti
2671 3757 2922 3811 videatur.
2968 3756 3115 3811 aliud
3155 3757 3210 3810 in
3236 3771 3403 3828 grwca
3449 3755 3651 3828 lingua.

356 3849 641 3918 auctisque
664 3847 887 3901 divitiis.
911 3848 1047 3901 Tum
1078 3848 1246 3916 ipsius
1278 3846 1551 3915 exemplo,
1581 3845 1694 3916 qui,
1744 3855 1801 3901 ttt
1830 3861 1953 3900 mox
2059 3848 2205 3902 aliud
2235 3849 2289 3903 in
2314 3848 2477 3903 latina
2503 3849 2583 3904 vel
2617 3850 2805 3921 gotica,
2836 3849 3101 3923 designata
3125 3863 3234 3903 esse
3254 3848 3560 3902 conscribta.
3591 3847 3659 3900 il-

359 3942 683 4007 videbimus,
707 3944 921 3995 codices
958 3955 1144 3996 sacros
1182 3956 1211 3993 a
1256 3939 1596 4009 peritissimis
1640 3939 1958 4009 antiquariis
2060 3940 2153 3995 lud
2182 3940 2412 3995 advertat
2438 3941 2574 4011 quis.
2598 3939 2734 4011 quod
2774 3940 2817 3993 si
2844 3956 2937 4009 pro
2966 3939 3244 4012 disciplina
3266 3940 3444 4012 lingua
3461 3939 3657 3993 discre-

358 4035 623 4097 dcscribi,
646 4037 938 4103 ornarique
960 4033 1142 4103 jussit.
1175 4032 1536 4097 Imitantibus,
1563 4042 1617 4086 ut
1649 4031 1762 4088 lieri
1789 4042 1955 4097 amat,
2066 4033 2333 4101 pationem
2354 4032 2597 4088 ostendit.
2612 4033 2681 4087 ad
2707 4050 2859 4087 unam
2882 4042 3050 4087 tamen
3077 4033 3408 4087 intentionem
3430 4048 3656 4087 concur-

362 4127 623 4199 priucipis
661 4141 847 4180 curant
890 4126 1109 4197 privatis
1138 4168 1154 4192 ,
1187 4141 1309 4180 mox
1355 4124 1517 4179 etiam
1547 4124 1868 4194 augentibus
1904 4128 1960 4179 in
2062 4124 2152 4179 rit.
2185 4140 2343 4195 quare
2381 4123 2785 4179 nullnsiexinde
2823 4124 3043 4178 titubare
3082 4124 3229 4177 debet
3273 4122 3339 4179 de
3379 4124 3517 4195 quod
3545 4124 3660 4193 ipsa

364 4220 562 4288 majus.
2068 4218 2355 4273 auctoritas
2383 4218 2679 4289 manifestat
2707 4218 2988 4272 secundum
3018 4218 3296 4271 intentione
3334 4216 3523 4292 lingunt
3546 4233 3667 4289 pro-

439 4312 751 4382 Evangeliis
780 4311 984 4382 prtelixi
1030 4320 1155 4366 sunt
1187 4325 1425 4366 canones
1455 4310 1700 4366 Eusebii:
1733 4324 1963 4381 quorum
2067 4320 2178 4383 pter
2207 4310 2569 4365 declinationes
2595 4325 2751 4364 sonus
2772 4295 2909 4364 vocis
2932 4309 3509 4382 diligenti/perceptione
3547 4316 3663 4363 sta-

370 4416 549 4461 taun-u
582 4406 735 4475 primi
762 4415 1079 4476 quatuor,et
1100 4405 1966 4475 septimuson'tnim),octavivero
2070 4413 2179 4458 tuta
2225 4411 2361 4457 sunt.
2418 4411 2471 4456 ut
2519 4403 2572 4455 in
2614 4400 3028 4471 subsequentibus
3065 4400 3353 4456 conscribta
3404 4399 3664 4471 leguntur.

368 4514 499 4571 pars
546 4498 782 4551 tttaxima
826 4498 1057 4565 periere.
1093 4496 1414 4551 Litterarum
1456 4506 1746 4562 structura,
1780 4512 1844 4553 ac
1881 4510 1970 4551 se-
2076 4482 2186 4552 hinc
2230 4512 2312 4551 res
2354 4496 2470 4566 fecit
2495 4494 2766 4567 probanter
2794 4492 3077 4565 publicare.
3122 4501 3329 4564 prapter
3354 4490 3554 4562 aliquos
3581 4489 3671 4561 qui

372 4594 481 4648 ries
511 4592 700 4646 eadem
734 4590 925 4653 ferme,
970 4600 1131 4661 atque
1174 4590 1228 4644 in
1281 4589 1621 4660 Evangeliis:
1675 4589 1777 4644 nisi
1831 4587 1975 4659 quod
2003 4583 2053 4643 D
2080 4590 2215 4661 falsa
2244 4586 2537 4641 adsertione
2579 4586 2860 4640 secundum
2888 4583 3162 4637 volumtate
3204 4600 3299 4637 sua
3323 4582 3589 4638 mendacia
3616 4582 3673 4635 in

372 4689 615 4744 minores
642 4697 791 4751 sunt,
817 4685 999 4751 rudes,
1030 4685 1305 4754 impolita},
1332 4683 1645 4752 intequales,
1678 4683 1967 4753 multisque
2074 4684 2186 4753 lege
2226 4681 2303 4735 vel
2346 4682 2397 4734 in
2425 4679 2698 4751 evangeliis
2741 4695 2833 4750 per
2862 4677 3325 4751 interpretationem
3348 4674 3559 4745 propria
3582 4688 3676 4743 po-

374 4784 427 4837 in
464 4782 598 4835 locis
625 4782 753 4844 situ,
782 4794 845 4833 ac
884 4786 1152 4833 vetustate
1195 4776 1426 4831 detritw.
1468 4775 1706 4845 Argento
1734 4777 1860 4831 olim
1887 4776 1970 4831 in-
2074 4784 2307 4830 suerunt.
2337 4790 2496 4841 quare
2544 4773 2637 4827 illa
2680 4771 2993 4826 declinantes
3038 4770 3147 4824 Ιηιέ
3167 4770 3333 4840 posita
3368 4776 3509 4820 sunt.
3562 4781 3678 4835 qua:

376 4875 675 4930 luminatas
718 4872 883 4927 fuisse
922 4871 1119 4925 alicubi
1160 4878 1404 4939 apparet.
1451 4868 1610 4924 Levis
1636 4868 1780 4924 enim
1809 4868 1971 4925 litura
2078 4864 2353 4935 antiquitas
2380 4864 2507 4936 legis
2548 4862 2603 4916 in
2630 4861 2781 4917 dictis
2829 4876 3110 4934 graecorum
3138 4854 3385 4913 contineri
3411 4857 3680 4912 inveniun-

377 4976 437 5023 ut
478 4968 769 5038 plurinmm
820 4964 1120 5019 intercidit:
1170 4964 1289 5018 solo
1335 4970 1638 5018 atramento
1669 4962 1975 5033 ferrugineo
2082 4969 2188 5025 tnr,
2229 4966 2274 5013 et
2299 4958 2437 5030 ipsas
2483 4956 2814 5026 ttgmologias
2863 4954 3157 5025 linguarum
3198 4950 3549 5005 convenientes
3585 4949 3684 5005 sibi

378 5058 745 5129 prominente.
780 5057 1105 5112 Membrana:
1150 5057 1281 5125 ipsa:
1321 5056 1557 5121 mutilze,
1587 5054 1838 5119 curiosas,
1862 5054 1981 5109 vio-
2083 5050 2417 5106 conscribtas.
2449 5049 2517 5103 ad
2544 5066 2700 5103 unum
2729 5062 2934 5102 sensum
2978 5059 3280 5099 concurrere
3330 5042 3681 5097 demonstran-

384 5152 536 5207 laceo
566 5150 663 5205 sed
691 5148 992 5204 obscuriori
1031 5149 1217 5204 colore
1246 5146 1596 5203 deformatte:
1633 5155 1690 5201 ut
1715 5145 1889 5201 facilis
1911 5146 1983 5202 sit
2087 5156 2193 5199 tur.
2221 5160 2339 5199 nam
2351 5153 2468 5198 etea
2494 5142 2724 5197 convenit
2750 5136 3253 5209 indicarc.proquod
3272 5134 3325 5189 in
3346 5136 3451 5190 uult
3473 5134 3686 5188 haberes

385 5244 717 5314 conjectura,
769 5257 1005 5297 canones
1046 5241 1180 5296 istos
1215 5249 1425 5295 vetusto
1450 5240 1599 5305 olim,
1626 5250 1787 5309 atque
1816 5252 1983 5295 exeso
2091 5242 2233 5309 [actu
2272 5245 2367 5290 est.
2415 5234 2577 5289 latina
2612 5248 2731 5289 vero
2779 5231 2980 5304 lingua.
3025 5228 3291 5284 adnotatio
3338 5228 3684 5301 signiﬁcatur.

391 5337 559 5391 codici
588 5337 852 5399 adnexos,
882 5334 1226 5404 postmodum
1256 5332 1484 5402 alicujus
1514 5346 1677 5402 opera
1707 5330 1831 5386 huic
1859 5345 1987 5387 uos—
2089 5344 2245 5402 quare
2274 5328 2326 5381 in
2348 5327 2567 5399 positam
2607 5334 2680 5380 est
2719 5324 2926 5395 agnosci
2960 5322 3120 5395 possit
3146 5321 3233 5375 ubi
3263 5320 3449 5374 littera.
3481 5333 3562 5391 gr.
3592 5332 3683 5371 su-

399 5437 480 5481 tro
508 5427 828 5483 accessisse.
859 5425 1011 5493 Quod
1058 5424 1116 5479 lit
1146 5424 1303 5495 longe
1349 5423 1660 5479 evidentius
1704 5438 1736 5478 e
1765 5432 1983 5492 quater-
2093 5420 2292 5495 pervult
2338 5420 2525 5475 habere
2568 5418 2842 5473 invenitur.
2872 5417 3000 5471 sciat
3038 5416 3126 5484 qui
3164 5414 3296 5485 legit
3329 5408 3465 5482 quod
3499 5410 3551 5463 in
3576 5409 3691 5481 ipso

398 5517 616 5574 nioutuu
650 5528 799 5572 nota.
833 5514 967 5571 Cum
998 5517 1141 5571 enim
1181 5524 1388 5587 septem
1420 5515 1865 5586 quaternionibus
1894 5529 1988 5569 ca-
2098 5516 2201 5570 eult
2251 5514 2434 5568 habere
2474 5512 2755 5567 secundum
2783 5512 2919 5583 quod
2948 5525 3143 5583 grwcus
3175 5505 3395 5561 continet
3444 5502 3690 5559 scribtum

393 5626 570 5667 nones
592 5604 983 5679 compleantur,
1012 5610 1058 5664 si
1086 5610 1212 5663 olim
1240 5625 1362 5663 eum
1390 5609 1576 5663 codice
1606 5607 1706 5662 hoc
1735 5605 1991 5674 descripti
2097 5617 2192 5664 cst.
2223 5608 2311 5661 ubi
2338 5622 2456 5661 vero
2485 5606 2677 5661 littera.
2706 5606 2777 5659 la.
2806 5604 3067 5664 supervull
3101 5599 3285 5652 habere
3314 5596 3588 5652 iiwenitur.
3612 5610 3696 5650 se-

392 5704 648 5765 fuissent,
678 5701 813 5770 jam,
858 5701 951 5772 qui
998 5700 1202 5772 primus
1248 5701 1304 5755 in
1350 5700 1602 5783 Mattltmo
1641 5708 1741 5762 est,
1774 5710 1996 5754 octavus
2102 5698 2329 5753 cundum
2371 5698 2531 5751 latina
2591 5697 2769 5766 lingua
2798 5695 2850 5747 in
2877 5694 2980 5746 vult
3010 5692 3192 5744 habere
3235 5700 3493 5743 ostensnm
3534 5694 3607 5741 est
3646 5695 3698 5740 et

392 5811 520 5854 esse
539 5795 837 5868 debuerat.
1504 5778 1513 5783 ⁷
2105 5791 2223 5845 ideo
2255 5792 2350 5844 ista
2390 5790 2657 5842 instructio
2696 5786 3044 5839 demonstrata
3091 5794 3187 5838 est.
3231 5798 3293 5836 ne
3324 5782 3542 5851 legentes
3571 5778 3709 5848 ipsos
