4054 6198
370 291 437 348 l9
1741 282 2115 344 PROLEGOM
2122 280 2256 338 ENA
2267 321 2280 335 .
3603 286 3677 347 20

359 410 468 465 vult
520 409 730 465 haberes
775 424 877 463 non
929 406 1266 480 perciperent.
1312 421 1407 479 pro
1452 420 1553 477 qua
1582 403 1784 460 ratione
1811 400 1967 474 positi
1993 406 2048 465 Α
2071 397 2407 470 gemmisque
2420 394 2700 463 distincto,
2729 396 2996 453 contectis
3016 400 3679 471 supervectiebanhcom—

360 513 481 559 sunt
507 505 595 559 sed
615 503 771 572 quod.

434 597 749 652 Caracteres
797 594 1002 649 mutila:
1050 592 1207 662 hujus
1251 590 1539 663 rapsodiae,
1580 603 1743 662 quam
1774 587 1967 643 barba-

362 704 510 755 rum,
568 698 732 759 atque
781 687 969 761 infelix
1018 686 1277 741 sacculum
1318 684 1534 752 extulit,
1587 698 1762 753 neque
1815 681 1963 747 illos,

361 783 559 853 quibus
589 796 829 836 canones
856 779 1119 848 descripti
1145 787 1288 842 sunt,
1324 792 1519 848 neque,
1551 776 1642 848 qui
1669 776 1722 830 in
1753 773 1960 836 codice,

359 881 778 944 repraesentant.
831 872 964 927 Nam
997 879 1050 925 et
1081 873 1319 925 minores
1364 869 1502 935 istis,
1550 878 1606 923 et
1652 867 1763 923 illis
1801 864 1966 936 paulo

358 967 596 1035 majores
627 967 905 1035 usurpavit
944 962 1140 1018 bardus
1172 963 1283 1026 ille,
1314 963 1643 1032 quicumque
1666 960 1712 1016 is
1739 959 1963 1015 demum

362 1057 528 1114 fuerit
554 1056 878 1127 deScriptor.
909 1056 1228 1126 Paginarum
1254 1054 1415 1108 linea:
1442 1053 1583 1124 style
1608 1051 1827 1123 quidem
1842 1059 1972 1107 sunt

361 1151 562 1216 ductae,
592 1151 687 1206 sed
717 1165 890 1220 neque
916 1147 1196 1219 profundae
1222 1157 1277 1202 ut
1301 1148 1352 1202 in
1382 1154 1559 1213 textu,
1588 1155 1644 1202 et
1672 1145 1842 1215 magis
1869 1160 1965 1201 co.

359 1244 653 1299 haerentes.
691 1244 767 1297 Ex
802 1258 909 1312 quo
940 1241 998 1295 lit
1023 1250 1080 1295 ut
1102 1282 1115 1306 ,
1146 1240 1272 1296 licet
1301 1239 1489 1310 viginti
1522 1248 1729 1294 tantum
1758 1238 1965 1309 singula

365 1338 557 1408 quavis
600 1336 734 1391 facie
755 1335 865 1389 sint
891 1334 1086 1400 ductis,
1121 1349 1226 1387 non
1254 1348 1415 1389 secus
1444 1347 1509 1388 ac
1531 1332 1583 1387 in
1617 1332 1964 1403 Evangeliis;

364 1431 523 1486 frons
573 1438 777 1495 tamen,
810 1436 866 1484 et
896 1429 1087 1493 latera,
1131 1426 1394 1494 limbique
1440 1426 1598 1482 latius
1652 1435 1965 1482 excurrant.

374 1523 527 1579 lianc
558 1539 589 1576 a
616 1521 924 1592 sequiorum
954 1529 1256 1589 temporum
1298 1518 1462 1583 lanio,
1490 1519 1581 1589 qui
1618 1517 1862 1575 codicem
1892 1520 1969 1572 ia-

368 1618 656 1671 tiscentem
704 1614 978 1678 resarciit,
1029 1613 1115 1669 hic
1159 1612 1427 1677 adsutam,
1458 1627 1583 1668 cum
1613 1610 1965 1679 membranae,

367 1721 483 1766 tum
525 1710 676 1764 locus
728 1709 844 1777 ipse
889 1707 1019 1762 satis
1046 1706 1324 1762 evincunt.
1369 1706 1502 1765 Suta
1530 1704 1674 1760 enim
1712 1712 1799 1765 est
1827 1706 1969 1760 inter

2071 487 2469 557 pingebantque
2496 486 2726 542 librarii.
2762 486 3049 559 Verbaque
3088 488 3314 548 Eusebii
3341 492 3422 548 sic
3447 508 3570 551 esse
3596 497 3682 551 in-

2070 579 2356 651 telligenda
2392 595 2519 636 cum
2546 589 2726 636 textus
2754 579 2894 649 ipse,
2925 593 3037 636 tum
3066 582 3159 638 illa
3188 586 3483 652 πολυτελῶς
3512 594 3679 651 ἠσκη-

2068 676 2213 746 μένα,
2243 688 2366 742 quin
2389 675 2441 729 in
2473 673 2808 730 ternionibus
2832 674 3010 731 locum
3040 675 3246 735 habere
3273 696 3379 736 non
3400 686 3676 753 poterant,

2069 765 2298 821 suadere
2326 766 2599 821 videntur.

2142 859 2201 913 lu
2252 858 2428 914 fronte
2455 860 2744 931 cujuslibet.
2781 862 3059 933 Evangelii
3106 864 3307 935 legitur
3354 866 3677 925 minusculis

2069 952 2479 1009 characteribus
2508 970 2707 1011 nomen
2737 956 2992 1022 auctoris,
3014 958 3157 1028 quod
3186 967 3366 1020 tamen
3398 976 3506 1017 non
3525 963 3684 1020 initio

2076 1046 2279 1114 solum,
2309 1048 2405 1103 sed
2439 1048 2771 1118 procedente
2816 1060 2963 1107 textu
2993 1052 3218 1108 alternis
3245 1054 3452 1126 paginis
3492 1072 3682 1115 serva-

2081 1149 2195 1197 tum
2217 1150 2302 1196 est
2329 1140 2432 1205 ita,
2471 1150 2529 1197 ut
2560 1143 2612 1198 in
2639 1158 2827 1198 earum
2858 1146 3048 1213 quavis
3068 1186 3084 1212 ,
3126 1161 3315 1202 aversa
3348 1147 3595 1218 scilicet,
3624 1162 3681 1209 et

2070 1232 2296 1287 adversa
2343 1233 2483 1289 tituli
2515 1244 2722 1304 partem
2773 1236 3016 1307 legentes
3059 1238 3378 1307 oll'endant,
3429 1244 3681 1314 apposita

2070 1324 2378 1395 Epigraphe
2406 1342 2420 1380 :
2464 1325 2769 1382 Secundum
2797 1327 3103 1384 Mattltteum
3125 1371 3141 1399 ,
3171 1331 3457 1387 secundum
3499 1335 3673 1391 Joan-

2072 1433 2207 1484 nem,
2231 1426 2337 1473 etc.

2147 1508 2301 1576 Quod
2324 1510 2378 1565 in
2405 1511 2705 1568 canonibus
2738 1512 2911 1569 codici
2960 1514 3166 1570 adsutis
3205 1516 3629 1577 observabamus
3656 1564 3671 1588 ,

2072 1617 2272 1673 nempe
2300 1604 2490 1671 aliter,
2531 1616 2693 1676 atque
2739 1605 2794 1661 in
2831 1605 3155 1662 Eusebianis
3198 1606 3459 1679 disposita
3511 1610 3681 1668 fuisse

2076 1695 2364 1767 Evangelia
2383 1712 2405 1767 ,‘
2446 1701 2549 1754 hoc
2578 1699 2755 1769 ipsum
2783 1700 2836 1755 in
2868 1709 3125 1756 contextu
3167 1712 3440 1759 servatum
3471 1703 3674 1761 videas.

367 1802 505 1858 duas
534 1802 669 1856 alias
698 1814 997 1872 purpureas
1026 1798 1301 1868 equidem,
1332 1797 1427 1853 sed
1453 1811 1680 1868 quarum
1707 1796 1879 1863 color,
1912 1805 1972 1851 ut
2000 1795 2049 1855 Β
2075 1789 2328 1845 Mattbaeo
2359 1790 2616 1861 primum,
2641 1806 2769 1846 mox
2795 1792 3005 1847 Joanne
3026 1832 3043 1859 ,
3076 1801 3189 1848 tum
3215 1793 3359 1850 Luca
3386 1837 3402 1863 ,
3434 1810 3500 1852 ac
3520 1797 3679 1854 dein-

368 1910 569 1951 recens
589 1936 602 1957 ,
638 1908 700 1949 ac
731 1901 1015 1964 propterea
1047 1890 1279 1956 vividus,
1312 1891 1391 1945 sic
1422 1890 1621 1957 tenuis,
1647 1900 1809 1959 atque
1835 1888 1975 1944 dilu-

361 1997 473 2052 tus,
498 1988 657 2043 aliter
680 1997 842 2057 atque
871 1985 927 2045 in
968 1984 1175 2041 codice.
1203 1983 1472 2038 Pr.cterea
1503 1981 1662 2037 nudat
1687 1990 1836 2049 sunt,
1867 1996 1971 2037 ne-

365 2096 474 2152 que
505 2081 659 2135 lineis
697 2081 765 2133 ad
804 2093 942 2149 opus
971 2086 1196 2149 par-alte.
1239 2076 1296 2132 lu
1327 2077 1623 2142 anteriore,
1658 2090 1821 2145 quam
1854 2088 1972 2130 sur-

367 2189 489 2229 sum
521 2186 739 2226 vorsum
770 2181 953 2227 sector
987 2171 1078 2226 ille
1107 2170 1399 2240 disposuit,
1436 2170 1550 2225 luce
1576 2168 1859 2241 leguntur,
1885 2168 1973 2223 lit-

368 2264 501 2321 teris
532 2279 692 2335 qnatu
742 2264 794 2318 in
836 2263 1252 2335 pra-fatiuncula
1282 2261 1600 2331 majoribus,
1644 2271 1699 2316 et
1726 2259 1796 2315 ad
1822 2260 1972 2316 codi-

368 2357 451 2412 cis
475 2358 711 2426 speciem
742 2356 935 2412 efﬁctis
960 2374 972 2409 :
1016 2354 1145 2410 Velit
1175 2356 1337 2427 lector
1364 2355 1595 2408 videatur
1624 2355 1860 2410 recitare.
1910 2353 1970 2410 In

366 2449 672 2519 posteriore
700 2464 854 2512 vero,
878 2457 1170 2518 utcumque
1195 2459 1494 2517 appareant
1519 2447 1817 2503 litterarum
1845 2461 1973 2503 ves-

363 2540 520 2609 tigia,
554 2554 647 2595 eas
676 2547 854 2594 tamen
903 2540 981 2595 ita
1011 2540 1236 2611 spongia
1282 2539 1485 2595 delevit
1516 2549 1574 2593 ut
1600 2539 1732 2594 nihil
1758 2540 1974 2610 penitus

366 2637 485 2689 erui
511 2633 698 2701 possit.
727 2632 996 2700 Quorsum
1023 2648 1175 2698 vero,
1218 2642 1310 2688 aut
1338 2633 1480 2687 unde
1510 2631 1702 2687 lacinia
1733 2632 1833 2689 ista
1866 2632 1973 2689 huc

367 2723 680 2793 inrepserit,
714 2722 947 2779 viderint
976 2723 1172 2793 quibus
1197 2730 1372 2777 vacat.
1405 2721 1540 2777 Illud
1562 2731 1645 2777 est
1674 2722 1971 2790 observatu

376 2816 599 2888 dignum
640 2818 753 2886 jam
794 2826 921 2872 tunc
966 2816 1020 2871 in
1076 2832 1175 2872 usu
1219 2817 1384 2871 fuisse
1432 2814 1718 2877 Gothicam
1765 2814 1975 2870 Vulﬁla:

375 2910 708 2974 versionem,
737 2910 889 2980 cujus
909 2925 1151 2967 semesas
1176 2908 1239 2965 N.
1265 2908 1328 2964 Τ.
1354 2909 1610 2979 reliquias
1635 2923 1829 2980 magno
1855 2924 1978 2979 pos-

372 3002 609 3058 teritatis
633 3003 777 3058 bono
807 3003 976 3059 edidit
1014 3003 1338 3059 Franciscus
1362 3001 1584 3068 Junius,
1617 3002 1680 3058 εἰ·
1696 3013 1875 3058 tamen
1905 3001 1974 3059 de

372 3112 437 3152 ea
472 3098 709 3169 loquitur
737 3099 1146 3154 censarcinator
1176 3099 1298 3154 iste.

2076 1897 2207 1953 ceps
2235 1881 2416 1938 Marco
2438 1883 2876 1953 procedentibus,
2906 1898 3007 1955 qua
3030 1884 3100 1941 de
3127 1901 3209 1949 re,
3243 1895 3427 1958 utpote
3451 1888 3672 1961 insigni,

2077 1988 2273 2045 neque,
2303 1974 2447 2042 quod
2478 1976 2666 2041 sciam,
2699 1975 2831 2030 satis
2861 1975 3140 2047 hucusque
3159 1977 3436 2048 explorata
3458 2021 3474 2048 ,
3504 1996 3669 2053 pecu-

2074 2064 2199 2121 liari
2225 2066 2607 2122 observatione
2629 2067 2792 2137 paulo
2812 2066 2984 2123 fusius
3015 2078 3198 2139 postea
3223 2070 3576 2128 disseremus.

2148 2160 2525 2230 Autiquarium
2573 2201 2591 2227 ,
2638 2174 2671 2213 a
2698 2175 2806 2230 quo
2831 2162 3111 2232 exemplar
3151 2163 3256 2218 hoc
3299 2174 3544 2221 nostrum
3579 2166 3681 2224 de-

2076 2252 2339 2320 scriptum
2372 2262 2477 2318 est,
2511 2268 2618 2308 non
2645 2252 3014 2324 indiligentem
3039 2255 3382 2312 solummodo
3403 2300 3418 2325 ,
3451 2258 3547 2315 sed
3577 2259 3681 2315 im-

2079 2344 2334 2415 peritum,
2374 2358 2440 2400 ac
2471 2344 2629 2415 plane
2656 2345 2929 2401 indoctum
2965 2345 3128 2403 fuisse
3170 2349 3478 2419 legentibus
3507 2361 3676 2422 patet.

2078 2437 2305 2507 Adjecta
2344 2437 2568 2509 insuper
2608 2438 2959 2494 vitiosissima
3013 2441 3472 2512 interpunctione.
3529 2444 3678 2513 Qua-

2077 2541 2296 2600 propter
2340 2530 2484 2585 circa
2513 2545 2578 2586 ea
2621 2540 2863 2601 tempora
2910 2532 3171 2602 scriptum
3222 2542 3385 2603 puto,
3434 2535 3633 2605 quibus
3659 2579 3675 2605 ,

2077 2621 2386 2677 interversa
2424 2631 2502 2677 tot
2537 2634 2844 2685 exterarum
2876 2624 3114 2694 gentium
3155 2625 3541 2696 irruptionibus
3567 2627 3679 2684 Ro-

2075 2730 2239 2771 mano
2264 2714 2579 2771 Occidentis
2605 2716 2855 2785 imperio,
2884 2716 3075 2772 littera:
3098 2717 3228 2789 ipsa:
3251 2718 3317 2773 ad
3339 2716 3671 2788 squalorem,

2078 2808 2485 2878 perniciemque
2515 2808 2749 2864 redacta:
2800 2810 3012 2866 fuerant
3046 2828 3059 2864 :
3091 2812 3232 2868 unde
3279 2821 3402 2883 post
3449 2810 3528 2870 tot
3574 2830 3677 2871 see-

2076 2901 2235 2968 cula,
2287 2902 2583 2957 nitentibus
2616 2902 2865 2959 Italorum
2926 2904 3190 2975 ingeniis,
3240 2905 3458 2963 tandem
3500 2922 3651 2965 emer

2078 3010 2219 3052 sere.
2852 3053 2857 3057 .

2152 3088 2306 3157 Quod
2332 3103 2466 3145 vero
2491 3089 2770 3149 codicibus
2798 3091 2925 3146 olim
2952 3090 3201 3147 accidere
3219 3090 3448 3160 solebat,
3482 3107 3675 3165 nempe

442 3192 597 3260 Quod
640 3207 803 3264 supra
852 3194 1196 3259 monuimus,
1239 3192 1583 3249 membranas
1635 3193 1864 3262 scilicet,
1917 3194 1968 3249 in

2081 3181 2147 3238 ab
2169 3181 2432 3252 imperitis
2454 3183 2658 3239 criticis
2689 3192 2749 3239 ut
2777 3198 3061 3254 perperam
3087 3186 3513 3256 corrigerentur,
3545 3186 3669 3244 huic

373 3286 569 3359 quibus
596 3301 830 3341 canones
872 3286 1129 3355 descripti
1178 3294 1334 3352 sunt,
1368 3286 1422 3340 in
1450 3285 1841 3357 quaterniones
1858 3288 1971 3343 dis-

371 3378 605 3433 tributas
652 3376 840 3443 fuisse,
890 3377 992 3433 hoc
1027 3377 1199 3447 ipsum
1247 3378 1297 3432 in
1330 3378 1662 3445 Evangeliis,
1686 3378 1756 3434 de
1779 3380 1973 3449 quibus

371 3484 501 3525 mox
531 3469 636 3525 erit
665 3483 864 3534 sermo,
898 3469 1149 3539 praestitit
1176 3469 1445 3524 librarius.
1479 3468 1615 3524 Nota
1644 3469 1732 3523 illa
1762 3469 1831 3524 ad
1861 3470 1973 3524 cal-

374 3581 495 3622 cem
540 3580 747 3621 aversa:
778 3566 1040 3637 cujusque
1071 3574 1275 3620 oclavm
1303 3564 1509 3634 pagina:
1532 3564 1703 3634 posita
1732 3562 1798 3633 Q.
1835 3563 1872 3617 I.
1903 3564 1968 3632 ρ.

368 3657 461 3723 11..
491 3669 545 3714 ct
574 3661 652 3714 sic
681 3660 960 3729 deinceps,
992 3674 1153 3730 quam
1184 3657 1431 3713 Valesius
1474 3658 1548 3712 ait
1595 3657 1761 3712 l'uissc
1794 3666 1974 3712 vetus-

368 3753 599 3808 tissimis
627 3753 906 3807 codicibus
932 3752 1252 3807 familiarem
1277 3768 1289 3804 :
1318 3760 1480 3820 atque
1505 3766 1536 3806 a
1568 3751 1749 3819 seipse
1781 3750 1833 3804 in
1864 3765 1967 3805 ms.

372 3843 673 3911 exemplari
692 3842 939 3912 Gregorii
960 3842 1311 3908 Tereueusis,
1339 3850 1734 3911 nongentarum
1756 3832 1973 3895 circiter

371 3951 668 4001 annorum,
713 3937 1077 3989 observatam.
1128 3933 1311 4000 Neque
1339 3934 1469 3987 solis
1497 3932 1969 4002 quaternionibus,

370 4029 467 4086 sed
501 4028 682 4083 mixtis
712 4027 1005 4083 identidem
1061 4025 1399 4080 ternionibns
1427 4032 1608 4079 vetera
1652 4024 1742 4078 illa
1784 4039 1971 4079 exem—

369 4121 544 4194 plaria
566 4120 877 4174 constitisse
902 4118 1103 4173 indicat
1130 4117 1345 4171 Eusebii
1369 4116 1517 4171 locus
1543 4115 1643 4185 (De
1677 4115 1776 4171 Vit.
1794 4115 1969 4172 Const.

369 4216 464 4272 lib.
514 4230 590 4278 iv,
623 4230 740 4286 cap.
782 4212 896 4281 57),
928 4213 981 4266 in
1013 4225 1119 4282 quo
1146 4220 1472 4281 prmeeptum
1510 4210 1609 4265 sibi
1638 4210 1713 4265 ait
1741 4224 1769 4263 a
1797 4210 1970 4265 Cons-

367 4310 583 4367 tantino
622 4319 680 4363 ut
711 4307 1121 4379 quinquaginta,
1158 4304 1378 4360 codices
1406 4304 1713 4359 divinarum
1741 4304 1974 4375 scriptu-

370 4415 560 4459 rarum
587 4400 642 4454 in
674 4398 1004 4453 membranis
1033 4397 1250 4468 egregie
1278 4396 1529 4467 expolitis
1566 4410 1596 4451 a
1629 4395 1972 4465 peritissimis

368 4494 692 4566 antiquariis
736 4492 970 4549 describi
1016 4500 1266 4557 curaret;
1312 4479 1656 4561 paratosque,
1702 4498 1763 4545 ut
1788 4491 1969 4545 statim

2078 3291 2292 3346 quoque
2340 3285 2529 3331 nostro
2580 3276 2633 3331 in
2675 3277 2916 3347 pluribus
2959 3278 3203 3349 contigit.
3252 3277 3369 3334 Non
3425 3278 3673 3349 equidem

2077 3368 2219 3439 quod
2242 3376 2518 3423 corrector
2544 3367 2657 3437 ille,
2684 3370 3009 3441 quicumque
3040 3370 3088 3425 is
3115 3370 3333 3425 demum
3364 3368 3524 3426 fuerit
3545 3413 3557 3436 ,
3583 3381 3676 3428 aut

2075 3458 2339 3528 adjecerit
2361 3459 2583 3529 aliquid,
2614 3471 2704 3514 aut
2736 3460 3118 3517 immutaverit.
3150 3460 3257 3517 Sed
3280 3502 3295 3528 ,
3326 3448 3533 3518 abrasis
3553 3478 3675 3534 quae

2077 3555 2274 3610 vitiosa
2312 3555 2604 3623 censebat,
2634 3566 2692 3611 ut
2714 3566 2861 3613 recta
2903 3573 3009 3613 non
3052 3558 3223 3615 semel
3255 3558 3547 3630 pervertit,
3596 3559 3676 3613 sic

2078 3648 2341 3704 mendosa
2386 3648 2609 3719 supinus
2654 3650 2933 3720 praeteriit.
2972 3650 3273 3719 Supersunt
3302 3650 3447 3706 enim
3478 3650 3674 3720 ubique

2075 3740 2378 3797 litterarum
2407 3740 2633 3811 vestigia
2661 3782 2675 3807 ,
2704 3741 2849 3798 unde
2872 3742 3107 3797 nativam
3134 3744 3454 3813 scripturam
3482 3740 3675 3813 depre-

2077 3833 2399 3891 hendamus.
2440 3834 2618 3890 Latini
2649 3837 2812 3890 etiam
2858 3835 3128 3892 sermonis
3179 3836 3422 3905 jejunum
3459 3836 3633 3891 Fuisse
3656 3876 3671 3900 ,

2077 3927 2180 3983 hec
2216 3942 2379 3982 unum
2412 3926 2555 3981 inter
2581 3936 2781 3983 caetera
2810 3928 3117 3999 exemplum
3153 3936 3271 3983 esto
3296 3970 3311 3993 ,
3342 3922 3485 3996 quod
3518 3927 3676 3983 Luca:

2075 4035 2131 4088 ι,
2160 4019 2254 4088 40,
2285 4020 2523 4075 occurrit
2555 4036 2569 4074 :
2600 4019 2688 4074 ubi
2721 4018 2928 4076 Martha
2958 4021 3025 4076 de
3044 4034 3262 4087 sorore,
3299 4034 3429 4091 quae
3448 4018 3594 4074 illam
3622 4019 3674 4074 in

2076 4111 2383 4166 ministerio
2411 4110 2706 4167 domestico
2750 4126 2856 4166 non
2887 4111 3201 4182 adjuvaret,
3234 4120 3529 4183 conquesta
3556 4111 3671 4177 ait,

2075 4201 2319 4270 Domine,
2352 4219 2457 4257 non
2485 4211 2556 4258 est
2583 4203 2673 4257 tibi
2708 4218 2848 4257 Cttle
2875 4203 3012 4272 quod
3043 4220 3191 4258 soror
3217 4220 3331 4258 mea
3358 4203 3562 4273 reliquit
3592 4217 3675 4256 me

2070 4294 2241 4349 solum
2270 4293 2599 4350 ministrare?
2627 4308 2734 4365 quo
2763 4295 2816 4349 in
2843 4295 2964 4349 loco
2992 4295 3360 4351 solmcismum
3392 4292 3599 4350 veritus
3626 4294 3697 4349 si“

2073 4404 2214 4444 cura:
2250 4388 2609 4458 relinqueret,
2642 4404 2670 4441 e
2701 4386 2916 4442 ﬁnalem
2958 4387 3197 4443 exit-ivit.
3236 4386 3372 4443 Cum
3425 4401 3555 4442 vero
3579 4402 3674 4441 an-

2075 4480 2242 4537 daces
2286 4495 2479 4535 manus
2527 4482 2578 4534 in
2609 4480 2856 4535 codicem
2900 4479 3248 4544 extenderet,
3296 4478 3363 4534 ad
3392 4478 3670 4549 Vulgatam

367 4586 669 4645 comitante
716 4586 954 4640 Diacono
1001 4574 1068 4639 ad
1115 4598 1238 4639 eum
1280 4583 1543 4637 mitteret.
1596 4572 1718 4637 Mox
1765 4580 1968 4646 subdit,
1999 4577 2049 4638 D
2075 4572 2388 4645 Hieronymi
2419 4573 2725 4644 respexisse
2746 4614 2761 4639 ,
2795 4570 2957 4628 fidem
2984 4572 3142 4638 facit,
3175 4587 3288 4642 prie
3328 4571 3448 4627 aliis
3471 4611 3487 4639 ,
3522 4571 3673 4625 locus

367 4683 561 4740 Λύτίκα
601 4679 649 4736 δ’
682 4677 829 4755 ἔργον
880 4678 1203 4736 ἒπηκολούθει
1262 4683 1338 4749 τῷ
1388 4672 1540 4748 λόγῳ.
1591 4675 1640 4727 ἐν
1686 4672 1972 4735 πολυτελῶς

364 4775 672 4846 ἠσκημένοις
696 4774 917 4844 τεύχεσι
942 4771 1137 4845 τρισσὰ
1158 4771 1246 4824 καὶ
1286 4769 1556 4845 τετρασσά
1576 4764 1972 4839 διαπεμψάντων

364 4864 529 4939 alpina.
576 4864 733 4919 Jussa
778 4862 988 4918 scilicet
1032 4859 1290 4931 principis
1328 4875 1360 4914 e
1396 4858 1625 4928 vestigio
1651 4872 1785 4927 opus
1812 4873 1973 4913 exce-

362 4935 553 5030 pisse:
585 4959 907 5027 misisseqne
955 4971 1014 5012 se
1043 4955 1342 5019 terniones,
1386 4963 1443 5008 et
1490 4952 1873 5020 quaterniones
1914 4950 1966 5006 in

364 5046 734 5107 voluminibus
764 5063 992 5119 operose
1036 5047 1215 5103 cultis.
1251 5045 1307 5100 In
1338 5043 1534 5116 quibus
1574 5041 1824 5098 Historici
1850 5057 1969 5098 ver-

362 5142 453 5202 bis
482 5150 634 5213 putat
681 5139 812 5194 inibi
863 5140 946 5194 vir
985 5137 1334 5194 doctissimus
1383 5133 1666 5205 euallagen
1706 5147 1858 5201 esse;
1904 5149 1968 5190 ac

361 5245 657 5309 propterea
685 5231 971 5286 dicendum
1003 5231 1172 5286 fuisse
1198 5233 1369 5303 τεύχη
1406 5230 1457 5284 ἐν
1484 5235 1827 5303 τετρασσοῖς,
1859 5242 1964 5284 non

360 5341 496 5384 vero
520 5326 787 5402 τετρασσά
816 5325 867 5379 ἓν
889 5325 1132 5395 τεύχεσι.
1158 5323 1256 5378 Ast
1285 5330 1456 5385 recte,
1485 5320 1538 5375 ni
1570 5319 1751 5387 fallor,
1784 5334 1846 5376 se
1871 5320 1960 5376 ha-

362 5418 498 5475 bent
534 5420 694 5474 citata
728 5416 945 5473 Eusebii
974 5414 1158 5470 verba.
1205 5416 1385 5485 Τιύχη
1427 5413 1571 5467 enim
1605 5412 1695 5467 illa
1734 5426 1965 5483 operose

361 5510 533 5579 culta,
564 5521 728 5581 atque
759 5518 950 5564 ornata
988 5506 1121 5562 nihil
1149 5506 1390 5575 profecto
1417 5514 1573 5558 erant
1600 5503 1769 5569 aliud,
1801 5520 1963 5575 quam

358 5597 729 5672 integumenta
758 5601 1029 5667 codicum,
1071 5613 1206 5670 quos
1238 5611 1331 5667 per
1358 5596 1634 5651 terniones
1662 5604 1716 5651 et
1743 5604 1964 5667 quater-

361 5691 557 5748 niones
585 5690 653 5744 ab
678 5690 997 5760 antiquariis
1032 5688 1345 5759 dispositos,
1375 5701 1500 5741 mox
1528 5684 1695 5742 sectis
1726 5685 1961 5753 tabellis,

356 5795 422 5842 ut
450 5783 745 5857 plurimum
789 5785 957 5853 aluta,
1002 5782 1323 5855 quandoque
1360 5779 1528 5837 etiam
1575 5779 1775 5845 serico,
1804 5792 1958 5849 auro,

2075 4665 2167 4727 ille
2197 4664 2423 4733 insignis
2448 4662 2687 4719 Matthxi
2710 4679 2779 4729 tt,
2813 4664 2838 4719 l
2869 4680 2883 4718 :
2918 4663 3048 4720 Cum
3088 4679 3209 4735 ergo
3238 4674 3389 4719 natus
3412 4673 3543 4718 esset
3582 4662 3675 4718 Je-

2071 4773 2158 4811 cur
2184 4756 2237 4810 in
2268 4754 2529 4810 Bethleem
2548 4755 2864 4822 Iudaeam
2884 4770 3073 4812 rursus
3098 4756 3132 4811 5
3164 4773 3176 4810 :
3202 4755 3269 4811 At
3298 4756 3381 4811 illi
3400 4757 3666 4822 dixerunt,

2069 4848 2127 4902 in
2156 4847 2417 4904 Bethleem
2439 4846 2665 4916 JudlBtB,
2695 4863 2831 4918 quos
2861 4848 3223 4921 Hieronymus
3253 4848 3307 4905 in
3334 4848 3672 4920 antigraphis

2076 4956 2303 4998 suorum
2338 4949 2643 5011 temporum
2674 4940 2964 4996 mendosos
2992 4940 3308 4996 existimans
3327 4982 3343 5007 ,
3370 4940 3529 4996 Judte
3552 4955 3671 4997 res.

2074 5034 2312 5090 tituerat.
2343 5033 2479 5089 Nam
2506 5034 2795 5089 subversor
2826 5034 2917 5088 ille
2937 5073 2954 5101 ,
2999 5044 3058 5088 ut
3102 5032 3389 5089 lectionem
3422 5034 3487 5088 ad
3535 5034 3669 5089 Vul-

2073 5136 2252 5201 gatam
2297 5128 2568 5199 exigeret,
2601 5126 2957 5198 diphtongum
2995 5126 3217 5182 alterum
3257 5126 3543 5196 utrobique
3571 5126 3667 5182 de-

2069 5221 2225 5278 rasit.
2256 5220 2447 5279 Menda
2478 5235 2610 5276 vero
2630 5261 2644 5288 ,
2673 5237 2796 5293 qua:
2827 5221 3117 5293 praeteriit,
3159 5230 3236 5275 tot
3274 5229 3432 5286 sunt,
3473 5228 3532 5281 nt
3576 5234 3667 5275 re-

2070 5313 2216 5372 ferre
2247 5315 2441 5386 pigeat.
2466 5311 2599 5369 Cum
2628 5317 2932 5385 praisertim
2963 5331 3030 5371 ne
3062 5331 3200 5373 unus
3220 5314 3435 5385 quidem
3475 5329 3542 5370 ex
3583 5315 3670 5371 bis
3696 5341 3703 5346 -

2073 5412 2240 5468 navis
2268 5412 2615 5480 pulcherrimi
2642 5413 2884 5484 corporis
2912 5412 3052 5468 desit
3081 5411 3136 5466 in
3160 5410 3490 5483 apographo,
3524 5412 3665 5481 quod

2068 5504 2135 5560 ad
2166 5512 2217 5561 te
2242 5504 2509 5560 misimus.

2140 5597 2481 5654 Latinitatem
2509 5595 2654 5668 quod
2692 5604 2903 5668 spectat
2932 5614 2946 5652 :
2971 5604 3086 5651 tum
3126 5595 3180 5651 in
3212 5594 3395 5652 verbis
3431 5595 3665 5652 ederen-

2066 5689 2152 5747 dis
2170 5688 2612 5760 orthographiam
2641 5686 2729 5744 hic
2753 5688 2959 5759 passim
2979 5686 3248 5755 adhiberi,
3275 5704 3396 5760 quin
3423 5686 3663 5759 primtcvi

2067 5781 2378 5853 interpretis
2421 5789 2668 5848 aetatem,
2710 5778 3223 5853 simplicitatemque
3252 5778 3658 5852 praecelerant,
