4054 6198
377 309 447 370 Si
1179 314 1398 372 EPIST.
1440 313 1686 370 PHILIP.
1721 311 2088 375 GAliBELLI.
2132 307 2220 368 DE
2262 313 2507 370 COlilCE
2548 315 2896 372 BRIXIANO.
3617 313 3688 371 ΞΩ

386 431 630 487 sentient
651 429 845 486 eruditi
879 429 1139 486 harumce
1168 445 1347 486 rerum
1390 433 1766 485 aestimatores.
1797 427 1984 499 Neque
2013 428 2061 488 Α
2091 428 2330 482 invitatus
2376 447 2466 483 nec
2517 432 2786 484 missarum
2827 431 3016 484 ibidem
3053 431 3394 488 sollemnitate
3433 433 3688 504 quispiam

375 522 523 578 enim
555 537 691 593 opus
721 531 804 577 est
829 529 892 576 ut
918 510 1169 592 escerpta
1207 523 1334 577 inde
1364 522 1692 577 adferamus.

382 681 394 690 ι
449 615 745 686 Exemplar
774 619 958 668 autem
1005 613 1109 668 hoc
1136 605 1378 669 nostrum
1417 630 1484 670 ex
1515 611 1848 684 antigrapltis
1880 613 1983 666 illis

376 721 664 773 manasse,
695 713 817 777 quae
845 721 950 762 non
989 697 1166 762 solum
1205 705 1516 780 Hieronymi
1555 711 1796 778 tempora
1824 748 1839 774 ,
1889 707 1982 762 sed

377 795 572 855 Hilarii
613 799 973 854 Pictaviensis
1001 797 1428 867 pra-cesserant,
1471 803 1592 853 cum
1639 798 1802 853 facies
1833 799 1944 865 ipsa
1967 840 1982 864 ,

373 883 490 945 tum
523 889 627 944 loci
655 890 860 960 aliquot
879 932 893 954 .
925 879 1062 960 quos
1085 898 1272 960 postea
1291 891 1630 946 escutietnus
1657 931 1672 954 ,
1716 888 1977 944 manifes-

375 981 590 1040 tissime
614 984 899 1038 evincunt.

453 1076 660 1132 Octavo
699 1075 902 1131 saeculo
945 1074 1196 1141 labente,
1229 1085 1321 1131 aut
1364 1075 1643 1146 sequentis
1679 1075 1834 1130 initio
1881 1073 1985 1127 huc

379 1168 662 1235 delatum,
695 1169 822 1223 olim
870 1169 1214 1236 conjeceram
1263 1185 1384 1223 cum
1429 1172 1494 1222 ad
1540 1182 1786 1239 patruum
1836 1179 1986 1224 tuum

379 1261 736 1317 scriberem:
775 1261 1027 1329 idemque
1077 1271 1219 1315 nunc
1268 1262 1462 1316 sentio.
1515 1261 1645 1317 Sive
1685 1261 1988 1331 principum

385 1353 555 1421 dena,
582 1354 673 1425 qui
704 1353 878 1416 tilias,
923 1364 1222 1426 neptesque
1252 1355 1303 1408 in
1335 1354 1692 1408 celeberrimo
1720 1355 1839 1408 loco
1875 1353 1989 1406 Deo

383 1451 502 1516 opt.
544 1457 692 1500 mas.
723 1445 1165 1512 despondebant,
1199 1459 1294 1500 seu
1327 1459 1397 1500 ex
1436 1445 1794 1500 nobilissimis
1821 1443 1990 1511 virgi-

380 1540 547 1596 nibus
577 1531 760 1610 aliqua
792 1539 921 1593 illud
959 1553 1144 1592 secum
1184 1538 1455 1594 adtulerit.
1492 1539 1602 1594 Nisi
1649 1541 1820 1605 forte,
1850 1535 1991 1607 quod

385 1623 522 1690 vero
549 1633 776 1704 propius
796 1647 922 1688 esse
953 1632 1223 1697 videatur,
1249 1648 1315 1688 ex
1341 1635 1472 1702 ipsis
1503 1634 1762 1689 Desiderii
1786 1675 1801 1701 ,
1835 1641 1994 1702 atque

391 1728 561 1784 Ansae
590 1715 836 1797 Cymeliis
866 1719 1272 1797 depromptum,
1305 1739 1368 1778 ac
1395 1725 1516 1780 tilia:
1557 1726 1735 1795 pietati
1772 1739 1996 1780 concre-

387 1818 604 1883 ultum,
655 1819 795 1872 inter
838 1821 1032 1872 caetera
1081 1817 1439 1887 spiritualium
1484 1811 1789 1887 nuptiarum
1837 1833 1997 1871 orna-

393 1916 581 1966 ments
613 1904 719 1962 hoc
749 1909 836 1962 illa
869 1908 935 1962 ad
959 1909 1041 1963 sui
1060 1949 1075 1973 ,
1099 1909 1456 1980 aliarumque,
1483 1924 1602 1979 quae
1635 1907 1736 1963 una
1763 1910 1997 1977 destion‘

391 2001 708 2069 dabantur;
737 2013 915 2067 usum,
948 2004 1100 2073 regio
1155 2003 1207 2056 in
1242 1999 1362 2057 loco
1393 2003 1720 2073 deposuerit.
1767 2003 1999 2074 Hujusce

392 2095 545 2152 modi
599 2109 729 2151 vero
780 2095 1004 2149 donaria
1053 2094 1276 2149 sacratis
1325 2095 1457 2149 locis
1511 2095 1710 2164 passim
1759 2095 1998 2150 exhibita

392 2180 561 2248 nemo
589 2185 679 2244 est
719 2190 772 2244 in
809 2189 1218 2258 antiquitatibus
1265 2190 1414 2244 hisce
1447 2203 1694 2245 versatus-
1725 2192 1813 2260 qui
1848 2192 1997 2260 igno-

392 2293 504 2339 ret.
525 2278 666 2340 Tum
699 2276 1047 2353 sumptuosos
1087 2283 1252 2338 hosce
1274 2326 1288 2351 ,
1332 2293 1394 2337 ac
1434 2287 1752 2351 magniﬁcos
1781 2283 1998 2338 codices

391 2377 614 2434 nonnisi
635 2376 920 2444 divitibus,
953 2385 1048 2432 aut
1080 2378 1339 2434 Ecclesiis
1370 2379 1548 2447 parari
1573 2377 1762 2431 solitos
1797 2395 1812 2431 :
1839 2392 2000 2447 supe-

399 2479 559 2526 rante
591 2468 922 2541 privatorum
950 2471 1223 2527 fortunam
1268 2471 1542 2539 impendio
1564 2514 1578 2537 ,
1616 2471 1811 2541 quibus
1838 2481 2000 2527 etate-

391 2562 558 2634 r'oqui
587 2573 861 2635 pauperes
887 2557 1128 2629 seltedze,
1161 2571 1218 2618 ut
1245 2579 1337 2619 eas
1368 2565 1590 2619 vocabat
1622 2564 1997 2636 Hieranymus,

396 2655 557 2722 satis,
589 2663 866 2726 Superque
898 2649 1084 2712 essent
1113 2657 1326 2713 futurae.
1355 2656 1547 2712 Plures
1576 2671 1706 2712 vero
1742 2657 1795 2710 in
1837 2656 2001 2726 regali

396 2743 725 2803 monasterio
751 2789 765 2813 ,
798 2747 1110 2804 viventibus
1148 2748 1327 2802 adhuc
1378 2747 1688 2813 Desiderio,
1731 2756 1783 2802 et
1838 2747 1996 2803 Adel-

396 2840 556 2910 εἰει),
593 2853 781 2895 sacros
820 2839 1034 2896 codices
1061 2847 1305 2895 servatos
1357 2840 1524 2895 fuisse
1565 2839 1736 2914 liquet
1771 2855 1835 2894 ex
1875 2853 2004 2909 apo-

397 2932 610 3004 graplto
667 2927 1086 2989 membranaceo
1136 2933 1298 2988 bullae
1351 2933 1630 3004 cujusdam
1679 2947 1709 2988 a
1748 2933 2003 3004 Sigualdo

393 3013 735 3097 AquileienSi
783 3027 850 3080 ad
897 3026 1266 3096 Anscbergam
1313 3027 1485 3093 datae,
1533 3041 1693 3096 quam
1741 3027 1875 3082 alias
1909 3041 2004 3082 cx-

388 3115 752 3189 scripsimus,
809 3128 864 3175 et
909 3119 964 3174 in
1024 3119 1348 3176 Adversaria‘
1401 3119 1716 3184 retulimus,
1771 3133 1892 3189 quae
1925 3119 2005 3175 sic

393 3207 563 3266 habet
591 3221 607 3264 :

474 3300 691 3372 Siqualt
718 3317 896 3358 seruus
952 3317 1216 3359 servorum
1263 3303 1476 3358 Domini
1519 3303 1832 3359 Patriarcha
1875 3303 1999 3356 dum

395 3394 582 3449 nostra
617 3395 950 3452 mediocritas
984 3410 1048 3452 ea:
1090 3397 1506 3467 felicissimorum
1544 3391 1836 3469 principum
1865 3395 2002 3450 desi-

397 3487 538 3543 derii
559 3498 605 3543 et
625 3489 844 3561 adelgisi
869 3505 972 3545 una
994 3507 1111 3545 cum
1137 3492 1348 3563 collegis
1377 3493 1566 3546 nostris
1600 3483 2000 3561 religiosissimis

402 3591 456 3637 et
497 3585 837 3640 sanctissimis
866 3587 1123 3656 episcopis
1171 3586 1232 3640 ob
1282 3585 1438 3641 totius
1485 3585 1733 3639 ortodoxe
1777 3583 2003 3638 ecclesia:

400 3671 597 3730 statum
650 3681 889 3746 peracuta
926 3679 1103 3748 {uisset
1146 3679 1349 3749 singula
1383 3693 1578 3748 queque
1615 3669 1878 3746 superﬂua
1909 3677 2004 3731 deo

401 3772 692 3826 auxiliante
715 3773 950 3830 subtilius
981 3776 1206 3830 climata.
1242 3766 1482 3848 Poposcit
1519 3792 1551 3830 a
1577 3776 1720 3830 nobis
1742 3776 2002 3830 veneratio

403 3873 496 3919 tua
520 3864 809 3921 beatissima
833 3868 1112 3940 anseberga
1146 3869 1402 3923 abbatissa
1441 3887 1532 3936 per
1561 3869 1872 3939 prandulum
1905 3865 1999 3921 cu-

403 3957 718 4013 bicularium
753 3961 889 4015 sacri
924 3960 1109 4030 palatii
1146 3952 1234 4016 seu
1269 3972 1315 4016 et
1356 3963 1674 4031 prepasitum
1709 3962 2005 4014 monasterii

400 4051 572 4108 oes‘tri-
589 4059 646 4105 ut
671 4053 958 4108 uenerabile
984 4045 1200 4107 eundem
1226 4055 1588 4108 monasterium
1617 4060 1835 4107 vestrum
1866 4052 2004 4122 quod

400 4142 559 4196 situm
586 4143 742 4196 estin
765 4144 891 4198 urbe
911 4157 1008 4213 que
1031 4143 1222 4198 dicitur
1251 4145 1418 4200 brixia
1444 4144 1580 4215 quod
1599 4153 1794 4199 constat
1819 4145 1886 4198 ad
1909 4144 2004 4197 Ito-

401 4251 588 4291 uorem
630 4236 832 4290 domini
858 4238 1130 4293 salvatoris
1157 4248 1505 4292 constructum
1534 4240 1789 4310 privilegii
1825 4237 2006 4307 infulis

407 4341 446 4382 ts
473 4339 644 4384 nostra
671 4333 926 4402 frueretur
945 4332 1262 4386 auctoritate.
1287 4331 1550 4395 Quatenus
1572 4325 2002 4385 concordantibus

401 4420 558 4478 nobis
585 4419 1010 4478 'réuerentissimis
1032 4426 1287 4496 episcopis
1312 4427 1500 4480 nostris
1526 4430 1592 4481 ea)
1619 4425 1878 4480 communi
1903 4417 1996 4478 ad;

403 4515 618 4570 ταθεὶηέ
642 4517 869 4571 eternale
899 4512 1135 4587 prdidicti
1165 4519 1366 4572 oraculi
1393 4519 1549 4574 robur
1590 4512 1696 4573 stili
1727 4520 1887 4573 nostri
1914 4518 2008 4587 [ir-

2089 531 2348 590 presumat
2376 523 2671 577 omnimodo
2704 524 2979 580 celebrare.
3037 523 3107 579 Ut
3149 525 3302 579 libere
3352 527 3504 581 liceat
3551 539 3695 580 soro-

2092 608 2236 668 ribus
2267 613 2453 668 ib’drm
2481 615 2782 686 degentibus
2819 617 3111 686 regularem
3143 616 3436 671 normulam
3469 617 3689 672 inviola-

2088 707 2255 762 biliter
2282 707 2570 762 observare.
2603 707 2964 764 Sacerdotales
2985 721 3102 763 vero
3138 710 3343 764 ordines
3385 727 3418 764 a
3448 726 3684 782 quocun-

2086 815 2185 869 que
2214 809 2258 853 et
2285 800 2348 853 de
2376 817 2680 871 quacunque
2705 801 2904 854 civitate
2923 802 3166 870 episcopo
3186 801 3443 857 abbatissa
3459 803 3688 858 voluerit

2087 888 2564 960 irrepreenslbt'lt'ter
2583 892 2864 947 ordinetur.
2900 892 2960 948 Si
2991 893 3198 963 quando
3223 909 3341 947 vero
3366 906 3421 947 ut
3441 905 3561 949 sunt
3585 897 3688 950 htt-

2089 981 2230 1035 rnani
2258 983 2458 1053 generis
2491 1000 2640 1037 casus
2667 983 2921 1038 abbatissa
2942 984 3128 1059 objerit
3154 1001 3258 1039 non
3279 986 3495 1040 aliunde
3521 987 3612 1042 sed
3629 1004 3696 1042 ea:

2089 1073 2267 1127 eadem
2314 1075 2710 1145 congregatione
2756 1075 3144 1147 religiosissime
3195 1075 3445 1131 monache
3482 1077 3536 1131 in
3580 1078 3692 1132 loco

2093 1165 2332 1235 defuncte
2366 1167 2620 1221 abbatissa
2645 1168 2838 1239 eligant
2865 1185 3228 1224 successorem.
3277 1168 3426 1224 Illud
3456 1170 3689 1229 ridelicet

2094 1257 2338 1311 addentes
2365 1267 2416 1310 nt
2443 1258 2694 1330 quidquid
2724 1259 2912 1313 ibidem
2948 1264 3086 1329 iusto
3125 1261 3305 1316 ordine
3331 1278 3362 1314 a
3390 1276 3692 1333 quocunque

2651 1354 2769 1407 libet
2823 1353 3230 1427 (Supplendum
3282 1347 3546 1426 Episcopo
3601 1365 3690 1410 aut

2093 1443 2355 1513 qualibet)
2400 1460 2618 1514 persona
2661 1446 2824 1499 inlata
2863 1456 2984 1500 sunt
3028 1463 3116 1501 seu
3147 1447 3337 1516 futuris
3380 1448 3693 1516 temporibus

2097 1534 2289 1606 fuerint
2316 1537 2528 1590 illatura
2556 1539 2659 1592 sive
2699 1555 2761 1593 ea:
2791 1549 2967 1593 nostra
2997 1539 3190 1594 ditione
3208 1557 3296 1595 seu
3323 1556 3387 1595 ea:
3417 1541 3694 1611 episcbpo-

2095 1646 2212 1683 rum
2235 1639 2527 1685 nostrorum
2548 1632 2842 1687 inmutilata
2868 1635 3033 1688 modis
3071 1635 3308 1689 omnibus
3336 1635 3537 1690 valeant
3581 1652 3698 1706 per—

2099 1738 2324 1779 manere.
2361 1723 2471 1779 Nec
2515 1725 2614 1779 hoc
2660 1729 2996 1796 pretereundo
3033 1745 3145 1784 esse
3186 1730 3530 1800 conspicimus
3569 1730 3701 1784 itaut

2026 1815 2074 1875 B
2101 1816 2356 1871 abbatissa
2381 1833 2478 1888 que
2495 1833 2796 1887 quocunque
2816 1820 2866 1873 in
2889 1830 3124 1889 tempore
3151 1821 3305 1890 fuerit
3327 1820 3458 1875 nulli
3487 1821 3694 1876 licentia

2102 1911 2413 1964 concedatur
2443 1908 2760 1966 CUDICES
2809 1922 2897 1965 aut
2942 1929 3062 1968 vasa
3102 1924 3307 1968 sacrata
3351 1923 3440 1967 aut
3469 1913 3697 1983 quolibet

2103 2005 2398 2058 thesaurum
2443 2004 2670 2058 Ecclesia
2700 2022 2899 2077 quoquo
2925 2007 3078 2060 modo
3106 2007 3302 2072 donare
3329 2017 3418 2060 aut
3447 2007 3694 2061 alienare.

2104 2095 2164 2151 Si
2193 2096 2306 2166 quis
2343 2106 2513 2150 autem
2538 2107 2717 2152 contra
2750 2099 2883 2152 hanc
2918 2107 3148 2153 nostram
3177 2100 3552 2153 serenissimam
3586 2098 3699 2152 dis-

2107 2190 2411 2260 positionem
2438 2192 2740 2245 tetnerarius
2769 2193 2978 2246 ausibus
3009 2191 3154 2246 adire
3182 2192 3502 2261 temptaverit
3529 2200 3702 2246 eterna

2101 2283 2423 2336 anathemate
2449 2283 2743 2348 plectendos
2773 2300 2880 2338 esse
2897 2300 3178 2339 censemus.
3205 2282 3509 2354 Conscripta
3530 2285 3690 2358 hujus

2099 2374 2354 2447 privilegii
2377 2376 2577 2430 seriem.
2613 2377 2763 2432 Anno
2791 2378 3242 2432 invictissimorum
3270 2377 3566 2447 principum
3589 2378 3687 2431 de-

2099 2468 2281 2522 siderii
2319 2478 2367 2522 et
2403 2469 2620 2539 adelgisi
2647 2469 2786 2522 XV!
2835 2480 2883 2524 et
2925 2469 3086 2523 XIV.
3127 2471 3218 2522 sub
3248 2469 3530 2524 indictione
3579 2468 3691 2524 ΧΙ.

2104 2558 2242 2613 Dato
2273 2559 2454 2613 Ticino
2478 2561 2532 2613 in
2571 2559 2702 2614 Vrbe
2724 2561 2867 2631 regia
2899 2559 3019 2615 ΙΙΙ.
3056 2561 3174 2615 idus
3196 2561 3435 2633 octobris.

2173 2652 2392 2722 Sigoald
2415 2654 2582 2723 gratia
2607 2651 2693 2707 dei
2735 2655 3032 2724 patriarcha
3057 2654 3109 2708 in
3146 2653 3245 2726 hoc
3272 2653 3523 2726 privilegii
3552 2662 3696 2709 textu

2101 2759 2136 2797 a
2160 2743 2304 2797 nobis
2327 2743 2602 2798 salubriter
2629 2745 2892 2800 climatum
2923 2761 3078 2800 manu
3124 2725 3336 2816 propria
3361 2725 3540 2801 subtus
3569 2745 3701 2800 scri-

2105 2836 2204 2906 psi.
2255 2835 2554 2905 Apolinaris
2583 2835 2774 2891 Christi
2808 2837 3164 2892 misericordia
3203 2837 3449 2908 indignus
3487 2837 3700 2892 humilis

2100 2929 2371 2999 episcopus
2397 2929 2453 2982 in
2482 2933 2577 2983 hoc
2605 2929 2863 3000 privilegii
2889 2939 3029 2984 textu
3057 2946 3215 2984 manu
3247 2946 3362 2985 mea
3395 2930 3698 3002 subscripsi.

2109 3020 2230 3076 Otto
2272 3023 2326 3076 in
2367 3022 2450 3076 dei
2497 3019 2701 3077 nomine
2743 3023 3012 3096 episcOpus
3051 3024 3106 3077 in
3136 3023 3235 3078 hoc
3272 3023 3526 3096 privilegii
3559 3033 3699 3077 textu

2105 3132 2263 3170 manu
2305 3133 2417 3170 mea
2456 3117 2757 3186 subscripsi.
2801 3115 3049 3172 Julianus
3087 3117 3297 3172 humilis
3339 3119 3608 3189 episcopus
3645 3116 3700 3170 in

2025 3203 2072 3267 C
2106 3209 2202 3264 hoc
2220 3209 2475 3280 privilegii
2500 3219 2642 3263 textu
2672 3225 2828 3264 manu
2847 3226 2960 3264 mea
2983 3210 3070 3266 Ss.
3105 3207 3260 3266 Felix
3278 3209 3489 3264 humilis
3501 3209 3703 3281 episco-

2102 3318 2200 3374 pus
2220 3301 2274 3355 in
2295 3297 2390 3355 hoc
2411 3297 2666 3372 privilegii
2692 3311 2834 3356 textu
2862 3318 3019 3356 manu
3048 3318 3159 3356 mea
3183 3302 3273 3357 Ss.
3302 3298 3703 3372 Felizpeccator

2102 3396 2372 3466 episcopus
2393 3395 2450 3448 in
2477 3395 2573 3448 hoc
2599 3396 2851 3466 priuilegii
2876 3403 3017 3450 textu
3049 3394 3178 3450 Mm.
3216 3395 3305 3451 Ss.

2175 3489 2340 3544 Vides
2379 3489 2815 3560 antiquissimum
2846 3489 3213 3545 Ecclesiarum
3254 3503 3410 3544 usum
3430 3530 3445 3554 ,
3477 3497 3584 3558 (tuo
3607 3501 3696 3542 co-

2101 3585 2253 3641 dices
2274 3586 2428 3652 istos,
2455 3599 2561 3639 non
2593 3599 2751 3640 secus
2772 3599 2836 3638 ac
2858 3584 3118 3653 reliquam
3147 3581 3541 3654 supellectilem
3588 3582 3699 3636 Deo

2104 3679 2337 3734 dicatam
2367 3678 2420 3733 in
2459 3693 2682 3733 censum
2718 3677 2961 3732 thesauri
2985 3676 3127 3731 sacri
3157 3674 3491 3741 referebant,
3521 3672 3588 3728 ad
3612 3671 3701 3729 Si-

2104 3769 2281 3842 gualdi
2312 3784 2485 3840 usque
2508 3769 2766 3825 szeculum
2794 3769 3122 3840 perstitisse.
3156 3768 3225 3824 Et
3247 3767 3449 3824 utinam
3476 3765 3704 3822 anathe-

2106 3870 2252 3917 mate
2282 3859 2374 3916 illo
2411 3876 2510 3915 suo
2550 3860 2795 3929 perculsa
2833 3859 3238 3915 succedentium
3284 3867 3588 3928 temporum
3624 3857 3702 3922 ni-

2106 3952 2214 4009 mia
2253 3952 2484 4008 facilitas
2513 3966 2620 4008 non
2657 3953 2728 4008 ab
2765 3951 2830 4006 iis
2857 3949 3054 4017 salum,
3104 3949 3201 4007 sed
3228 3965 3258 4005 a
3285 3951 3500 4007 caeteris
3537 3951 3701 4005 etiam

2106 4059 2319 4118 regum,
2352 4045 2762 4118 principumque
2781 4036 3340 4101 donariisliberrimas
3364 4057 3557 4100 manus
3579 4044 3703 4100 abs-

2109 4140 2378 4196 tinuisset.
2431 4139 2640 4211 Quanta
2694 4137 2782 4192 hic
2818 4136 3051 4192 fortasse
3099 4137 3394 4194 etiamnum
3423 4137 3577 4208 copia
3607 4150 3706 4191 ve-

2109 4241 2283 4289 terum
2341 4232 2601 4288 Ecclesite
2653 4241 3146 4297 monumentorum,
3197 4228 3398 4301 quanta
3437 4228 3706 4300 religione

2111 4326 2326 4396 pietatis
2355 4334 2630 4396 superstes
2662 4325 2832 4380 foret?
2859 4340 3090 4395 quorum
3120 4321 3264 4379 nunc
3293 4323 3414 4378 loco
3446 4319 3588 4378 nihil
3605 4323 3710 4378 nisi

2111 4421 2430 4476 inconsultae
2472 4436 2541 4476 ne
2585 4421 2962 4486 liberalitatis,
3010 4434 3080 4475 an
3110 4420 3291 4475 verius
3321 4415 3711 4490 prodig‘alitatis

2113 4513 2374 4567 memoria
2402 4511 2468 4566 ad
2498 4521 2743 4582 posteros
2777 4513 3008 4566 transiit.
3549 4504 3552 4508 Α

403 4609 561 4660 nitas
604 4609 907 4677 impertiret.
953 4607 1020 4662 Et
1057 4611 1179 4679 quia
1225 4611 1426 4679 semper
1449 4619 1568 4666 sunt
1598 4605 1883 4666 exhibenda
1911 4627 2009 4682 que
2036 4595 2090 4657 D
2185 4605 2317 4674 Quae
2356 4607 2647 4662 etiamnum
2677 4615 2967 4677 supersunt
2999 4613 3350 4660 monuments
3389 4599 3709 4660 eamdemne

405 4698 624 4754 utilibus
649 4700 857 4770 fuerunt
884 4699 1289 4758 ialitnalionibus
1314 4705 1610 4774 impetrata.
1649 4704 1855 4760 Placuit
1884 4721 2006 4777 ergo

405 4791 582 4845 suadis
612 4792 851 4847 omnibus
877 4802 936 4848 ut
958 4795 1041 4864 pie
1061 4795 1339 4849 devotionis
1363 4797 1658 4866 imploratio
1686 4797 1878 4852 salubri
1901 4813 2008 4851 mo-

407 4887 622 4941 deretur
659 4887 1044 4942 intervenlioais
1075 4883 1314 4945 adsensu.
1351 4887 1447 4955 ρῖἦ
1484 4905 1601 4945 vero
1629 4901 1812 4945 conata
1838 4901 1910 4945 est
1929 4908 2010 4947 re-

408 4978 538 5049 ligio
563 4988 654 5032 tua
673 4979 946 5034 salubriter
983 4995 1016 5032 a
1041 4981 1186 5035 nobis
1217 4983 1513 5048 extorquere
1547 4993 1796 5054 quatenus
1834 4990 2009 5054 prera-

414 5079 523 5123 tum
553 5071 926 5125 monasterium
957 5087 1074 5126 cum
1101 5073 1347 5125 universis
1374 5072 1597 5127 basilicis
1641 5075 1709 5128 ad
1753 5087 1809 5129 se
1848 5078 2008 5148 perti-

414 5163 651 5216 nentibus
680 5163 772 5232 qui
808 5181 842 5215 a
866 5164 1093 5232 piissime
1119 5164 1284 5234 adque
1311 5166 1730 5229 tranquillissime
1764 5185 1888 5222 anse
1927 5185 2011 5222 re-

418 5257 536 5325 gine
567 5253 712 5326 jure'
733 5265 1081 5310 constructum
1121 5274 1232 5311 esse
1276 5260 1504 5311 noscitur
1549 5261 1832 5333 privilegiis
1873 5263 2010 5317 sedis

425 5357 592 5400 sancte
625 5356 799 5400 nostre
837 5347 1200 5421 aquilegiensis
1229 5351 1312 5402 cui
1337 5349 1432 5403 deo
1463 5360 1669 5406 auctore
1702 5353 2013 5410 deseruimus

428 5437 710 5493 decoretur.
753 5437 1081 5510 QuaprOpter
1124 5442 1223 5510 piis
1267 5439 1538 5497 desideriis
1577 5447 1757 5500 vestris
1792 5447 2016 5516 faventes

425 5531 526 5582 hac
544 5540 715 5584 nostra
738 5531 1044 5584 auctoritate
1072 5531 1127 5584 id
1154 5533 1289 5600 quod
1330 5543 1463 5587 recte
1499 5536 1792 5603 exposcitur
1831 5536 2015 5604 effectu

421 5622 753 5676 mandamus.
803 5621 869 5676 Et
889 5623 1005 5676 ideo
1046 5637 1243 5677 omnem
1290 5625 1561 5692 cuiuslibet
1588 5627 1812 5682 ecclesia:
1849 5645 2020 5683 sacer-

421 5713 595 5770 dotem
624 5715 1142 5784 quamlibet..........
1174 5733 1271 5770 one
1320 5716 1540 5790 (supple
1572 5721 1874 5789 occasione)
1919 5721 2017 5775 ha-

2117 4701 2348 4756 fort‘una:
2376 4695 2554 4755 aleam
2578 4700 2782 4764 subire,
2809 4714 2878 4754 an
2906 4699 3128 4755 eludere
3157 4697 3385 4769 possint.
3419 4698 3704 4753 incertum.

2115 4794 2186 4851 Ut
2206 4807 2396 4850 verear
2422 4794 2622 4848 iaciunt
2647 4808 2770 4849 cum
2799 4793 3203 4848 vicissitudines
3231 4782 3560 4860 icmporttm,
3596 4800 3707 4844 tum

2117 4888 2374 4959 prmteriti
2407 4902 2566 4943 casus
2601 4897 2652 4944 et
2689 4888 2869 4956 unius,
2913 4903 3024 4959 prae
3054 4888 3298 4952 ctetcris,
3329 4877 3554 4956 insignis
3586 4871 3711 4957 pro-

2114 4972 2256 5038 lecto
2308 4984 2610 5048 memoria,
2677 4999 2837 5055 quam
2893 4998 2922 5037 a
2979 4981 3275 5053 virginibus
3328 4971 3433 5037 illis
3485 4970 3712 5051 accepi:

2123 5101 2141 5134 ι
2175 5082 2402 5152 Nempe,
2442 5096 2566 5136 cum
2596 5082 2674 5136 tot
2707 5082 3140 5136 membranarum
3177 5077 3420 5150 supellex
3464 5057 3710 5162 neglecta

2117 5173 2332 5243 penitus
2363 5188 2425 5227 ac
2454 5172 2675 5226 confusa
2717 5166 2925 5241 jaceret
2951 5212 2966 5238 ,
3011 5169 3333 5225 consulente
3375 5169 3492 5224 viro
3523 5163 3709 5234 nobili,

2117 5274 2174 5320 et
2210 5266 2347 5318 acris
2389 5274 2584 5318 cmtera
2618 5263 2844 5333 iudicii,
2892 5263 2989 5318 sed
3032 5262 3290 5318 harumce
3331 5255 3710 5338 antiquitatum

2113 5357 2320 5429 jejuno,
2361 5365 2608 5410 vocatum
2651 5357 2923 5411 notarium
2969 5355 3256 5427 quemdam
3305 5363 3362 5408 ut
3402 5341 3712 5421 inspiceret,

2119 5459 2279 5521 atque
2306 5450 2358 5504 in
2388 5449 2633 5505 ortelinem
2657 5460 2893 5521 cogeret,
2924 5449 3245 5513 accessisse,
3271 5433 3562 5518 propositis
3582 5461 3714 5502 con-

2119 5543 2415 5598 ditionibus
2461 5559 2680 5613 operam
2732 5544 2970 5608 locasse;
3023 5557 3144 5596 eum
3187 5541 3239 5594 in
3285 5538 3656 5610 autltographa
3687 5554 3713 5591 a

2122 5634 2491 5705 Langbltardis
2538 5636 2758 5690 notariis
2803 5635 3031 5690 barbara
3065 5633 3153 5686 illa
3195 5633 3379 5686 latina:
3430 5633 3716 5702 scripturae

2124 5728 2517 5783 deformatione
2563 5736 2785 5782 exarata
2831 5725 3133 5788 incidisset,
3165 5723 3308 5795 quod
3339 5741 3367 5779 a
3397 5725 3616 5781 nemine
3645 5724 3727 5777 in-

417 5809 541 5868 bcre
564 5806 911 5880 prohibimus.
939 5806 1082 5866 Haut
1111 5811 1214 5865 nisi
1239 5811 1502 5869 abbatissa
1544 5814 1841 5869 monasterii
1871 5814 2024 5884 fuerit
2125 5821 2400 5879 tellectum
2429 5821 2496 5877 iri
2518 5821 2894 5890 arbitraretur,
2933 5833 3030 5876 ceu
3057 5818 3309 5877 tabularii
3340 5819 3739 5890 rejectamenta
