4054 6198
351 298 425 354 25
1746 281 2283 343 PROLEGOMENA.
3586 284 3662 341 24

347 421 647 492 abjeeisse,
684 417 999 491 juvantibus
1038 417 1247 473 cladem
1285 416 1456 483 bane,
1489 426 1610 485 quas
1638 424 1746 467 una
1772 417 1949 474 erant,
1978 415 2031 475 Α
2057 420 2163 475 que
2192 405 2342 475 operi
2376 404 2630 462 idoneum
2657 406 2972 476 seligerent,
3001 406 3091 474 qui
3125 403 3454 462 membranis
3478 406 3662 461 amni-

346 515 566 570 illorum
609 513 971 583 apographis;
1022 511 1153 566 satis
1176 552 1190 575 ,
1224 522 1500 579 superque
1531 506 1631 560 ista
1663 518 1783 560 esse
1808 502 1955 571 cogi-

348 618 551 664 tantem
592 608 637 663 si
682 615 1050 663 servarentur.
1092 625 1111 658 ›
1168 605 1244 659 Ita
1290 604 1490 657 factum
1540 609 1599 655 ut
1633 596 1950 669 primigenia

352 703 446 758 illa
488 703 743 757 distracta
766 743 781 767 ,
812 716 877 755 ac
918 700 1181 769 dissipata
1228 698 1509 769 perierint.
1538 694 1658 750 Uno
1687 692 1952 747 duntaxat

347 795 663 865 superstite,
706 793 859 863 cujus
910 792 1191 862 inscriptio
1234 789 1578 862 superaddita
1621 786 1953 841 membrana:

346 889 403 943 in
422 888 609 943 orbem
633 888 1004 957 volutazdigna
1034 886 1278 955 profecto
1299 893 1409 948 est,
1433 896 1552 952 qua:
1580 878 1774 934 litteris
1801 892 1951 931 man-

346 979 524 1044 detur,
573 988 631 1033 ut
681 978 890 1047 insigne
930 992 1041 1047 pra:
1084 974 1309 1051 czeteris
1337 972 1565 1027 inscitia:
1594 986 1703 1025 non
1748 969 1948 1033 minus,

345 1088 507 1143 quam
561 1070 912 1141 impudenlim
971 1071 1115 1124 illius
1162 1069 1573 1123 monimentum.
1632 1063 1823 1117 Datum
1870 1068 1955 1114 est

344 1167 551 1232 Ticini;
595 1166 745 1234 regni
796 1165 1059 1219 Desiderii
1103 1172 1159 1217 et
1195 1160 1437 1231 Adelgisi
1471 1158 1633 1214 tertio
1664 1166 1717 1213 et
1750 1156 1948 1227 primo,

345 1276 456 1314 xvn
497 1257 858 1328 Septembris,
891 1257 1081 1312 lndict.
1113 1272 1242 1320 xm;
1276 1254 1561 1309 continens
1592 1252 1824 1321 legatum
1853 1248 1949 1301 Gi-

342 1352 463 1406 sulli
503 1350 782 1420 cujusdam
808 1350 1056 1403 stratoris
1078 1347 1236 1417 regii,
1268 1347 1358 1417 qui
1387 1346 1690 1399 lladoaram
1724 1354 1947 1395 uxorem

344 1458 501 1497 suam
545 1459 612 1498 ex
643 1443 871 1496 semisse
898 1440 1354 1494 usufructuariam
1383 1437 1694 1504 reliquerat,
1731 1441 1841 1485 tum
1868 1439 1946 1496 ut,

344 1552 410 1592 ea
435 1535 754 1601 decedente,
800 1535 1090 1603 episcopus
1120 1531 1452 1594 Laudettsis,
1482 1527 1821 1582 venumdatis
1854 1526 1949 1579 ho-

344 1628 451 1695 nis,
484 1627 629 1697 quod
660 1626 788 1681 inde
814 1636 957 1681 esset
980 1626 1254 1680 redactum
1291 1622 1617 1693 pauperibus
1657 1620 1947 1674 distribue—

342 1730 447 1776 ret.
495 1719 707 1775 Mortuo
747 1718 956 1775 Gisulfo
1008 1732 1167 1787 supra
1200 1716 1413 1770 laudata
1469 1714 1587 1784 ejus
1635 1727 1788 1776 uxor,
1820 1726 1944 1765 raro

2062 500 2162 555 bus
2183 499 2371 555 sedulo
2400 500 2657 570 inspectis
2682 543 2697 566 ,
2727 510 2888 571 atque
2924 502 2978 557 in
3010 502 3206 557 seriem
3239 498 3653 556 laudabiliorem

2058 594 2281 656 coactis,
2311 591 2613 659 arehivum,
2647 593 2691 647 si
2711 592 2916 649 vellent
2942 593 3144 649 diutius
3165 606 3479 647 mansurum
3503 606 3660 661 para-

2057 694 2161 741 ret.
2192 685 2436 741 Factum.
2464 684 2707 756 Urgenta
2731 700 2866 756 opus
2893 687 3067 741 amico
3094 693 3281 741 nostra
3310 684 3518 740 Joanne
3542 684 3657 740 An-

2058 777 2187 833 drea
2217 777 2473 833 Astezato
2504 777 2774 834 monacho
2803 777 3116 833 Cassinensi
3136 818 3151 843 ,
3189 776 3307 831 viro
3329 787 3384 830 et
3416 775 3577 831 docto
3603 784 3661 833 et

2065 869 2325 925 harumce
2365 869 2749 942 antiquitatum
2797 871 3245 942 cupientissima,
3280 870 3370 940 qui
3399 869 3525 925 nisu
3558 871 3661 926 im-

2056 966 2230 1033 probo
2261 978 2324 1018 ac
2353 964 2715 1033 pertinaci,ut
2736 972 2819 1019 est
2837 964 3004 1034 coepti
3032 963 3205 1019 semel
3232 963 3435 1019 laboris
3461 963 3527 1018 ad
3554 963 3658 1019 nti-

2053 1058 2293 1111 raculum
2326 1056 2536 1126 patiens
2560 1098 2577 1124 ,
2620 1057 2866 1112 ultimam
2913 1057 2990 1111 illi
3041 1070 3262 1110 manum
3300 1055 3519 1111 tandem
3552 1056 3657 1112 im-

2054 1147 2258 1217 posuit.
2281 1192 2288 1199 .

2128 1238 2235 1295 Sed
2268 1239 2333 1294 ad
2362 1241 2642 1310 exemplar
2668 1249 2914 1296 nostrum
2946 1240 3197 1297 conversi
3228 1240 3421 1296 iterum
3445 1282 3463 1309 ,
3504 1240 3658 1298 dice-

2054 1332 2245 1387 bamus
2293 1332 2573 1402 przelixum
2607 1332 2777 1388 fuisse
2804 1334 2873 1389 ab
2899 1334 3206 1404 antiquaria
3231 1333 3457 1404 singulis
3485 1335 3659 1390 Evan-

2050 1424 2213 1494 geliis
2242 1439 2441 1480 nomen
2472 1426 2736 1492 auctoris,
2771 1440 2833 1480 ea
2868 1426 3113 1496 profecto
3134 1428 3203 1485 de
3227 1443 3389 1485 causa
3416 1470 3430 1494 ,
3459 1435 3518 1481 ut
3545 1428 3659 1483 lec-

2053 1516 2180 1581 turi,
2212 1532 2369 1588 quem
2400 1533 2466 1572 ex
2496 1518 2847 1588 evangelistis
2869 1519 3110 1588 vellent,
3142 1523 3321 1592 primo
3346 1520 3536 1576 obtutu
3567 1520 3656 1587 ine

2053 1612 2256 1681 spectis
2287 1612 2458 1667 titulis
2482 1612 2973 1682 deprehenderent.
3009 1614 3209 1671 Millius
3234 1624 3413 1670 tamen
3437 1615 3655 1671 nonnisi

2050 1716 2170 1775 post
2195 1706 2473 1761 conditum
2502 1705 2778 1762 Canonem
2809 1706 2860 1761 id
2890 1706 3093 1763 factum
3120 1709 3319 1765 asserit
3344 1708 3654 1784 (Prolegm.

340 1811 561 1880 pietatis
592 1810 867 1880 exetnplo,
901 1809 1009 1880 egit
1038 1809 1220 1864 libello
1252 1808 1480 1877 supplici
1509 1806 1650 1876 apud
1681 1819 1861 1875 regem
1888 1815 1947 1858 ut
1979 1805 2024 1864 Β
2054 1799 2182 1864 547,
2211 1800 2352 1853 Edit.
2386 1800 2461 1853 Ν.
2493 1800 2559 1854 T.
2592 1817 2655 1855 ea:
2680 1800 2973 1855 recensione
3012 1801 3222 1856 Kusteri
3245 1801 3264 1874 )
3290 1819 3306 1868 ;
3337 1817 3460 1857 eum
3490 1810 3653 1858 antea

338 1903 521 1957 mariti
553 1902 804 1956 voluntas
836 1903 1019 1956 statim
1063 1901 1453 1970 aditnpleretur
1491 1901 1733 1970 quatinus
1773 1899 1791 1970 (
1821 1907 1947 1952 sunt

339 1996 502 2051 verba
556 1996 919 2067 documenti)
959 1997 1069 2049 sine
1113 1997 1289 2065 aliqua
1336 1993 1618 2061 o/I'ensione
1671 1995 1785 2063 ipsa
1834 1995 1946 2062 ejus

338 2089 651 2143 aelemosina
668 2089 737 2141 ad
764 2090 989 2158 requiem
1019 2088 1098 2142 vel
1136 2088 1465 2159 refrigerium
1501 2086 1703 2139 animae
1730 2086 1843 2155 ejus
1871 2086 1941 2137 ci-

342 2181 445 2234 tius
475 2197 744 2235 occurrere
784 2183 978 2251 possit,
1022 2181 1458 2249 impetravitque.
1505 2179 1689 2248 Itaque
1732 2178 1945 2247 episco-

342 2288 462 2341 pus,
486 2273 796 2328 divenditis
830 2273 985 2326 bonis
1013 2273 1231 2328 Gaideri
1262 2272 1475 2325 cuidam
1508 2271 1640 2341 regii
1674 2280 1945 2325 monaste-

334 2362 403 2417 rii
435 2365 772 2433 procuratori
814 2365 1045 2434 pretium
1083 2380 1370 2418 aureorum
1412 2378 1698 2418 MMMDCCCL
1739 2362 1807 2415 ab
1851 2377 1943 2416 eo-

338 2453 460 2509 dem
509 2455 744 2510 solutum
802 2456 1130 2525 pauperibus
1182 2456 1462 2525 erogavit,
1513 2454 1942 2524 subscripsitque

337 2546 460 2600 huic
490 2556 653 2600 carta:
687 2563 789 2601 una
834 2562 958 2601 cum
1001 2547 1271 2614 lladoara,
1320 2548 1547 2615 aliisque
1590 2545 1817 2601 teSIibus
1868 2546 1938 2600 ibi

331 2638 638 2707 descriptis.
671 2639 800 2708 Ejus
831 2641 1255 2709 ehiroprapbum
1286 2640 1391 2693 tale
1420 2650 1502 2693 est
1538 2659 1549 2689 :

404 2730 633 2798 [politus
671 2747 761 2800 ego
789 2731 905 2784 licet
944 2732 1186 2801 indignus
1216 2747 1304 2797 per
1334 2731 1417 2782 dei
1455 2732 1629 2800 gracia
1666 2731 1938 2800 episcopus

341 2822 583 2877 Radoara
642 2824 736 2877 deo
790 2824 958 2877 dicata
1004 2824 1294 2891 suplicante
1334 2824 1504 2893 regiae
1546 2824 1811 2893 potestatis
1847 2840 1940 2892 pro

332 2917 716 2971 venundacione
763 2918 981 2971 terrolae
1008 2920 1142 2985 quod
1178 2918 1226 2971 ei
1264 2916 1341 2969 vir
1369 2933 1493 2969 suus
1540 2926 1654 2984 post
1692 2919 1803 2988 ejus
1835 2917 1941 2969 ovi-

335 3018 445 3061 tum
472 3009 724 3061 concessit
751 3009 891 3061 testis
919 3026 1075 3061 manu
1093 3026 1203 3061 mea
1239 3007 1519 3061 conscribsi
1548 3023 1659 3059 cum
1691 3006 1935 3060 sacerdo-

333 3110 405 3153 tes
435 3100 613 3169 ﬁdeles
648 3111 692 3155 et
717 3103 888 3172 precio
911 3104 1078 3172 recepi
1100 3102 1312 3155 trimilia
1340 3116 1505 3156 DCCCL
1534 3110 1580 3155 et
1606 3101 1803 3155 contuli
1830 3102 1935 3155 dis-

334 3195 489 3248 tribui
502 3211 595 3264 pro
616 3196 787 3248 anima
809 3197 985 3266 gisul/i
1011 3196 1268 3249 stratoris.

409 3287 799 3341 Documentum
846 3286 1011 3351 istud,
1045 3288 1097 3341 in
1135 3303 1243 3357 quo
1271 3288 1446 3357 agitur
1475 3286 1543 3341 de
1583 3284 1937 3356 acquisitione

336 3382 627 3444 bonorum,
653 3398 772 3453 qua:
804 3400 907 3437 ttna
939 3399 1060 3437 cum
1085 3384 1299 3437 caeteris
1330 3384 1625 3437 etiamnum
1659 3382 1937 3451 possident

333 3474 387 3529 in
417 3490 549 3545 agro
588 3476 968 3540 Cremonensi,
1012 3492 1079 3530 ne
1112 3486 1413 3544 temporum
1448 3476 1678 3530 decursu
1721 3475 1938 3530 fatisce-

333 3578 440 3635 ret,
480 3570 747 3639 petierant
785 3569 913 3624 oliui
944 3570 1264 3624 clarissimae
1299 3569 1533 3638 virgines
1562 3584 1591 3622 a
1623 3568 1938 3623 consulibus

341 3662 489 3715 urbis
529 3670 730 3716 nostrae
758 3704 771 3726 ,
804 3661 1005 3717 saeculo
1040 3676 1135 3715 xm
1184 3660 1435 3725 labente,
1461 3670 1517 3714 ut
1557 3676 1654 3728 per
1690 3660 1938 3730 publicos

335 3754 577 3807 notarios
622 3755 1007 3823 exciperetur,
1050 3763 1404 3824 superestque
1442 3769 1546 3808 una
1592 3769 1716 3808 cum
1748 3752 1938 3807 arche-

332 3856 462 3916 typo
499 3847 868 3916 apograplmm
912 3848 1265 3911 earumdem;
1304 3858 1387 3901 ast
1431 3847 1675 3915 pluribus
1708 3847 1759 3900 in
1804 3847 1937 3901 locis

336 3938 405 3992 ad
464 3937 687 4008 originis
745 3939 1028 3993 veritatem
1084 3940 1307 3993 minime
1365 3948 1634 3992 exactum.
1704 3939 1781 3992 En
1843 3939 1937 3993 tibi

339 4031 759 4102 chirographum
814 4048 975 4102 supra
1009 4032 1208 4088 laudati
1248 4031 1549 4103 Hippolyti,
1591 4032 1749 4102 quale
1801 4032 1935 4088 illud

336 4124 702 4192 descripsere.
1584 4194 1593 4205 ὑ

404 4215 629 4285 [politus
653 4216 958 4271 Zolentimts
998 4218 1184 4289 dignus
1215 4234 1305 4288 per
1336 4216 1429 4272 Dei
1458 4220 1624 4289 gratia
1666 4218 1935 4287 episcopus

335 4304 575 4360 Sadoara
610 4308 703 4361 deo
754 4309 929 4363 dicata
973 4311 1262 4378 suplieante
1300 4312 1399 4381 feci
1438 4321 1485 4364 et
1526 4311 1818 4380 protestatis
1838 4327 1935 4380 pro

331 4400 713 4455 venundacione
753 4413 801 4455 te
835 4404 967 4469 sola,
996 4412 1102 4459 etc.
1131 4444 1147 4471 ,
1195 4419 1365 4475 usque
1395 4404 1461 4459 ad
1498 4414 1741 4459 extrema
1770 4405 1935 4459 verba

336 4490 523 4559 Gisul/i
548 4497 816 4548 roratoris.

2050 1895 2253 1965 absque
2270 1893 2505 1965 praeﬁxis
2527 1902 2807 1948 auctorum
2823 1893 3136 1950 nominibus
3150 1895 3649 1961 circumferrentur,

2051 2004 2158 2043 non
2188 2003 2344 2043 secus
2358 2002 2421 2041 ac
2439 1996 2650 2042 cteterze
2665 1986 2924 2061 διηγήσεις
2941 1987 3274 2043 incertorum
3293 1989 3645 2059 scriptorum,

2051 2092 2108 2136 ut
2135 2082 2348 2136 scilicet
2375 2080 2638 2150 appositis
2668 2081 2841 2134 titulis
2872 2080 3281 2151 diguosceretur
3304 2096 3369 2136 ea
3391 2081 3506 2136 sola
3528 2095 3652 2137 esse

2050 2191 2196 2239 vera,
2222 2174 2597 2229 etauthcntica
2616 2172 2920 2228 lnstrumen
2931 2182 2981 2228 ta
3004 2174 3337 2244 evangelica.
3367 2173 3506 2228 Hinc
3525 2172 3647 2246 (ait)

2051 2268 2311 2321 Marciani
2339 2268 2593 2338 objectum
2626 2283 2656 2320 a
2681 2266 3001 2321 Tertulliano
3024 2308 3040 2335 ,
3068 2268 3203 2336 quod
3233 2266 3517 2341 Evangelia
3554 2285 3648 2323 suo

2049 2361 2268 2423 nullum,
2301 2361 2370 2412 ad
2399 2374 2752 2415 IIITA'I‘IONEII
2773 2375 2997 2415 VETERIS
3019 2375 3288 2416 ECCLESIE
3311 2360 3650 2427 inscripsisset

2047 2462 2328 2506 auctorem.
2382 2453 2481 2506 Ast
2509 2453 2588 2505 vir
2616 2451 2961 2507 doctissimus
2986 2492 3001 2518 ,
3048 2468 3172 2508 cum
3205 2453 3321 2507 haec
3342 2452 3645 2517 scriberet,

2047 2545 2114 2600 ad
2144 2546 2245 2599 alia
2274 2543 2537 2600 festinans
2583 2560 2689 2599 non
2739 2544 2870 2599 satis
2909 2546 3051 2600 cavit
3093 2549 3462 2614 conjecturam
3503 2543 3646 2601 hanc

2045 2655 2201 2695 suam
2243 2640 2311 2695 ab
2356 2641 2506 2710 ipso,
2558 2654 2718 2709 quem
2746 2639 2916 2704 citat,
2959 2638 3293 2695 'l‘ertulliano
3343 2637 3645 2693 luculenter

2048 2732 2285 2801 explodi.
2344 2733 2535 2787 Elevat
2583 2731 2729 2787 enim
2775 2746 2840 2786 ex
2872 2732 2974 2787 hoc
3002 2731 3162 2787 ﬁdem
3205 2730 3479 2800 Evangelii
3506 2729 3646 2785 Mar-

2044 2825 2237 2889 cionis,
2268 2825 2409 2894 quod
2443 2825 2599 2879 titulo
2627 2835 2833 2880 careat.
2865 2824 2930 2878 Et
2955 2841 3153 2895 possem
3181 2824 3402 2895 (inquit)
3428 2824 3514 2879 hic
3533 2826 3645 2895 jam

2043 2918 2261 2990 gradum
2283 2918 2443 2989 ﬁgere
2464 2935 2564 2973 non
2583 2920 2965 2989 agnoscendum
2995 2918 3304 2983 contendens
3329 2934 3482 2988 apus,
3509 2918 3645 2989 quod

2044 3029 2145 3065 non
2173 3012 2332 3082 erigat
2359 3014 2601 3083 frontem,
2634 3010 2770 3081 quod
2796 3010 2993 3065 nullam
3011 3012 3347 3065 constantiam
3377 3015 3643 3082 prarferat,

2042 3103 2241 3157 nullam
2266 3104 2421 3172 [idem
2450 3104 2777 3173 repromittat
2807 3102 2870 3156 de
2895 3104 3214 3174 plenitudine
3238 3104 3403 3170 tituli,
3432 3114 3482 3158 et
3525 3120 3647 3176 pro-

1965 3193 2010 3256 C
2044 3194 2264 3265 fessione
2285 3192 2455 3247 debita
2483 3195 2709 3247 auctoris
2746 3193 2765 3267 (
2792 3193 3043 3247 Adversus
3074 3192 3391 3248 Marcionent
3418 3209 3470 3249 tv
3494 3234 3509 3259 ,
3542 3193 3578 3247 Ξ
3598 3193 3640 3265 ).

2042 3288 2161 3343 Jam
2192 3289 2370 3358 itaque
2395 3297 2519 3343 ante
2550 3288 2839 3343 Marcionis
2879 3297 3124 3359 tempora
3156 3329 3174 3355 ,
3223 3300 3279 3344 et
3320 3290 3539 3360 quidem
3588 3290 3643 3344 in

2042 3388 2231 3435 vetere
2257 3379 2496 3435 Ecclesia
2526 3380 2784 3450 inscripta
2814 3389 2970 3435 erant
2989 3380 3103 3436 suis
3128 3382 3434 3438 nominibus
3458 3382 3643 3438 Evan-

2042 3471 2205 3541 gelia.
2242 3471 2308 3527 Ut
2339 3471 2465 3541 quid
2494 3472 2641 3527 enim
2674 3473 2813 3527 hanc
2843 3472 2983 3527 tituli
3009 3472 3308 3529 nuditatem
3348 3475 3642 3546 objecisset

2042 3563 2118 3617 illi
2151 3562 2551 3631 Tertullianus,
2602 3564 2861 3620 adversus
2905 3580 3066 3636 quam
3110 3568 3247 3621 tueri
3293 3582 3352 3623 se
3392 3576 3643 3637 poterant

2042 3656 2374 3711 Marcionita:
2405 3665 2675 3713 vetustate
2702 3665 3030 3727 temporum,
3054 3666 3109 3714 et
3126 3658 3517 3716 consuetudine
3535 3659 3640 3715 Ec-

2040 3751 2328 3807 clesiarum
2356 3795 2370 3817 ,
2400 3753 2452 3807 in
2479 3753 2675 3823 quibus
2698 3794 2713 3819 ,
2745 3768 2814 3808 ex
2842 3754 2992 3809 Millii
3034 3753 3202 3822 ipsius
3242 3753 3454 3810 calculo
3478 3795 3494 3820 ,
3540 3769 3641 3825 per

2040 3846 2260 3915 triginta
2291 3845 2359 3899 ad
2400 3847 2579 3901 minus
2620 3861 2793 3901 annos
2831 3856 2958 3902 ante
2986 3846 3339 3901 constitutum
3386 3847 3454 3903 ab
3493 3849 3640 3904 Asiae

2040 3937 2334 4009 episcopis,
2359 3948 2418 3993 ut
2446 3939 2561 4009 ipse
2592 3947 2764 4010 putat,
2800 3939 3185 4010 Evangelieum
3207 3954 3497 4008 canonem,
3530 3942 3640 3998 Lu-

2039 4046 2149 4097 cae,
2180 4046 2241 4085 ac
2274 4031 2439 4086 Marci
2470 4031 2783 4102 Evangelia,
2812 4032 3050 4088 Matthaei
3072 4047 3203 4088 vero
3225 4032 3382 4105 longe
3401 4034 3639 4106 amplius

2028 4114 2160 4180 sine
2191 4126 2343 4181 titulo
2371 4125 2554 4182 habita
2576 4127 2850 4183 fuissent?
2890 4129 3043 4196 Quod
3073 4144 3205 4185 vero
3225 4130 3340 4197 ait,
3372 4139 3636 4188 statutum

2038 4232 2067 4273 a
2097 4216 2335 4274 Canonis
2364 4220 2739 4276 conditoribus
2772 4222 3179 4294 inscriptionem
3228 4234 3507 4280 auctorum
3529 4267 3544 4293 ,
3575 4234 3636 4283 ut

2038 4326 2167 4367 vera
2195 4312 2486 4383 Evangelia
2515 4314 2754 4384 dignosei
2786 4325 3027 4384 possent,
3051 4317 3162 4385 jam
3189 4331 3365 4386 neque
3388 4317 3491 4372 hoc
3516 4317 3636 4388 ipso

2039 4405 2258 4460 illorum
2292 4405 2413 4461 lidci
2445 4408 2579 4462 satis
2608 4418 2825 4462 cautum
2857 4408 3101 4464 ivissent.
3154 4406 3289 4463 Cum
3315 4418 3370 4464 et
3395 4410 3633 4466 Marcion

2038 4499 2340 4555 interversa
2363 4498 2544 4566 Lucat,
2572 4515 2679 4570 quo
2701 4500 2973 4567 utebatur,
2998 4509 3053 4556 et
3075 4501 3120 4555 si
3143 4500 3235 4572 qtti
3255 4502 3635 4559 aliiadulteras

403 4582 614 4638 Bardus
648 4585 760 4647 ille,
805 4587 897 4655 qui
939 4588 1283 4643 membranas
1308 4586 1553 4659 digessit,
1584 4603 1706 4643 eum
1739 4588 1931 4644 arche-
1955 4577 2010 4638 D
2038 4607 2228 4648 manus
2259 4592 2312 4647 in
2346 4592 2578 4648 Mattbaai
2598 4635 2613 4659 ,
2653 4593 2852 4660 Marci,
2902 4609 2967 4651 ac
2990 4594 3215 4651 Joannis
3239 4597 3630 4666 extenderent,

336 4686 521 4747 typum
566 4694 675 4732 non
706 4679 1130 4747 adsequeretur,
1180 4682 1443 4750 conjectis
1474 4683 1525 4736 in
1556 4681 1928 4752 apographum

332 4770 505 4824 oculis
537 4770 677 4827 hanc
705 4771 832 4826 inde
867 4772 1196 4842 epigraphcn
1233 4775 1563 4843 exsculpsit,
1597 4791 1717 4844 qua:
1747 4784 1931 4843 poste-

331 4859 409 4914 ris
439 4860 505 4913 ad
540 4864 948 4934 intelligentiam
978 4864 1288 4920 documenti
1332 4866 1502 4920 facem
1546 4867 1928 4935 prartenderet.

404 4951 566 5007 1299.
598 4954 687 5008 26.
716 4956 1000 5011 Novembre
1027 4956 1259 5027 Ippolito
1290 4956 1561 5011 Lolentino
1604 4958 1825 5012 Vescovo
1853 4959 1927 5027 ‘di

331 5042 602 5098 Sadavara
627 5064 716 5117 per
742 5049 779 5100 il
806 5051 972 5118 legato
999 5052 1051 5103 di
1078 5049 1317 5122 Gltisolfo
1347 5050 1617 5105 Roralore.

402 5135 565 5191 Vides
597 5138 905 5195 infelicibus
939 5146 1103 5197 cartis
1131 5160 1238 5214 quo
1260 5160 1380 5199 cum
1412 5144 1631 5200 homine
1664 5162 1777 5202 rem
1805 5160 1928 5201 esse

328 5228 655 5297 contigerit?
705 5231 768 5284 Et
796 5246 927 5285 sane
958 5236 1151 5290 mirum
1185 5236 1327 5305 quod
1350 5237 1646 5307 diplomata
1684 5239 1785 5294 alia
1816 5254 1923 5294 non

324 5320 520 5390 attigit.
563 5322 747 5394 Neque
777 5334 953 5379 tanien
984 5328 1210 5384 aliorum
1247 5350 1439 5387 manus
1461 5333 1701 5403 cll'ugere
1732 5336 1795 5391 iis
1827 5335 1921 5391 da-

326 5419 459 5479 ttttn,
483 5413 739 5470 detractis
765 5418 1055 5472 multorum
1081 5421 1271 5491 sigillis
1291 5465 1305 5488 ,
1339 5424 1389 5476 in
1422 5426 1617 5491 quibus
1644 5425 1917 5483 Caesarum

328 5506 625 5576 imagines,
676 5525 971 5582 eorumque
1020 5514 1234 5566 nomina
1282 5516 1655 5570 servabantur.
1717 5518 1921 5585 Quibus

324 5613 426 5665 ego
455 5600 667 5653 casibus
696 5612 871 5656 lllOlflS
895 5646 907 5667 ,
943 5614 1051 5657 tum
1092 5606 1233 5673 quod
1265 5606 1487 5659 confusa
1515 5624 1703 5662 rursus
1737 5613 1917 5666 omnia

322 5704 445 5746 esse
474 5694 840 5757 nuntiaretur,
873 5697 1038 5750 iustiti
1063 5702 1203 5767 apud
1234 5699 1554 5752 lectissimas
1594 5700 1830 5769 virgines
1860 5712 1917 5757 ut

320 5783 599 5841 hominem
628 5794 882 5855 spectatio
911 5789 1264 5860 integritatis,
1294 5807 1357 5846 ac
1388 5792 1531 5857 lidei,
1563 5794 1917 5864 perliciendu-

2034 4683 2228 4740 eodem
2260 4684 2422 4755 plane
2447 4685 2605 4743 titulo
2627 4686 2906 4756 imponere
2939 4686 3238 4743 lectoribus
3261 4694 3503 4758 possent.
3528 4689 3633 4745 Ita-

2034 4792 2139 4849 que
2167 4793 2274 4833 non
2306 4788 2390 4835 est
2416 4778 2720 4849 ambigendi
2750 4780 2901 4833 locus
2926 4820 2941 4845 ,
2981 4780 3108 4850 quin
3130 4779 3244 4850 jam
3291 4788 3418 4836 tunc
3446 4780 3549 4836 hoc
3574 4782 3630 4837 in

2036 4873 2205 4927 sacris
2236 4873 2443 4939 Libris,
2473 4873 2615 4943 quod
2646 4873 2697 4928 in
2739 4872 3001 4943 profanis,
3032 4873 3102 4928 ab
3130 4873 3450 4944 antiquariis
3477 4889 3632 4931 usur—

2035 4975 2215 5036 patum
2247 4966 2406 5022 fuerit
2429 5009 2444 5032 ,
2497 4976 2558 5022 ut
2590 4966 2799 5022 scilicet
2836 4976 3115 5023 auctorum
3143 4982 3369 5025 suorum
3409 4970 3631 5025 nomina

2034 5074 2144 5129 pra:
2168 5075 2227 5114 se
2248 5059 2470 5116 ferrent.

2110 5152 2371 5222 Superest
2416 5170 2557 5209 nunc
2580 5194 2596 5221 ,
2644 5163 2704 5210 ut
2747 5155 2815 5211 de
2846 5155 3105 5225 peculiari
3135 5155 3187 5210 in
3218 5154 3495 5210 codicibus
3524 5155 3627 5211 ali-

2030 5253 2159 5313 quot
2189 5244 2425 5298 (Iunonis
2451 5244 2613 5310 serie,
2639 5261 2759 5316 quae
2787 5245 2839 5300 in
2875 5256 3060 5300 nostra
3087 5244 3248 5300 etiam
3278 5252 3489 5300 servata
3518 5253 3623 5312 est,

2030 5348 2142 5393 tum
2165 5338 2234 5391 de
2263 5337 2637 5406 hujuscemodi
2658 5338 2985 5394 diversitatis
3006 5338 3214 5408 origine
3236 5336 3623 5406 disquiramus.

2101 5429 2363 5483 Ricardus
2391 5428 2662 5483 Sintouius
2690 5428 2855 5500 (Hist.
2886 5428 3014 5483 Crit.
3042 5427 3113 5482 Ν.
3139 5427 3199 5483 Τ.
3232 5443 3271 5493 t,
3298 5427 3387 5498 10)
3414 5442 3626 5498 expen-

2029 5535 2091 5575 so
2133 5519 2320 5575 codice
2359 5520 2788 5589 Cautabrigiensi
2815 5560 2831 5587 ,
2884 5521 2935 5573 in
2969 5536 3075 5590 quo
3109 5520 3396 5591 Evangelia
3428 5521 3621 5577 eodem

2028 5613 2237 5675 ordine,
2269 5627 2329 5667 ac
2363 5613 2413 5665 in
2451 5620 2658 5675 nostro,
2691 5612 2992 5666 ell'eruntur
3019 5656 3034 5677 ,
3065 5630 3175 5668 non
3211 5628 3335 5668 esse
3374 5614 3517 5669 hunc
3545 5614 3621 5669 illi

2028 5706 2351 5776 peculiarem
2390 5705 2686 5767 observat,
2734 5721 2854 5759 eum
2895 5720 2960 5759 ex
3013 5716 3327 5775 pervetusto
3373 5709 3623 5778 catalogo

2022 5798 2348 5868 exemplaris
2378 5798 2872 5867 Sangermaucnsis,
2905 5797 2961 5857 in
2974 5814 3080 5872 qua
3106 5799 3397 5871 Evangelia
3418 5802 3611 5861 eadem
