4054 6198
390 297 463 354 25
1184 292 1400 352 El’lST.
1442 291 1689 350 PHILIP.
1730 291 2098 363 GARBELLI,
2138 296 2228 355 DE
2266 297 2511 355 CODICE
2550 294 2899 355 BRIXIANO.
3613 298 3688 358 26

388 410 531 468 serie
576 415 933 465 recensentur
962 448 975 471 ,
1009 414 1119 460 tum
1166 421 1230 461 ex
1276 406 1582 461 Druthmari
1616 406 1737 462 loco
1762 449 1776 472 ,
1827 423 1987 478 quem
2018 414 2065 471 Α
2098 421 2202 465 tem
2228 411 2641 481 Evangeliorum
2663 413 2923 479 Mattluei,
2954 411 3203 483 Joannis,
3230 429 3293 471 ac
3322 416 3519 473 Marci:
3546 419 3691 491 quod

388 513 583 576 postea
623 500 947 557 videbimus.
1002 498 1272 570 Additque
1316 514 1522 554 morem
1564 500 1703 554 bunc
1752 499 1926 554 videri
1964 518 1994 555 a

387 600 602 656 Latinis
630 596 897 652 invectum
928 637 942 662 ,
973 596 1062 665 qui
1095 594 1284 649 Graeca
1324 593 1649 665 exemplaria
1686 593 1754 648 ad
1782 594 1995 664 suipso-

388 708 514 749 rum
561 706 717 746 usum
750 688 1155 744 describebant.
1206 688 1312 744 Sed
1356 687 1440 743 vir
1464 732 1477 755 ,
1510 696 1704 743 caetera
1750 688 1801 743 in
1832 688 1993 744 rebus

392 786 543 842 bisce
565 784 660 840 diu
686 784 1029 853 multumque
1050 791 1317 845 versatus,
1347 782 1665 851 ampliorem
1691 781 1853 836 etiam
1880 782 1995 836 lau-

390 880 514 936 dem
545 878 675 934 inde
701 885 1120 942 consecuturus,
1156 877 1260 930 nisi
1287 876 1621 946 praeiudiciis
1653 874 1993 941 indulsisset,

393 989 501 1029 non
568 971 837 1037 attendit,
889 970 1109 1026 Latinos
1151 969 1396 1025 ordinem
1445 969 1587 1024 hunc
1634 968 1686 1023 in
1719 967 1992 1024 Canonem

395 1081 501 1122 non
533 1066 851 1120 invecturos
871 1105 886 1130 ,
934 1063 1034 1117 nisi
1066 1062 1431 1131 praceuntibus
1458 1059 1790 1131 antigrapbis
1815 1102 1829 1125 ,
1874 1076 1995 1130 qua:

392 1166 776 1231 sequerentur.
819 1155 930 1211 Cur
954 1156 1097 1210 enim
1126 1154 1325 1211 Lucam
1352 1154 1532 1209 Marco
1552 1195 1567 1220 ,
1600 1163 1693 1208 aut
1720 1153 1803 1207 bis
1830 1152 1995 1206 Joan-

394 1270 524 1309 Item
551 1295 567 1321 ,
616 1267 719 1307 11011
744 1267 875 1306 vero
905 1267 936 1306 Θ
962 1259 1152 1305 contra
1184 1251 1624 1322 anteposuissent
1649 1292 1662 1313 ,
1693 1264 1814 1303 CIIII]
1842 1263 1995 1318 aeque

394 1349 465 1402 ad
511 1349 749 1417 ipsorum
780 1361 933 1401 usum
978 1354 1205 1415 utraque
1244 1345 1416 1399 series
1442 1344 1614 1414 aptari
1652 1343 1994 1398 commodum

392 1440 617 1510 posset?
667 1438 852 1507 Neque
902 1437 1044 1491 aliud
1102 1437 1396 1505 quidquam
1440 1452 1471 1491 e
1522 1436 1639 1491 loco
1685 1434 1994 1490 Drulbmari

388 1548 587 1589 eruere
618 1539 851 1603 poterat,
886 1546 1043 1599 quam
1076 1529 1126 1583 in
1156 1530 1345 1585 codice
1373 1527 1583 1596 Hilarii,
1619 1537 1821 1583 uttunc
1853 1530 1994 1584 ferc-

390 1626 573 1690 batur,
604 1624 940 1689 Matthteum,
969 1631 1023 1678 et
1050 1622 1312 1678 Joannem
1337 1624 1548 1676 ca-teris
1580 1621 1876 1690 prmivissc.

465 1718 663 1773 Millius
691 1717 761 1771 de
800 1717 1101 1771 (economia
1136 1715 1237 1769 ista
1268 1713 1503 1768 Canonis
1528 1714 1580 1767 in
1612 1712 1997 1782 supralaudato

2098 503 2310 558 scilicet
2336 505 2605 559 Ecclesia:
2622 506 2690 561 ab
2713 507 2974 574 apostolis
2998 508 3327 576 conSIitutze,
3363 518 3473 566 tum
3499 511 3567 566 ad
3595 527 3688 567 ca-

2097 612 2215 651 rum
2246 598 2549 667 exemplum
2581 610 2794 655 ctetera:
2838 615 3029 656 omnes
3070 602 3260 657 eadem
3285 643 3300 666 ,
3352 613 3409 658 ut
3448 606 3682 675 genuina

2100 688 2222 743 ﬁdei
2266 689 2588 745 Christianae
2636 693 2988 747 instrumenta
3037 707 3255 764 semper
3296 697 3691 766 susttexissent.

2098 785 2304 853 Quibus
2329 788 2401 840 ita
2427 790 2733 844 constitutis
2757 832 2772 857 ,
2803 801 2960 862 urget
2993 802 3176 861 postea
3205 802 3506 862 apostatam
3536 793 3691 848 illum

2098 879 2347 948 inquiens
2379 878 2533 951 (Cap.
2565 880 2653 951 4):
2685 881 2870 954 Itaque
2894 893 2940 937 et
2979 884 3042 937 de
3072 884 3152 938 his
3186 882 3421 939 Marcion
3445 886 3694 954 ﬂagitan-

2098 973 2194 1027 dus
2220 976 2363 1044 quid,
2395 978 2598 1030 omissis
2618 977 2713 1041 eis,
2740 977 2898 1032 Luca:
2920 978 3088 1048 potius
3112 979 3349 1032 institerit
3373 996 3391 1032 :
3417 980 3564 1048 quasi
3591 996 3694 1034 nou

2098 1076 2144 1119 et
2168 1067 2273 1121 Itwc
2304 1068 2441 1139 apud
2466 1067 2726 1122 Ecclesias
2749 1086 2779 1122 a
2807 1070 3089 1141 primordio
3116 1073 3324 1142 fuerint.
3367 1072 3552 1138 Atquin
3585 1070 3695 1124 lucc

2100 1162 2261 1233 magis
2290 1180 2319 1215 η
2345 1163 2628 1234 primordio
2655 1164 2817 1233 fuisse
2843 1163 3087 1217 credibile
3107 1173 3210 1229 est,
3246 1179 3314 1219 ur
3336 1178 3527 1218 rntontt
3550 1205 3564 1229 ,
3592 1177 3695 1226 oua

2098 1270 2444 1319 APOSTOLICA,
2469 1268 2523 1309 ut
2553 1274 2667 1309 cum
2692 1258 2815 1329 ipsis
2838 1257 3079 1311 Ecclesiis
3101 1258 3354 1312 dedicata.
3384 1256 3555 1328 Igitur
3568 1258 3694 1311 dum

2099 1360 2288 1404 constet
2311 1352 2418 1405 lucc
2439 1367 2636 1421 quoque
2659 1351 2799 1423 apud
2821 1349 3079 1405 Ecclesias
3112 1352 3270 1421 fuisse
3289 1394 3303 1416 ,
3337 1368 3430 1405 cur
3458 1366 3560 1404 non
3586 1348 3697 1404 lucc

2097 1459 2299 1513 quoque
2321 1442 2555 1497 Marcion
2579 1444 2747 1515 attigit
2770 1485 2783 1507 ,
2808 1453 2895 1497 aut
2922 1443 3241 1497 emendanda
3278 1444 3321 1497 si
3364 1443 3655 1497 adulterata
3678 1485 3697 1511 ,

2098 1544 2188 1588 aut
2214 1536 2537 1605 agnoscenda
2559 1538 2601 1589 si
2646 1538 2885 1607 integra?
2909 1534 2960 1590 Ν
2966 1553 3049 1590 um
3082 1548 3126 1591 et
3154 1538 3390 1609 competit
3416 1545 3493 1602 ut,
3539 1538 3585 1591 si
3610 1536 3699 1607 qui

2098 1625 2441 1696 Evangelium
2468 1628 2819 1699 pcrvertebunt
2844 1671 2857 1693 ,
2910 1646 3087 1682 eorum
3117 1630 3278 1701 magis
3308 1637 3544 1683 curarent
3574 1645 3691 1699 per-

2097 1720 2402 1787 versionem,
2432 1735 2646 1785 ρυοιιυιι
2678 1737 2934 1776 SCIEBANT
2964 1736 3700 1777 AUCTOBITATEM'BECEPTJO-

386 1812 693 1881 exemplari
723 1810 800 1863 sic
827 1809 1013 1863 statuit
1040 1807 1272 1879 (Proleg.
1309 1824 1365 1860 ιι.
1401 1806 1598 1875 1269).
1642 1805 1881 1859 Consilio
1908 1806 1988 1859 vi-
2026 1802 2068 1861 Β
2099 1826 2226 1864 neu.
2254 1811 2430 1866 Locus
2456 1813 2543 1867 hic
2574 1814 2887 1868 Tertulliani
2913 1829 2977 1869 eo
3000 1824 3083 1869 est
3113 1815 3400 1885 insignior,
3431 1830 3538 1885 quo
3576 1829 3698 1870 ma-

390 1904 597 1959 delicet
625 1902 914 1972 digestoris
944 1901 1047 1956 ltoc
1077 1899 1294 1956 factum.
1326 1900 1406 1955 Ad
1434 1901 1638 1955 calcem
1686 1900 1829 1955 enim
1858 1900 1994 1954 Mat-

390 1995 525 2050 thxi
558 1994 669 2049 lucc
698 1993 918 2049 haberi:
970 1994 1276 2067 Εὐαγγέλιον
1316 1994 1447 2048 κατὰ
1486 1994 1742 2048 Ματθαῖον
1772 1993 1990 2052 ὲτελέθη.

386 2086 623 2165 ἄρχεται
669 2087 973 2160 Ebur/ama
1017 2088 1147 2140 κατὰ
1170 2084 1433 2148 Ἰωάννηνς
1487 2084 1610 2139 hinc
1652 2084 1883 2151 Lucam,
1932 2100 1996 2141 ac

390 2181 611 2236 tandem
658 2179 894 2233 Marcum
940 2194 1062 2232 cum
1110 2177 1300 2232 eadem
1350 2180 1622 2257 ἐπιγραφῇ.
1670 2176 1748 2232 Ita
1800 2194 1995 2250 nempe

387 2275 677 2345 dispositis
710 2273 863 2328 libris
886 2273 1024 2337 istis,
1053 2282 1111 2327 ιιι
1141 2274 1510 2342 apostolorum
1540 2273 1831 2343 Evangelia
1863 2289 1995 2344 apo-

322 2352 325 2353 7
390 2370 711 2425 stolicorum
768 2367 1075 2438 Evangeliis
1143 2377 1640 2437 praaponerentur;
1721 2368 1994 2436 quomodo

387 2464 668 2537 Marcum,
699 2471 756 2516 et
777 2461 974 2516 Lucam
1005 2462 1372 2530 apostolorum
1405 2460 1635 2515 comites
1668 2470 1825 2513 vocat
1857 2460 1991 2514 Ter-

392 2555 656 2611 tullianus
681 2553 901 2627 (Contra
930 2552 1190 2607 Marcion.
1216 2568 1289 2619 ιν,
1325 2552 1413 2622 2).
1450 2552 1585 2619 Quid
1629 2552 1731 2605 sibi
1763 2552 2009 2636 voluerit

390 2649 446 2704 in
479 2647 663 2701 allatis
692 2646 895 2724 verbis,
924 2645 1151 2699 consilio
1174 2659 1370 2713 nempe
1414 2644 1702 2712 digestoris
1747 2643 1993 2696 ordinem

392 2741 551 2795 illum
577 2739 900 2802 obtinuisse,
929 2739 1169 2808 proiecto
1200 2752 1307 2791 non
1336 2751 1616 2807 assequar.
1669 2736 1872 2804 Suoptc
1908 2736 1993 2790 in-

392 2831 564 2902 genio
588 2830 687 2885 hoc
722 2831 919 2885 fecisse
943 2829 1304 2899 antiquarium
1332 2870 1346 2893 ,
1391 2843 1567 2898 neque
1595 2827 1711 2896 ipse
1741 2842 1805 2881 ex
1834 2827 1994 2881 allata

394 2926 653 2998 ἒπιγραφῇ
683 2933 831 2977 recte
860 2920 1154 2990 eonjecerit
1181 2962 1195 2986 ,
1225 2929 1285 2974 ut
1313 2928 1460 2989 puto.
1507 2918 1824 2974 Addebatur
1850 2920 1992 2974 enim

390 3018 465 3073 ab
492 3006 920 3087 esseripforibus
947 3025 1072 3071 nota
1112 3016 1199 3069 illa
1227 3056 1241 3079 ,
1288 3025 1343 3068 nt
1372 3029 1439 3069 ne
1478 3013 1737 3068 librorum
1782 3012 1913 3067 ordo
1942 3014 1993 3068 in

390 3109 810 3178 eompingendis
853 3117 1037 3178 postea
1083 3106 1360 3161 codicibus
1404 3120 1598 3176 operas
1646 3105 1875 3160 falleret.
1927 3105 1994 3160 Et

2097 1903 2177 1973 gis
2205 1904 2526 1974 pcrplexus,
2574 1916 2625 1960 et
2652 1908 2771 1961 luce
2804 1906 2982 1976 aliqua
3016 1907 3262 1977 indigens
3294 1916 3354 1960 ut
3393 1915 3540 1962 recte
3568 1922 3699 1963 eon-

2097 2004 2204 2051 stet
2230 2039 2245 2065 ,
2278 2007 2388 2052 tum
2421 1998 2580 2052 etiam
2610 2000 2737 2069 quia
2763 2040 2779 2066 ,
2831 2001 2897 2052 ad
2932 2000 3353 2069 investigandum
3381 2044 3396 2066 ,
3421 2016 3540 2071 qum
3568 1999 3696 2055 olim

2099 2092 2152 2145 in
2179 2090 2427 2146 Africana
2462 2092 2704 2147 Ecclesia
2735 2094 2915 2163 vigere
2944 2095 3181 2165 pdluerit
3207 2135 3222 2160 ,
3270 2094 3507 2149 Catienis
3550 2108 3698 2151 (nco-

2098 2183 2357 2250 nomiam,
2391 2185 2559 2239 facem
2588 2185 2745 2240 nobis
2770 2185 3008 2254 aliquam
3038 2184 3299 2256 praeferre
3326 2184 3594 2241 videatur.

2168 2278 2353 2348 Itaque
2380 2296 2500 2333 ettm
2533 2280 2615 2333 vix
2648 2278 2814 2334 dubio
2843 2280 2913 2334 sit
2942 2281 3113 2346 locus,
3141 2281 3252 2350 jam
3280 2281 3346 2335 ab
3379 2281 3495 2350 ipsa
3524 2280 3700 2335 Evan—

2097 2369 2362 2439 geliorum
2390 2370 2627 2428 editione
2659 2371 2930 2426 Eeelesias
2962 2372 3101 2437 illas,
3134 2388 3359 2443 quarum
3387 2372 3439 2426 in
3468 2373 3609 2437 sinu,
3638 2379 3699 2426 ut

2098 2463 2169 2517 ita
2210 2463 2405 2531 dicam,
2434 2465 2623 2520 educta
2648 2464 2883 2526 fuerant,
2913 2480 2975 2518 ea
3004 2466 3116 2534 ipsa
3147 2476 3202 2518 ut
3229 2480 3379 2519 novae
3410 2465 3566 2535 chis
3603 2480 3698 2518 au-

2101 2554 2363 2609 tbcnticas
2396 2556 2607 2609 tabulas
2633 2570 2899 2621 servasse,
2930 2565 2985 2609 et
3008 2555 3251 2609 ﬁdelibus
3278 2565 3335 2609 ut
3364 2565 3487 2611 nota
3512 2565 3696 2612 essent

2097 2646 2374 2711 etfeeisse;
2432 2656 2541 2700 tum
2584 2647 2819 2721 illorum
2865 2648 3193 2718 exemplaria
3232 2649 3412 2704 statim
3461 2650 3514 2705 in
3562 2650 3697 2706 alias

2097 2740 2257 2796 etiam
2299 2726 2487 2795 diffusa
2514 2758 2527 2797 :
2560 2742 2694 2809 sive,
2726 2742 2904 2796 missis
2933 2743 2999 2797 ad
3028 2743 3129 2797 hoc
3152 2743 3393 2808 notariis,
3419 2758 3481 2798 ea
3508 2743 3609 2799 sibi
3641 2752 3698 2798 ut

2096 2832 2532 2888 describerentur
2561 2835 2869 2889 curaverint
2904 2851 2917 2887 :
2957 2850 3051 2890 seu
3084 2835 3361 2905 discipulis
3398 2836 3530 2905 ipsis
3565 2850 3697 2904 apo-

2097 2927 2357 2981 stolorum
2381 2943 2484 2980 non
2505 2928 2703 2993 solum,
2721 2935 2779 2980 ut
2800 2928 2971 2997 inquit
2992 2928 3253 2981 Eusebius
3271 2927 3369 3001 (ll.
3392 2927 3458 2983 E.
3482 2944 3560 2993 ιιι,
3576 2928 3693 2997 57),

2096 3018 2363 3096 κηρύττειν
2386 3022 2473 3075 τὸν
2502 3021 2717 3096 Χριστὸν
2754 3021 3195 3093 φιλοτιμουμένοις,
3243 3019 3338 3075 sed
3387 3021 3573 3084 etiam,
3602 3026 3695 3079 τήν

2096 3118 2195 3167 τῶν
2229 3113 2371 3165 θείων
2416 3113 2731 3185 Ebur/elimat
2769 3111 3104 3187 παραδιδόναι
3133 3116 3347 3190 γραφήν,
3377 3119 3432 3165 ct
3459 3110 3537 3165 sic
3569 3112 3693 3181 qui-

394 3202 558 3272 longe
587 3201 851 3256 vetustior
880 3200 1113 3255 barbaro
1150 3198 1242 3253 illo
1261 3239 1277 3265 ,
1328 3213 1391 3253 ac
1429 3198 1629 3253 misere
1656 3197 1868 3251 imloeto
1894 3198 1912 3269 (
1939 3208 1994 3251 ut
2021 3189 2065 3250 C
2098 3202 2220 3257 dem
2247 3218 2277 3257 e
2308 3220 2365 3257 re
2397 3216 2519 3257 nata
2556 3204 2886 3259 credentium
2920 3203 3134 3257 utilitati
3161 3189 3375 3274 egregie
3403 3204 3695 3257 consulet...

393 3295 569 3364 ipsius
594 3293 775 3348 verbis
798 3288 961 3363 utar)
994 3290 1216 3345 librario
1246 3331 1260 3355 ,
1311 3290 1403 3360 qui
1448 3289 1814 3360 apograpltum
1861 3287 1992 3342 illud

390 3387 689 3457 descripsit
715 3429 729 3453 ,
762 3395 879 3441 erat
908 3387 1011 3440 ista
1036 3427 1050 3449 ,
1082 3384 1149 3440 de
1180 3399 1281 3455 qua
1312 3399 1453 3439 nunc
1477 3384 1685 3454 agimus
1710 3426 1725 3449 ,
1759 3383 1994 3438 Canonis

390 3481 614 3547 series;
664 3482 739 3535 uti
786 3496 853 3535 ex
894 3480 1218 3535 Nazianzeni
1260 3479 1505 3534 carmine
1546 3478 1754 3535 viderat
1795 3479 1992 3534 Millius

394 3577 521 3647 ipse
552 3574 656 3647 (In
687 3572 839 3628 Notis
864 3574 934 3627 ad
960 3573 1152 3627 calcem
1180 3571 1429 3643 Evangel.
1456 3570 1644 3625 Matth.
1673 3571 1713 3641 ).
1750 3570 1864 3626 Hoc
1896 3570 1994 3625 ita-

391 3683 507 3739 que
530 3667 777 3729 voluerit,
809 3666 867 3720 ni
896 3665 1073 3730 fallor,
1104 3679 1209 3719 non
1242 3674 1456 3733 sponte,
1485 3672 1576 3717 aut
1602 3677 1753 3727 casu,
1776 3663 1869 3719 sed
1902 3678 1993 3717 su-

393 3763 678 3833 periorum
720 3770 1021 3831 temporum
1082 3758 1400 3829 antigraplta
1448 3768 1693 3812 secutum
1741 3758 1988 3828 antiqua-

344 3857 353 3863 ’
397 3856 565 3918 rium,
600 3869 703 3908 non
731 3854 907 3917 aliter,
937 3862 1098 3922 atque
1126 3852 1177 3905 in
1210 3852 1315 3906 illis
1344 3852 1603 3922 disposita
1635 3860 1789 3907 erant
1815 3851 1993 3907 Evan-

391 3948 563 4018 gelia,
590 3947 641 4001 in
670 3962 769 4002 suo
796 3948 1107 4015 apograplto
1133 3944 1454 4000 collocasse.
1486 3944 1597 3999 Eos
1626 3961 1779 4011 vero,
1800 3946 1994 4015 quibus

392 4042 573 4096 series
602 4041 700 4096 ista
724 4041 975 4111 primitus
1007 4040 1364 4110 usurpabatur
1387 4082 1401 4106 ,
1446 4039 1693 4109 dignitati
1724 4034 1997 4108 apostolo-

393 4152 520 4191 rum
554 4136 653 4189 boc
682 4134 816 4189 dare
842 4133 1081 4188 voluisse
1106 4136 1251 4204 (nam
1282 4148 1379 4187 cur
1407 4131 1582 4187 Lucas
1600 4132 1833 4188 Marcum
1859 4148 1998 4202 pra:-

392 4229 627 4283 verterit
652 4227 755 4281 alia
788 4236 871 4280 est
898 4226 1040 4281 ratio
1067 4224 1297 4279 ineunda
1325 4224 1343 4295 )
1389 4232 1537 4279 recte
1563 4224 1814 4294 equidem
1862 4240 1996 4279 eou-

389 4320 534 4391 jet-it
560 4319 774 4374 Millius.
806 4318 989 4389 Neque
1016 4326 1195 4372 tamen
1229 4333 1296 4373 ex
1328 4318 1597 4381 adducto,
1634 4332 1735 4371 nec
1766 4317 1898 4371 satis
1930 4318 1996 4371 li-

392 4412 567 4484 quido
593 4412 909 4467 Tertulliani
952 4412 1096 4476 loco,
1127 4410 1219 4465 sed
1249 4426 1312 4464 ex
1345 4410 1466 4464 aliis
1495 4409 1737 4479 ejusdem
1770 4408 2001 4481 scripto-

394 4509 473 4563 ris
503 4523 616 4563 rem
644 4548 659 4572 ,
691 4507 760 4561 de
786 4521 891 4577 qua
919 4506 1129 4575 agitur,
1155 4505 1429 4559 illustrare
1460 4512 1702 4572 poterat,
1739 4504 1783 4557 si
1814 4517 2001 4557 vacas-

2097 3296 2240 3350 tibus
2266 3314 2279 3350 :
2313 3304 2369 3350 ut
2394 3297 2621 3362 scilicet,
2651 3297 2894 3351 nuntiato
2912 3297 3020 3363 jam
3050 3297 3180 3366 ipsis
3208 3296 3513 3365 Evangelio,
3539 3309 3694 3350 sacra

2096 3389 2186 3445 illa
2205 3389 2476 3444 volumina
2501 3390 2841 3446 describendi
2864 3389 3074 3459 copiam
3107 3390 3250 3444 ultro
3277 3389 3526 3443 ﬁdelibus
3554 3388 3695 3444 face-

2096 3492 2237 3537 rent.
2270 3482 2503 3537 Mattltaci
2534 3483 2781 3552 proinde,
2806 3483 2948 3553 quod
2983 3484 3211 3552 primttm
3239 3483 3477 3537 omnium
3507 3481 3695 3537 lliero—

2095 3575 2339 3645 solytnis,
2373 3585 2464 3629 aut
2494 3591 2601 3629 non
2642 3575 2830 3645 procul
2861 3584 3180 3641 emerserat,
3203 3574 3599 3629 conﬂuentibus
3625 3588 3695 3630 eo

2097 3665 2354 3736 undique,
2395 3681 2492 3721 ceu
2528 3668 2594 3720 ad
2636 3666 2906 3722 nascentis
2933 3666 3329 3720 Cltrislianismi
3370 3665 3693 3721 incunabula

2097 3759 2365 3826 ﬁdelibus,
2397 3759 2703 3830 apographa
2734 3760 2840 3813 alio
2880 3770 3040 3830 atque
3089 3760 3196 3814 alio
3228 3760 3526 3813 translata:
3556 3767 3694 3826 tum,

2096 3868 2355 3923 processu
2383 3853 2672 3924 :Icmporis,
2702 3852 2866 3907 Marci
2904 3867 2967 3907 ac
3005 3852 3187 3916 Luem,
3226 3861 3499 3922 postremo
3529 3852 3694 3907 etiam

2097 3946 2320 4003 Joannis
2360 3946 2630 4000 licelesias
2667 3960 2858 4000 omnes
2894 3960 3328 4016 quaquaversum
3377 3958 3692 4015 occupasse.

2099 4038 2267 4094 Sicuti
2309 4053 2438 4093 vero
2482 4053 2587 4091 non
2635 4039 2814 4092 statim
2870 4038 3067 4108 ubique
3107 4038 3345 4107 gentium
3389 4037 3697 4093 constituta:

2098 4139 2227 4185 sunt
2257 4131 2535 4195 Ecclesiae,
2578 4130 2736 4185 citius
2766 4131 3060 4201 provinciis
3086 4131 3372 4202 aliquibus,
3405 4130 3580 4185 serius
3606 4128 3697 4185 alii

2101 4224 2168 4278 ad
2201 4224 2321 4278 tidei
2354 4232 2752 4278 sacramentum
2778 4224 3016 4287 vocatis;
3051 4223 3149 4290 ita,
3185 4238 3281 4293 pro
3307 4224 3517 4277 ratione
3547 4223 3697 4278 loco-

2102 4332 2243 4382 rum,
2277 4330 2338 4369 ac
2367 4324 2690 4384 temporum,
2724 4315 2884 4370 modo
2907 4315 3010 4370 boc
3036 4314 3195 4370 modo
3217 4314 3343 4369 illud
3366 4330 3432 4370 ex
3455 4314 3699 4386 Evange-

2105 4409 2191 4463 liis
2218 4419 2403 4462 naetas
2433 4422 2618 4462 earum
2655 4409 2866 4478 aliquas
2896 4408 2948 4462 in
2990 4408 3206 4464 codices
3234 4422 3364 4463 suos
3404 4408 3695 4463 retulisse:

2109 4510 2220 4555 tum
2260 4510 2312 4554 et
2337 4509 2532 4555 caetera
2560 4500 2745 4565 etiam,
2792 4509 2950 4569 prout
2985 4500 3219 4565 occasio,
3256 4510 3347 4553 aut
3388 4499 3615 4554 facultas
3638 4513 3701 4554 se

393 4609 502 4657 set.
539 4601 646 4655 llos
677 4601 858 4669 itaque
886 4608 1071 4668 utpote
1102 4598 1360 4664 insignes,
1390 4611 1510 4651 cum
1543 4596 1610 4651 ab
1638 4596 1755 4665 ipso
1781 4639 1795 4662 ,
1825 4605 1934 4650 tum
1966 4611 1996 4650 a
2026 4582 2076 4642 D
2104 4593 2323 4659 dabant,
2364 4592 2657 4649 addidisse.
2694 4593 2758 4647 Et
2780 4595 2847 4647 ita
2878 4593 3127 4649 ordinem
3161 4595 3365 4649 nullum
3418 4594 3604 4657 lisum,
3635 4607 3699 4648 ac

392 4696 532 4751 viris
558 4693 785 4749 eruditis
813 4694 865 4747 in
901 4693 1041 4747 notis
1068 4692 1136 4746 ad
1182 4688 1435 4747 eumdem
1484 4690 1790 4760 praeteritos
1816 4705 1999 4760 Operae

394 4789 631 4859 pretium
682 4788 943 4841 facturum
991 4800 1078 4840 me
1122 4793 1256 4855 puto
1285 4784 1330 4838 si
1363 4783 1638 4853 paulisper
1665 4783 1998 4853 expendero.

472 4882 574 4937 llic
612 4880 847 4951 scriptor
872 4920 887 4945 ,
925 4878 1223 4934 constituto
1268 4878 1419 4947 prius
1458 4875 1754 4946 evangelici
1800 4876 2000 4930 instru-

391 4975 566 5031 menti
594 4979 845 5028 auctores
871 4971 1146 5042 apostolos
1174 4967 1438 5039 esse(Cit.
1460 4966 1577 5021 Lib.
1601 4983 1675 5034 1v,
1698 4964 1778 5036 2),
1804 4965 1999 5030 quibus

396 5069 506 5122 hoc
550 5081 750 5121 munus
777 5062 1108 5135 praedicandi
1138 5060 1417 5129 Evangelii
1463 5075 1493 5114 a
1524 5059 1754 5113 Domino
1806 5059 2035 5127 fuisset,

395 5163 712 5233 impositum
740 5179 751 5213 :
794 5168 906 5213 tum
938 5166 993 5212 ct
1020 5156 1377 5226 apostolicos,
1409 5153 1504 5209 sed
1534 5168 1657 5208 cum
1694 5152 1954 5223 apostolis
1981 5194 1996 5218 ,

402 5268 461 5310 ut
502 5258 618 5324 ipse
661 5254 782 5318 ait,
834 5262 889 5307 et
931 5249 1374 5320 postapostolos.
1436 5246 1636 5301 Lucam
1684 5260 1815 5299 vero
1862 5245 1999 5301 nihil

403 5348 547 5402 aliud
574 5346 844 5411 docuisse,
868 5358 1028 5413 quam
1053 5342 1195 5413 quod
1234 5341 1303 5396 ab
1334 5340 1591 5409 apostolis
1618 5338 1878 5393 Ecclesiae
1908 5338 1995 5392 di-

401 5440 699 5506 dicissent;
760 5438 1068 5506 laetumque
1122 5442 1402 5505 propterea
1455 5447 1519 5486 ex
1587 5430 1687 5485 hac
1733 5428 1995 5484 doctrina:

396 5531 759 5588 consensione
789 5539 847 5584 ut
875 5529 1034 5583 Lucae
1064 5526 1413 5597 Evangelium
1438 5523 1661 5595 perinde
1684 5537 1749 5577 ac
1777 5532 1995 5590 aposto-

396 5626 570 5680 licum
600 5633 1005 5677 monumentum
1028 5636 1057 5673 a
1092 5619 1340 5674 fidelibus
1367 5618 1735 5684 reciperetur;
1781 5614 1994 5684 taleque

396 5733 617 5788 semper
642 5715 785 5785 apud
803 5715 923 5769 illos
951 5714 1236 5779 mansisse,
1271 5710 1427 5782 quale
1445 5710 1605 5766 etiam
1626 5724 1725 5763 suo
1751 5717 1994 5776 tempore

403 5813 727 5876 tuebantur;
775 5808 964 5865 eadem
994 5807 1223 5865 subinde
1253 5806 1466 5877 ratione
1496 5805 1676 5883 ﬁrmat
1701 5802 1995 5859 auctorita-

2101 4696 2310 4742 certum
2337 4695 2463 4740 tunc
2484 4686 2783 4740 adhibitum
2810 4686 3069 4741 credibile
3100 4697 3216 4753 est;
3248 4687 3443 4753 donec,
3466 4685 3699 4754 vulgatis

2095 4781 2207 4850 jam
2238 4790 2466 4850 quatuor
2494 4779 2822 4849 Evangeliis,
2851 4794 2915 4834 ac
2940 4781 3139 4849 passim
3180 4779 3474 4843 distractis,
3508 4777 3700 4833 Eccle-

2100 4876 2301 4931 siarum
2325 4873 2445 4928 alite
2475 4874 2737 4928 rationem
2762 4874 3043 4943 temporis,
3071 4889 3178 4942 quo
3218 4870 3550 4943 prodierant,
3580 4872 3700 4927 alite

2105 4972 2393 5025 authorum
2424 4963 2707 5034 habentes,
2726 4966 3085 5022 diversimode
3106 4967 3195 5020 illa
3221 4966 3274 5020 in
3292 4966 3406 5020 suis
3425 4966 3703 5036 exempla-

2104 5061 2254 5116 ribus
2279 5060 2541 5114 extulere.
2590 5058 2658 5113 Et
2684 5059 3035 5114 Orientalium
3075 5056 3290 5128 quidem
3323 5058 3582 5129 plurimas
3611 5073 3701 5113 or-

2103 5152 2283 5207 dinem
2326 5150 2586 5221 temporis
2633 5159 2847 5205 secutas
2889 5150 3116 5205 innuere
3164 5151 3375 5207 videtur
3414 5140 3695 5221 Origenes.

2102 5242 2485 5299 Ecclesiastico
2527 5241 2670 5296 enim
2728 5240 2983 5297 insistens
3034 5241 3242 5298 Canoni
3296 5243 3368 5298 ita
3418 5248 3699 5297 enumerat

2102 5335 2395 5405 Evangelia
2444 5333 2700 5400 Matthaei,
2746 5333 2930 5403 Marci,
2978 5335 3161 5404 Lucan,
3211 5350 3274 5391 ac
3320 5334 3576 5400 Joannis,
3633 5343 3692 5390 ut

2101 5429 2261 5484 etiam
2288 5444 2409 5499 quae
2446 5427 2661 5484 illorum
2700 5429 2870 5499 prius,
2920 5444 3041 5500 qua:
3086 5438 3270 5500 postea
3307 5426 3607 5498 prodierint
3630 5442 3698 5483 ex

2103 5522 2391 5577 traditione
2420 5530 2698 5592 acceptum
2746 5522 2993 5592 designet
3022 5522 3146 5595 (Ap.
3190 5520 3376 5575 Euseb.
3406 5519 3483 5573 Η.
3526 5519 3594 5574 Ε.
3622 5537 3695 5587 vr,

2100 5615 2215 5687 25).
2260 5615 2515 5671 Eamdem
2549 5616 2770 5685 seriem,
2801 5615 3066 5671 Eusebius
3094 5622 3299 5679 tuetur;
3325 5628 3444 5685 qua:
3486 5622 3693 5685 postea,

2102 5708 2433 5779 Hieronymo
2471 5707 2752 5779 Vulgatum
2785 5707 3131 5776 interpretem
3182 5713 3523 5774 recensente,
3553 5703 3713 5777 apud"

2101 5799 2475 5860 Occidentales
2494 5800 2656 5859 etiam
2687 5798 2964 5855 Ecclesias
2983 5797 3233 5859 obtinuit.
