4054 6198
386 298 459 365 37
1780 297 2296 356 PBOLEGOMENA
2310 341 2324 355 .
3627 301 3698 358 28

452 413 656 470 Verum
686 412 818 469 alias
847 427 953 468 non
977 419 1304 484 temporum,
1327 410 1423 468 sed
1451 412 1739 467 authorum
1771 411 1983 465 ratione
2011 413 2056 471 Α
2090 420 2266 467 rassct
2297 428 2313 467 :
2361 427 2425 468 ac
2452 412 2710 482 deinceps
2751 411 3026 483 Epocham
3056 414 3343 485 quamdam
3374 414 3697 485 Evangelia-

380 507 598 573 babita,
647 508 945 576 apostolos,
990 507 1185 562 deinde
1226 506 1557 577 apostolicos
1610 508 1662 562 in
1693 506 1988 567 codicibus

380 601 495 656 suis
524 600 859 671 disposuisse
885 618 899 656 :
927 615 1050 656 cum
1077 601 1356 671 exemplar
1379 611 1642 668 nostrum,
1691 616 1754 655 ac
1787 598 1987 654 Canta-

382 693 678 765 brigiense,
713 704 824 748 tum
858 694 990 749 illud
1027 694 1229 750 Hilario
1253 694 1402 760 olim,
1430 692 1569 748 fama
1596 703 1772 758 tenus,
1816 692 1988 747 tribu-

381 795 496 842 tum
539 802 569 840 a
600 785 928 840 Druthmaro
960 785 1406 842 manifestissime
1442 787 1716 841 evincunt.
1770 783 1838 838 Et
1868 785 1988 854 qui-

379 878 503 933 dem
546 878 597 932 in
642 877 896 933 Africana
939 876 1209 944 Ecclesia,
1255 893 1321 934 ex
1364 878 1564 948 duplici
1611 878 1711 932 ista
1754 876 1989 932 Canonis

380 972 526 1027 serie
543 981 814 1037 servatam
836 971 1086 1035 alteram,
1117 972 1275 1027 tidem
1303 971 1481 1029 facere
1502 971 1752 1027 videntur
1772 971 1985 1025 adducti

381 1062 702 1131 Tertulliani
750 1063 880 1119 loci.
930 1065 1195 1123 Auctores
1237 1064 1448 1120 scilicet
1492 1065 1768 1134 Evangelii
1821 1064 1991 1121 fuiSse

379 1154 598 1226 quidem
643 1165 698 1211 et
743 1155 1094 1225 apostolicos,
1144 1156 1237 1211 sed
1286 1172 1408 1211 cum
1453 1157 1733 1227 apostolis,
1782 1165 1837 1211 et
1877 1166 1991 1228 post

379 1247 665 1319 apostolos.
722 1248 843 1302 Mox
893 1247 1052 1302 etiam
1100 1247 1337 1303 clarius:
1384 1249 1575 1319 Atquin
1605 1249 1711 1304 [nec
1758 1249 1921 1318 magis
1961 1265 1993 1302 a

382 1340 670 1413 primordio
712 1341 872 1409 fuisse
912 1340 1155 1395 credibile
1181 1349 1253 1396 est
1280 1357 1345 1397 υτ
1385 1356 1575 1397 Putona
1605 1358 1709 1407 qua
1759 1356 1991 1397 APOS’I'O-

386 1450 529 1492 mea.
587 1435 664 1489 De
709 1444 988 1504 tempore,
1030 1435 1174 1506 quod
1207 1436 1540 1505 prodierant,
1595 1436 1830 1489 locutum
1862 1434 1993 1489 Ter-

392 1528 676 1593 tullianum
725 1542 887 1583 nemo
931 1542 1095 1582 sanus
1126 1527 1439 1583 crediderit.
1495 1528 1775 1582 Diversum
1808 1528 1994 1597 itaque

389 1619 593 1691 aliquid
646 1619 871 1675 innuere
943 1620 1112 1675 voluit
1171 1620 1299 1687 ista,
1346 1630 1404 1674 ut
1456 1620 1533 1674 sic
1588 1619 1784 1684 dicam,
1852 1620 1997 1689 prio-

388 1713 571 1779 ritate,
607 1728 711 1783 qua
740 1712 1036 1782 principem
1060 1711 1332 1778 .Matthazi,
1364 1727 1427 1767 ac
1453 1711 1677 1767 Joannis
1706 1712 1994 1782 Evangelio

2091 523 2209 562 rum
2233 509 2532 574 statuisset,
2563 507 2738 561 Potest
2766 508 2985 579 (inquit)
3007 509 3118 578 ipse
3137 512 3264 562 ordo
3293 507 3698 579 Evangeliorum

2088 601 2204 654 ideo
2235 601 2311 654 sic
2338 601 2535 664 haberi,
2568 609 2625 655 ut
2648 616 2780 655 unus
2810 596 3074 672 apostolus
3101 603 3165 656 sit
3196 604 3249 655 in
3271 604 3459 674 capite,
3492 603 3621 657 alter
3646 604 3701 657 in

2091 693 2217 762 ﬁne,
2246 700 2297 745 et
2322 691 2404 745 illi
2435 692 2538 749 duo
2576 693 2662 760 qui
2704 692 2838 747 inter
2866 694 3007 761 ipsos
3037 693 3310 760 habentur,
3342 695 3701 749 auctoritatem

2092 787 2156 840 ab
2184 786 2312 856 ipsis
2341 786 2542 840 duobus
2572 786 2809 840 habeant.
2860 786 2983 840 Vidi
3014 795 3180 841 tamen
3209 786 3398 841 librum
3430 786 3702 859 Evangelii

2090 895 2255 950 graece
2300 881 2567 945 scriptum,
2622 881 2708 948 qui
2749 878 3015 935 dicebatur
3044 880 3240 935 Hilarii
3289 874 3469 952 fuisse,
3520 882 3573 935 in
3603 896 3704 951 quo

2091 971 2247 1043 primi
2291 980 2437 1024 erant
2483 970 2782 1038 Matthceus,
2834 980 2881 1026 et
2910 970 3161 1037 Joannes,
3215 983 3263 1025 et
3320 973 3572 1040 posterius
3615 973 3706 1027 alii

2093 1061 2218 1116 duo.
2280 1059 2603 1134 Interrogavi
2652 1061 2999 1131 Euphemiam
3054 1062 3292 1117 Griecnm
3344 1080 3437 1117 cur
3487 1065 3584 1118 hoc
3631 1066 3705 1118 ita

2095 1163 2263 1208 esset:
2292 1153 2423 1207 dixit
2443 1154 2568 1208 mihi
2598 1169 2616 1207 :
2646 1154 2711 1207 In
2726 1154 3114 1209 similitudinem
3138 1152 3257 1208 boni
3286 1155 3559 1225 Agricolae,
3591 1157 3700 1224 qui,

2094 1262 2221 1315 quos
2258 1247 2493 1315 fortiores
2536 1248 2685 1302 habet
2725 1248 2891 1314 boves,
2942 1250 3110 1318 primo
3144 1251 3344 1323 jungit.
3396 1250 3541 1306 Nihil
3593 1251 3703 1318 hic,

2098 1339 2241 1394 unde
2267 1340 2544 1396 Simonius
2572 1340 2714 1397 hunc
2754 1341 2998 1397 ordinem
3029 1357 3059 1396 a
3087 1342 3296 1396 Latinis
3326 1343 3597 1399 invectum
3621 1360 3707 1400 as-

2096 1448 2281 1488 serere
2304 1443 2509 1504 posset.

2150 1524 2451 1583 ‘Cutantius
2482 1530 2533 1583 in
2567 1529 2685 1584 Vita
2718 1530 2773 1586 S.
2811 1529 2997 1585 llilarii
3025 1530 3280 1601 operibus
3317 1530 3435 1599 ejus
3463 1530 3702 1600 prmﬂxa,

2098 1634 2326 1689 quorum
2355 1622 2633 1691 exemplar
2663 1622 3045 1692 pulcherrima:
3072 1623 3328 1677 editionis
3356 1630 3574 1691 vestrae,
3606 1624 3706 1678 hu-

2099 1713 2343 1767 manitati
2400 1728 2464 1769 ac
2511 1715 2897 1769 benevolentiae
2940 1729 3066 1785 erga
3133 1728 3220 1769 me
3268 1724 3373 1768 tua:
3422 1723 3704 1784 acceptum

389 1804 570 1875 locum
616 1805 928 1874 adscripsit.
977 1804 1164 1874 Neque
1204 1803 1373 1870 aliud,
1407 1806 1461 1859 ni
1492 1804 1669 1871 fallor,
1704 1805 1803 1860 nisi
1854 1805 1994 1876 quod
2026 1807 2074 1866 B
2102 1805 2299 1870 refero,
2334 1806 2589 1860 observat
2615 1805 2988 1861 describendis
3034 1806 3183 1861 illum
3212 1807 3380 1860 sacris
3412 1805 3589 1861 Libris
3613 1823 3706 1861 va-

393 1896 534 1968 apud
580 1896 852 1952 Ecclesias
896 1897 949 1951 in
996 1911 1273 1952 sacrorum
1316 1897 1381 1952 N.
1412 1897 1476 1955 T.
1528 1898 1786 1954 librorum
1832 1913 1997 1954 censu

395 1988 825 2058 apostolicorum
860 1988 947 2042 illa
982 1998 1392 2057 praeverterent.
1429 1990 1601 2056 Quam
1632 1991 1998 2061 conjecturam

393 2080 589 2139 fulcire
620 2084 873 2139 videntur
917 2084 1198 2154 sequentia
1248 2098 1263 2138 :
1307 2082 1447 2139 Nam
1484 2094 1534 2139 et
1573 2087 1815 2156 competit
1844 2094 1931 2149 ut,.
1956 2086 2001 2139 si

395 2177 485 2247 qui
536 2176 875 2246 Evangelium
926 2177 1296 2248 peroertebant,
1337 2194 1510 2231 eorum
1556 2179 1719 2248 magis
1762 2189 2002 2234 curarent

394 2270 790 2338 perversionem,
820 2284 1034 2334 QUORUII
1066 2285 1323 2325 SCIEBAN'I'
1354 2284 1773 2326 AUCTORITATEI
1803 2286 2002 2326 RECEP-

397 2375 621 2429 τιοειιειί.
653 2361 860 2429 Quibus
892 2362 1069 2416 verbis
1098 2362 1233 2418 nihil
1265 2362 1408 2416 aliud
1455 2362 1692 2417 sensisse
1737 2363 1885 2417 illum
1917 2378 2002 2416 ar-

393 2453 588 2520 bitror,
638 2470 819 2525 quam,
866 2463 1158 2525 utcumque
1208 2455 1449 2525 ejusdem
1482 2455 1822 2509 authoritatis
1854 2454 2001 2524 apud

400 2547 808 2615 Ecclesiascum
836 2549 1232 2616 apostolorum,
1258 2556 1369 2602 tum
1392 2550 1810 2616 apostolicorum
1835 2548 2001 2603 Evan-

398 2632 537 2709 gelia
565 2648 770 2703 essent,
804 2639 1043 2707 priorum
1086 2652 1289 2706 tamen,
1324 2640 1505 2694 habita
1538 2641 1897 2709 apostolatus,
1943 2656 2005 2696 ac

400 2730 697 2802 magisterii
732 2733 962 2799 ratione,
1005 2748 1105 2788 usu
1147 2733 1289 2801 apud
1329 2733 1446 2787 illas
1502 2731 1666 2790 fuisse
1719 2735 2001 2804 potiorem,

403 2822 549 2894 quod
588 2835 642 2879 et
685 2823 1020 2893 frequentior
1048 2826 1100 2879 in
1129 2823 1300 2880 divini
1323 2824 1469 2879 verbi
1518 2825 1902 2894 praidicatione
1941 2826 2007 2882 ab

400 2918 469 2974 iis
500 2927 775 2989 peteretur
813 2917 1136 2984 authoritas,
1179 2927 1235 2975 et
1282 2919 1453 2989 prima
1494 2934 1714 2989 semper
1747 2932 1874 2973 ante
1919 2919 2007 2974 illa

401 3013 831 3085 apostolicorum
893 3013 946 3069 in
1001 3013 1297 3085 synax'tbus
1353 3014 1688 3084 legerentur.
1739 3013 2006 3084 Quidquid

403 3117 584 3161 tamen
615 3106 683 3161 de
715 3107 817 3161 hoc
844 3106 923 3175 sit
946 3106 1256 3175 (veritatem
1283 3108 1427 3162 enim
1459 3108 1513 3163 in
1546 3115 1691 3163 tanta
1720 3108 2009 3163 vetustatis

2099 1912 2297 1963 casse;
2332 1898 2497 1968 idque
2547 1913 2611 1953 ex
2668 1907 2994 1954 testamento
3042 1900 3097 1955 S.
3157 1899 3408 1969 Perpetui
3461 1901 3702 1970 episc0pi

2102 1993 2456 2058 Turanensis,
2508 1993 2561 2048 in
2604 2009 2713 2064 quo
2763 1993 2958 2063 legavit
3011 1993 3326 2064 Euphronio
3368 1994 3707 2065 Augustodu-

2101 2086 2254 2141 nensi
2302 2085 2496 2140 librum
2548 2086 2987 2156 Evangeliorum,
3035 2103 3181 2155 quem
3223 2088 3432 2157 scripsit
3475 2087 3708 2141 Hilarius

2105 2180 2425 2234 Pictavensis
2471 2181 2728 2251 quondam
2775 2180 3065 2234 sacerdos:
3116 2191 3278 2249 atque
3331 2179 3477 2234 hunc
3533 2181 3705 2249 ipsum

2102 2273 2272 2338 credi,
2305 2271 2394 2341 qui
2427 2274 2719 2327 etiamnum
2752 2273 2984 2327 Turonis
3015 2274 3064 2325 in
3110 2273 3351 2327 Ecclesia
3396 2273 3453 2328 S.
3484 2272 3701 2328 Gatiani
3751 2339 3759 2347 _

2104 2373 2369 2421 servatur.
2427 2364 2504 2418 Ex
2534 2364 2727 2433 quibus
2770 2364 3079 2418 tesmmenli
3120 2364 3298 2419 verbis
3330 2372 3501 2434 putat,
3544 2364 3709 2418 inter-

2106 2461 2307 2529 pretari
2334 2475 2491 2527 posse
2510 2458 2729 2512 allatum
2768 2457 3075 2512 Drutlimari
3110 2458 3327 2513 locum:
3366 2468 3422 2511 ut
3454 2458 3708 2513 nimirum

2107 2551 2165 2609 S.
2203 2550 2385 2606 Hilarii
2421 2551 2596 2605 dictus
2624 2552 2694 2606 sit
2717 2550 2884 2605 codex
2914 2551 3027 2615 ille,
3050 2551 3172 2621 quia
3204 2567 3362 2605 manu
3390 2551 3559 2619 ipsius
3577 2566 3709 2606 exa-

2106 2655 2279 2699 ratus.
2308 2644 2420 2713 Ego
2451 2658 2599 2707 vero;
2631 2644 2674 2697 si
2710 2643 2832 2698 licet
2856 2642 3003 2711 paria
3045 2644 3241 2709 facere,
3274 2653 3563 2712 utcumque
3599 2658 3706 2695 non

2109 2736 2408 2805 improbem
2433 2735 2803 2803 conjecturam
2828 2736 2969 2790 hanc
2990 2736 3089 2790 viri
3112 2735 3433 2799 doctissimi,
3465 2734 3708 2804 putarem

2111 2836 2288 2882 tamen
2307 2827 2548 2881 codicem
2574 2827 2722 2881 illum
2750 2842 2913 2881 unum
2938 2842 3002 2882 ex
3032 2827 3288 2881 Asiaticis
3313 2827 3501 2893 fuisse,
3526 2841 3706 2896 quem,

2109 2936 2232 2975 cum
2267 2922 2318 2975 iu
2348 2921 2578 2991 Phrygia
2610 2920 2734 2974 exul
2784 2929 2987 2991 ageret,
3020 2919 3211 2974 studiis
3248 2919 3363 2975 suis
3406 2916 3713 2975 adhibuerit

2113 3012 2348 3067 Hilarius
2376 3028 2537 3065 :mox
2563 3011 2630 3066 ab
2661 3011 2825 3066 exilio
2856 3021 3139 3067 revertens
3180 3012 3233 3066 in
3262 3012 3489 3081 patriam
3513 3010 3715 3067 retule-

2114 3111 2201 3166 rit.
2234 3112 2287 3167 In
2316 3126 2473 3181 quam
2504 3110 2869 3180 conjecturam
2900 3125 2965 3164 eo
3013 3108 3221 3163 facilius
3249 3108 3467 3163 ductum
3516 3123 3606 3164 me
3638 3108 3710 3161 fa-

402 3199 632 3271 caligine
659 3198 986 3268 conjecturis
1031 3200 1244 3269 assequi
1289 3196 1583 3270 tentamus)
1623 3199 1866 3268 quamvis
1897 3215 2003 3255 non
2033 3200 2077 3262 C
2113 3211 2249 3268 teor,
2296 3202 2438 3274 quod
2478 3218 2575 3273 per
2604 3218 2762 3271 quam
2813 3202 3121 3256 vcrosimile
3167 3200 3237 3255 sit
3290 3200 3517 3255 minoris
3572 3200 3714 3254 Asiae

404 3293 578 3347 ausim
610 3306 706 3361 pro
734 3300 884 3348 certo
910 3291 1188 3347 affirmare
1212 3291 1531 3350 Tertulliani
1568 3308 1687 3348 :evo
1731 3294 1786 3347 in
1818 3293 2003 3350 Eccle-

404 3386 504 3443 siis
542 3385 652 3440 illis
681 3386 913 3455 primum
961 3384 1015 3440 in
1044 3385 1264 3441 Canone
1292 3385 1469 3441 locum
1501 3387 1761 3456 apostolis
1791 3387 2007 3452 datum;

407 3479 778 3535 verosimilius
806 3488 986 3535 tamen
1019 3478 1123 3534 hoc
1153 3489 1283 3550 puto
1304 3494 1369 3535 ex
1398 3480 1576 3535 allatis
1596 3480 1819 3550 hujusce
1841 3480 2013 3550 scrip-

407 3572 545 3628 toris
568 3572 724 3636 locis,
755 3585 890 3640 quos
916 3586 1078 3642 supra
1103 3571 1507 3643 perpendimus.
1528 3571 1671 3635 Dixi,
1700 3571 2013 3627 Tertulliani

404 3678 550 3726 a’vo;
603 3678 725 3721 nam
760 3674 944 3733 postea
991 3663 1180 3719 eadem
1227 3678 1350 3733 quae
1383 3664 1437 3718 in
1466 3664 1787 3720 recensione
1816 3664 2009 3723 Hiero-

408 3756 558 3829 pymi
602 3756 771 3810 series
816 3757 1078 3811 obtinuit:
1136 3758 1329 3813 saltem
1378 3760 1435 3812 in
1474 3756 1908 3827 Carthaginensi,
1955 3766 2013 3812 ut

407 3848 577 3918 liquet
607 3861 671 3903 ex
704 3847 1171 3917 Evangelistarum
1198 3849 1412 3915 ordine,
1442 3864 1600 3917 quem
1626 3849 1698 3903 ibi
1739 3858 2008 3904 servatum

408 3940 600 4001 scribit
626 3940 960 4010 Augustinus
988 3940 1182 4016 (Serm.
1217 3941 1345 4005 144,
1375 3941 1441 3995 de
1468 3939 1702 4012 Temp.).

480 4034 635 4103 Quod
681 4034 750 4089 de
782 4034 1041 4090 Ecclesiis
1081 4034 1278 4090 Africa
1328 4034 1385 4089 in
1424 4033 1766 4104 disponendo
1794 4033 2012 4090 Canone

408 4124 854 4197 conjiciehamus,
906 4127 1007 4181 hoc
1036 4125 1104 4181 de
1133 4124 1429 4182 Galliarum
1473 4125 1741 4195 aliquibus
1779 4135 1835 4181 ut
1874 4126 2012 4196 idip-

409 4232 531 4274 sum
562 4232 668 4273 non
704 4218 824 4273 sine
854 4216 1096 4275 veritatis
1121 4216 1301 4287 specie
1326 4216 1599 4273 affirmare
1632 4219 1902 4287 possimus
1937 4218 2014 4272 fa-

405 4311 558 4373 ciunt
580 4309 803 4369 codices
825 4323 987 4380 supra
1020 4309 1245 4365 laudati.
1276 4309 1534 4377 Quamvis
1552 4308 2011 4381 Cantabrigiensis

406 4419 514 4461 non
553 4404 812 4460 Ecclesia:
837 4405 957 4471 ulli,
990 4404 1085 4460 sed
1116 4405 1326 4475 privato
1350 4390 1565 4460 cuidam
1596 4406 1651 4460 in
1684 4422 1781 4460 usu
1824 4405 2004 4471 fuerit,

401 4501 497 4571 qui
528 4508 735 4556 retenta
760 4500 1039 4556 dumtaxat
1061 4517 1185 4573 quae
1202 4501 1313 4557 illic
1338 4502 1554 4573 vigebat
1578 4501 1817 4558 Canonis
1846 4503 2008 4569 serie,

2118 3295 2386 3350 Ecclesias
2424 3296 2477 3350 in
2510 3293 2849 3363 disponendo
2888 3291 3134 3357 Canone,
3191 3308 3295 3346 non
3331 3300 3535 3346 attenta
3575 3290 3716 3345 serie

2115 3398 2445 3458 temporum,
2478 3389 2674 3457 quibus
2720 3386 3010 3456 Evangelia
3042 3385 3379 3456 prodierant,
3407 3384 3502 3437 Sed
3534 3382 3713 3437 habita

2114 3482 2454 3551 apostolatus
2501 3480 2727 3545 ratione,
2772 3477 3006 3533 Matthaei
3041 3479 3294 3548 primum,
3342 3475 3483 3547 quod
3516 3474 3715 3546 ubique

2114 3572 2376 3643 gentium,
2421 3581 2532 3626 tum
2587 3571 2832 3636 Joannis,
2876 3585 3039 3640 aquo
3077 3568 3401 3631 constituite,
3444 3579 3716 3638 recisoque

2115 3666 2347 3729 fuerant,
2391 3665 2443 3719 in
2493 3664 2710 3719 codices
2742 3677 2867 3717 suos
2920 3662 3193 3716 retulisse.
3240 3661 3437 3730 Sicque
3486 3658 3715 3715 fortasse

2116 3758 2312 3813 factum
2346 3766 2402 3812 ut
2431 3773 2549 3813 mos
2574 3757 2667 3810 ille
2691 3757 2853 3811 etiam
2883 3756 2936 3808 in
2964 3754 3165 3810 Gallias
3196 3754 3569 3818 inveheretur,
3613 3750 3714 3806 nisi

2106 3853 2218 3923 jam
2250 3860 2405 3906 antea
2433 3851 2760 3905 obtinuerat.
2786 3849 2939 3916 Quod
2973 3857 3179 3919 pateret
3222 3847 3562 3911 Iuculentius,
3590 3846 3635 3900 si
3664 3846 3715 3900 in

2113 3943 2334 3999 laudato
2378 3941 2690 4012 apographo
2723 3941 2979 3996 Ecclesia:
3026 3940 3379 4003 Turonensis,
3408 3947 3534 3992 ante
3576 3938 3720 3992 exsi—

2114 4039 2269 4104 lium,
2302 4040 2345 4093 si
2376 4039 2446 4092 ita
2480 4047 2583 4102 est,
2624 4038 2692 4093 ab
2725 4036 2928 4092 Hilario
2956 4036 3253 4104 descripto,
3301 4036 3414 4105 pari
3455 4036 3617 4099 serie,
3656 4050 3719 4090 ac

2114 4134 2169 4186 in
2198 4129 2601 4201 supralaudatis
2655 4128 2839 4183 Canon
2872 4128 3213 4199 procederet.
3247 4127 3411 4181 Multo
3440 4141 3567 4180 vero
3606 4141 3717 4179 ma-

2112 4224 2197 4294 gis
2229 4224 2329 4277 hoc
2374 4222 2502 4277 mihi
2549 4222 2820 4288 suaderet,
2870 4223 2914 4275 si
2944 4236 3128 4275 verum
3174 4231 3339 4286 esset,
3373 4220 3513 4289 quod
3568 4227 3718 4288 putat

2115 4314 2417 4379 Cutantius,
2467 4313 2751 4377 Hilarium,
2809 4323 2928 4383 post
2982 4312 3417 4367 Commentarios
3471 4309 3524 4365 in
3580 4308 3753 4366 Mat»

2114 4408 2339 4474 limum,
2372 4406 2551 4462 statim
2581 4422 2766 4462 curam
2807 4409 2944 4460 hanc
2985 4407 3037 4460 in
3088 4406 3348 4461 Joannem
3382 4404 3715 4460 extendisse.

2114 4501 2190 4554 lta
2234 4502 2379 4555 enim
2427 4499 2814 4571 exemplarium
2848 4514 3067 4555 suorum
3101 4499 3348 4554 ordinem
3376 4498 3531 4569 sequi
3576 4497 3719 4553 vide-

404 4602 603 4650 cretera
646 4604 745 4665 per
792 4609 1060 4649 summam
1112 4595 1384 4651 licentiam
1416 4610 1539 4650 cum
1590 4596 1643 4651 in
1683 4596 2009 4668 Evangeliis,
2038 4590 2089 4649 D
2119 4594 2299 4649 batur.

406 4694 519 4742 tum
553 4685 637 4741 vel
682 4684 915 4741 maxime
947 4687 1000 4740 iu
1043 4685 1191 4741 Actis
1229 4688 1612 4757 Apostolorum
1655 4689 1727 4743 ita
1776 4689 2013 4755 miscuit,

407 4776 648 4845 invertit,
691 4776 923 4843 recudit,
966 4785 1044 4847 ut,
1098 4786 1236 4833 teste
1267 4779 1452 4847 Millio,
1492 4781 1583 4851 qui
1615 4780 1747 4835 illud
1792 4795 2016 4836 accura-

411 4871 622 4927 tissime
653 4873 916 4943 inspexit,
946 4873 1212 4936 omnium,
1242 4883 1506 4943 quotquot
1536 4874 1603 4928 ad
1649 4883 1837 4930 nostra
1876 4884 2014 4930 tem-

408 4978 546 5035 pora
597 4978 915 5035 pervenere,
972 4967 1510 5038 interpolatissimum
1567 4962 1800 5025 dederit.
1858 4968 2016 5026 Unde

413 5074 520 5115 non
568 5059 841 5115 immerito
883 5061 1112 5118 Simonii
1154 5061 1422 5132 judicium
1472 5060 1775 5127 desideres,
1825 5063 1917 5131 qui
1961 5062 2013 5116 in

411 5152 638 5209 historia
667 5150 869 5207 Critica
896 5152 960 5207 N.
993 5154 1056 5208 Τ.
1087 5155 1406 5209 adornatam
1443 5153 1509 5207 ad
1540 5161 1825 5223 corruptos
1852 5152 2017 5209 hosce

415 5245 592 5301 fontes
617 5244 863 5299 Latinam
894 5245 1201 5301 versionem
1229 5262 1335 5301 non
1367 5245 1535 5302 semel
1570 5247 1709 5300 male
1736 5247 2018 5301 consultus

414 5338 714 5394 credidisse
744 5337 1009 5393 videatur.
1047 5338 1153 5394 sed
1185 5355 1306 5393 cum
1335 5340 1403 5395 de
1425 5340 1757 5411 antigraphis
1796 5340 1917 5397 istis
1949 5340 2021 5395 sit

415 5446 620 5498 sermo,
645 5432 924 5488 videamus
949 5447 1094 5488 nunc
1118 5431 1427 5487 Druthmari
1450 5433 1650 5499 locum,
1672 5447 1831 5503 quem
1854 5448 2015 5503 supra

427 5524 722 5593 tetigimus.
1121 5531 1137 5541 “

493 5616 594 5671 Hic
614 5616 845 5687 scriptor
874 5615 1095 5690 (Expos.
1128 5618 1184 5671 in
1231 5615 1420 5670 Matth.
1461 5631 1581 5686 cap.
1632 5617 1688 5685 l)
1735 5623 2017 5685 postquam

422 5708 795 5780 Evangelistas
842 5721 1072 5779 quatuor
1132 5709 1464 5777 ﬂuminibus,
1512 5725 1631 5779 qua:
1687 5725 1715 5762 a
1762 5709 2018 5763 Paradiso

417 5802 715 5877 voluptatis
764 5802 1005 5873 exibant,
1048 5815 1159 5863 tum
1188 5803 1422 5877 quatuor
1464 5803 1755 5863 elementis
1796 5818 2019 5876 compa-

2190 4685 2329 4743 Num
2364 4702 2490 4742 vero
2517 4703 2583 4743 ex
2614 4688 2828 4742 laudato
2868 4686 3182 4742 Druthmari
3212 4688 3331 4741 loco
3359 4695 3508 4743 recte
3535 4686 3716 4756 conje-

2118 4780 2258 4834 cerit
2285 4779 2495 4833 clariss.
2522 4778 2721 4843 editor,
2753 4780 2805 4833 in
2846 4777 3169 4849 amigrapho
3200 4778 3407 4842 Hilarii,
3442 4789 3564 4848 post
3590 4777 3721 4833 Mat-

2119 4874 2341 4939 thzeum,
2373 4887 2437 4927 ac
2479 4873 2760 4937 Joannem,
2808 4873 3137 4942 posteriores
3166 4871 3303 4927 duos
3351 4871 3593 4927 Marcum
3642 4872 3721 4941 (ut

2119 4963 2236 5032 ipse
2261 4964 2356 5032 ait)
2381 4980 2443 5019 ac
2460 4964 2660 5019 Lucam
2694 4966 3049 5031 processisse,
3078 4963 3343 5019 incertum
3366 4963 3591 5018 omnino
3614 4973 3715 5019 est.

2072 5114 2087 5125 .
2122 5054 2421 5109 Videndum
2455 5064 2740 5124 propterea
2774 5056 2956 5121 abiis,
3005 5070 3173 5124 penes
3220 5070 3357 5125 quos
3399 5054 3722 5109 vetustiores

2119 5148 2336 5203 codices
2359 5158 2670 5216 supersunt.
2706 5164 2832 5202 num
2867 5150 2920 5202 in
2950 5149 3145 5217 quibus
3176 5147 3455 5202 Matthmus
3484 5156 3536 5201 et
3557 5146 3721 5201 Joan-

2122 5253 2218 5295 nes
2252 5238 2585 5309 praeceduut,
2615 5240 2785 5296 Lucas
2826 5256 3063 5311 semper,
3093 5241 3290 5297 deinde
3319 5239 3547 5303 Marcus,
3581 5250 3640 5293 ut
3667 5239 3720 5293 iu

2122 5341 2331 5396 nostro,
2360 5346 2424 5386 ac
2458 5330 2911 5403 Cantabrigiensi,
2942 5348 3010 5387 an
3052 5348 3206 5388 secus
3230 5340 3543 5401 sequantur.
3584 5330 3721 5386 For-

2123 5438 2267 5483 tasse
2293 5428 2437 5483 enim
2469 5441 2537 5482 ex
2582 5426 2797 5481 diversa
2826 5442 3013 5481 eorum
3046 5429 3188 5482 serie
3218 5442 3336 5481 cum
3368 5440 3486 5479 mos
3533 5426 3721 5481 Ercle-
3768 5491 3774 5497 .

2123 5522 2348 5588 siarnm,
2402 5535 2466 5576 ac
2520 5521 2851 5590 privatorum
2901 5521 2954 5573 in
3000 5519 3286 5589 dirigendo
3333 5518 3557 5573 Canone
3609 5518 3720 5572 erui

2125 5628 2345 5689 posset;
2377 5626 2487 5671 tmn
2517 5617 2678 5670 etiam
2709 5613 2981 5684 quodnam
3028 5629 3094 5668 ex
3134 5612 3442 5684 Evangeliis
3472 5612 3632 5666 Luem
3660 5625 3723 5665 ac

2123 5710 2287 5766 Marci
2340 5710 2573 5780 primum
2620 5707 2726 5761 illis
2771 5706 3007 5761 nancisci
3058 5707 3367 5776 contigerit.
3418 5705 3723 5774 Utcumque

2122 5803 2267 5861 enim
2297 5800 2559 5874 apostolis
2583 5798 2653 5857 ob
2672 5797 2986 5871 dignitatem
3011 5799 3219 5871 primus
3246 5799 3302 5856 in
3322 5798 3545 5856 Canone
3574 5799 3724 5854 locus
