  <div class='ocr_page' id='page_1' title='image "/cluster/home/n/w/nwhite01/storage/ocr_20150623/12/hvd.32044096580410/020.png"; bbox 0 0 4054 6198; ppageno 0'>
   <div class='ocr_carea' id='block_1_1' title="bbox 346 277 3662 351">
    <p class='ocr_par' dir='ltr' id='par_1_1' title="bbox 346 277 3662 351">
     <span class='ocr_line' id='line_1_1' title="bbox 346 277 3662 351; baseline 0.003 -17"><span class='ocrx_word' id='word_1_1' title='bbox 346 277 428 347; x_wconf 64' lang='lat'><strong>23</strong></span> <span class='ocrx_word' id='word_1_2' title='bbox 1128 278 1346 336; x_wconf 83' lang='lat' dir='ltr'><strong>EPIST.</strong></span> <span class='ocrx_word' id='word_1_3' title='bbox 1388 279 1630 341; x_wconf 80' lang='lat' dir='ltr'><strong>PHILIP.</strong></span> <span class='ocrx_word' id='word_1_4' title='bbox 1675 277 2056 351; x_wconf 61' lang='lat' dir='ltr'><strong>GARBELLI,</strong></span> <span class='ocrx_word' id='word_1_5' title='bbox 2103 279 2191 349; x_wconf 75' lang='lat' dir='ltr'><strong>DE</strong></span> <span class='ocrx_word' id='word_1_6' title='bbox 2229 279 2476 342; x_wconf 80' lang='lat' dir='ltr'><strong>CODICE</strong></span> <span class='ocrx_word' id='word_1_7' title='bbox 2516 281 2866 340; x_wconf 74' lang='lat' dir='ltr'><strong>BBIXIANO.</strong></span> <span class='ocrx_word' id='word_1_8' title='bbox 3587 287 3662 344; x_wconf 81' lang='lat'><strong>30</strong></span> 
     </span>
    </p>
   </div>
   <div class='ocr_carea' id='block_1_2' title="bbox 341 361 3657 482">
    <p class='ocr_par' dir='ltr' id='par_1_2' title="bbox 341 398 3657 482">
     <span class='ocr_line' id='line_1_2' title="bbox 341 398 3657 482; baseline 0.001 -26"><span class='ocrx_word' id='word_1_9' title='bbox 341 402 416 482; x_wconf 49' lang='lat' dir='ltr'><strong>sig</strong></span> <span class='ocrx_word' id='word_1_10' title='bbox 441 400 606 474; x_wconf 87' lang='lat' dir='ltr'><strong>datus</strong></span> <span class='ocrx_word' id='word_1_11' title='bbox 631 420 645 456; x_wconf 90' lang='lat'><strong>:</strong></span> <span class='ocrx_word' id='word_1_12' title='bbox 675 401 743 460; x_wconf 89' lang='lat' dir='ltr'><strong>de</strong></span> <span class='ocrx_word' id='word_1_13' title='bbox 771 401 920 478; x_wconf 86' lang='lat' dir='ltr'><strong>Luca</strong></span> <span class='ocrx_word' id='word_1_14' title='bbox 948 410 1148 469; x_wconf 89' lang='lat' dir='ltr'><strong>tamen,</strong></span> <span class='ocrx_word' id='word_1_15' title='bbox 1181 419 1246 468; x_wconf 83' lang='lat' dir='ltr'><strong>ac</strong></span> <span class='ocrx_word' id='word_1_16' title='bbox 1289 403 1470 470; x_wconf 73' lang='lat' dir='ltr'><strong>Marco</strong></span> <span class='ocrx_word' id='word_1_17' title='bbox 1506 402 1812 472; x_wconf 85' lang='lat' dir='ltr'><strong>ambiguum</strong></span> <span class='ocrx_word' id='word_1_18' title='bbox 1856 414 1952 455; x_wconf 91' lang='lat' dir='ltr'><strong>cur</strong></span> <span class='ocrx_word' id='word_1_19' title='bbox 1979 398 2034 464; x_wconf 82' lang='lat' dir='ltr'><strong>A</strong></span> <span class='ocrx_word' id='word_1_20' title='bbox 2055 399 2146 456; x_wconf 91' lang='lat' dir='ltr'><strong>ille</strong></span> <span class='ocrx_word' id='word_1_21' title='bbox 2179 400 2412 470; x_wconf 75' lang='lat' dir='ltr'><strong>Spiritus</strong></span> <span class='ocrx_word' id='word_1_22' title='bbox 2446 403 2658 458; x_wconf 87' lang='lat' dir='ltr'><strong>nescire</strong></span> <span class='ocrx_word' id='word_1_23' title='bbox 2688 403 3043 472; x_wconf 71' lang='lat' dir='ltr'><strong>permitteret.</strong></span> <span class='ocrx_word' id='word_1_24' title='bbox 3074 402 3141 459; x_wconf 83' lang='lat' dir='ltr'><strong>Et</strong></span> <span class='ocrx_word' id='word_1_25' title='bbox 3167 403 3366 459; x_wconf 88' lang='lat' dir='ltr'><strong>mi&#39;rum</strong></span> <span class='ocrx_word' id='word_1_26' title='bbox 3390 405 3657 474; x_wconf 81' lang='lat' dir='ltr'><strong>profecto,</strong></span> 
     </span>
    </p>
   </div>
   <div class='ocr_carea' id='block_1_3' title="bbox 338 495 1954 570">
    <p class='ocr_par' dir='ltr' id='par_1_3' title="bbox 338 495 1954 570">
     <span class='ocr_line' id='line_1_3' title="bbox 338 495 1954 570; baseline -0.001 -18"><span class='ocrx_word' id='word_1_27' title='bbox 338 495 434 570; x_wconf 70' lang='lat' dir='ltr'><strong>ille</strong></span> <span class='ocrx_word' id='word_1_28' title='bbox 463 495 618 562; x_wconf 45' lang='lat' dir='ltr'><strong>hunc,</strong></span> <span class='ocrx_word' id='word_1_29' title='bbox 641 498 998 567; x_wconf 71' lang='lat' dir='ltr'><strong>prreverterit.</strong></span> <span class='ocrx_word' id='word_1_30' title='bbox 1027 501 1107 554; x_wconf 83' lang='lat' dir='ltr'><strong>An</strong></span> <span class='ocrx_word' id='word_1_31' title='bbox 1135 499 1260 570; x_wconf 85' lang='lat' dir='ltr'><strong>quia</strong></span> <span class='ocrx_word' id='word_1_32' title='bbox 1294 499 1470 558; x_wconf 88' lang='lat' dir='ltr'><strong>serius</strong></span> <span class='ocrx_word' id='word_1_33' title='bbox 1491 498 1654 553; x_wconf 78' lang='lat' dir='ltr'><strong>Marci</strong></span> <span class='ocrx_word' id='word_1_34' title='bbox 1677 497 1954 566; x_wconf 73' lang='lat' dir='ltr'><strong>exemplar</strong></span> 
     </span>
    </p>
   </div>
   <div class='ocr_carea' id='block_1_4' title="bbox 337 587 1950 662">
    <p class='ocr_par' dir='ltr' id='par_1_4' title="bbox 337 587 1950 662">
     <span class='ocr_line' id='line_1_4' title="bbox 337 587 1950 662; baseline -0.001 -18"><span class='ocrx_word' id='word_1_35' title='bbox 337 588 637 662; x_wconf 53' lang='lat' dir='ltr'><strong>habuerint</strong></span> <span class='ocrx_word' id='word_1_36' title='bbox 668 587 764 651; x_wconf 87' lang='lat' dir='ltr'><strong>illi,</strong></span> <span class='ocrx_word' id='word_1_37' title='bbox 793 590 990 659; x_wconf 84' lang='lat' dir='ltr'><strong>quibus</strong></span> <span class='ocrx_word' id='word_1_38' title='bbox 1018 591 1151 645; x_wconf 94' lang='lat' dir='ltr'><strong>ordo</strong></span> <span class='ocrx_word' id='word_1_39' title='bbox 1183 591 1272 646; x_wconf 89' lang='lat' dir='ltr'><strong>ille</strong></span> <span class='ocrx_word' id='word_1_40' title='bbox 1302 590 1687 660; x_wconf 88' lang='lat' dir='ltr'><strong>usurpabatur,</strong></span> <span class='ocrx_word' id='word_1_41' title='bbox 1721 590 1862 644; x_wconf 81' lang='lat' dir='ltr'><strong>Luca</strong></span> <span class='ocrx_word' id='word_1_42' title='bbox 1897 589 1950 643; x_wconf 74' lang='grc' dir='ltr'><strong>ιιι</strong></span> 
     </span>
    </p>
   </div>
   <div class='ocr_carea' id='block_1_5' title="bbox 336 680 1951 754">
    <p class='ocr_par' dir='ltr' id='par_1_5' title="bbox 336 680 1951 754">
     <span class='ocr_line' id='line_1_5' title="bbox 336 680 1951 754; baseline -0.001 -19"><span class='ocrx_word' id='word_1_43' title='bbox 336 680 565 754; x_wconf 64' lang='lat' dir='ltr'><strong>codices</strong></span> <span class='ocrx_word' id='word_1_44' title='bbox 592 690 750 738; x_wconf 89' lang='lat' dir='ltr'><strong>antea</strong></span> <span class='ocrx_word' id='word_1_45' title='bbox 783 681 977 746; x_wconf 90' lang='lat' dir='ltr'><strong>relato,</strong></span> <span class='ocrx_word' id='word_1_46' title='bbox 1007 697 1075 736; x_wconf 88' lang='lat' dir='ltr'><strong>an</strong></span> <span class='ocrx_word' id='word_1_47' title='bbox 1123 681 1222 736; x_wconf 85' lang='lat' dir='ltr'><strong>alia</strong></span> <span class='ocrx_word' id='word_1_48' title='bbox 1270 682 1338 738; x_wconf 91' lang='lat' dir='ltr'><strong>de</strong></span> <span class='ocrx_word' id='word_1_49' title='bbox 1383 697 1568 738; x_wconf 88' lang='lat' dir='ltr'><strong>causa.</strong></span> <span class='ocrx_word' id='word_1_50' title='bbox 1600 680 1762 736; x_wconf 79' lang='lat' dir='ltr'><strong>Forte</strong></span> <span class='ocrx_word' id='word_1_51' title='bbox 1790 681 1951 735; x_wconf 88' lang='lat' dir='ltr'><strong>etiam</strong></span> 
     </span>
    </p>
   </div>
   <div class='ocr_carea' id='block_1_6' title="bbox 337 771 1951 847">
    <p class='ocr_par' dir='ltr' id='par_1_6' title="bbox 337 771 1951 847">
     <span class='ocr_line' id='line_1_6' title="bbox 337 771 1951 847; baseline -0.002 -18"><span class='ocrx_word' id='word_1_52' title='bbox 337 771 505 847; x_wconf 65' lang='lat' dir='ltr'><strong>Luca:</strong></span> <span class='ocrx_word' id='word_1_53' title='bbox 557 773 861 844; x_wconf 83' lang='lat' dir='ltr'><strong>principem</strong></span> <span class='ocrx_word' id='word_1_54' title='bbox 907 782 1030 846; x_wconf 90' lang='lat' dir='ltr'><strong>post</strong></span> <span class='ocrx_word' id='word_1_55' title='bbox 1085 774 1364 844; x_wconf 78' lang='lat' dir='ltr'><strong>aposmlos</strong></span> <span class='ocrx_word' id='word_1_56' title='bbox 1407 773 1585 830; x_wconf 90' lang='lat' dir='ltr'><strong>locum</strong></span> <span class='ocrx_word' id='word_1_57' title='bbox 1641 773 1951 838; x_wconf 90' lang='lat' dir='ltr'><strong>tribuerint,</strong></span> 
     </span>
    </p>
   </div>
   <div class='ocr_carea' id='block_1_7' title="bbox 338 850 1951 952">
    <p class='ocr_par' dir='ltr' id='par_1_7' title="bbox 338 850 1951 952">
     <span class='ocr_line' id='line_1_7' title="bbox 338 850 1951 952; baseline 0.001 -36"><span class='ocrx_word' id='word_1_58' title='bbox 338 850 494 952; x_wconf 78' lang='lat' dir='ltr'><strong>quod</strong></span> <span class='ocrx_word' id='word_1_59' title='bbox 553 864 714 934; x_wconf 86' lang='lat' dir='ltr'><strong>longe</strong></span> <span class='ocrx_word' id='word_1_60' title='bbox 763 863 1005 928; x_wconf 87' lang='lat' dir='ltr'><strong>uberius,</strong></span> <span class='ocrx_word' id='word_1_61' title='bbox 1067 851 1226 936; x_wconf 85' lang='lat' dir='ltr'><strong>quam</strong></span> <span class='ocrx_word' id='word_1_62' title='bbox 1281 865 1516 926; x_wconf 81' lang='lat' dir='ltr'><strong>Marcus,</strong></span> <span class='ocrx_word' id='word_1_63' title='bbox 1573 863 1951 934; x_wconf 84' lang='lat' dir='ltr'><strong>Evangelicam</strong></span> 
     </span>
    </p>
   </div>
   <div class='ocr_carea' id='block_1_8' title="bbox 339 956 1950 1028">
    <p class='ocr_par' dir='ltr' id='par_1_8' title="bbox 339 956 1950 1028">
     <span class='ocr_line' id='line_1_8' title="bbox 339 956 1950 1028; baseline -0.001 -16"><span class='ocrx_word' id='word_1_64' title='bbox 339 957 630 1012; x_wconf 87' lang='lat' dir='ltr'><strong>historiam</strong></span> <span class='ocrx_word' id='word_1_65' title='bbox 671 956 980 1028; x_wconf 83' lang='lat' dir='ltr'><strong>digesserit,</strong></span> <span class='ocrx_word' id='word_1_66' title='bbox 1012 957 1256 1028; x_wconf 85' lang='lat' dir='ltr'><strong>repetitis</strong></span> <span class='ocrx_word' id='word_1_67' title='bbox 1281 957 1538 1013; x_wconf 80' lang='lat' dir='ltr'><strong>videlicet</strong></span> <span class='ocrx_word' id='word_1_68' title='bbox 1567 958 1728 1012; x_wconf 89' lang='lat' dir='ltr'><strong>altius</strong></span> <span class='ocrx_word' id='word_1_69' title='bbox 1754 956 1950 1021; x_wconf 86' lang='lat' dir='ltr'><strong>rebus;</strong></span> 
     </span>
    </p>
   </div>
   <div class='ocr_carea' id='block_1_9' title="bbox 341 1039 1955 1124">
    <p class='ocr_par' dir='ltr' id='par_1_9' title="bbox 341 1039 1955 1124">
     <span class='ocr_line' id='line_1_9' title="bbox 341 1039 1955 1124; baseline -0.002 -18"><span class='ocrx_word' id='word_1_70' title='bbox 341 1039 402 1124; x_wconf 71' lang='lat' dir='ltr'><strong>et</strong></span> <span class='ocrx_word' id='word_1_71' title='bbox 430 1058 725 1124; x_wconf 79' lang='lat' dir='ltr'><strong>stemmate</strong></span> <span class='ocrx_word' id='word_1_72' title='bbox 765 1049 1071 1106; x_wconf 84' lang='lat' dir='ltr'><strong>Servatoris</strong></span> <span class='ocrx_word' id='word_1_73' title='bbox 1099 1053 1395 1106; x_wconf 91' lang='lat' dir='ltr'><strong>secundum</strong></span> <span class='ocrx_word' id='word_1_74' title='bbox 1435 1064 1652 1105; x_wconf 90' lang='lat' dir='ltr'><strong>carnem</strong></span> <span class='ocrx_word' id='word_1_75' title='bbox 1707 1058 1955 1104; x_wconf 84' lang='lat' dir='ltr'><strong>accurate</strong></span> 
     </span>
    </p>
   </div>
   <div class='ocr_carea' id='block_1_10' title="bbox 339 1141 1956 1217">
    <p class='ocr_par' dir='ltr' id='par_1_10' title="bbox 339 1141 1956 1217">
     <span class='ocr_line' id='line_1_10' title="bbox 339 1141 1956 1217; baseline -0.001 -18"><span class='ocrx_word' id='word_1_76' title='bbox 339 1144 580 1217; x_wconf 75' lang='lat' dir='ltr'><strong>digesto.</strong></span> <span class='ocrx_word' id='word_1_77' title='bbox 601 1143 766 1200; x_wconf 90' lang='lat' dir='ltr'><strong>Certe</strong></span> <span class='ocrx_word' id='word_1_78' title='bbox 795 1143 849 1198; x_wconf 91' lang='lat' dir='ltr'><strong>in</strong></span> <span class='ocrx_word' id='word_1_79' title='bbox 875 1141 976 1198; x_wconf 89' lang='lat' dir='ltr'><strong>hoc</strong></span> <span class='ocrx_word' id='word_1_80' title='bbox 996 1144 1264 1199; x_wconf 88' lang='lat' dir='ltr'><strong>rationem</strong></span> <span class='ocrx_word' id='word_1_81' title='bbox 1290 1142 1548 1214; x_wconf 88' lang='lat' dir='ltr'><strong>temporis</strong></span> <span class='ocrx_word' id='word_1_82' title='bbox 1576 1157 1682 1198; x_wconf 92' lang='lat' dir='ltr'><strong>non</strong></span> <span class='ocrx_word' id='word_1_83' title='bbox 1702 1141 1956 1197; x_wconf 79' lang='lat' dir='ltr'><strong>habuisse</strong></span> 
     </span>
    </p>
   </div>
   <div class='ocr_carea' id='block_1_11' title="bbox 338 1235 1956 1312">
    <p class='ocr_par' dir='ltr' id='par_1_11' title="bbox 338 1235 1956 1312">
     <span class='ocr_line' id='line_1_11' title="bbox 338 1235 1956 1312; baseline -0.001 -18"><span class='ocrx_word' id='word_1_84' title='bbox 338 1238 493 1312; x_wconf 81' lang='lat' dir='ltr'><strong>illos,</strong></span> <span class='ocrx_word' id='word_1_85' title='bbox 520 1236 664 1308; x_wconf 87' lang='lat' dir='ltr'><strong>apud</strong></span> <span class='ocrx_word' id='word_1_86' title='bbox 707 1251 844 1308; x_wconf 88' lang='lat' dir='ltr'><strong>quos</strong></span> <span class='ocrx_word' id='word_1_87' title='bbox 872 1250 935 1293; x_wconf 88' lang='lat' dir='ltr'><strong>ea</strong></span> <span class='ocrx_word' id='word_1_88' title='bbox 966 1235 1201 1292; x_wconf 90' lang='lat' dir='ltr'><strong>Canonis</strong></span> <span class='ocrx_word' id='word_1_89' title='bbox 1240 1236 1411 1292; x_wconf 89' lang='lat' dir='ltr'><strong>series</strong></span> <span class='ocrx_word' id='word_1_90' title='bbox 1436 1235 1670 1307; x_wconf 86' lang='lat' dir='ltr'><strong>vigebat,</strong></span> <span class='ocrx_word' id='word_1_91' title='bbox 1711 1252 1778 1290; x_wconf 79' lang='lat' dir='ltr'><strong>ex</strong></span> <span class='ocrx_word' id='word_1_92' title='bbox 1811 1245 1956 1292; x_wconf 88' lang='lat' dir='ltr'><strong>vete-</strong></span> 
     </span>
    </p>
   </div>
   <div class='ocr_carea' id='block_1_12' title="bbox 342 1328 1954 1403">
    <p class='ocr_par' dir='ltr' id='par_1_12' title="bbox 342 1328 1954 1403">
     <span class='ocr_line' id='line_1_12' title="bbox 342 1328 1954 1403; baseline -0.002 -16"><span class='ocrx_word' id='word_1_93' title='bbox 342 1331 508 1394; x_wconf 82' lang='lat' dir='ltr'><strong>ribus</strong></span> <span class='ocrx_word' id='word_1_94' title='bbox 554 1330 738 1400; x_wconf 84' lang='lat' dir='ltr'><strong>liquet,</strong></span> <span class='ocrx_word' id='word_1_95' title='bbox 767 1329 860 1403; x_wconf 85' lang='lat' dir='ltr'><strong>qui</strong></span> <span class='ocrx_word' id='word_1_96' title='bbox 887 1328 1147 1402; x_wconf 83' lang='lat' dir='ltr'><strong>Marcum,</strong></span> <span class='ocrx_word' id='word_1_97' title='bbox 1176 1337 1304 1386; x_wconf 90' lang='lat' dir='ltr'><strong>ante</strong></span> <span class='ocrx_word' id='word_1_98' title='bbox 1349 1329 1573 1395; x_wconf 85' lang='lat' dir='ltr'><strong>Lucam,</strong></span> <span class='ocrx_word' id='word_1_99' title='bbox 1606 1328 1954 1400; x_wconf 84' lang='lat' dir='ltr'><strong>Evangelium</strong></span> 
     </span>
    </p>
   </div>
   <div class='ocr_carea' id='block_1_13' title="bbox 341 1423 1958 1494">
    <p class='ocr_par' dir='ltr' id='par_1_13' title="bbox 341 1423 1958 1494">
     <span class='ocr_line' id='line_1_13' title="bbox 341 1423 1958 1494; baseline -0.001 -14"><span class='ocrx_word' id='word_1_100' title='bbox 341 1439 508 1489; x_wconf 75' lang='lat' dir='ltr'><strong>suum</strong></span> <span class='ocrx_word' id='word_1_101' title='bbox 541 1424 736 1480; x_wconf 84' lang='lat' dir='ltr'><strong>litteris</strong></span> <span class='ocrx_word' id='word_1_102' title='bbox 762 1423 1116 1494; x_wconf 89' lang='lat' dir='ltr'><strong>consiguasse</strong></span> <span class='ocrx_word' id='word_1_103' title='bbox 1144 1431 1490 1494; x_wconf 78' lang='lat' dir='ltr'><strong>putaverunt,</strong></span> <span class='ocrx_word' id='word_1_104' title='bbox 1517 1423 1592 1477; x_wconf 89' lang='lat' dir='ltr'><strong>uti</strong></span> <span class='ocrx_word' id='word_1_105' title='bbox 1616 1423 1862 1493; x_wconf 82' lang='lat' dir='ltr'><strong>superius</strong></span> <span class='ocrx_word' id='word_1_106' title='bbox 1891 1439 1958 1478; x_wconf 85' lang='lat' dir='ltr'><strong>ex</strong></span> 
     </span>
    </p>
   </div>
   <div class='ocr_carea' id='block_1_14' title="bbox 340 1514 1956 1588">
    <p class='ocr_par' dir='ltr' id='par_1_14' title="bbox 340 1514 1956 1588">
     <span class='ocr_line' id='line_1_14' title="bbox 340 1514 1956 1588; baseline -0.002 -15"><span class='ocrx_word' id='word_1_107' title='bbox 340 1515 580 1588; x_wconf 77' lang='lat' dir='ltr'><strong>Origene</strong></span> <span class='ocrx_word' id='word_1_108' title='bbox 627 1516 1077 1584; x_wconf 87' lang='lat' dir='ltr'><strong>observabamus,</strong></span> <span class='ocrx_word' id='word_1_109' title='bbox 1126 1515 1288 1580; x_wconf 77' lang='lat' dir='ltr'><strong>aliter</strong></span> <span class='ocrx_word' id='word_1_110' title='bbox 1320 1525 1498 1571; x_wconf 89' lang='lat' dir='ltr'><strong>tamen</strong></span> <span class='ocrx_word' id='word_1_111' title='bbox 1531 1515 1800 1570; x_wconf 91' lang='lat' dir='ltr'><strong>sentiente</strong></span> <span class='ocrx_word' id='word_1_112' title='bbox 1829 1514 1956 1570; x_wconf 88' lang='lat' dir='ltr'><strong>Cle-</strong></span> 
     </span>
    </p>
   </div>
   <div class='ocr_carea' id='block_1_15' title="bbox 341 1607 1955 1681">
    <p class='ocr_par' dir='ltr' id='par_1_15' title="bbox 341 1607 1955 1681">
     <span class='ocr_line' id='line_1_15' title="bbox 341 1607 1955 1681; baseline -0.001 -16"><span class='ocrx_word' id='word_1_113' title='bbox 341 1619 530 1676; x_wconf 74' lang='lat' dir='ltr'><strong>mente</strong></span> <span class='ocrx_word' id='word_1_114' title='bbox 544 1610 939 1675; x_wconf 78' lang='lat' dir='ltr'><strong>Alexandrino,</strong></span> <span class='ocrx_word' id='word_1_115' title='bbox 967 1610 1080 1680; x_wconf 89' lang='lat' dir='ltr'><strong>qui,</strong></span> <span class='ocrx_word' id='word_1_116' title='bbox 1111 1610 1346 1665; x_wconf 86' lang='lat' dir='ltr'><strong>Eusebio</strong></span> <span class='ocrx_word' id='word_1_117' title='bbox 1375 1617 1514 1664; x_wconf 88' lang='lat' dir='ltr'><strong>teste</strong></span> <span class='ocrx_word' id='word_1_118' title='bbox 1541 1608 1636 1681; x_wconf 80' lang='grc' dir='ltr'><strong>(Η.</strong></span> <span class='ocrx_word' id='word_1_119' title='bbox 1660 1607 1727 1664; x_wconf 85' lang='grc' dir='ltr'><strong>Ε.</strong></span> <span class='ocrx_word' id='word_1_120' title='bbox 1751 1624 1820 1674; x_wconf 88' lang='lat' dir='ltr'><strong>vt,</strong></span> <span class='ocrx_word' id='word_1_121' title='bbox 1845 1607 1955 1678; x_wconf 75' lang='grc' dir='ltr'><strong>Ν),</strong></span> 
     </span>
    </p>
   </div>
   <div class='ocr_carea' id='block_1_16' title="bbox 343 1700 1959 1780">
    <p class='ocr_par' dir='ltr' id='par_1_16' title="bbox 343 1700 1959 1780">
     <span class='ocr_line' id='line_1_16' title="bbox 343 1700 1959 1780; baseline 0.003 -23"><span class='ocrx_word' id='word_1_122' title='bbox 343 1703 729 1780; x_wconf 65' lang='grc' dir='ltr'><strong>προγεγράφθαι</strong></span> <span class='ocrx_word' id='word_1_123' title='bbox 754 1700 926 1775; x_wconf 70' lang='grc' dir='ltr'><strong>ἔλεγεν</strong></span> <span class='ocrx_word' id='word_1_124' title='bbox 953 1710 1052 1758; x_wconf 81' lang='grc' dir='ltr'><strong>τῶν</strong></span> <span class='ocrx_word' id='word_1_125' title='bbox 1073 1702 1386 1777; x_wconf 70' lang='grc' dir='ltr'><strong>Εὐαγγελίων</strong></span> <span class='ocrx_word' id='word_1_126' title='bbox 1415 1703 1480 1757; x_wconf 81' lang='grc' dir='ltr'><strong>τὰ</strong></span> <span class='ocrx_word' id='word_1_127' title='bbox 1503 1704 1824 1778; x_wconf 76' lang='grc' dir='ltr'><strong>περιέχοντα</strong></span> <span class='ocrx_word' id='word_1_128' title='bbox 1863 1706 1959 1762; x_wconf 76' lang='grc' dir='ltr'><strong>τὰς</strong></span> 
     </span>
    </p>
   </div>
   <div class='ocr_carea' id='block_1_17' title="bbox 2057 487 3658 566">
    <p class='ocr_par' dir='ltr' id='par_1_17' title="bbox 2057 487 3658 566">
     <span class='ocr_line' id='line_1_17' title="bbox 2057 487 3658 566; baseline 0.004 -20"><span class='ocrx_word' id='word_1_129' title='bbox 2057 493 2198 560; x_wconf 86' lang='lat' dir='ltr'><strong>quod</strong></span> <span class='ocrx_word' id='word_1_130' title='bbox 2238 493 2458 548; x_wconf 86' lang='lat' dir='ltr'><strong>criticns</strong></span> <span class='ocrx_word' id='word_1_131' title='bbox 2507 495 2606 549; x_wconf 88' lang='lat' dir='ltr'><strong>iste</strong></span> <span class='ocrx_word' id='word_1_132' title='bbox 2633 508 2921 566; x_wconf 87' lang='lat' dir='ltr'><strong>utrumque</strong></span> <span class='ocrx_word' id='word_1_133' title='bbox 2948 487 3330 566; x_wconf 78' lang='lat' dir='ltr'><strong>evangelistam</strong></span> <span class='ocrx_word' id='word_1_134' title='bbox 3363 496 3501 553; x_wconf 86' lang='lat' dir='ltr'><strong>haud</strong></span> <span class='ocrx_word' id='word_1_135' title='bbox 3543 512 3658 554; x_wconf 85' lang='lat' dir='ltr'><strong>ser-</strong></span> 
     </span>
    </p>
   </div>
   <div class='ocr_carea' id='block_1_18' title="bbox 2057 587 3658 660">
    <p class='ocr_par' dir='ltr' id='par_1_18' title="bbox 2057 587 3658 660">
     <span class='ocr_line' id='line_1_18' title="bbox 2057 587 3658 660; baseline 0.005 -22"><span class='ocrx_word' id='word_1_136' title='bbox 2057 594 2196 639; x_wconf 74' lang='lat' dir='ltr'><strong>vatae</strong></span> <span class='ocrx_word' id='word_1_137' title='bbox 2236 587 2481 640; x_wconf 63' lang='lat' dir='ltr'><strong>decentia</strong></span> <span class='ocrx_word' id='word_1_138' title='bbox 2511 602 2618 642; x_wconf 93' lang='lat' dir='ltr'><strong>non</strong></span> <span class='ocrx_word' id='word_1_139' title='bbox 2651 589 3028 657; x_wconf 67' lang='lat' dir='ltr'><strong>postulaverit,</strong></span> <span class='ocrx_word' id='word_1_140' title='bbox 3060 591 3202 660; x_wconf 84' lang='lat' dir='ltr'><strong>quod</strong></span> <span class='ocrx_word' id='word_1_141' title='bbox 3249 606 3357 645; x_wconf 92' lang='lat' dir='ltr'><strong>non</strong></span> <span class='ocrx_word' id='word_1_142' title='bbox 3388 591 3568 657; x_wconf 77' lang='lat' dir='ltr'><strong>altius,</strong></span> <span class='ocrx_word' id='word_1_143' title='bbox 3601 601 3658 646; x_wconf 88' lang='lat' dir='ltr'><strong>ut</strong></span> 
     </span>
    </p>
   </div>
   <div class='ocr_carea' id='block_1_19' title="bbox 2060 678 3662 748">
    <p class='ocr_par' dir='ltr' id='par_1_19' title="bbox 2060 678 3662 748">
     <span class='ocr_line' id='line_1_19' title="bbox 2060 678 3662 748; baseline 0.005 -19"><span class='ocrx_word' id='word_1_144' title='bbox 2060 687 2244 747; x_wconf 85' lang='lat' dir='ltr'><strong>postea</strong></span> <span class='ocrx_word' id='word_1_145' title='bbox 2281 678 2542 743; x_wconf 77' lang='lat' dir='ltr'><strong>Joannes,</strong></span> <span class='ocrx_word' id='word_1_146' title='bbox 2587 694 2616 732; x_wconf 90' lang='lat' dir='ltr'><strong>a</strong></span> <span class='ocrx_word' id='word_1_147' title='bbox 2644 681 2995 748; x_wconf 80' lang='lat' dir='ltr'><strong>generatione</strong></span> <span class='ocrx_word' id='word_1_148' title='bbox 3035 681 3212 735; x_wconf 88' lang='lat' dir='ltr'><strong>divina</strong></span> <span class='ocrx_word' id='word_1_149' title='bbox 3257 681 3422 736; x_wconf 81' lang='lat' dir='ltr'><strong>Verbi</strong></span> <span class='ocrx_word' id='word_1_150' title='bbox 3451 683 3662 737; x_wconf 87' lang='lat' dir='ltr'><strong>initium</strong></span> 
     </span>
    </p>
   </div>
   <div class='ocr_carea' id='block_1_20' title="bbox 2057 769 3660 844">
    <p class='ocr_par' dir='ltr' id='par_1_20' title="bbox 2057 769 3660 844">
     <span class='ocr_line' id='line_1_20' title="bbox 2057 769 3660 844; baseline 0.003 -20"><span class='ocrx_word' id='word_1_151' title='bbox 2057 769 2359 824; x_wconf 82' lang='lat' dir='ltr'><strong>stemmatis</strong></span> <span class='ocrx_word' id='word_1_152' title='bbox 2372 770 2879 844; x_wconf 83' lang='lat' dir='ltr'><strong>sumpserint(diem</strong></span> <span class='ocrx_word' id='word_1_153' title='bbox 2901 771 3130 827; x_wconf 88' lang='lat' dir='ltr'><strong>fortasse</strong></span> <span class='ocrx_word' id='word_1_154' title='bbox 3141 772 3384 828; x_wconf 88' lang='lat' dir='ltr'><strong>dicturus</strong></span> <span class='ocrx_word' id='word_1_155' title='bbox 3402 773 3660 839; x_wconf 86' lang='lat' dir='ltr'><strong>Eusebio,</strong></span> 
     </span>
    </p>
   </div>
   <div class='ocr_carea' id='block_1_21' title="bbox 2057 861 3650 932">
    <p class='ocr_par' dir='ltr' id='par_1_21' title="bbox 2057 861 3650 932">
     <span class='ocr_line' id='line_1_21' title="bbox 2057 861 3650 932; baseline 0.006 -20"><span class='ocrx_word' id='word_1_156' title='bbox 2057 861 2146 931; x_wconf 92' lang='lat' dir='ltr'><strong>qui</strong></span> <span class='ocrx_word' id='word_1_157' title='bbox 2183 862 2510 928; x_wconf 79' lang='lat' dir='ltr'><strong>provinciam</strong></span> <span class='ocrx_word' id='word_1_158' title='bbox 2558 861 2696 917; x_wconf 87' lang='lat' dir='ltr'><strong>hanc</strong></span> <span class='ocrx_word' id='word_1_159' title='bbox 2738 878 2767 917; x_wconf 88' lang='lat' dir='ltr'><strong>a</strong></span> <span class='ocrx_word' id='word_1_160' title='bbox 2811 864 3016 932; x_wconf 84' lang='lat' dir='ltr'><strong>Spiritu</strong></span> <span class='ocrx_word' id='word_1_161' title='bbox 3058 875 3243 919; x_wconf 83' lang='lat' dir='ltr'><strong>sancto</strong></span> <span class='ocrx_word' id='word_1_162' title='bbox 3273 865 3352 919; x_wconf 87' lang='lat' dir='ltr'><strong>illi</strong></span> <span class='ocrx_word' id='word_1_163' title='bbox 3377 878 3650 921; x_wconf 83' lang='lat' dir='ltr'><strong>servatam</strong></span> 
     </span>
    </p>
   </div>
   <div class='ocr_carea' id='block_1_22' title="bbox 2058 953 3663 1028">
    <p class='ocr_par' dir='ltr' id='par_1_22' title="bbox 2058 953 3663 1028">
     <span class='ocr_line' id='line_1_22' title="bbox 2058 953 3663 1028; baseline 0.004 -22"><span class='ocrx_word' id='word_1_164' title='bbox 2058 953 2404 1026; x_wconf 79' lang='lat' dir='ltr'><strong>scripsisset).</strong></span> <span class='ocrx_word' id='word_1_165' title='bbox 2433 953 2547 1009; x_wconf 83' lang='lat' dir='ltr'><strong>Hoc</strong></span> <span class='ocrx_word' id='word_1_166' title='bbox 2572 956 2717 1010; x_wconf 91' lang='lat' dir='ltr'><strong>enim</strong></span> <span class='ocrx_word' id='word_1_167' title='bbox 2747 955 2812 1010; x_wconf 89' lang='lat' dir='ltr'><strong>ad</strong></span> <span class='ocrx_word' id='word_1_168' title='bbox 2841 972 3108 1012; x_wconf 88' lang='lat' dir='ltr'><strong>summam</strong></span> <span class='ocrx_word' id='word_1_169' title='bbox 3135 972 3340 1024; x_wconf 88' lang='lat' dir='ltr'><strong>rerum,</strong></span> <span class='ocrx_word' id='word_1_170' title='bbox 3369 957 3437 1012; x_wconf 92' lang='lat' dir='ltr'><strong>de</strong></span> <span class='ocrx_word' id='word_1_171' title='bbox 3464 960 3663 1028; x_wconf 85' lang='lat' dir='ltr'><strong>quibus</strong></span> 
     </span>
    </p>
   </div>
   <div class='ocr_carea' id='block_1_23' title="bbox 2059 1042 3662 1115">
    <p class='ocr_par' dir='ltr' id='par_1_23' title="bbox 2059 1042 3662 1115">
     <span class='ocr_line' id='line_1_23' title="bbox 2059 1042 3662 1115; baseline 0.005 -18"><span class='ocrx_word' id='word_1_172' title='bbox 2059 1042 2316 1114; x_wconf 83' lang='lat' dir='ltr'><strong>deinceps</strong></span> <span class='ocrx_word' id='word_1_173' title='bbox 2360 1061 2521 1115; x_wconf 87' lang='lat' dir='ltr'><strong>agere</strong></span> <span class='ocrx_word' id='word_1_174' title='bbox 2564 1046 2837 1104; x_wconf 86' lang='lat' dir='ltr'><strong>debebant</strong></span> <span class='ocrx_word' id='word_1_175' title='bbox 2888 1048 3069 1104; x_wconf 83' lang='lat' dir='ltr'><strong>facere</strong></span> <span class='ocrx_word' id='word_1_176' title='bbox 3109 1051 3334 1104; x_wconf 87' lang='lat' dir='ltr'><strong>omnino</strong></span> <span class='ocrx_word' id='word_1_177' title='bbox 3362 1050 3662 1107; x_wconf 86' lang='lat' dir='ltr'><strong>videbatur.</strong></span> 
     </span>
    </p>
   </div>
   <div class='ocr_carea' id='block_1_24' title="bbox 2060 1131 3660 1212">
    <p class='ocr_par' dir='ltr' id='par_1_24' title="bbox 2060 1131 3660 1212">
     <span class='ocr_line' id='line_1_24' title="bbox 2060 1131 3660 1212; baseline 0.005 -21"><span class='ocrx_word' id='word_1_178' title='bbox 2060 1137 2128 1194; x_wconf 87' lang='lat' dir='ltr'><strong>Et</strong></span> <span class='ocrx_word' id='word_1_179' title='bbox 2171 1139 2447 1207; x_wconf 74' lang='lat' dir='ltr'><strong>perversis</strong></span> <span class='ocrx_word' id='word_1_180' title='bbox 2489 1140 2650 1195; x_wconf 90' lang='lat' dir='ltr'><strong>etiam</strong></span> <span class='ocrx_word' id='word_1_181' title='bbox 2701 1141 2952 1210; x_wconf 81' lang='lat' dir='ltr'><strong>ingeniis,</strong></span> <span class='ocrx_word' id='word_1_182' title='bbox 2998 1157 3118 1212; x_wconf 72' lang='lat' dir='ltr'><strong>qua:</strong></span> <span class='ocrx_word' id='word_1_183' title='bbox 3154 1142 3337 1198; x_wconf 70' lang='lat' dir='ltr'><strong>Iesum</strong></span> <span class='ocrx_word' id='word_1_184' title='bbox 3367 1131 3660 1210; x_wconf 84' lang='lat' dir='ltr'><strong>Christum,</strong></span> 
     </span>
    </p>
   </div>
   <div class='ocr_carea' id='block_1_25' title="bbox 2060 1229 3660 1304">
    <p class='ocr_par' dir='ltr' id='par_1_25' title="bbox 2060 1229 3660 1304">
     <span class='ocr_line' id='line_1_25' title="bbox 2060 1229 3660 1304; baseline 0.006 -20"><span class='ocrx_word' id='word_1_185' title='bbox 2060 1231 2135 1285; x_wconf 91' lang='lat' dir='ltr'><strong>uti</strong></span> <span class='ocrx_word' id='word_1_186' title='bbox 2169 1229 2443 1286; x_wconf 81' lang='lat' dir='ltr'><strong>hominem</strong></span> <span class='ocrx_word' id='word_1_187' title='bbox 2475 1231 2774 1299; x_wconf 83' lang='lat' dir='ltr'><strong>dumtaxat,</strong></span> <span class='ocrx_word' id='word_1_188' title='bbox 2801 1243 2956 1290; x_wconf 90' lang='lat' dir='ltr'><strong>erant</strong></span> <span class='ocrx_word' id='word_1_189' title='bbox 2982 1236 3316 1304; x_wconf 86' lang='lat' dir='ltr'><strong>traductura,</strong></span> <span class='ocrx_word' id='word_1_190' title='bbox 3346 1253 3414 1292; x_wconf 91' lang='lat' dir='ltr'><strong>ne</strong></span> <span class='ocrx_word' id='word_1_191' title='bbox 3441 1237 3508 1293; x_wconf 88' lang='lat' dir='ltr'><strong>ad</strong></span> <span class='ocrx_word' id='word_1_192' title='bbox 3540 1242 3660 1294; x_wconf 82' lang='lat' dir='ltr'><strong>bor-</strong></span> 
     </span>
    </p>
   </div>
   <div class='ocr_carea' id='block_1_26' title="bbox 2061 1323 3669 1404">
    <p class='ocr_par' dir='ltr' id='par_1_26' title="bbox 2061 1323 3669 1404">
     <span class='ocr_line' id='line_1_26' title="bbox 2061 1323 3669 1404; baseline 0.005 -26"><span class='ocrx_word' id='word_1_193' title='bbox 2061 1323 2227 1378; x_wconf 88' lang='lat' dir='ltr'><strong>renda</strong></span> <span class='ocrx_word' id='word_1_194' title='bbox 2263 1323 2352 1378; x_wconf 89' lang='lat' dir='ltr'><strong>illa</strong></span> <span class='ocrx_word' id='word_1_195' title='bbox 2384 1324 2566 1380; x_wconf 87' lang='lat' dir='ltr'><strong>brevia</strong></span> <span class='ocrx_word' id='word_1_196' title='bbox 2597 1326 2904 1382; x_wconf 88' lang='lat' dir='ltr'><strong>miserrime</strong></span> <span class='ocrx_word' id='word_1_197' title='bbox 2926 1328 3312 1399; x_wconf 87' lang='lat' dir='ltr'><strong>impingerent,</strong></span> <span class='ocrx_word' id='word_1_198' title='bbox 3346 1328 3516 1386; x_wconf 90' lang='lat' dir='ltr'><strong>facem</strong></span> <span class='ocrx_word' id='word_1_199' title='bbox 3538 1346 3669 1404; x_wconf 74' lang='lat' dir='ltr'><strong>prte-</strong></span> 
     </span>
    </p>
   </div>
   <div class='ocr_carea' id='block_1_27' title="bbox 2061 1416 2336 1471">
    <p class='ocr_par' dir='ltr' id='par_1_27' title="bbox 2061 1416 2336 1471">
     <span class='ocr_line' id='line_1_27' title="bbox 2061 1416 2336 1471; baseline 0.007 -2"><span class='ocrx_word' id='word_1_200' title='bbox 2061 1416 2336 1471; x_wconf 85' lang='lat' dir='ltr'><strong>tulissent.</strong></span> 
     </span>
    </p>
   </div>
   <div class='ocr_carea' id='block_1_28' title="bbox 2133 1510 3667 1588">
    <p class='ocr_par' dir='ltr' id='par_1_28' title="bbox 2133 1510 3667 1588">
     <span class='ocr_line' id='line_1_28' title="bbox 2133 1510 3667 1588; baseline 0.005 -23"><span class='ocrx_word' id='word_1_201' title='bbox 2133 1510 2550 1567; x_wconf 87' lang='lat' dir='ltr'><strong>Observavimus</strong></span> <span class='ocrx_word' id='word_1_202' title='bbox 2590 1513 2724 1584; x_wconf 77' lang='lat' dir='ltr'><strong>jam,</strong></span> <span class='ocrx_word' id='word_1_203' title='bbox 2773 1522 3031 1586; x_wconf 88' lang='lat' dir='ltr'><strong>quantum</strong></span> <span class='ocrx_word' id='word_1_204' title='bbox 3064 1516 3315 1586; x_wconf 91' lang='lat' dir='ltr'><strong>equidem</strong></span> <span class='ocrx_word' id='word_1_205' title='bbox 3347 1531 3444 1588; x_wconf 90' lang='lat' dir='ltr'><strong>per</strong></span> <span class='ocrx_word' id='word_1_206' title='bbox 3469 1527 3546 1572; x_wconf 91' lang='lat' dir='ltr'><strong>tot</strong></span> <span class='ocrx_word' id='word_1_207' title='bbox 3574 1533 3667 1574; x_wconf 70' lang='grc' dir='ltr'><strong>εει-ο</strong></span> 
     </span>
    </p>
   </div>
   <div class='ocr_carea' id='block_1_29' title="bbox 2061 1604 3664 1683">
    <p class='ocr_par' dir='ltr' id='par_1_29' title="bbox 2061 1604 3664 1683">
     <span class='ocr_line' id='line_1_29' title="bbox 2061 1604 3664 1683; baseline 0.007 -25"><span class='ocrx_word' id='word_1_208' title='bbox 2061 1604 2306 1659; x_wconf 89' lang='lat' dir='ltr'><strong>culorum</strong></span> <span class='ocrx_word' id='word_1_209' title='bbox 2354 1606 2604 1662; x_wconf 80' lang='lat' dir='ltr'><strong>nebulam</strong></span> <span class='ocrx_word' id='word_1_210' title='bbox 2637 1609 2952 1678; x_wconf 85' lang='lat' dir='ltr'><strong>prospicere</strong></span> <span class='ocrx_word' id='word_1_211' title='bbox 2993 1611 3152 1666; x_wconf 90' lang='lat' dir='ltr'><strong>nobis</strong></span> <span class='ocrx_word' id='word_1_212' title='bbox 3192 1611 3362 1678; x_wconf 87' lang='lat' dir='ltr'><strong>licuit,</strong></span> <span class='ocrx_word' id='word_1_213' title='bbox 3396 1629 3556 1683; x_wconf 88' lang='lat' dir='ltr'><strong>quem</strong></span> <span class='ocrx_word' id='word_1_214' title='bbox 3608 1616 3664 1670; x_wconf 88' lang='lat' dir='ltr'><strong>in</strong></span> 
     </span>
    </p>
   </div>
   <div class='ocr_carea' id='block_1_30' title="bbox 2060 1692 3661 1774">
    <p class='ocr_par' dir='ltr' id='par_1_30' title="bbox 2060 1692 3661 1774">
     <span class='ocr_line' id='line_1_30' title="bbox 2060 1692 3661 1774; baseline 0.007 -24"><span class='ocrx_word' id='word_1_215' title='bbox 2060 1692 2281 1751; x_wconf 89' lang='lat' dir='ltr'><strong>Canoue</strong></span> <span class='ocrx_word' id='word_1_216' title='bbox 2315 1695 2640 1768; x_wconf 85' lang='lat' dir='ltr'><strong>Evangelico</strong></span> <span class='ocrx_word' id='word_1_217' title='bbox 2677 1701 3014 1769; x_wconf 85' lang='lat' dir='ltr'><strong>disponendo</strong></span> <span class='ocrx_word' id='word_1_218' title='bbox 3042 1702 3290 1758; x_wconf 82' lang='lat' dir='ltr'><strong>ordinem</strong></span> <span class='ocrx_word' id='word_1_219' title='bbox 3319 1705 3564 1774; x_wconf 71' lang='lat' dir='ltr'><strong>quzedam</strong></span> <span class='ocrx_word' id='word_1_220' title='bbox 3594 1719 3661 1761; x_wconf 84' lang='lat' dir='ltr'><strong>ex</strong></span> 
     </span>
    </p>
   </div>
   <div class='ocr_carea' id='block_1_31' title="bbox 344 1784 3667 1867">
    <p class='ocr_par' dir='ltr' id='par_1_31' title="bbox 344 1784 3667 1867">
     <span class='ocr_line' id='line_1_31' title="bbox 344 1784 3667 1867; baseline 0.002 -18"><span class='ocrx_word' id='word_1_221' title='bbox 344 1794 686 1867; x_wconf 69' lang='grc' dir='ltr'><strong>γενεοὼηίας.</strong></span> <span class='ocrx_word' id='word_1_222' title='bbox 718 1792 924 1863; x_wconf 89' lang='lat' dir='ltr'><strong>Nempe</strong></span> <span class='ocrx_word' id='word_1_223' title='bbox 945 1795 1087 1864; x_wconf 90' lang='lat' dir='ltr'><strong>quod</strong></span> <span class='ocrx_word' id='word_1_224' title='bbox 1113 1795 1252 1859; x_wconf 85' lang='lat' dir='ltr'><strong>fons,</strong></span> <span class='ocrx_word' id='word_1_225' title='bbox 1283 1794 1586 1864; x_wconf 88' lang='lat' dir='ltr'><strong>fundusque</strong></span> <span class='ocrx_word' id='word_1_226' title='bbox 1618 1794 1956 1864; x_wconf 77' lang='lat' dir='ltr'><strong>Evangelicae</strong></span> <span class='ocrx_word' id='word_1_227' title='bbox 1986 1788 2033 1850; x_wconf 84' lang='grc' dir='ltr'>Β</span> <span class='ocrx_word' id='word_1_228' title='bbox 2060 1784 2448 1854; x_wconf 83' lang='lat' dir='ltr'><strong>Orientalibus,</strong></span> <span class='ocrx_word' id='word_1_229' title='bbox 2504 1800 2614 1844; x_wconf 90' lang='lat' dir='ltr'><strong>tum</strong></span> <span class='ocrx_word' id='word_1_230' title='bbox 2666 1789 2886 1858; x_wconf 70' lang='lat' dir='ltr'><strong>Africm,</strong></span> <span class='ocrx_word' id='word_1_231' title='bbox 2937 1806 3002 1848; x_wconf 89' lang='lat' dir='ltr'><strong>ac</strong></span> <span class='ocrx_word' id='word_1_232' title='bbox 3060 1793 3357 1864; x_wconf 78' lang='lat' dir='ltr'><strong>Galliarum</strong></span> <span class='ocrx_word' id='word_1_233' title='bbox 3383 1831 3386 1833; x_wconf 49' lang='grc' dir='ltr'>λ</span> <span class='ocrx_word' id='word_1_234' title='bbox 3409 1797 3667 1854; x_wconf 71' lang='lat' dir='ltr'><strong>Ecclesiae</strong></span> 
     </span>
    </p>
   </div>
   <div class='ocr_carea' id='block_1_32' title="bbox 347 1882 1952 1969">
    <p class='ocr_par' dir='ltr' id='par_1_32' title="bbox 347 1882 1952 1969">
     <span class='ocr_line' id='line_1_32' title="bbox 347 1882 1952 1969; baseline -0.001 -31"><span class='ocrx_word' id='word_1_235' title='bbox 347 1882 596 1969; x_wconf 56' lang='lat' dir='ltr'><strong>historiae</strong></span> <span class='ocrx_word' id='word_1_236' title='bbox 623 1899 796 1969; x_wconf 72' lang='lat' dir='ltr'><strong>genus</strong></span> <span class='ocrx_word' id='word_1_237' title='bbox 821 1884 1024 1955; x_wconf 87' lang='lat' dir='ltr'><strong>Christi</strong></span> <span class='ocrx_word' id='word_1_238' title='bbox 1069 1885 1220 1956; x_wconf 74' lang='lat' dir='ltr'><strong>juxta</strong></span> <span class='ocrx_word' id='word_1_239' title='bbox 1271 1885 1454 1940; x_wconf 90' lang='lat' dir='ltr'><strong>carnis</strong></span> <span class='ocrx_word' id='word_1_240' title='bbox 1492 1883 1952 1960; x_wconf 78' lang='lat' dir='ltr'><strong>diSpensationem</strong></span> 
     </span>
    </p>
   </div>
   <div class='ocr_carea' id='block_1_33' title="bbox 346 1953 1956 2062">
    <p class='ocr_par' dir='ltr' id='par_1_33' title="bbox 346 1953 1956 2062">
     <span class='ocr_line' id='line_1_33' title="bbox 346 1953 1956 2062; baseline -0.001 -29"><span class='ocrx_word' id='word_1_241' title='bbox 346 1953 478 2062; x_wconf 59' lang='grc' dir='ltr'><strong>ξᾴξσ</strong></span> <span class='ocrx_word' id='word_1_242' title='bbox 493 1955 791 2060; x_wconf 56' lang='lat' dir='ltr'><strong>videretur,</strong></span> <span class='ocrx_word' id='word_1_243' title='bbox 814 1963 1114 2052; x_wconf 39' lang='lat' dir='ltr'><strong>propterea&quot;</strong></span> <span class='ocrx_word' id='word_1_244' title='bbox 1129 1977 1496 2056; x_wconf 75' lang='lat' dir='ltr'><strong>verosimilius</strong></span> <span class='ocrx_word' id='word_1_245' title='bbox 1519 1975 1641 2033; x_wconf 78' lang='lat' dir='ltr'><strong>esSe</strong></span> <span class='ocrx_word' id='word_1_246' title='bbox 1668 1978 1956 2048; x_wconf 83' lang='lat' dir='ltr'><strong>arbitratus</strong></span> 
     </span>
    </p>
   </div>
   <div class='ocr_carea' id='block_1_34' title="bbox 345 2051 1954 2150">
    <p class='ocr_par' dir='ltr' id='par_1_34' title="bbox 345 2051 1954 2150">
     <span class='ocr_line' id='line_1_34' title="bbox 345 2051 1954 2150; baseline -0.001 -24"><span class='ocrx_word' id='word_1_247' title='bbox 345 2051 431 2127; x_wconf 68' lang='grc' dir='ltr'><strong>ἒὲῖ</strong></span> <span class='ocrx_word' id='word_1_248' title='bbox 458 2051 734 2150; x_wconf 69' lang='lat' dir='ltr'><strong>Clemens.</strong></span> <span class='ocrx_word' id='word_1_249' title='bbox 777 2071 986 2150; x_wconf 76' lang='lat' dir='ltr'><strong>munito</strong></span> <span class='ocrx_word' id='word_1_250' title='bbox 1010 2069 1124 2150; x_wconf 83' lang='lat' dir='ltr'><strong>jam</strong></span> <span class='ocrx_word' id='word_1_251' title='bbox 1155 2085 1184 2124; x_wconf 92' lang='lat' dir='ltr'><strong>a</strong></span> <span class='ocrx_word' id='word_1_252' title='bbox 1213 2053 1464 2124; x_wconf 77' lang='lat' dir='ltr'><strong>Mattltaeo</strong></span> <span class='ocrx_word' id='word_1_253' title='bbox 1494 2085 1554 2123; x_wconf 91' lang='lat' dir='ltr'><strong>ac</strong></span> <span class='ocrx_word' id='word_1_254' title='bbox 1585 2067 1728 2124; x_wconf 90' lang='lat' dir='ltr'><strong>Luca</strong></span> <span class='ocrx_word' id='word_1_255' title='bbox 1761 2069 1954 2125; x_wconf 86' lang='lat' dir='ltr'><strong>itinere</strong></span> 
     </span>
    </p>
   </div>
   <div class='ocr_carea' id='block_1_35' title="bbox 345 2147 1956 2240">
    <p class='ocr_par' dir='ltr' id='par_1_35' title="bbox 345 2147 1956 2240">
     <span class='ocr_line' id='line_1_35' title="bbox 345 2147 1956 2240; baseline -0.001 -22"><span class='ocrx_word' id='word_1_256' title='bbox 345 2149 474 2240; x_wconf 62' lang='lat' dir='ltr'><strong>ista,</strong></span> <span class='ocrx_word' id='word_1_257' title='bbox 502 2147 929 2239; x_wconf 73' lang='lat' dir='ltr'><strong>constitutoque,</strong></span> <span class='ocrx_word' id='word_1_258' title='bbox 958 2147 1100 2232; x_wconf 81' lang='lat' dir='ltr'><strong>quod</strong></span> <span class='ocrx_word' id='word_1_259' title='bbox 1129 2163 1358 2230; x_wconf 90' lang='lat' dir='ltr'><strong>primum</strong></span> <span class='ocrx_word' id='word_1_260' title='bbox 1388 2160 1629 2215; x_wconf 90' lang='lat' dir='ltr'><strong>omnium</strong></span> <span class='ocrx_word' id='word_1_261' title='bbox 1655 2161 1956 2230; x_wconf 85' lang='lat' dir='ltr'><strong>sciriOpor-</strong></span> 
     </span>
    </p>
   </div>
   <div class='ocr_carea' id='block_1_36' title="bbox 345 2237 1949 2333">
    <p class='ocr_par' dir='ltr' id='par_1_36' title="bbox 345 2237 1949 2333">
     <span class='ocr_line' id='line_1_36' title="bbox 345 2237 1949 2333; baseline -0.004 -18"><span class='ocrx_word' id='word_1_262' title='bbox 345 2237 514 2333; x_wconf 41' lang='lat' dir='ltr'><strong>(dicit,</strong></span> <span class='ocrx_word' id='word_1_263' title='bbox 551 2237 678 2311; x_wconf 84' lang='lat' dir='ltr'><strong>tunc</strong></span> <span class='ocrx_word' id='word_1_264' title='bbox 720 2265 774 2310; x_wconf 90' lang='lat' dir='ltr'><strong>et</strong></span> <span class='ocrx_word' id='word_1_265' title='bbox 827 2257 1062 2324; x_wconf 84' lang='lat' dir='ltr'><strong>Marcum</strong></span> <span class='ocrx_word' id='word_1_266' title='bbox 1115 2253 1410 2327; x_wconf 82' lang='lat' dir='ltr'><strong>Evangelio</strong></span> <span class='ocrx_word' id='word_1_267' title='bbox 1463 2269 1562 2307; x_wconf 89' lang='lat' dir='ltr'><strong>suo</strong></span> <span class='ocrx_word' id='word_1_268' title='bbox 1620 2252 1949 2308; x_wconf 80' lang='lat' dir='ltr'><strong>incubuisse.</strong></span> 
     </span>
    </p>
   </div>
   <div class='ocr_carea' id='block_1_37' title="bbox 346 2323 1957 2417">
    <p class='ocr_par' dir='ltr' id='par_1_37' title="bbox 346 2323 1957 2417">
     <span class='ocr_line' id='line_1_37' title="bbox 346 2323 1957 2417; baseline -0.003 -13"><span class='ocrx_word' id='word_1_269' title='bbox 346 2323 486 2404; x_wconf 59' lang='lat' dir='ltr'><strong>biit</strong></span> <span class='ocrx_word' id='word_1_270' title='bbox 521 2365 552 2400; x_wconf 78' lang='grc' dir='ltr'><strong>α</strong></span> <span class='ocrx_word' id='word_1_271' title='bbox 596 2346 845 2402; x_wconf 68' lang='lat' dir='ltr'><strong>Matt/raro</strong></span> <span class='ocrx_word' id='word_1_272' title='bbox 899 2357 944 2402; x_wconf 82' lang='lat' dir='ltr'><strong>et</strong></span> <span class='ocrx_word' id='word_1_273' title='bbox 991 2345 1166 2411; x_wconf 83' lang='lat' dir='ltr'><strong>Luca;</strong></span> <span class='ocrx_word' id='word_1_274' title='bbox 1223 2323 1470 2417; x_wconf 84' lang='lat' dir='ltr'><strong>quamvis</strong></span> <span class='ocrx_word' id='word_1_275' title='bbox 1517 2345 1827 2415; x_wconf 84' lang='lat' dir='ltr'><strong>ambiguum</strong></span> <span class='ocrx_word' id='word_1_276' title='bbox 1886 2347 1957 2400; x_wconf 86' lang='lat' dir='ltr'><strong>sit</strong></span> 
     </span>
    </p>
   </div>
   <div class='ocr_carea' id='block_1_38' title="bbox 346 2435 1949 2524">
    <p class='ocr_par' dir='ltr' id='par_1_38' title="bbox 346 2435 1949 2524">
     <span class='ocr_line' id='line_1_38' title="bbox 346 2435 1949 2524; baseline -0.012 -27"><span class='ocrx_word' id='word_1_277' title='bbox 346 2439 585 2524; x_wconf 57' lang='lat' dir='ltr'><strong>huncne,</strong></span> <span class='ocrx_word' id='word_1_278' title='bbox 617 2454 686 2518; x_wconf 83' lang='lat' dir='ltr'><strong>an</strong></span> <span class='ocrx_word' id='word_1_279' title='bbox 719 2440 890 2505; x_wconf 88' lang='lat' dir='ltr'><strong>illntn,</strong></span> <span class='ocrx_word' id='word_1_280' title='bbox 940 2439 1220 2512; x_wconf 69' lang='lat' dir='ltr'><strong>prmivisse</strong></span> <span class='ocrx_word' id='word_1_281' title='bbox 1260 2435 1793 2524; x_wconf 33' lang='lat' dir='ltr'><strong>senserituClAenaieus.</strong></span> <span class='ocrx_word' id='word_1_282' title='bbox 1816 2436 1949 2514; x_wconf 62' lang='lat' dir='ltr'><strong>For‘.</strong></span> 
     </span>
    </p>
   </div>
   <div class='ocr_carea' id='block_1_39' title="bbox 345 2509 1956 2602">
    <p class='ocr_par' dir='ltr' id='par_1_39' title="bbox 345 2509 1956 2602">
     <span class='ocr_line' id='line_1_39' title="bbox 345 2509 1956 2602; baseline -0.004 -15"><span class='ocrx_word' id='word_1_283' title='bbox 345 2509 491 2589; x_wconf 50' lang='lat' dir='ltr'><strong>asse</strong></span> <span class='ocrx_word' id='word_1_284' title='bbox 525 2509 704 2588; x_wconf 65' lang='lat' dir='ltr'><strong>tamen</strong></span> <span class='ocrx_word' id='word_1_285' title='bbox 738 2531 1052 2602; x_wconf 69' lang='lat' dir='ltr'><strong>prmlnxcrit</strong></span> <span class='ocrx_word' id='word_1_286' title='bbox 1101 2513 1385 2585; x_wconf 65' lang='lat' dir='ltr'><strong>sententiae</strong></span> <span class='ocrx_word' id='word_1_287' title='bbox 1429 2509 1665 2602; x_wconf 52' lang='grc' dir='ltr'><strong>ῖξιῖιιθιῖιῖιῗ</strong></span> <span class='ocrx_word' id='word_1_288' title='bbox 1694 2511 1956 2599; x_wconf 69' lang='grc' dir='ltr'><strong>’ριιὶ“”ῐ)ἳ’ἰ-’-</strong></span> 
     </span>
    </p>
   </div>
   <div class='ocr_carea' id='block_1_40' title="bbox 345 2604 1952 2690">
    <p class='ocr_par' dir='ltr' id='par_1_40' title="bbox 345 2604 1952 2690">
     <span class='ocr_line' id='line_1_40' title="bbox 345 2604 1952 2690; baseline -0.003 -10"><span class='ocrx_word' id='word_1_289' title='bbox 345 2604 492 2680; x_wconf 76' lang='lat' dir='ltr'><strong>innin</strong></span> <span class='ocrx_word' id='word_1_290' title='bbox 542 2613 685 2679; x_wconf 76' lang='lat' dir='ltr'><strong>ante</strong></span> <span class='ocrx_word' id='word_1_291' title='bbox 723 2623 859 2678; x_wconf 82' lang='lat' dir='ltr'><strong>alios</strong></span> <span class='ocrx_word' id='word_1_292' title='bbox 902 2624 953 2678; x_wconf 92' lang='lat' dir='ltr'><strong>in</strong></span> <span class='ocrx_word' id='word_1_293' title='bbox 1015 2621 1302 2678; x_wconf 87' lang='lat' dir='ltr'><strong>scribenda</strong></span> <span class='ocrx_word' id='word_1_294' title='bbox 1364 2622 1680 2690; x_wconf 81' lang='lat' dir='ltr'><strong>Evangelica</strong></span> <span class='ocrx_word' id='word_1_295' title='bbox 1731 2621 1952 2675; x_wconf 84' lang='lat' dir='ltr'><strong>historia</strong></span> 
     </span>
    </p>
   </div>
   <div class='ocr_carea' id='block_1_41' title="bbox 345 2697 1956 2797">
    <p class='ocr_par' dir='ltr' id='par_1_41' title="bbox 345 2697 1956 2797">
     <span class='ocr_line' id='line_1_41' title="bbox 345 2697 1956 2797; baseline -0.005 -21"><span class='ocrx_word' id='word_1_296' title='bbox 345 2697 515 2796; x_wconf 64' lang='lat' dir='ltr'><strong>fuisse</strong></span> <span class='ocrx_word' id='word_1_297' title='bbox 562 2717 767 2775; x_wconf 87' lang='lat' dir='ltr'><strong>Lucam</strong></span> <span class='ocrx_word' id='word_1_298' title='bbox 815 2718 1166 2773; x_wconf 85' lang='lat' dir='ltr'><strong>arbitrantur.</strong></span> <span class='ocrx_word' id='word_1_299' title='bbox 1200 2703 1352 2786; x_wconf 84' lang='lat' dir='ltr'><strong>Quos</strong></span> <span class='ocrx_word' id='word_1_300' title='bbox 1380 2717 1519 2797; x_wconf 69' lang='lat' dir='ltr'><strong>inter</strong></span> <span class='ocrx_word' id='word_1_301' title='bbox 1543 2713 1661 2797; x_wconf 53' lang='lat' dir='ltr'><strong>fitio‘</strong></span> <span class='ocrx_word' id='word_1_302' title='bbox 1685 2701 1956 2797; x_wconf 21' lang='lat' dir='ltr'><strong>eﬁpr&#39;o&#39;tle&#39;s:</strong></span> 
     </span>
    </p>
   </div>
   <div class='ocr_carea' id='block_1_42' title="bbox 349 2787 1960 2888">
    <p class='ocr_par' dir='ltr' id='par_1_42' title="bbox 349 2787 1960 2888">
     <span class='ocr_line' id='line_1_42' title="bbox 349 2787 1960 2888; baseline -0.003 -24"><span class='ocrx_word' id='word_1_303' title='bbox 349 2793 587 2888; x_wconf 53' lang='lat' dir='ltr'><strong>fantibus</strong></span> <span class='ocrx_word' id='word_1_304' title='bbox 613 2827 701 2864; x_wconf 87' lang='lat' dir='ltr'><strong>vv.</strong></span> <span class='ocrx_word' id='word_1_305' title='bbox 726 2824 810 2865; x_wconf 89' lang='lat' dir='ltr'><strong>cc.</strong></span> <span class='ocrx_word' id='word_1_306' title='bbox 839 2809 1162 2882; x_wconf 87' lang='lat' dir='ltr'><strong>Basnagius,</strong></span> <span class='ocrx_word' id='word_1_307' title='bbox 1193 2811 1247 2862; x_wconf 86' lang='lat' dir='ltr'><strong>et</strong></span> <span class='ocrx_word' id='word_1_308' title='bbox 1272 2787 1663 2864; x_wconf 37' lang='lat' dir='ltr'><strong>Clerit&#39;us‘flfic</strong></span> <span class='ocrx_word' id='word_1_309' title='bbox 1701 2791 1855 2860; x_wconf 48' lang='lat' dir='ltr'><strong>enim&quot;</strong></span> <span class='ocrx_word' id='word_1_310' title='bbox 1885 2788 1960 2860; x_wconf 74' lang='lat' dir='ltr'><strong>ad</strong></span> 
     </span>
    </p>
   </div>
   <div class='ocr_carea' id='block_1_43' title="bbox 346 2879 1951 2980">
    <p class='ocr_par' dir='ltr' id='par_1_43' title="bbox 346 2879 1951 2980">
     <span class='ocr_line' id='line_1_43' title="bbox 346 2879 1951 2980; baseline -0.003 -23"><span class='ocrx_word' id='word_1_311' title='bbox 346 2879 618 2980; x_wconf 46' lang='lat' dir='ltr'><strong>iis—Mm</strong></span> <span class='ocrx_word' id='word_1_312' title='bbox 663 2897 874 2967; x_wconf 68' lang='lat' dir='ltr'><strong>locum,&quot;</strong></span> <span class='ocrx_word' id='word_1_313' title='bbox 902 2901 954 2956; x_wconf 91' lang='lat' dir='ltr'><strong>in</strong></span> <span class='ocrx_word' id='word_1_314' title='bbox 977 2879 1087 2979; x_wconf 77' lang='lat' dir='ltr'><strong>quo</strong></span> <span class='ocrx_word' id='word_1_315' title='bbox 1131 2899 1442 2954; x_wconf 64' lang='lat' dir='ltr'><strong>Manlii-rum</strong></span> <span class='ocrx_word' id='word_1_316' title='bbox 1488 2897 1951 2970; x_wconf 79' lang='lat' dir='ltr'><strong>Evangelistarum</strong></span> 
     </span>
    </p>
   </div>
   <div class='ocr_carea' id='block_1_44' title="bbox 344 2979 1954 3070">
    <p class='ocr_par' dir='ltr' id='par_1_44' title="bbox 344 2979 1954 3070">
     <span class='ocr_line' id='line_1_44' title="bbox 344 2979 1954 3070; baseline -0.003 -20"><span class='ocrx_word' id='word_1_317' title='bbox 344 2979 709 3070; x_wconf 72' lang='lat' dir='ltr'><strong>antiquiorem</strong></span> <span class='ocrx_word' id='word_1_318' title='bbox 759 2985 1090 3059; x_wconf 83' lang='lat' dir='ltr'><strong>asseruerat,</strong></span> <span class='ocrx_word' id='word_1_319' title='bbox 1148 2993 1251 3070; x_wconf 83' lang='lat' dir='ltr'><strong>hoc</strong></span> <span class='ocrx_word' id='word_1_320' title='bbox 1281 2993 1527 3064; x_wconf 87' lang='lat' dir='ltr'><strong>nuspiam</strong></span> <span class='ocrx_word' id='word_1_321' title='bbox 1570 2991 1851 3062; x_wconf 90' lang='lat' dir='ltr'><strong>probatum</strong></span> <span class='ocrx_word' id='word_1_322' title='bbox 1895 3005 1954 3045; x_wconf 90' lang='lat' dir='ltr'><strong>se</strong></span> 
     </span>
    </p>
   </div>
   <div class='ocr_carea' id='block_1_45' title="bbox 342 3067 1953 3165">
    <p class='ocr_par' dir='ltr' id='par_1_45' title="bbox 342 3067 1953 3165">
     <span class='ocr_line' id='line_1_45' title="bbox 342 3067 1953 3165; baseline -0.004 -19"><span class='ocrx_word' id='word_1_323' title='bbox 342 3067 548 3164; x_wconf 54' lang='lat' dir='ltr'><strong>vidisse</strong></span> <span class='ocrx_word' id='word_1_324' title='bbox 588 3067 664 3146; x_wconf 81' lang='lat' dir='ltr'><strong>ait</strong></span> <span class='ocrx_word' id='word_1_325' title='bbox 696 3088 941 3165; x_wconf 73' lang='lat' dir='ltr'><strong>(Dissert.</strong></span> <span class='ocrx_word' id='word_1_326' title='bbox 975 3105 1053 3157; x_wconf 86' lang='lat' dir='ltr'><strong>tu,</strong></span> <span class='ocrx_word' id='word_1_327' title='bbox 1087 3067 1159 3142; x_wconf 16' lang='lat' dir='ltr'><strong>de:</strong></span> <span class='ocrx_word' id='word_1_328' title='bbox 1198 3104 1247 3142; x_wconf 85' lang='lat' dir='ltr'><strong>iV</strong></span> <span class='ocrx_word' id='word_1_329' title='bbox 1307 3073 1624 3158; x_wconf 81' lang='lat' dir='ltr'><strong>Evangeliis,</strong></span> <span class='ocrx_word' id='word_1_330' title='bbox 1657 3087 1726 3140; x_wconf 86' lang='lat' dir='ltr'><strong>ad</strong></span> <span class='ocrx_word' id='word_1_331' title='bbox 1764 3086 1953 3140; x_wconf 84' lang='lat' dir='ltr'><strong>calcem</strong></span> 
     </span>
    </p>
   </div>
   <div class='ocr_carea' id='block_1_46' title="bbox 2062 1881 3665 1958">
    <p class='ocr_par' dir='ltr' id='par_1_46' title="bbox 2062 1881 3665 1958">
     <span class='ocr_line' id='line_1_46' title="bbox 2062 1881 3665 1958; baseline 0.009 -26"><span class='ocrx_word' id='word_1_332' title='bbox 2062 1881 2460 1948; x_wconf 85' lang='lat' dir='ltr'><strong>usurpaverint.</strong></span> <span class='ocrx_word' id='word_1_333' title='bbox 2509 1882 2696 1938; x_wconf 84' lang='lat' dir='ltr'><strong>Manus</strong></span> <span class='ocrx_word' id='word_1_334' title='bbox 2737 1893 2917 1940; x_wconf 88' lang='lat' dir='ltr'><strong>tamen</strong></span> <span class='ocrx_word' id='word_1_335' title='bbox 2970 1901 3001 1942; x_wconf 88' lang='lat' dir='ltr'><strong>e</strong></span> <span class='ocrx_word' id='word_1_336' title='bbox 3047 1889 3275 1958; x_wconf 82' lang='lat' dir='ltr'><strong>vestigio</strong></span> <span class='ocrx_word' id='word_1_337' title='bbox 3315 1890 3423 1946; x_wconf 85' lang='lat' dir='ltr'><strong>illis</strong></span> <span class='ocrx_word' id='word_1_338' title='bbox 3461 1891 3665 1957; x_wconf 82' lang='lat' dir='ltr'><strong>daturi,</strong></span> 
     </span>
    </p>
   </div>
   <div class='ocr_carea' id='block_1_47' title="bbox 2061 1973 3665 2050">
    <p class='ocr_par' dir='ltr' id='par_1_47' title="bbox 2061 1973 3665 2050">
     <span class='ocr_line' id='line_1_47' title="bbox 2061 1973 3665 2050; baseline 0.009 -25"><span class='ocrx_word' id='word_1_339' title='bbox 2061 1973 2151 2042; x_wconf 82' lang='lat' dir='ltr'><strong>qui</strong></span> <span class='ocrx_word' id='word_1_340' title='bbox 2184 1988 2282 2028; x_wconf 91' lang='lat' dir='ltr'><strong>nos</strong></span> <span class='ocrx_word' id='word_1_341' title='bbox 2325 1991 2422 2043; x_wconf 87' lang='lat' dir='ltr'><strong>per</strong></span> <span class='ocrx_word' id='word_1_342' title='bbox 2463 1976 2675 2032; x_wconf 87' lang='lat' dir='ltr'><strong>deserta</strong></span> <span class='ocrx_word' id='word_1_343' title='bbox 2707 1977 2826 2033; x_wconf 68' lang='lat' dir='ltr'><strong>haec</strong></span> <span class='ocrx_word' id='word_1_344' title='bbox 2857 1981 2972 2033; x_wconf 88' lang='lat' dir='ltr'><strong>l&#39;oca</strong></span> <span class='ocrx_word' id='word_1_345' title='bbox 3021 1981 3360 2050; x_wconf 81' lang='lat' dir='ltr'><strong>gradientes,</strong></span> <span class='ocrx_word' id='word_1_346' title='bbox 3396 1983 3444 2038; x_wconf 88' lang='lat' dir='ltr'><strong>si</strong></span> <span class='ocrx_word' id='word_1_347' title='bbox 3486 1978 3665 2040; x_wconf 78' lang='lat' dir='ltr'><strong>minus</strong></span> 
     </span>
    </p>
   </div>
   <div class='ocr_carea' id='block_1_48' title="bbox 2061 2069 3664 2140">
    <p class='ocr_par' dir='ltr' id='par_1_48' title="bbox 2061 2069 3664 2140">
     <span class='ocr_line' id='line_1_48' title="bbox 2061 2069 3664 2140; baseline 0.008 -21"><span class='ocrx_word' id='word_1_348' title='bbox 2061 2080 2246 2121; x_wconf 87' lang='lat' dir='ltr'><strong>verum</strong></span> <span class='ocrx_word' id='word_1_349' title='bbox 2271 2111 2286 2134; x_wconf 94' lang='lat'><strong>,</strong></span> <span class='ocrx_word' id='word_1_350' title='bbox 2314 2078 2372 2123; x_wconf 90' lang='lat' dir='ltr'><strong>at</strong></span> <span class='ocrx_word' id='word_1_351' title='bbox 2397 2069 2588 2126; x_wconf 87' lang='lat' dir='ltr'><strong>saltem</strong></span> <span class='ocrx_word' id='word_1_352' title='bbox 2617 2071 2759 2140; x_wconf 84' lang='lat' dir='ltr'><strong>quod</strong></span> <span class='ocrx_word' id='word_1_353' title='bbox 2806 2074 3168 2127; x_wconf 84' lang='lat' dir='ltr'><strong>verosimilius</strong></span> <span class='ocrx_word' id='word_1_354' title='bbox 3197 2076 3268 2130; x_wconf 87' lang='lat' dir='ltr'><strong>sit</strong></span> <span class='ocrx_word' id='word_1_355' title='bbox 3299 2075 3529 2131; x_wconf 81' lang='lat' dir='ltr'><strong>fortasse</strong></span> <span class='ocrx_word' id='word_1_356' title='bbox 3556 2069 3664 2132; x_wconf 85' lang='lat' dir='ltr'><strong>non</strong></span> 
     </span>
    </p>
   </div>
   <div class='ocr_carea' id='block_1_49' title="bbox 2059 2157 3665 2239">
    <p class='ocr_par' dir='ltr' id='par_1_49' title="bbox 2059 2157 3665 2239">
     <span class='ocr_line' id='line_1_49' title="bbox 2059 2157 3665 2239; baseline 0.007 -27"><span class='ocrx_word' id='word_1_357' title='bbox 2059 2157 2350 2218; x_wconf 78' lang='lat' dir='ltr'><strong>adsecutos</strong></span> <span class='ocrx_word' id='word_1_358' title='bbox 2385 2162 2436 2215; x_wconf 94' lang='lat' dir='ltr'><strong>in</strong></span> <span class='ocrx_word' id='word_1_359' title='bbox 2471 2163 2612 2216; x_wconf 87' lang='lat' dir='ltr'><strong>viam</strong></span> <span class='ocrx_word' id='word_1_360' title='bbox 2640 2163 2932 2218; x_wconf 77' lang='lat' dir='ltr'><strong>reduxerit.</strong></span> <span class='ocrx_word' id='word_1_361' title='bbox 2970 2165 3046 2222; x_wconf 84' lang='lat' dir='ltr'><strong>De</strong></span> <span class='ocrx_word' id='word_1_362' title='bbox 3074 2167 3240 2221; x_wconf 80' lang='lat' dir='ltr'><strong>Italiae</strong></span> <span class='ocrx_word' id='word_1_363' title='bbox 3270 2179 3489 2234; x_wconf 71' lang='lat' dir='ltr'><strong>nostrae,</strong></span> <span class='ocrx_word' id='word_1_364' title='bbox 3526 2185 3665 2239; x_wconf 75' lang='lat' dir='ltr'><strong>prm-</strong></span> 
     </span>
    </p>
   </div>
   <div class='ocr_carea' id='block_1_50' title="bbox 2060 2253 3672 2326">
    <p class='ocr_par' dir='ltr' id='par_1_50' title="bbox 2060 2253 3672 2326">
     <span class='ocr_line' id='line_1_50' title="bbox 2060 2253 3672 2326; baseline 0.006 -20"><span class='ocrx_word' id='word_1_365' title='bbox 2060 2253 2272 2317; x_wconf 83' lang='lat' dir='ltr'><strong>sertim,</strong></span> <span class='ocrx_word' id='word_1_366' title='bbox 2326 2253 2396 2309; x_wconf 88' lang='lat' dir='ltr'><strong>de</strong></span> <span class='ocrx_word' id='word_1_367' title='bbox 2444 2253 2674 2308; x_wconf 90' lang='lat' dir='ltr'><strong>aliarum</strong></span> <span class='ocrx_word' id='word_1_368' title='bbox 2705 2256 2945 2310; x_wconf 91' lang='lat' dir='ltr'><strong>omnium</strong></span> <span class='ocrx_word' id='word_1_369' title='bbox 2997 2259 3238 2326; x_wconf 90' lang='lat' dir='ltr'><strong>principe</strong></span> <span class='ocrx_word' id='word_1_370' title='bbox 3281 2260 3527 2315; x_wconf 84' lang='lat' dir='ltr'><strong>Ecclesia</strong></span> <span class='ocrx_word' id='word_1_371' title='bbox 3565 2260 3672 2316; x_wconf 84' lang='lat' dir='ltr'><strong>Ro-</strong></span> 
     </span>
    </p>
   </div>
   <div class='ocr_carea' id='block_1_51' title="bbox 2060 2344 3664 2414">
    <p class='ocr_par' dir='ltr' id='par_1_51' title="bbox 2060 2344 3664 2414">
     <span class='ocr_line' id='line_1_51' title="bbox 2060 2344 3664 2414; baseline 0.006 -18"><span class='ocrx_word' id='word_1_372' title='bbox 2060 2356 2219 2396; x_wconf 90' lang='lat' dir='ltr'><strong>mana</strong></span> <span class='ocrx_word' id='word_1_373' title='bbox 2239 2344 2365 2413; x_wconf 87' lang='lat' dir='ltr'><strong>quid</strong></span> <span class='ocrx_word' id='word_1_374' title='bbox 2390 2346 2662 2413; x_wconf 84' lang='lat' dir='ltr'><strong>eonjicere</strong></span> <span class='ocrx_word' id='word_1_375' title='bbox 2689 2347 2744 2399; x_wconf 91' lang='lat' dir='ltr'><strong>in</strong></span> <span class='ocrx_word' id='word_1_376' title='bbox 2770 2346 2992 2414; x_wconf 73' lang='lat' dir='ltr'><strong>proclivi</strong></span> <span class='ocrx_word' id='word_1_377' title='bbox 3012 2348 3102 2411; x_wconf 90' lang='lat' dir='ltr'><strong>sit,</strong></span> <span class='ocrx_word' id='word_1_378' title='bbox 3128 2348 3298 2404; x_wconf 88' lang='lat' dir='ltr'><strong>fateor</strong></span> <span class='ocrx_word' id='word_1_379' title='bbox 3320 2365 3407 2405; x_wconf 91' lang='lat' dir='ltr'><strong>me</strong></span> <span class='ocrx_word' id='word_1_380' title='bbox 3432 2353 3664 2406; x_wconf 88' lang='lat' dir='ltr'><strong>nescire.</strong></span> 
     </span>
    </p>
   </div>
   <div class='ocr_carea' id='block_1_52' title="bbox 2057 2421 3666 2508">
    <p class='ocr_par' dir='ltr' id='par_1_52' title="bbox 2057 2421 3666 2508">
     <span class='ocr_line' id='line_1_52' title="bbox 2057 2421 3666 2508; baseline 0.007 -21"><span class='ocrx_word' id='word_1_381' title='bbox 2057 2421 2528 2503; x_wconf 62' lang='lat' dir='ltr'><strong>Qimtnt&#39;isieitim&quot;</strong></span> <span class='ocrx_word' id='word_1_382' title='bbox 2559 2440 2609 2492; x_wconf 79' lang='lat' dir='ltr'><strong>in</strong></span> <span class='ocrx_word' id='word_1_383' title='bbox 2655 2440 2874 2495; x_wconf 89' lang='lat' dir='ltr'><strong>Cauone</strong></span> <span class='ocrx_word' id='word_1_384' title='bbox 2921 2455 3023 2494; x_wconf 89' lang='lat' dir='ltr'><strong>suo</strong></span> <span class='ocrx_word' id='word_1_385' title='bbox 3067 2440 3374 2496; x_wconf 76' lang='lat' dir='ltr'><strong>Matthteum</strong></span> <span class='ocrx_word' id='word_1_386' title='bbox 3415 2442 3568 2508; x_wconf 91' lang='lat' dir='ltr'><strong>olim,</strong></span> <span class='ocrx_word' id='word_1_387' title='bbox 3601 2457 3666 2498; x_wconf 89' lang='lat' dir='ltr'><strong>ac</strong></span> 
     </span>
    </p>
   </div>
   <div class='ocr_carea' id='block_1_53' title="bbox 2058 2522 3668 2602">
    <p class='ocr_par' dir='ltr' id='par_1_53' title="bbox 2058 2522 3668 2602">
     <span class='ocr_line' id='line_1_53' title="bbox 2058 2522 3668 2602; baseline 0.002 -13"><span class='ocrx_word' id='word_1_388' title='bbox 2058 2522 2366 2598; x_wconf 62' lang='lat' dir='ltr'><strong>Manen;</strong></span> <span class='ocrx_word' id='word_1_389' title='bbox 2400 2529 2610 2588; x_wconf 77' lang='lat' dir='ltr'><strong>ratione</strong></span> <span class='ocrx_word' id='word_1_390' title='bbox 2652 2533 2833 2586; x_wconf 85' lang='lat' dir='ltr'><strong>habita</strong></span> <span class='ocrx_word' id='word_1_391' title='bbox 2879 2533 3234 2602; x_wconf 90' lang='lat' dir='ltr'><strong>apostolatus,</strong></span> <span class='ocrx_word' id='word_1_392' title='bbox 3289 2533 3498 2590; x_wconf 86' lang='lat' dir='ltr'><strong>duobus</strong></span> <span class='ocrx_word' id='word_1_393' title='bbox 3549 2535 3668 2592; x_wconf 89' lang='lat' dir='ltr'><strong>aliis</strong></span> 
     </span>
    </p>
   </div>
   <div class='ocr_carea' id='block_1_54' title="bbox 2061 2625 3669 2713">
    <p class='ocr_par' dir='ltr' id='par_1_54' title="bbox 2061 2625 3669 2713">
     <span class='ocr_line' id='line_1_54' title="bbox 2061 2625 3669 2713; baseline 0.004 -34"><span class='ocrx_word' id='word_1_394' title='bbox 2061 2625 2322 2695; x_wconf 67' lang='lat' dir='ltr'><strong>praeferre</strong></span> <span class='ocrx_word' id='word_1_395' title='bbox 2354 2626 2614 2713; x_wconf 65' lang='lat' dir='ltr'><strong>potuerit,-</strong></span> <span class='ocrx_word' id='word_1_396' title='bbox 2658 2626 2818 2696; x_wconf 81' lang='lat' dir='ltr'><strong>idque</strong></span> <span class='ocrx_word' id='word_1_397' title='bbox 2862 2642 2930 2682; x_wconf 91' lang='lat' dir='ltr'><strong>eo</strong></span> <span class='ocrx_word' id='word_1_398' title='bbox 2959 2627 3212 2697; x_wconf 85' lang='lat' dir='ltr'><strong>amplius,</strong></span> <span class='ocrx_word' id='word_1_399' title='bbox 3246 2629 3388 2698; x_wconf 88' lang='lat' dir='ltr'><strong>quod</strong></span> <span class='ocrx_word' id='word_1_400' title='bbox 3434 2630 3669 2686; x_wconf 86' lang='lat' dir='ltr'><strong>Joannes</strong></span> 
     </span>
    </p>
   </div>
   <div class='ocr_carea' id='block_1_55' title="bbox 2059 2707 3668 2794">
    <p class='ocr_par' dir='ltr' id='par_1_55' title="bbox 2059 2707 3668 2794">
     <span class='ocr_line' id='line_1_55' title="bbox 2059 2707 3668 2794; baseline 0.002 -20"><span class='ocrx_word' id='word_1_401' title='bbox 2059 2709 2116 2774; x_wconf 72' lang='lat' dir='ltr'><strong>et</strong></span> <span class='ocrx_word' id='word_1_402' title='bbox 2143 2707 2334 2774; x_wconf 69' lang='lat' dir='ltr'><strong>iide</strong></span> <span class='ocrx_word' id='word_1_403' title='bbox 2357 2707 2716 2783; x_wconf 52' lang='grc' dir='ltr'><strong>ἰῗιρίινίιιρθιυίὴ</strong></span> <span class='ocrx_word' id='word_1_404' title='bbox 2748 2721 2963 2790; x_wconf 79' lang='lat' dir='ltr'><strong>igneum</strong></span> <span class='ocrx_word' id='word_1_405' title='bbox 3001 2722 3179 2777; x_wconf 91' lang='lat' dir='ltr'><strong>oleum</strong></span> <span class='ocrx_word' id='word_1_406' title='bbox 3206 2764 3220 2787; x_wconf 92' lang='lat'><strong>,</strong></span> <span class='ocrx_word' id='word_1_407' title='bbox 3250 2732 3311 2777; x_wconf 88' lang='lat' dir='ltr'><strong>ut</strong></span> <span class='ocrx_word' id='word_1_408' title='bbox 3338 2723 3508 2794; x_wconf 90' lang='lat' dir='ltr'><strong>inquit</strong></span> <span class='ocrx_word' id='word_1_409' title='bbox 3530 2723 3668 2778; x_wconf 90' lang='lat' dir='ltr'><strong>Ter-</strong></span> 
     </span>
    </p>
   </div>
   <div class='ocr_carea' id='block_1_56' title="bbox 2060 2797 3669 2885">
    <p class='ocr_par' dir='ltr' id='par_1_56' title="bbox 2060 2797 3669 2885">
     <span class='ocr_line' id='line_1_56' title="bbox 2060 2797 3669 2885; baseline 0.004 -20"><span class='ocrx_word' id='word_1_410' title='bbox 2060 2797 2317 2866; x_wconf 76' lang='lat' dir='ltr'><strong>ttillianits</strong></span> <span class='ocrx_word' id='word_1_411' title='bbox 2341 2811 2645 2882; x_wconf 83' lang='lat' dir='ltr'><strong>(perperam</strong></span> <span class='ocrx_word' id='word_1_412' title='bbox 2669 2811 2963 2868; x_wconf 84' lang='lat' dir='ltr'><strong>Vaticanus</strong></span> <span class='ocrx_word' id='word_1_413' title='bbox 2989 2813 3218 2885; x_wconf 83' lang='lat' dir='ltr'><strong>Nysseni</strong></span> <span class='ocrx_word' id='word_1_414' title='bbox 3249 2815 3419 2870; x_wconf 79' lang='lat' dir='ltr'><strong>codex</strong></span> <span class='ocrx_word' id='word_1_415' title='bbox 3451 2817 3512 2871; x_wconf 84' lang='lat' dir='ltr'><strong>in&#39;</strong></span> <span class='ocrx_word' id='word_1_416' title='bbox 3555 2815 3669 2871; x_wconf 88' lang='lat' dir='ltr'><strong>lau—</strong></span> 
     </span>
    </p>
   </div>
   <div class='ocr_carea' id='block_1_57' title="bbox 2058 2901 3668 2969">
    <p class='ocr_par' dir='ltr' id='par_1_57' title="bbox 2058 2901 3668 2969">
     <span class='ocr_line' id='line_1_57' title="bbox 2058 2901 3668 2969; baseline 0.003 -12"><span class='ocrx_word' id='word_1_417' title='bbox 2058 2901 2275 2958; x_wconf 88' lang='lat' dir='ltr'><strong>datione</strong></span> <span class='ocrx_word' id='word_1_418' title='bbox 2303 2903 2470 2960; x_wconf 89' lang='lat' dir='ltr'><strong>altera</strong></span> <span class='ocrx_word' id='word_1_419' title='bbox 2500 2904 2674 2959; x_wconf 89' lang='lat' dir='ltr'><strong>sancti</strong></span> <span class='ocrx_word' id='word_1_420' title='bbox 2705 2903 2963 2969; x_wconf 84' lang='lat' dir='ltr'><strong>Stephani</strong></span> <span class='ocrx_word' id='word_1_421' title='bbox 3000 2905 3143 2959; x_wconf 90' lang='lat' dir='ltr'><strong>inter</strong></span> <span class='ocrx_word' id='word_1_422' title='bbox 3181 2918 3528 2960; x_wconf 88' lang='lat' dir='ltr'><strong>monumenta</strong></span> <span class='ocrx_word' id='word_1_423' title='bbox 3563 2906 3668 2962; x_wconf 88' lang='lat' dir='ltr'><strong>Ec-</strong></span> 
     </span>
    </p>
   </div>
   <div class='ocr_carea' id='block_1_58' title="bbox 2058 2991 3666 3074">
    <p class='ocr_par' dir='ltr' id='par_1_58' title="bbox 2058 2991 3666 3074">
     <span class='ocr_line' id='line_1_58' title="bbox 2058 2991 3666 3074; baseline 0.004 -26"><span class='ocrx_word' id='word_1_424' title='bbox 2058 2992 2243 3049; x_wconf 74' lang='lat' dir='ltr'><strong>clesiae</strong></span> <span class='ocrx_word' id='word_1_425' title='bbox 2293 2991 2500 3049; x_wconf 62' lang='lat' dir='ltr'><strong>Graeca:</strong></span> <span class='ocrx_word' id='word_1_426' title='bbox 2552 3009 2582 3048; x_wconf 88' lang='lat' dir='ltr'><strong>a</strong></span> <span class='ocrx_word' id='word_1_427' title='bbox 2631 2993 2698 3049; x_wconf 92' lang='lat' dir='ltr'><strong>cl.</strong></span> <span class='ocrx_word' id='word_1_428' title='bbox 2764 2993 3035 3066; x_wconf 82' lang='lat' dir='ltr'><strong>Zacagoio</strong></span> <span class='ocrx_word' id='word_1_429' title='bbox 3081 2998 3226 3052; x_wconf 85' lang='lat' dir='ltr'><strong>edita</strong></span> <span class='ocrx_word' id='word_1_430' title='bbox 3259 3001 3330 3060; x_wconf 81' lang='grc' dir='ltr'><strong>εἰς</strong></span> <span class='ocrx_word' id='word_1_431' title='bbox 3356 2999 3526 3074; x_wconf 76' lang='grc' dir='ltr'><strong>ὕδωρ)</strong></span> <span class='ocrx_word' id='word_1_432' title='bbox 3559 2999 3666 3061; x_wconf 64' lang='grc' dir='ltr'><strong>,ἀθ-</strong></span> 
     </span>
    </p>
   </div>
   <div class='ocr_carea' id='block_1_59' title="bbox 2059 3089 3662 3163">
    <p class='ocr_par' dir='ltr' id='par_1_59' title="bbox 2059 3089 3662 3163">
     <span class='ocr_line' id='line_1_59' title="bbox 2059 3089 3662 3163; baseline 0.002 -20"><span class='ocrx_word' id='word_1_433' title='bbox 2059 3103 2272 3144; x_wconf 85' lang='lat' dir='ltr'><strong>mersus</strong></span> <span class='ocrx_word' id='word_1_434' title='bbox 2329 3089 2452 3144; x_wconf 85' lang='lat' dir='ltr'><strong>lidei</strong></span> <span class='ocrx_word' id='word_1_435' title='bbox 2494 3089 2858 3144; x_wconf 88' lang='lat' dir='ltr'><strong>testimonium</strong></span> <span class='ocrx_word' id='word_1_436' title='bbox 2899 3089 3196 3146; x_wconf 83' lang='lat' dir='ltr'><strong>reddiderit</strong></span> <span class='ocrx_word' id='word_1_437' title='bbox 3237 3093 3324 3162; x_wconf 81' lang='lat' dir='ltr'><strong>(de</strong></span> <span class='ocrx_word' id='word_1_438' title='bbox 3358 3093 3662 3163; x_wconf 70' lang='lat' dir='ltr'><strong>Prwscrt&#39;pt.</strong></span> 
     </span>
    </p>
   </div>
   <div class='ocr_carea' id='block_1_60' title="bbox 347 3167 3669 3276">
    <p class='ocr_par' dir='ltr' id='par_1_60' title="bbox 347 3167 3669 3276">
     <span class='ocr_line' id='line_1_60' title="bbox 347 3167 3669 3276; baseline 0.002 -41"><span class='ocrx_word' id='word_1_439' title='bbox 347 3167 608 3276; x_wconf 50' lang='lat' dir='ltr'><strong>Eurotan.</strong></span> <span class='ocrx_word' id='word_1_440' title='bbox 659 3179 1035 3254; x_wconf 73' lang='lat' dir='ltr'><strong>Evangelicw).</strong></span> <span class='ocrx_word' id='word_1_441' title='bbox 1070 3182 1200 3249; x_wconf 63' lang='lat' dir='ltr'><strong>Quae</strong></span> <span class='ocrx_word' id='word_1_442' title='bbox 1229 3167 1371 3236; x_wconf 86' lang='lat' dir='ltr'><strong>enim</strong></span> <span class='ocrx_word' id='word_1_443' title='bbox 1403 3178 1576 3235; x_wconf 66' lang='grc' dir='ltr'><strong>(ἕτωεί</strong></span> <span class='ocrx_word' id='word_1_444' title='bbox 1623 3179 1957 3234; x_wconf 88' lang='lat' dir='ltr'><strong>recentiores</strong></span> <span class='ocrx_word' id='word_1_445' title='bbox 1982 3175 2028 3238; x_wconf 90' lang='lat' dir='ltr'><strong>C</strong></span> <span class='ocrx_word' id='word_1_446' title='bbox 2064 3181 2262 3237; x_wconf 73' lang='lat' dir='ltr'><strong>litaret.</strong></span> <span class='ocrx_word' id='word_1_447' title='bbox 2293 3198 2409 3253; x_wconf 79' lang='lat' dir='ltr'><strong>cap.</strong></span> <span class='ocrx_word' id='word_1_448' title='bbox 2442 3181 2559 3252; x_wconf 82' lang='lat'><strong>&#39;58);</strong></span> <span class='ocrx_word' id='word_1_449' title='bbox 2589 3181 2658 3256; x_wconf 84' lang='lat' dir='ltr'><strong>de</strong></span> <span class='ocrx_word' id='word_1_450' title='bbox 2686 3182 2855 3249; x_wconf 84' lang='lat' dir='ltr'><strong>Luca,</strong></span> <span class='ocrx_word' id='word_1_451' title='bbox 2885 3190 3064 3240; x_wconf 87' lang='lat' dir='ltr'><strong>tamen</strong></span> <span class='ocrx_word' id='word_1_452' title='bbox 3093 3199 3156 3240; x_wconf 88' lang='lat' dir='ltr'><strong>ac</strong></span> <span class='ocrx_word' id='word_1_453' title='bbox 3184 3185 3364 3242; x_wconf 77' lang='lat' dir='ltr'><strong>Marco</strong></span> <span class='ocrx_word' id='word_1_454' title='bbox 3393 3194 3476 3240; x_wconf 86' lang='lat' dir='ltr'><strong>est</strong></span> <span class='ocrx_word' id='word_1_455' title='bbox 3503 3186 3669 3240; x_wconf 85' lang='lat' dir='ltr'><strong>utrin-</strong></span> 
     </span>
    </p>
   </div>
   <div class='ocr_carea' id='block_1_61' title="bbox 345 3261 1955 3354">
    <p class='ocr_par' dir='ltr' id='par_1_61' title="bbox 345 3261 1955 3354">
     <span class='ocr_line' id='line_1_61' title="bbox 345 3261 1955 3354; baseline -0.002 -24"><span class='ocrx_word' id='word_1_456' title='bbox 439 3261 600 3331; x_wconf 73' lang='lat' dir='ltr'><strong>mtate</strong></span> <span class='ocrx_word' id='word_1_457' title='bbox 629 3275 1040 3346; x_wconf 86' lang='lat' dir='ltr'><strong>Evangeliorum</strong></span> <span class='ocrx_word' id='word_1_458' title='bbox 1073 3275 1364 3345; x_wconf 88' lang='lat' dir='ltr'><strong>commenti</strong></span> <span class='ocrx_word' id='word_1_459' title='bbox 1393 3283 1539 3339; x_wconf 88' lang='lat' dir='ltr'><strong>sunt,</strong></span> <span class='ocrx_word' id='word_1_460' title='bbox 1571 3290 1631 3329; x_wconf 90' lang='lat' dir='ltr'><strong>ea</strong></span> <span class='ocrx_word' id='word_1_461' title='bbox 1664 3273 1809 3328; x_wconf 89' lang='lat' dir='ltr'><strong>nullo</strong></span> <span class='ocrx_word' id='word_1_462' title='bbox 1835 3271 1955 3326; x_wconf 86' lang='lat' dir='ltr'><strong>fun-</strong></span> 
     </span>
    </p>
   </div>
   <div class='ocr_carea' id='block_1_62' title="bbox 343 3343 1955 3438">
    <p class='ocr_par' dir='ltr' id='par_1_62' title="bbox 343 3343 1955 3438">
     <span class='ocr_line' id='line_1_62' title="bbox 343 3343 1955 3438; baseline -0.002 -15"><span class='ocrx_word' id='word_1_463' title='bbox 343 3343 603 3424; x_wconf 65' lang='lat' dir='ltr'><strong>damento</strong></span> <span class='ocrx_word' id='word_1_464' title='bbox 630 3367 748 3423; x_wconf 80' lang='lat' dir='ltr'><strong>ltiti.</strong></span> <span class='ocrx_word' id='word_1_465' title='bbox 783 3343 888 3423; x_wconf 66' lang='grc' dir='ltr'><em>ὲοά</em></span> <span class='ocrx_word' id='word_1_466' title='bbox 935 3367 1111 3437; x_wconf 87' lang='lat' dir='ltr'><strong>longa,</strong></span> <span class='ocrx_word' id='word_1_467' title='bbox 1159 3377 1215 3420; x_wconf 93' lang='lat' dir='ltr'><strong>ut</strong></span> <span class='ocrx_word' id='word_1_468' title='bbox 1263 3343 1412 3438; x_wconf 86' lang='lat' dir='ltr'><strong>puto,</strong></span> <span class='ocrx_word' id='word_1_469' title='bbox 1445 3353 1750 3421; x_wconf 87' lang='lat' dir='ltr'><strong>inteusione</strong></span> <span class='ocrx_word' id='word_1_470' title='bbox 1775 3365 1955 3435; x_wconf 89' lang='lat' dir='ltr'><strong>operis</strong></span> 
     </span>
    </p>
   </div>
   <div class='ocr_carea' id='block_1_63' title="bbox 344 3450 1952 3540">
    <p class='ocr_par' dir='ltr' id='par_1_63' title="bbox 344 3450 1952 3540">
     <span class='ocr_line' id='line_1_63' title="bbox 344 3450 1952 3540; baseline -0.002 -26"><span class='ocrx_word' id='word_1_471' title='bbox 344 3459 572 3540; x_wconf 75' lang='lat' dir='ltr'><strong>fallente</strong></span> <span class='ocrx_word' id='word_1_472' title='bbox 616 3460 900 3540; x_wconf 79' lang='lat' dir='ltr'><strong>memoria.</strong></span> <span class='ocrx_word' id='word_1_473' title='bbox 933 3457 1065 3514; x_wconf 86' lang='lat' dir='ltr'><strong>Nam</strong></span> <span class='ocrx_word' id='word_1_474' title='bbox 1117 3459 1258 3513; x_wconf 89' lang='lat' dir='ltr'><strong>baud</strong></span> <span class='ocrx_word' id='word_1_475' title='bbox 1314 3458 1485 3513; x_wconf 86' lang='lat' dir='ltr'><strong>multo</strong></span> <span class='ocrx_word' id='word_1_476' title='bbox 1523 3450 1652 3512; x_wconf 85' lang='lat' dir='ltr'><strong>ante</strong></span> <span class='ocrx_word' id='word_1_477' title='bbox 1695 3457 1952 3512; x_wconf 82' lang='lat' dir='ltr'><strong>dixerat:</strong></span> 
     </span>
    </p>
   </div>
   <div class='ocr_carea' id='block_1_64' title="bbox 351 3541 1954 3630">
    <p class='ocr_par' dir='ltr' id='par_1_64' title="bbox 351 3541 1954 3630">
     <span class='ocr_line' id='line_1_64' title="bbox 351 3541 1954 3630; baseline -0.004 -21"><span class='ocrx_word' id='word_1_478' title='bbox 351 3543 600 3627; x_wconf 56' lang='lat' dir='ltr'><strong>Origenes</strong></span> <span class='ocrx_word' id='word_1_479' title='bbox 631 3541 733 3608; x_wconf 78' lang='lat' dir='ltr'><strong>non</strong></span> <span class='ocrx_word' id='word_1_480' title='bbox 760 3541 914 3628; x_wconf 70' lang='lat' dir='ltr'><strong>modo</strong></span> <span class='ocrx_word' id='word_1_481' title='bbox 941 3554 1243 3626; x_wconf 82' lang='lat' dir='ltr'><strong>dogmatum</strong></span> <span class='ocrx_word' id='word_1_482' title='bbox 1271 3545 1351 3606; x_wconf 78' lang='lat' dir='ltr'><strong>sui</strong></span> <span class='ocrx_word' id='word_1_483' title='bbox 1377 3553 1492 3618; x_wconf 70' lang='lat' dir='ltr'><strong>(cvi,</strong></span> <span class='ocrx_word' id='word_1_484' title='bbox 1526 3542 1617 3606; x_wconf 74' lang='lat' dir='ltr'><strong>sed</strong></span> <span class='ocrx_word' id='word_1_485' title='bbox 1643 3560 1691 3604; x_wconf 83' lang='lat' dir='ltr'><strong>et</strong></span> <span class='ocrx_word' id='word_1_486' title='bbox 1732 3551 1954 3630; x_wconf 82' lang='lat' dir='ltr'><strong>antiqui-</strong></span> 
     </span>
    </p>
   </div>
   <div class='ocr_carea' id='block_1_65' title="bbox 345 3631 1956 3718">
    <p class='ocr_par' dir='ltr' id='par_1_65' title="bbox 345 3631 1956 3718">
     <span class='ocr_line' id='line_1_65' title="bbox 345 3631 1956 3718; baseline -0.003 -18"><span class='ocrx_word' id='word_1_487' title='bbox 345 3636 512 3718; x_wconf 58' lang='lat' dir='ltr'><strong>fatim</strong></span> <span class='ocrx_word' id='word_1_488' title='bbox 554 3631 1013 3702; x_wconf 70' lang='lat' dir='ltr'><strong>ecclesiasticarum</strong></span> <span class='ocrx_word' id='word_1_489' title='bbox 1061 3635 1458 3699; x_wconf 32' lang='lat' dir='ltr'><strong>callentiss&#39;imus</strong></span> <span class='ocrx_word' id='word_1_490' title='bbox 1505 3637 1579 3696; x_wconf 78' lang='lat' dir='ltr'><strong>ita</strong></span> <span class='ocrx_word' id='word_1_491' title='bbox 1630 3642 1693 3696; x_wconf 83' lang='lat' dir='ltr'><strong>de</strong></span> <span class='ocrx_word' id='word_1_492' title='bbox 1735 3635 1956 3712; x_wconf 73' lang='lat' dir='ltr'><strong>quatuor</strong></span> 
     </span>
    </p>
   </div>
   <div class='ocr_carea' id='block_1_66' title="bbox 345 3721 1955 3810">
    <p class='ocr_par' dir='ltr' id='par_1_66' title="bbox 345 3721 1955 3810">
     <span class='ocr_line' id='line_1_66' title="bbox 345 3721 1955 3810; baseline -0.003 -17"><span class='ocrx_word' id='word_1_493' title='bbox 345 3721 648 3810; x_wconf 62' lang='lat' dir='ltr'><strong>Evangelii:</strong></span> <span class='ocrx_word' id='word_1_494' title='bbox 685 3725 918 3807; x_wconf 73' lang='lat' dir='ltr'><strong>loquitur</strong></span> <span class='ocrx_word' id='word_1_495' title='bbox 942 3737 994 3810; x_wconf 79' lang='lat' dir='ltr'><strong>in</strong></span> <span class='ocrx_word' id='word_1_496' title='bbox 1034 3728 1524 3810; x_wconf 31' lang='lat' dir='ltr'><strong>fragitteuta&#39;tomit</strong></span> <span class='ocrx_word' id='word_1_497' title='bbox 1582 3731 1876 3788; x_wconf 72' lang='lat' dir='ltr'><strong>Comment.</strong></span> <span class='ocrx_word' id='word_1_498' title='bbox 1902 3735 1955 3788; x_wconf 85' lang='lat' dir='ltr'><strong>in</strong></span> 
     </span>
    </p>
   </div>
   <div class='ocr_carea' id='block_1_67' title="bbox 348 3807 1956 3904">
    <p class='ocr_par' dir='ltr' id='par_1_67' title="bbox 348 3807 1956 3904">
     <span class='ocr_line' id='line_1_67' title="bbox 348 3807 1956 3904; baseline -0.002 -20"><span class='ocrx_word' id='word_1_499' title='bbox 348 3807 547 3884; x_wconf 69' lang='lat' dir='ltr'><strong>Mardi.</strong></span> <span class='ocrx_word' id='word_1_500' title='bbox 580 3819 715 3902; x_wconf 69' lang='lat' dir='ltr'><strong>apud</strong></span> <span class='ocrx_word' id='word_1_501' title='bbox 742 3807 1126 3884; x_wconf 50' lang='lat' dir='ltr'><strong>Eusebium”.</strong></span> <span class='ocrx_word' id='word_1_502' title='bbox 1287 3843 1360 3892; x_wconf 65' lang='grc' dir='ltr'><strong>τι,</strong></span> <span class='ocrx_word' id='word_1_503' title='bbox 1389 3826 1481 3892; x_wconf 76' lang='grc'><strong>25,</strong></span> <span class='ocrx_word' id='word_1_504' title='bbox 1506 3834 1710 3904; x_wconf 67' lang='grc' dir='ltr'><strong>πρῶτον</strong></span> <span class='ocrx_word' id='word_1_505' title='bbox 1739 3829 1829 3898; x_wconf 76' lang='grc' dir='ltr'><strong>μὲν</strong></span> <span class='ocrx_word' id='word_1_506' title='bbox 1857 3826 1956 3899; x_wconf 71' lang='grc' dir='ltr'><strong>γέ·-</strong></span> 
     </span>
    </p>
   </div>
   <div class='ocr_carea' id='block_1_68' title="bbox 341 3918 1954 4001">
    <p class='ocr_par' dir='ltr' id='par_1_68' title="bbox 341 3918 1954 4001">
     <span class='ocr_line' id='line_1_68' title="bbox 341 3918 1954 4001; baseline -0.004 -23"><span class='ocrx_word' id='word_1_507' title='bbox 341 3945 583 4001; x_wconf 67' lang='grc' dir='ltr'><strong>γραπται</strong></span> <span class='ocrx_word' id='word_1_508' title='bbox 597 3924 653 3980; x_wconf 85' lang='grc' dir='ltr'><strong>τὸ</strong></span> <span class='ocrx_word' id='word_1_509' title='bbox 675 3926 801 3980; x_wconf 67' lang='grc' dir='ltr'><em>κατὰ</em></span> <span class='ocrx_word' id='word_1_510' title='bbox 820 3925 903 3979; x_wconf 82' lang='grc' dir='ltr'>τὸν</span> <span class='ocrx_word' id='word_1_511' title='bbox 930 3924 1056 3979; x_wconf 75' lang='grc' dir='ltr'><strong>ποτὶ</strong></span> <span class='ocrx_word' id='word_1_512' title='bbox 1076 3921 1312 3988; x_wconf 56' lang='lat' dir='ltr'><strong>&quot;iam,</strong></span> <span class='ocrx_word' id='word_1_513' title='bbox 1337 3921 1550 4000; x_wconf 78' lang='grc' dir='ltr'><strong>ὕστερον</strong></span> <span class='ocrx_word' id='word_1_514' title='bbox 1573 3919 1626 3994; x_wconf 77' lang='grc' dir='ltr'><strong>δὲ</strong></span> <span class='ocrx_word' id='word_1_515' title='bbox 1647 3918 1954 3978; x_wconf 63' lang='grc' dir='ltr'><strong>Ἀπόστολον</strong></span> 
     </span>
    </p>
   </div>
   <div class='ocr_carea' id='block_1_69' title="bbox 343 4007 1954 4096">
    <p class='ocr_par' dir='ltr' id='par_1_69' title="bbox 343 4007 1954 4096">
     <span class='ocr_line' id='line_1_69' title="bbox 343 4007 1954 4096; baseline -0.004 -22"><span class='ocrx_word' id='word_1_516' title='bbox 343 4009 513 4078; x_wconf 72' lang='grc' dir='ltr'><strong>’Ῑῆὰοῦ</strong></span> <span class='ocrx_word' id='word_1_517' title='bbox 539 4021 772 4096; x_wconf 65' lang='grc' dir='ltr'><strong>Χριστοῦ</strong></span> <span class='ocrx_word' id='word_1_518' title='bbox 798 4014 1079 4074; x_wconf 70' lang='grc' dir='ltr'><strong>Μάτθάῖον.</strong></span> <span class='ocrx_word' id='word_1_519' title='bbox 1107 4014 1293 4083; x_wconf 80' lang='lat' dir='ltr'><strong>Porro,</strong></span> <span class='ocrx_word' id='word_1_520' title='bbox 1318 4017 1361 4070; x_wconf 88' lang='lat' dir='ltr'><strong>si</strong></span> <span class='ocrx_word' id='word_1_521' title='bbox 1391 4011 1510 4094; x_wconf 77' lang='lat' dir='ltr'><strong>post</strong></span> <span class='ocrx_word' id='word_1_522' title='bbox 1536 4007 1828 4092; x_wconf 80' lang='lat' dir='ltr'><strong>Origenem</strong></span> <span class='ocrx_word' id='word_1_523' title='bbox 1862 4017 1954 4069; x_wconf 60' lang='lat' dir='ltr'><strong>re.</strong></span> 
     </span>
    </p>
   </div>
   <div class='ocr_carea' id='block_1_70' title="bbox 344 4101 1955 4186">
    <p class='ocr_par' dir='ltr' id='par_1_70' title="bbox 344 4101 1955 4186">
     <span class='ocr_line' id='line_1_70' title="bbox 344 4101 1955 4186; baseline -0.003 -19"><span class='ocrx_word' id='word_1_524' title='bbox 344 4109 622 4186; x_wconf 78' lang='lat' dir='ltr'><strong>centiores</strong></span> <span class='ocrx_word' id='word_1_525' title='bbox 660 4109 838 4167; x_wconf 65' lang='lat' dir='ltr'><strong>Graeci</strong></span> <span class='ocrx_word' id='word_1_526' title='bbox 866 4101 1198 4175; x_wconf 50' lang='lat' dir='ltr'><strong>Mattha‘um’,</strong></span> <span class='ocrx_word' id='word_1_527' title='bbox 1249 4101 1373 4164; x_wconf 71' lang='lat' dir='ltr'><strong>a‘nte</strong></span> <span class='ocrx_word' id='word_1_528' title='bbox 1401 4103 1645 4164; x_wconf 54' lang='lat' dir='ltr'><strong>cmteros‘</strong></span> <span class='ocrx_word' id='word_1_529' title='bbox 1673 4101 1955 4177; x_wconf 77' lang='lat' dir='ltr'><strong>scripsisse</strong></span> 
     </span>
    </p>
   </div>
   <div class='ocr_carea' id='block_1_71' title="bbox 343 4189 1955 4286">
    <p class='ocr_par' dir='ltr' id='par_1_71' title="bbox 343 4189 1955 4286">
     <span class='ocr_line' id='line_1_71' title="bbox 343 4189 1955 4286; baseline -0.003 -25"><span class='ocrx_word' id='word_1_530' title='bbox 343 4191 517 4286; x_wconf 52' lang='lat' dir='ltr'><strong>aiunt,</strong></span> <span class='ocrx_word' id='word_1_531' title='bbox 548 4192 908 4272; x_wconf 58' lang='lat' dir='ltr'><strong>fundamento</strong></span> <span class='ocrx_word' id='word_1_532' title='bbox 934 4193 1072 4286; x_wconf 70' lang='lat' dir='ltr'><strong>satis</strong></span> <span class='ocrx_word' id='word_1_533' title='bbox 1106 4193 1283 4272; x_wconf 65' lang='lat' dir='ltr'><strong>valido</strong></span> <span class='ocrx_word' id='word_1_534' title='bbox 1315 4199 1579 4269; x_wconf 83' lang='lat' dir='ltr'><strong>nituntur,</strong></span> <span class='ocrx_word' id='word_1_535' title='bbox 1623 4189 1955 4256; x_wconf 85' lang='lat' dir='ltr'><strong>authoritate</strong></span> 
     </span>
    </p>
   </div>
   <div class='ocr_carea' id='block_1_72' title="bbox 347 4279 1953 4390">
    <p class='ocr_par' dir='ltr' id='par_1_72' title="bbox 347 4279 1953 4390">
     <span class='ocr_line' id='line_1_72' title="bbox 347 4279 1953 4390; baseline -0.001 -35"><span class='ocrx_word' id='word_1_536' title='bbox 347 4279 838 4390; x_wconf 39' lang='lat' dir='ltr'><strong>écil&#39;icetl‘mminis</strong></span> <span class='ocrx_word' id='word_1_537' title='bbox 874 4279 1252 4372; x_wconf 82' lang='lat' dir='ltr'><strong>antiquitatum</strong></span> <span class='ocrx_word' id='word_1_538' title='bbox 1302 4281 1805 4390; x_wconf 30' lang='lat' dir='ltr'><strong>Ecclesi‘asiticarum</strong></span> <span class='ocrx_word' id='word_1_539' title='bbox 1848 4301 1953 4355; x_wconf 86' lang='lat' dir='ltr'><strong>cal-</strong></span> 
     </span>
    </p>
   </div>
   <div class='ocr_carea' id='block_1_73' title="bbox 345 4375 1955 4474">
    <p class='ocr_par' dir='ltr' id='par_1_73' title="bbox 345 4375 1955 4474">
     <span class='ocr_line' id='line_1_73' title="bbox 345 4375 1955 4474; baseline -0.001 -26"><span class='ocrx_word' id='word_1_540' title='bbox 345 4375 660 4474; x_wconf 35' lang='lat' dir='ltr'><strong>lientissitni,</strong></span> <span class='ocrx_word' id='word_1_541' title='bbox 706 4375 795 4463; x_wconf 79' lang='lat' dir='ltr'><strong>qui</strong></span> <span class='ocrx_word' id='word_1_542' title='bbox 847 4393 1092 4474; x_wconf 79' lang='lat' dir='ltr'><strong>primum</strong></span> <span class='ocrx_word' id='word_1_543' title='bbox 1126 4393 1266 4456; x_wconf 84' lang='lat' dir='ltr'><strong>inter</strong></span> <span class='ocrx_word' id='word_1_544' title='bbox 1300 4379 1590 4470; x_wconf 79' lang='lat' dir='ltr'><strong>Evangelia</strong></span> <span class='ocrx_word' id='word_1_545' title='bbox 1632 4407 1661 4447; x_wconf 91' lang='lat' dir='ltr'><strong>a</strong></span> <span class='ocrx_word' id='word_1_546' title='bbox 1705 4375 1955 4447; x_wconf 64' lang='lat' dir='ltr'><strong>Mattiaco</strong></span> 
     </span>
    </p>
   </div>
   <div class='ocr_carea' id='block_1_74' title="bbox 344 4468 1957 4562">
    <p class='ocr_par' dir='ltr' id='par_1_74' title="bbox 344 4468 1957 4562">
     <span class='ocr_line' id='line_1_74' title="bbox 344 4468 1957 4562; baseline 0.037 -23"><span class='ocrx_word' id='word_1_547' title='bbox 344 4468 508 4558; x_wconf 57' lang='lat' dir='ltr'><strong>sua</strong></span> <span class='ocrx_word' id='word_1_548' title='bbox 541 4469 850 4560; x_wconf 56' lang='grc' dir='ltr'>ιιιειιῖςιεηο,</span> <span class='ocrx_word' id='word_1_549' title='bbox 885 4468 1080 4542; x_wconf 85' lang='lat' dir='ltr'><strong>deinde</strong></span> <span class='ocrx_word' id='word_1_550' title='bbox 1109 4468 1365 4562; x_wconf 66' lang='grc' dir='ltr'><strong>υβοέιοῖιί</strong></span> <span class='ocrx_word' id='word_1_551' title='bbox 1400 4471 1531 4562; x_wconf 53' lang='lat' dir='ltr'><strong>les-&#39;4&#39;</strong></span> <span class='ocrx_word' id='word_1_552' title='bbox 1559 4477 1760 4544; x_wconf 58' lang='lat' dir='ltr'><strong>CW3“</strong></span> <span class='ocrx_word' id='word_1_553' title='bbox 1785 4488 1957 4557; x_wconf 67' lang='grc' dir='ltr'><strong>δετίβ·</strong></span> 
     </span>
    </p>
   </div>
   <div class='ocr_carea' id='block_1_75' title="bbox 346 4563 1804 4635">
    <p class='ocr_par' dir='ltr' id='par_1_75' title="bbox 346 4563 1804 4635">
     <span class='ocr_line' id='line_1_75' title="bbox 346 4563 1804 4635; baseline -0.002 0"><span class='ocrx_word' id='word_1_554' title='bbox 346 4566 468 4635; x_wconf 64' lang='lat' dir='ltr'><strong>inin</strong></span> <span class='ocrx_word' id='word_1_555' title='bbox 494 4563 748 4635; x_wconf 58' lang='lat' dir='ltr'><strong>issisti.</strong></span> <span class='ocrx_word' id='word_1_556' title='bbox 807 4582 810 4590; x_wconf 87' lang='lat'>&#39;</span> <span class='ocrx_word' id='word_1_557' title='bbox 1075 4581 1079 4588; x_wconf 90' lang='lat'>&#39;</span> <span class='ocrx_word' id='word_1_558' title='bbox 1243 4567 1250 4572; x_wconf 53' lang='grc'>“</span> <span class='ocrx_word' id='word_1_559' title='bbox 1411 4583 1423 4590; x_wconf 77' lang='lat'><strong>“</strong></span> <span class='ocrx_word' id='word_1_560' title='bbox 1681 4569 1683 4573; x_wconf 61' lang='grc'><em>“</em></span> <span class='ocrx_word' id='word_1_561' title='bbox 1801 4563 1804 4566; x_wconf 67' lang='grc'><strong>’</strong></span> 
     </span>
    </p>
   </div>
   <div class='ocr_carea' id='block_1_76' title="bbox 418 4669 1954 4742">
    <p class='ocr_par' dir='ltr' id='par_1_76' title="bbox 418 4669 1954 4742">
     <span class='ocr_line' id='line_1_76' title="bbox 418 4669 1954 4742; baseline -0.001 -14"><span class='ocrx_word' id='word_1_562' title='bbox 418 4671 531 4728; x_wconf 84' lang='lat' dir='ltr'><strong>Sed</strong></span> <span class='ocrx_word' id='word_1_563' title='bbox 575 4670 746 4728; x_wconf 81' lang='lat' dir='ltr'><strong>multo</strong></span> <span class='ocrx_word' id='word_1_564' title='bbox 775 4670 1024 4727; x_wconf 84' lang='lat' dir='ltr'><strong>licentius</strong></span> <span class='ocrx_word' id='word_1_565' title='bbox 1050 4670 1344 4742; x_wconf 81' lang='lat' dir='ltr'><strong>Basnagius</strong></span> <span class='ocrx_word' id='word_1_566' title='bbox 1385 4669 1511 4741; x_wconf 86' lang='lat' dir='ltr'><strong>(Ad.</strong></span> <span class='ocrx_word' id='word_1_567' title='bbox 1540 4671 1602 4725; x_wconf 84' lang='grc' dir='ltr'><strong>Α.</strong></span> <span class='ocrx_word' id='word_1_568' title='bbox 1637 4669 1696 4725; x_wconf 88' lang='lat' dir='ltr'><strong>C.</strong></span> <span class='ocrx_word' id='word_1_569' title='bbox 1721 4671 1835 4742; x_wconf 70' lang='grc' dir='ltr'>ιι),</span> <span class='ocrx_word' id='word_1_570' title='bbox 1862 4671 1954 4742; x_wconf 91' lang='lat' dir='ltr'><strong>qui</strong></span> 
     </span>
    </p>
   </div>
   <div class='ocr_carea' id='block_1_77' title="bbox 344 4755 1954 4832">
    <p class='ocr_par' dir='ltr' id='par_1_77' title="bbox 344 4755 1954 4832">
     <span class='ocr_line' id='line_1_77' title="bbox 344 4755 1954 4832; baseline -0.002 -11"><span class='ocrx_word' id='word_1_571' title='bbox 344 4773 409 4821; x_wconf 76' lang='lat' dir='ltr'><strong>ut</strong></span> <span class='ocrx_word' id='word_1_572' title='bbox 445 4764 647 4821; x_wconf 78' lang='lat' dir='ltr'><strong>Lucam</strong></span> <span class='ocrx_word' id='word_1_573' title='bbox 679 4763 931 4818; x_wconf 60' lang='lat' dir='ltr'><strong>Mattiaco</strong></span> <span class='ocrx_word' id='word_1_574' title='bbox 965 4761 1202 4832; x_wconf 87' lang='lat' dir='ltr'><strong>priorem</strong></span> <span class='ocrx_word' id='word_1_575' title='bbox 1231 4762 1533 4830; x_wconf 87' lang='lat' dir='ltr'><strong>induceret,</strong></span> <span class='ocrx_word' id='word_1_576' title='bbox 1561 4763 1701 4816; x_wconf 89' lang='lat' dir='ltr'><strong>inter</strong></span> <span class='ocrx_word' id='word_1_577' title='bbox 1727 4755 1954 4818; x_wconf 56' lang='lat' dir='ltr'><strong>emeras</strong></span> 
     </span>
    </p>
   </div>
   <div class='ocr_carea' id='block_1_78' title="bbox 345 4847 1956 4927">
    <p class='ocr_par' dir='ltr' id='par_1_78' title="bbox 345 4847 1956 4927">
     <span class='ocr_line' id='line_1_78' title="bbox 345 4847 1956 4927; baseline -0.001 -14"><span class='ocrx_word' id='word_1_578' title='bbox 345 4847 699 4927; x_wconf 73' lang='lat' dir='ltr'><strong>conjecturas</strong></span> <span class='ocrx_word' id='word_1_579' title='bbox 737 4855 880 4911; x_wconf 77' lang='lat' dir='ltr'><strong>lianc</strong></span> <span class='ocrx_word' id='word_1_580' title='bbox 909 4853 1106 4912; x_wconf 66' lang='lat' dir='ltr'><strong>afferre</strong></span> <span class='ocrx_word' id='word_1_581' title='bbox 1135 4871 1241 4910; x_wconf 93' lang='lat' dir='ltr'><strong>non</strong></span> <span class='ocrx_word' id='word_1_582' title='bbox 1282 4856 1582 4921; x_wconf 87' lang='lat' dir='ltr'><strong>dubitavit;</strong></span> <span class='ocrx_word' id='word_1_583' title='bbox 1615 4857 1811 4911; x_wconf 87' lang='lat' dir='ltr'><strong>melius</strong></span> <span class='ocrx_word' id='word_1_584' title='bbox 1852 4857 1956 4912; x_wconf 89' lang='lat' dir='ltr'><strong>sci-</strong></span> 
     </span>
    </p>
   </div>
   <div class='ocr_carea' id='block_1_79' title="bbox 345 4939 1956 5016">
    <p class='ocr_par' dir='ltr' id='par_1_79' title="bbox 345 4939 1956 5016">
     <span class='ocr_line' id='line_1_79' title="bbox 345 4939 1956 5016; baseline -0.002 -8"><span class='ocrx_word' id='word_1_585' title='bbox 345 4949 480 5009; x_wconf 76' lang='lat' dir='ltr'><strong>licet</strong></span> <span class='ocrx_word' id='word_1_586' title='bbox 521 4949 576 5006; x_wconf 87' lang='lat' dir='ltr'><strong>in</strong></span> <span class='ocrx_word' id='word_1_587' title='bbox 617 4939 824 5005; x_wconf 74' lang='lat' dir='ltr'><strong>Christi</strong></span> <span class='ocrx_word' id='word_1_588' title='bbox 850 4957 1136 5004; x_wconf 88' lang='lat' dir='ltr'><strong>stemmate</strong></span> <span class='ocrx_word' id='word_1_589' title='bbox 1160 4948 1437 5004; x_wconf 72' lang='lat' dir='ltr'><strong>efferendo</strong></span> <span class='ocrx_word' id='word_1_590' title='bbox 1475 4959 1560 5004; x_wconf 89' lang='lat' dir='ltr'><strong>res</strong></span> <span class='ocrx_word' id='word_1_591' title='bbox 1589 4963 1956 5016; x_wconf 86' lang='lat' dir='ltr'><strong>successuras,</strong></span> 
     </span>
    </p>
   </div>
   <div class='ocr_carea' id='block_1_80' title="bbox 346 5029 1960 5113">
    <p class='ocr_par' dir='ltr' id='par_1_80' title="bbox 346 5029 1960 5113">
     <span class='ocr_line' id='line_1_80' title="bbox 346 5029 1960 5113; baseline -0.002 -12"><span class='ocrx_word' id='word_1_592' title='bbox 346 5045 397 5101; x_wconf 76' lang='lat' dir='ltr'><strong>si</strong></span> <span class='ocrx_word' id='word_1_593' title='bbox 427 5045 592 5100; x_wconf 79' lang='lat' dir='ltr'><strong>Lucas</strong></span> <span class='ocrx_word' id='word_1_594' title='bbox 635 5041 807 5113; x_wconf 85' lang='lat' dir='ltr'><strong>prius,</strong></span> <span class='ocrx_word' id='word_1_595' title='bbox 859 5029 983 5098; x_wconf 68' lang='lat' dir='ltr'><strong>mos</strong></span> <span class='ocrx_word' id='word_1_596' title='bbox 1033 5033 1268 5098; x_wconf 74' lang='lat' dir='ltr'><strong>Mattlttei</strong></span> <span class='ocrx_word' id='word_1_597' title='bbox 1319 5041 1456 5097; x_wconf 88' lang='lat' dir='ltr'><strong>ordo</strong></span> <span class='ocrx_word' id='word_1_598' title='bbox 1495 5029 1848 5097; x_wconf 73' lang='lat' dir='ltr'><strong>constitisset.</strong></span> <span class='ocrx_word' id='word_1_599' title='bbox 1881 5037 1960 5098; x_wconf 82' lang='lat' dir='ltr'><strong>Ac</strong></span> 
     </span>
    </p>
   </div>
   <div class='ocr_carea' id='block_1_81' title="bbox 350 5119 1964 5210">
    <p class='ocr_par' dir='ltr' id='par_1_81' title="bbox 350 5119 1964 5210">
     <span class='ocr_line' id='line_1_81' title="bbox 350 5119 1964 5210; baseline -0.001 -17"><span class='ocrx_word' id='word_1_600' title='bbox 350 5119 642 5210; x_wconf 57' lang='lat' dir='ltr'><strong>propterea</strong></span> <span class='ocrx_word' id='word_1_601' title='bbox 676 5152 741 5192; x_wconf 77' lang='lat' dir='ltr'><strong>ex</strong></span> <span class='ocrx_word' id='word_1_602' title='bbox 791 5129 951 5206; x_wconf 70' lang='lat' dir='ltr'><strong>huius</strong></span> <span class='ocrx_word' id='word_1_603' title='bbox 993 5120 1225 5190; x_wconf 74' lang='lat' dir='ltr'><strong>decentiu‘</strong></span> <span class='ocrx_word' id='word_1_604' title='bbox 1258 5133 1493 5189; x_wconf 84' lang='lat' dir='ltr'><strong>futurum</strong></span> <span class='ocrx_word' id='word_1_605' title='bbox 1525 5143 1650 5190; x_wconf 89' lang='lat' dir='ltr'><strong>tunc</strong></span> <span class='ocrx_word' id='word_1_606' title='bbox 1688 5129 1873 5201; x_wconf 82' lang='lat' dir='ltr'><strong>fuisse,</strong></span> <span class='ocrx_word' id='word_1_607' title='bbox 1904 5145 1964 5191; x_wconf 91' lang='lat' dir='ltr'><strong>ut</strong></span> 
     </span>
    </p>
   </div>
   <div class='ocr_carea' id='block_1_82' title="bbox 349 5217 1963 5301">
    <p class='ocr_par' dir='ltr' id='par_1_82' title="bbox 349 5217 1963 5301">
     <span class='ocr_line' id='line_1_82' title="bbox 349 5217 1963 5301; baseline -0.003 -12"><span class='ocrx_word' id='word_1_608' title='bbox 349 5231 481 5289; x_wconf 67' lang='lat' dir='ltr'><strong>inde</strong></span> <span class='ocrx_word' id='word_1_609' title='bbox 506 5217 793 5301; x_wconf 80' lang='lat' dir='ltr'><strong>inciperet,</strong></span> <span class='ocrx_word' id='word_1_610' title='bbox 816 5228 959 5283; x_wconf 87' lang='lat' dir='ltr'><strong>unde</strong></span> <span class='ocrx_word' id='word_1_611' title='bbox 984 5219 1194 5284; x_wconf 69' lang='lat' dir='ltr'><strong>initium</strong></span> <span class='ocrx_word' id='word_1_612' title='bbox 1216 5223 1536 5283; x_wconf 79' lang='lat' dir='ltr'><strong>sumendum</strong></span> <span class='ocrx_word' id='word_1_613' title='bbox 1550 5227 1742 5292; x_wconf 79' lang='lat' dir='ltr'><strong>fuerat,</strong></span> <span class='ocrx_word' id='word_1_614' title='bbox 1767 5225 1963 5298; x_wconf 77' lang='lat' dir='ltr'><strong>neinpe</strong></span> 
     </span>
    </p>
   </div>
   <div class='ocr_carea' id='block_1_83' title="bbox 356 5311 1960 5390">
    <p class='ocr_par' dir='ltr' id='par_1_83' title="bbox 356 5311 1960 5390">
     <span class='ocr_line' id='line_1_83' title="bbox 356 5311 1960 5390; baseline -0.004 -11"><span class='ocrx_word' id='word_1_615' title='bbox 356 5324 416 5379; x_wconf 77' lang='lat' dir='ltr'><strong>et</strong></span> <span class='ocrx_word' id='word_1_616' title='bbox 443 5337 473 5375; x_wconf 82' lang='lat' dir='ltr'><strong>a</strong></span> <span class='ocrx_word' id='word_1_617' title='bbox 517 5311 784 5378; x_wconf 70' lang='lat' dir='ltr'><strong>missione</strong></span> <span class='ocrx_word' id='word_1_618' title='bbox 811 5311 985 5390; x_wconf 83' lang='lat' dir='ltr'><strong>angeli</strong></span> <span class='ocrx_word' id='word_1_619' title='bbox 1016 5311 1084 5375; x_wconf 71' lang='lat' dir='ltr'><strong>a&#39;d</strong></span> <span class='ocrx_word' id='word_1_620' title='bbox 1114 5317 1466 5386; x_wconf 79' lang='lat' dir='ltr'><strong>Elizabetam,</strong></span> <span class='ocrx_word' id='word_1_621' title='bbox 1498 5319 1660 5388; x_wconf 83' lang='lat' dir='ltr'><strong>atque</strong></span> <span class='ocrx_word' id='word_1_622' title='bbox 1702 5317 1920 5373; x_wconf 85' lang='lat' dir='ltr'><strong>Mariam</strong></span> <span class='ocrx_word' id='word_1_623' title='bbox 1947 5338 1960 5373; x_wconf 93' lang='lat'>:</span> 
     </span>
    </p>
   </div>
   <div class='ocr_carea' id='block_1_84' title="bbox 358 5407 1954 5485">
    <p class='ocr_par' dir='ltr' id='par_1_84' title="bbox 358 5407 1954 5485">
     <span class='ocr_line' id='line_1_84' title="bbox 358 5407 1954 5485; baseline -0.001 -15"><span class='ocrx_word' id='word_1_624' title='bbox 358 5419 419 5470; x_wconf 75' lang='lat' dir='ltr'><strong>et</strong></span> <span class='ocrx_word' id='word_1_625' title='bbox 444 5411 510 5469; x_wconf 76' lang='lat' dir='ltr'><strong>ab</strong></span> <span class='ocrx_word' id='word_1_626' title='bbox 535 5414 712 5470; x_wconf 85' lang='lat' dir='ltr'><strong>edicto</strong></span> <span class='ocrx_word' id='word_1_627' title='bbox 737 5414 984 5482; x_wconf 77' lang='lat' dir='ltr'><strong>Augusti,</strong></span> <span class='ocrx_word' id='word_1_628' title='bbox 1025 5407 1134 5485; x_wconf 80' lang='lat' dir='ltr'><strong>quo</strong></span> <span class='ocrx_word' id='word_1_629' title='bbox 1153 5409 1385 5482; x_wconf 76' lang='lat' dir='ltr'><strong>impulsa</strong></span> <span class='ocrx_word' id='word_1_630' title='bbox 1408 5413 1572 5483; x_wconf 79' lang='lat' dir='ltr'><strong>Virgo</strong></span> <span class='ocrx_word' id='word_1_631' title='bbox 1594 5413 1645 5466; x_wconf 91' lang='lat' dir='ltr'><strong>in</strong></span> <span class='ocrx_word' id='word_1_632' title='bbox 1677 5411 1954 5468; x_wconf 85' lang='lat' dir='ltr'><strong>Bethleem</strong></span> 
     </span>
    </p>
   </div>
   <div class='ocr_carea' id='block_1_85' title="bbox 353 5497 1956 5581">
    <p class='ocr_par' dir='ltr' id='par_1_85' title="bbox 353 5497 1956 5581">
     <span class='ocr_line' id='line_1_85' title="bbox 353 5497 1956 5581; baseline -0.001 -19"><span class='ocrx_word' id='word_1_633' title='bbox 353 5503 600 5581; x_wconf 67' lang='lat' dir='ltr'><strong>perrexit</strong></span> <span class='ocrx_word' id='word_1_634' title='bbox 626 5506 811 5576; x_wconf 80' lang='lat' dir='ltr'><strong>ibique</strong></span> <span class='ocrx_word' id='word_1_635' title='bbox 842 5499 1069 5576; x_wconf 82' lang='lat' dir='ltr'><strong>peperit.</strong></span> <span class='ocrx_word' id='word_1_636' title='bbox 1099 5503 1181 5560; x_wconf 86' lang='lat' dir='ltr'><strong>En</strong></span> <span class='ocrx_word' id='word_1_637' title='bbox 1209 5497 1314 5560; x_wconf 77' lang='lat' dir='ltr'><strong>tibi</strong></span> <span class='ocrx_word' id='word_1_638' title='bbox 1346 5504 1620 5560; x_wconf 85' lang='lat' dir='ltr'><strong>hominem</strong></span> <span class='ocrx_word' id='word_1_639' title='bbox 1652 5499 1956 5575; x_wconf 79' lang='lat' dir='ltr'><strong>periculosa</strong></span> 
     </span>
    </p>
   </div>
   <div class='ocr_carea' id='block_1_86' title="bbox 350 5595 1962 5672">
    <p class='ocr_par' dir='ltr' id='par_1_86' title="bbox 350 5595 1962 5672">
     <span class='ocr_line' id='line_1_86' title="bbox 350 5595 1962 5672; baseline -0.003 -15"><span class='ocrx_word' id='word_1_640' title='bbox 350 5595 542 5657; x_wconf 66' lang='lat' dir='ltr'><strong>sinenti</strong></span> <span class='ocrx_word' id='word_1_641' title='bbox 574 5595 1008 5672; x_wconf 64' lang='lat' dir='ltr'><strong>sapientiamque</strong></span> <span class='ocrx_word' id='word_1_642' title='bbox 1033 5597 1104 5654; x_wconf 86' lang='lat' dir='ltr'><strong>de</strong></span> <span class='ocrx_word' id='word_1_643' title='bbox 1130 5597 1370 5668; x_wconf 71' lang='lat' dir='ltr'><strong>profante</strong></span> <span class='ocrx_word' id='word_1_644' title='bbox 1395 5596 1634 5652; x_wconf 61' lang='lat' dir='ltr'><strong>historiae</strong></span> <span class='ocrx_word' id='word_1_645' title='bbox 1663 5611 1726 5652; x_wconf 90' lang='lat' dir='ltr'><strong>ac</strong></span> <span class='ocrx_word' id='word_1_646' title='bbox 1773 5595 1842 5652; x_wconf 84' lang='lat' dir='ltr'><strong>de</strong></span> <span class='ocrx_word' id='word_1_647' title='bbox 1878 5597 1962 5652; x_wconf 90' lang='lat' dir='ltr'><strong>di-</strong></span> 
     </span>
    </p>
   </div>
   <div class='ocr_carea' id='block_1_87' title="bbox 348 5687 1960 5767">
    <p class='ocr_par' dir='ltr' id='par_1_87' title="bbox 348 5687 1960 5767">
     <span class='ocr_line' id='line_1_87' title="bbox 348 5687 1960 5767; baseline -0.004 -15"><span class='ocrx_word' id='word_1_648' title='bbox 348 5695 494 5752; x_wconf 68' lang='lat' dir='ltr'><strong>vinat</strong></span> <span class='ocrx_word' id='word_1_649' title='bbox 508 5687 866 5767; x_wconf 70' lang='lat' dir='ltr'><strong>scriptoribus</strong></span> <span class='ocrx_word' id='word_1_650' title='bbox 873 5692 1228 5764; x_wconf 68' lang='lat' dir='ltr'><strong>indicantem,</strong></span> <span class='ocrx_word' id='word_1_651' title='bbox 1242 5691 1392 5762; x_wconf 86' lang='lat' dir='ltr'><strong>quasi</strong></span> <span class='ocrx_word' id='word_1_652' title='bbox 1414 5705 1519 5745; x_wconf 93' lang='lat' dir='ltr'><strong>non</strong></span> <span class='ocrx_word' id='word_1_653' title='bbox 1535 5689 1621 5744; x_wconf 90' lang='lat' dir='ltr'><strong>isti</strong></span> <span class='ocrx_word' id='word_1_654' title='bbox 1636 5690 1960 5747; x_wconf 79' lang='grc' dir='ltr'><strong>θεόπνωστοι</strong></span> 
     </span>
    </p>
   </div>
   <div class='ocr_carea' id='block_1_88' title="bbox 348 5775 1958 5861">
    <p class='ocr_par' dir='ltr' id='par_1_88' title="bbox 348 5775 1958 5861">
     <span class='ocr_line' id='line_1_88' title="bbox 348 5775 1958 5861; baseline -0.006 -12"><span class='ocrx_word' id='word_1_655' title='bbox 573 5779 938 5861; x_wconf 78' lang='lat' dir='ltr'><strong>quodque,ad</strong></span> <span class='ocrx_word' id='word_1_656' title='bbox 960 5781 1012 5844; x_wconf 88' lang='lat' dir='ltr'><strong>id</strong></span> <span class='ocrx_word' id='word_1_657' title='bbox 1041 5797 1238 5844; x_wconf 84' lang='lat' dir='ltr'><strong>munus</strong></span> <span class='ocrx_word' id='word_1_658' title='bbox 1266 5793 1490 5842; x_wconf 85' lang='lat' dir='ltr'><strong>vocatos</strong></span> <span class='ocrx_word' id='word_1_659' title='bbox 1502 5783 1958 5855; x_wconf 59' lang='lat' dir='ltr'><strong>deceretdivinus</strong></span> 
     </span>
    </p>
   </div>
   <div class='ocr_carea' id='block_1_89' title="bbox 2059 3276 3665 3349">
    <p class='ocr_par' dir='ltr' id='par_1_89' title="bbox 2059 3276 3665 3349">
     <span class='ocr_line' id='line_1_89' title="bbox 2059 3276 3665 3349; baseline 0.002 -19"><span class='ocrx_word' id='word_1_660' title='bbox 2059 3292 2166 3345; x_wconf 87' lang='lat' dir='ltr'><strong>que</strong></span> <span class='ocrx_word' id='word_1_661' title='bbox 2205 3276 2510 3347; x_wconf 75' lang='lat' dir='ltr'><strong>ambigendi</strong></span> <span class='ocrx_word' id='word_1_662' title='bbox 2562 3277 2734 3333; x_wconf 92' lang='lat' dir='ltr'><strong>locus.</strong></span> <span class='ocrx_word' id='word_1_663' title='bbox 2773 3277 2836 3332; x_wconf 84' lang='lat' dir='ltr'><strong>Et</strong></span> <span class='ocrx_word' id='word_1_664' title='bbox 2883 3293 3031 3344; x_wconf 85' lang='lat' dir='ltr'><strong>sane,</strong></span> <span class='ocrx_word' id='word_1_665' title='bbox 3085 3279 3237 3349; x_wconf 69' lang='lat' dir='ltr'><strong>quod”</strong></span> <span class='ocrx_word' id='word_1_666' title='bbox 3277 3277 3560 3335; x_wconf 87' lang='lat' dir='ltr'><strong>crederem</strong></span> <span class='ocrx_word' id='word_1_667' title='bbox 3597 3279 3665 3334; x_wconf 91' lang='lat' dir='ltr'><strong>ad</strong></span> 
     </span>
    </p>
   </div>
   <div class='ocr_carea' id='block_1_90' title="bbox 2059 3366 3719 3440">
    <p class='ocr_par' dir='ltr' id='par_1_90' title="bbox 2059 3366 3719 3440">
     <span class='ocr_line' id='line_1_90' title="bbox 2059 3366 3719 3440; baseline 0.002 -18"><span class='ocrx_word' id='word_1_668' title='bbox 2059 3366 2491 3438; x_wconf 88' lang='lat' dir='ltr'><strong>disquisitionem</strong></span> <span class='ocrx_word' id='word_1_669' title='bbox 2534 3369 2672 3424; x_wconf 86' lang='lat' dir='ltr'><strong>hanc</strong></span> <span class='ocrx_word' id='word_1_670' title='bbox 2719 3368 3016 3424; x_wconf 83' lang='lat' dir='ltr'><strong>subsidium</strong></span> <span class='ocrx_word' id='word_1_671' title='bbox 3063 3370 3286 3440; x_wconf 85' lang='lat' dir='ltr'><strong>aliquod</strong></span> <span class='ocrx_word' id='word_1_672' title='bbox 3325 3385 3358 3426; x_wconf 90' lang='lat' dir='ltr'><strong>e</strong></span> <span class='ocrx_word' id='word_1_673' title='bbox 3407 3369 3664 3426; x_wconf 75' lang='lat' dir='ltr'><strong>Vaticana</strong></span> <span class='ocrx_word' id='word_1_674' title='bbox 3717 3436 3719 3439; x_wconf 26' lang='grc' dir='ltr'>ι</span> 
     </span>
    </p>
   </div>
   <div class='ocr_carea' id='block_1_91' title="bbox 2059 3461 3667 3533">
    <p class='ocr_par' dir='ltr' id='par_1_91' title="bbox 2059 3461 3667 3533">
     <span class='ocr_line' id='line_1_91' title="bbox 2059 3461 3667 3533; baseline 0.002 -17"><span class='ocrx_word' id='word_1_675' title='bbox 2059 3461 2268 3531; x_wconf 83' lang='lat' dir='ltr'><strong>sperari</strong></span> <span class='ocrx_word' id='word_1_676' title='bbox 2299 3475 2480 3530; x_wconf 86' lang='lat' dir='ltr'><strong>posse,</strong></span> <span class='ocrx_word' id='word_1_677' title='bbox 2513 3469 2794 3516; x_wconf 79' lang='lat' dir='ltr'><strong>oraveram</strong></span> <span class='ocrx_word' id='word_1_678' title='bbox 2825 3462 2954 3516; x_wconf 90' lang='lat' dir='ltr'><strong>olim</strong></span> <span class='ocrx_word' id='word_1_679' title='bbox 3002 3463 3490 3518; x_wconf 77' lang='lat' dir='ltr'><strong>eminentissimum</strong></span> <span class='ocrx_word' id='word_1_680' title='bbox 3517 3464 3667 3533; x_wconf 90' lang='lat' dir='ltr'><strong>prin-</strong></span> 
     </span>
    </p>
   </div>
   <div class='ocr_carea' id='block_1_92' title="bbox 2059 3551 3666 3622">
    <p class='ocr_par' dir='ltr' id='par_1_92' title="bbox 2059 3551 3666 3622">
     <span class='ocr_line' id='line_1_92' title="bbox 2059 3551 3666 3622; baseline 0.002 -15"><span class='ocrx_word' id='word_1_681' title='bbox 2059 3553 2233 3621; x_wconf 89' lang='lat' dir='ltr'><strong>cipem</strong></span> <span class='ocrx_word' id='word_1_682' title='bbox 2257 3551 2522 3622; x_wconf 84' lang='lat' dir='ltr'><strong>Angelum</strong></span> <span class='ocrx_word' id='word_1_683' title='bbox 2556 3553 2779 3608; x_wconf 80' lang='lat' dir='ltr'><strong>Mariam</strong></span> <span class='ocrx_word' id='word_1_684' title='bbox 2803 3553 3086 3620; x_wconf 73' lang='lat' dir='ltr'><strong>Quirinum</strong></span> <span class='ocrx_word' id='word_1_685' title='bbox 3112 3555 3371 3609; x_wconf 68' lang='lat' dir='ltr'><strong>Romana:</strong></span> <span class='ocrx_word' id='word_1_686' title='bbox 3406 3552 3666 3610; x_wconf 66' lang='lat' dir='ltr'><strong>Ecciesiae</strong></span> 
     </span>
    </p>
   </div>
   <div class='ocr_carea' id='block_1_93' title="bbox 2061 3644 3662 3715">
    <p class='ocr_par' dir='ltr' id='par_1_93' title="bbox 2061 3644 3662 3715">
     <span class='ocr_line' id='line_1_93' title="bbox 2061 3644 3662 3715; baseline 0.001 -17"><span class='ocrx_word' id='word_1_687' title='bbox 2061 3644 2536 3699; x_wconf 83' lang='lat' dir='ltr'><strong>bibliotltecarium</strong></span> <span class='ocrx_word' id='word_1_688' title='bbox 2562 3654 2640 3711; x_wconf 93' lang='lat' dir='ltr'><strong>ut,</strong></span> <span class='ocrx_word' id='word_1_689' title='bbox 2675 3647 2720 3699; x_wconf 90' lang='lat' dir='ltr'><strong>si</strong></span> <span class='ocrx_word' id='word_1_690' title='bbox 2743 3647 2834 3715; x_wconf 88' lang='lat' dir='ltr'><strong>qui</strong></span> <span class='ocrx_word' id='word_1_691' title='bbox 2860 3646 3078 3700; x_wconf 87' lang='lat' dir='ltr'><strong>codices</strong></span> <span class='ocrx_word' id='word_1_692' title='bbox 3125 3647 3178 3700; x_wconf 92' lang='lat' dir='ltr'><strong>in</strong></span> <span class='ocrx_word' id='word_1_693' title='bbox 3206 3661 3268 3700; x_wconf 91' lang='lat' dir='ltr'><strong>ea</strong></span> <span class='ocrx_word' id='word_1_694' title='bbox 3292 3649 3662 3715; x_wconf 78' lang='lat' dir='ltr'><strong>superessent,</strong></span> 
     </span>
    </p>
   </div>
   <div class='ocr_carea' id='block_1_94' title="bbox 2061 3735 3666 3809">
    <p class='ocr_par' dir='ltr' id='par_1_94' title="bbox 2061 3735 3666 3809">
     <span class='ocr_line' id='line_1_94' title="bbox 2061 3735 3666 3809; baseline 0.001 -18"><span class='ocrx_word' id='word_1_695' title='bbox 2061 3735 2114 3791; x_wconf 91' lang='lat' dir='ltr'><strong>in</strong></span> <span class='ocrx_word' id='word_1_696' title='bbox 2159 3736 2352 3806; x_wconf 85' lang='lat' dir='ltr'><strong>quibus</strong></span> <span class='ocrx_word' id='word_1_697' title='bbox 2395 3736 2644 3793; x_wconf 87' lang='lat' dir='ltr'><strong>diversus</strong></span> <span class='ocrx_word' id='word_1_698' title='bbox 2672 3753 2704 3792; x_wconf 75' lang='grc' dir='ltr'><strong>ιι</strong></span> <span class='ocrx_word' id='word_1_699' title='bbox 2742 3737 2969 3806; x_wconf 74' lang='lat' dir='ltr'><strong>Vulgata</strong></span> <span class='ocrx_word' id='word_1_700' title='bbox 3017 3737 3152 3792; x_wconf 91' lang='lat' dir='ltr'><strong>ordo</strong></span> <span class='ocrx_word' id='word_1_701' title='bbox 3193 3738 3417 3809; x_wconf 84' lang='lat' dir='ltr'><strong>vigeret,</strong></span> <span class='ocrx_word' id='word_1_702' title='bbox 3452 3752 3546 3793; x_wconf 78' lang='lat' dir='ltr'><strong>eos</strong></span> <span class='ocrx_word' id='word_1_703' title='bbox 3583 3741 3666 3794; x_wconf 88' lang='lat' dir='ltr'><strong>in-</strong></span> 
     </span>
    </p>
   </div>
   <div class='ocr_carea' id='block_1_95' title="bbox 2058 3831 3664 3901">
    <p class='ocr_par' dir='ltr' id='par_1_95' title="bbox 2058 3831 3664 3901">
     <span class='ocr_line' id='line_1_95' title="bbox 2058 3831 3664 3901; baseline 0.002 -16"><span class='ocrx_word' id='word_1_704' title='bbox 2058 3833 2194 3901; x_wconf 88' lang='lat' dir='ltr'><strong>spici</strong></span> <span class='ocrx_word' id='word_1_705' title='bbox 2223 3845 2252 3885; x_wconf 91' lang='lat' dir='ltr'><strong>a</strong></span> <span class='ocrx_word' id='word_1_706' title='bbox 2281 3847 2366 3886; x_wconf 85' lang='lat' dir='ltr'><strong>vv.</strong></span> <span class='ocrx_word' id='word_1_707' title='bbox 2397 3845 2479 3885; x_wconf 93' lang='lat' dir='ltr'><strong>cc.</strong></span> <span class='ocrx_word' id='word_1_708' title='bbox 2510 3831 2752 3900; x_wconf 88' lang='lat' dir='ltr'><strong>ejusdem</strong></span> <span class='ocrx_word' id='word_1_709' title='bbox 2777 3831 3123 3888; x_wconf 67' lang='lat' dir='ltr'><strong>bibliotheca}</strong></span> <span class='ocrx_word' id='word_1_710' title='bbox 3145 3832 3664 3901; x_wconf 61' lang='lat' dir='ltr'><strong>custodibusjulsere</strong></span> 
     </span>
    </p>
   </div>
   <div class='ocr_carea' id='block_1_96' title="bbox 2059 3919 3664 3996">
    <p class='ocr_par' dir='ltr' id='par_1_96' title="bbox 2059 3919 3664 3996">
     <span class='ocr_line' id='line_1_96' title="bbox 2059 3919 3664 3996; baseline 0.001 -19"><span class='ocrx_word' id='word_1_711' title='bbox 2059 3919 2393 3989; x_wconf 78' lang='lat' dir='ltr'><strong>dignaretur.</strong></span> <span class='ocrx_word' id='word_1_712' title='bbox 2426 3921 2552 3990; x_wconf 83' lang='lat' dir='ltr'><strong>Qui,</strong></span> <span class='ocrx_word' id='word_1_713' title='bbox 2596 3931 2654 3978; x_wconf 92' lang='lat' dir='ltr'><strong>ut</strong></span> <span class='ocrx_word' id='word_1_714' title='bbox 2683 3933 2766 3979; x_wconf 90' lang='lat' dir='ltr'><strong>est</strong></span> <span class='ocrx_word' id='word_1_715' title='bbox 2806 3939 2915 3978; x_wconf 92' lang='lat' dir='ltr'><strong>non</strong></span> <span class='ocrx_word' id='word_1_716' title='bbox 2955 3925 3132 3980; x_wconf 87' lang='lat' dir='ltr'><strong>solum</strong></span> <span class='ocrx_word' id='word_1_717' title='bbox 3177 3925 3342 3980; x_wconf 86' lang='lat' dir='ltr'><strong>animi</strong></span> <span class='ocrx_word' id='word_1_718' title='bbox 3394 3926 3664 3996; x_wconf 83' lang='lat' dir='ltr'><strong>magnitu-</strong></span> 
     </span>
    </p>
   </div>
   <div class='ocr_carea' id='block_1_97' title="bbox 2059 4015 3659 4086">
    <p class='ocr_par' dir='ltr' id='par_1_97' title="bbox 2059 4015 3659 4086">
     <span class='ocr_line' id='line_1_97' title="bbox 2059 4015 3659 4086; baseline 0.001 -16"><span class='ocrx_word' id='word_1_719' title='bbox 2059 4015 2207 4080; x_wconf 90' lang='lat' dir='ltr'><strong>dine,</strong></span> <span class='ocrx_word' id='word_1_720' title='bbox 2244 4015 2534 4084; x_wconf 86' lang='lat' dir='ltr'><strong>splendore</strong></span> <span class='ocrx_word' id='word_1_721' title='bbox 2567 4032 2812 4086; x_wconf 85' lang='lat' dir='ltr'><strong>Operum,</strong></span> <span class='ocrx_word' id='word_1_722' title='bbox 2871 4018 3264 4083; x_wconf 71' lang='lat' dir='ltr'><strong>munificentia,</strong></span> <span class='ocrx_word' id='word_1_723' title='bbox 3313 4016 3659 4085; x_wconf 86' lang='lat' dir='ltr'><strong>liberalitate,</strong></span> 
     </span>
    </p>
   </div>
   <div class='ocr_carea' id='block_1_98' title="bbox 2059 4109 3663 4178">
    <p class='ocr_par' dir='ltr' id='par_1_98' title="bbox 2059 4109 3663 4178">
     <span class='ocr_line' id='line_1_98' title="bbox 2059 4109 3663 4178; baseline 0.002 -17"><span class='ocrx_word' id='word_1_724' title='bbox 2059 4121 2179 4178; x_wconf 70' lang='lat' dir='ltr'><strong>quae</strong></span> <span class='ocrx_word' id='word_1_725' title='bbox 2203 4122 2328 4162; x_wconf 91' lang='lat' dir='ltr'><strong>vere</strong></span> <span class='ocrx_word' id='word_1_726' title='bbox 2361 4109 2655 4176; x_wconf 88' lang='lat' dir='ltr'><strong>principem</strong></span> <span class='ocrx_word' id='word_1_727' title='bbox 2689 4109 2938 4176; x_wconf 81' lang='lat' dir='ltr'><strong>deceant,</strong></span> <span class='ocrx_word' id='word_1_728' title='bbox 2983 4111 3080 4165; x_wconf 90' lang='lat' dir='ltr'><strong>sed</strong></span> <span class='ocrx_word' id='word_1_729' title='bbox 3107 4109 3460 4165; x_wconf 87' lang='lat' dir='ltr'><strong>scientiarum</strong></span> <span class='ocrx_word' id='word_1_730' title='bbox 3485 4109 3663 4175; x_wconf 86' lang='lat' dir='ltr'><strong>laude,</strong></span> 
     </span>
    </p>
   </div>
   <div class='ocr_carea' id='block_1_99' title="bbox 2059 4199 3667 4272">
    <p class='ocr_par' dir='ltr' id='par_1_99' title="bbox 2059 4199 3667 4272">
     <span class='ocr_line' id='line_1_99' title="bbox 2059 4199 3667 4272; baseline -0.001 -16"><span class='ocrx_word' id='word_1_731' title='bbox 2059 4199 2306 4256; x_wconf 76' lang='lat' dir='ltr'><strong>fovendis</strong></span> <span class='ocrx_word' id='word_1_732' title='bbox 2360 4201 2576 4268; x_wconf 86' lang='lat' dir='ltr'><strong>litteris,</strong></span> <span class='ocrx_word' id='word_1_733' title='bbox 2612 4203 3081 4272; x_wconf 75' lang='lat' dir='ltr'><strong>proveltendisque</strong></span> <span class='ocrx_word' id='word_1_734' title='bbox 3110 4211 3396 4272; x_wconf 82' lang='lat' dir='ltr'><strong>propterea</strong></span> <span class='ocrx_word' id='word_1_735' title='bbox 3437 4202 3667 4271; x_wconf 82' lang='lat' dir='ltr'><strong>ingeniis</strong></span> 
     </span>
    </p>
   </div>
   <div class='ocr_carea' id='block_1_100' title="bbox 2059 4292 3667 4370">
    <p class='ocr_par' dir='ltr' id='par_1_100' title="bbox 2059 4292 3667 4370">
     <span class='ocr_line' id='line_1_100' title="bbox 2059 4292 3667 4370; baseline -0.002 -22"><span class='ocrx_word' id='word_1_736' title='bbox 2059 4293 2125 4348; x_wconf 88' lang='lat' dir='ltr'><strong>ad</strong></span> <span class='ocrx_word' id='word_1_737' title='bbox 2157 4294 2614 4349; x_wconf 85' lang='lat' dir='ltr'><strong>immortalitatem</strong></span> <span class='ocrx_word' id='word_1_738' title='bbox 2640 4295 2875 4350; x_wconf 89' lang='lat' dir='ltr'><strong>nominis</strong></span> <span class='ocrx_word' id='word_1_739' title='bbox 2905 4295 3095 4362; x_wconf 70' lang='lat' dir='ltr'><strong>factus,</strong></span> <span class='ocrx_word' id='word_1_740' title='bbox 3144 4295 3282 4370; x_wconf 75' lang='lat' dir='ltr'><strong>votis</strong></span> <span class='ocrx_word' id='word_1_741' title='bbox 3328 4293 3532 4349; x_wconf 79' lang='lat' dir='ltr'><strong>nostris</strong></span> <span class='ocrx_word' id='word_1_742' title='bbox 3569 4292 3667 4347; x_wconf 83' lang='lat' dir='ltr'><strong>be-</strong></span> 
     </span>
    </p>
   </div>
   <div class='ocr_carea' id='block_1_101' title="bbox 2059 4384 3668 4455">
    <p class='ocr_par' dir='ltr' id='par_1_101' title="bbox 2059 4384 3668 4455">
     <span class='ocr_line' id='line_1_101' title="bbox 2059 4384 3668 4455; baseline -0.001 -15"><span class='ocrx_word' id='word_1_743' title='bbox 2059 4385 2221 4455; x_wconf 85' lang='lat' dir='ltr'><strong>nigne</strong></span> <span class='ocrx_word' id='word_1_744' title='bbox 2264 4401 2532 4452; x_wconf 91' lang='lat' dir='ltr'><strong>annuens,</strong></span> <span class='ocrx_word' id='word_1_745' title='bbox 2582 4396 2639 4442; x_wconf 91' lang='lat' dir='ltr'><strong>ut</strong></span> <span class='ocrx_word' id='word_1_746' title='bbox 2688 4402 2839 4442; x_wconf 89' lang='lat' dir='ltr'><strong>sacra</strong></span> <span class='ocrx_word' id='word_1_747' title='bbox 2889 4387 2981 4442; x_wconf 90' lang='lat' dir='ltr'><strong>illa</strong></span> <span class='ocrx_word' id='word_1_748' title='bbox 3029 4395 3379 4442; x_wconf 90' lang='lat' dir='ltr'><strong>monumenta</strong></span> <span class='ocrx_word' id='word_1_749' title='bbox 3430 4384 3668 4451; x_wconf 75' lang='lat' dir='ltr'><strong>inapicc-</strong></span> 
     </span>
    </p>
   </div>
   <div class='ocr_carea' id='block_1_102' title="bbox 2063 4478 3664 4537">
    <p class='ocr_par' dir='ltr' id='par_1_102' title="bbox 2063 4478 3664 4537">
     <span class='ocr_line' id='line_1_102' title="bbox 2063 4478 3664 4537; baseline 0 -4"><span class='ocrx_word' id='word_1_750' title='bbox 2063 4486 2252 4533; x_wconf 87' lang='lat' dir='ltr'><strong>rentur</strong></span> <span class='ocrx_word' id='word_1_751' title='bbox 2279 4479 2572 4534; x_wconf 85' lang='lat' dir='ltr'><strong>mandavit.</strong></span> <span class='ocrx_word' id='word_1_752' title='bbox 2603 4479 2709 4537; x_wconf 85' lang='lat' dir='ltr'><strong>Sed</strong></span> <span class='ocrx_word' id='word_1_753' title='bbox 2752 4480 2887 4536; x_wconf 83' lang='lat' dir='ltr'><strong>nihil</strong></span> <span class='ocrx_word' id='word_1_754' title='bbox 2920 4481 3043 4536; x_wconf 87' lang='lat' dir='ltr'><strong>inde</strong></span> <span class='ocrx_word' id='word_1_755' title='bbox 3069 4480 3206 4535; x_wconf 90' lang='lat' dir='ltr'><strong>lucis</strong></span> <span class='ocrx_word' id='word_1_756' title='bbox 3227 4478 3449 4536; x_wconf 75' lang='lat' dir='ltr'><strong>aﬂulsit.</strong></span> <span class='ocrx_word' id='word_1_757' title='bbox 3471 4478 3664 4534; x_wconf 79' lang='lat' dir='ltr'><strong>Omni-</strong></span> 
     </span>
    </p>
   </div>
   <div class='ocr_carea' id='block_1_103' title="bbox 1921 4564 3661 4645">
    <p class='ocr_par' dir='ltr' id='par_1_103' title="bbox 1921 4564 3661 4645">
     <span class='ocr_line' id='line_1_103' title="bbox 1921 4564 3661 4645; baseline -0.003 -15"><span class='ocrx_word' id='word_1_758' title='bbox 1921 4564 1924 4566; x_wconf 52' lang='grc'>’</span> <span class='ocrx_word' id='word_1_759' title='bbox 1977 4569 2032 4630; x_wconf 88' lang='lat' dir='ltr'><strong>D</strong></span> <span class='ocrx_word' id='word_1_760' title='bbox 2058 4569 2185 4636; x_wconf 89' lang='lat' dir='ltr'><strong>bus,</strong></span> <span class='ocrx_word' id='word_1_761' title='bbox 2207 4578 2471 4642; x_wconf 91' lang='lat' dir='ltr'><strong>quotquot</strong></span> <span class='ocrx_word' id='word_1_762' title='bbox 2499 4572 2744 4643; x_wconf 90' lang='lat' dir='ltr'><strong>inspecta</strong></span> <span class='ocrx_word' id='word_1_763' title='bbox 2767 4583 2912 4640; x_wconf 87' lang='lat' dir='ltr'><strong>sunt,</strong></span> <span class='ocrx_word' id='word_1_764' title='bbox 2936 4574 3006 4630; x_wconf 89' lang='lat' dir='ltr'><strong>ad</strong></span> <span class='ocrx_word' id='word_1_765' title='bbox 3045 4573 3360 4645; x_wconf 82' lang='lat' dir='ltr'><strong>Hieronymi</strong></span> <span class='ocrx_word' id='word_1_766' title='bbox 3386 4570 3661 4628; x_wconf 88' lang='lat' dir='ltr'><strong>Canonem</strong></span> 
     </span>
    </p>
   </div>
   <div class='ocr_carea' id='block_1_104' title="bbox 2062 4665 2410 4732">
    <p class='ocr_par' dir='ltr' id='par_1_104' title="bbox 2062 4665 2410 4732">
     <span class='ocr_line' id='line_1_104' title="bbox 2062 4665 2410 4732; baseline -0.006 -14"><span class='ocrx_word' id='word_1_767' title='bbox 2062 4665 2410 4732; x_wconf 83' lang='lat' dir='ltr'><strong>comparatis.</strong></span> 
     </span>
    </p>
   </div>
   <div class='ocr_carea' id='block_1_105' title="bbox 2135 4757 3659 4832">
    <p class='ocr_par' dir='ltr' id='par_1_105' title="bbox 2135 4757 3659 4832">
     <span class='ocr_line' id='line_1_105' title="bbox 2135 4757 3659 4832; baseline 0.002 -20"><span class='ocrx_word' id='word_1_768' title='bbox 2135 4757 2212 4814; x_wconf 87' lang='lat' dir='ltr'><strong>De</strong></span> <span class='ocrx_word' id='word_1_769' title='bbox 2240 4759 2454 4818; x_wconf 70' lang='lat' dir='ltr'><strong>caeteris</strong></span> <span class='ocrx_word' id='word_1_770' title='bbox 2488 4759 2749 4816; x_wconf 77' lang='lat' dir='ltr'><strong>Ecclesiis</strong></span> <span class='ocrx_word' id='word_1_771' title='bbox 2776 4760 2994 4832; x_wconf 83' lang='lat' dir='ltr'><strong>longius</strong></span> <span class='ocrx_word' id='word_1_772' title='bbox 3028 4762 3083 4817; x_wconf 91' lang='lat' dir='ltr'><strong>in</strong></span> <span class='ocrx_word' id='word_1_773' title='bbox 3107 4760 3259 4816; x_wconf 87' lang='lat' dir='ltr'><strong>Italia</strong></span> <span class='ocrx_word' id='word_1_774' title='bbox 3302 4758 3371 4814; x_wconf 86' lang='lat' dir='ltr'><strong>ab</strong></span> <span class='ocrx_word' id='word_1_775' title='bbox 3398 4757 3545 4814; x_wconf 85' lang='lat' dir='ltr'><strong>Urbe</strong></span> <span class='ocrx_word' id='word_1_776' title='bbox 3569 4772 3659 4815; x_wconf 84' lang='lat' dir='ltr'><strong>se-</strong></span> 
     </span>
    </p>
   </div>
   <div class='ocr_carea' id='block_1_106' title="bbox 2062 4849 3662 4924">
    <p class='ocr_par' dir='ltr' id='par_1_106' title="bbox 2062 4849 3662 4924">
     <span class='ocr_line' id='line_1_106' title="bbox 2062 4849 3662 4924; baseline 0.001 -19"><span class='ocrx_word' id='word_1_777' title='bbox 2062 4850 2260 4916; x_wconf 85' lang='lat' dir='ltr'><strong>motis,</strong></span> <span class='ocrx_word' id='word_1_778' title='bbox 2292 4849 2585 4919; x_wconf 84' lang='lat' dir='ltr'><strong>Cisalpinae</strong></span> <span class='ocrx_word' id='word_1_779' title='bbox 2623 4855 2924 4924; x_wconf 67' lang='lat' dir='ltr'><strong>praesertim</strong></span> <span class='ocrx_word' id='word_1_780' title='bbox 2956 4853 3146 4910; x_wconf 69' lang='lat' dir='ltr'><strong>Galliaa</strong></span> <span class='ocrx_word' id='word_1_781' title='bbox 3170 4893 3187 4916; x_wconf 88' lang='lat'><em>.</em></span> <span class='ocrx_word' id='word_1_782' title='bbox 3219 4851 3380 4906; x_wconf 84' lang='lat' dir='ltr'><strong>facile</strong></span> <span class='ocrx_word' id='word_1_783' title='bbox 3406 4859 3552 4906; x_wconf 87' lang='lat' dir='ltr'><strong>esset</strong></span> <span class='ocrx_word' id='word_1_784' title='bbox 3594 4850 3662 4906; x_wconf 91' lang='lat' dir='ltr'><strong>ad</strong></span> 
     </span>
    </p>
   </div>
   <div class='ocr_carea' id='block_1_107' title="bbox 2061 4940 3662 5014">
    <p class='ocr_par' dir='ltr' id='par_1_107' title="bbox 2061 4940 3662 5014">
     <span class='ocr_line' id='line_1_107' title="bbox 2061 4940 3662 5014; baseline -0.002 -16"><span class='ocrx_word' id='word_1_785' title='bbox 2061 4951 2203 5006; x_wconf 83' lang='lat' dir='ltr'><strong>rem,</strong></span> <span class='ocrx_word' id='word_1_786' title='bbox 2232 4942 2300 4997; x_wconf 87' lang='lat' dir='ltr'><strong>de</strong></span> <span class='ocrx_word' id='word_1_787' title='bbox 2328 4958 2434 5012; x_wconf 92' lang='lat' dir='ltr'><strong>qua</strong></span> <span class='ocrx_word' id='word_1_788' title='bbox 2465 4945 2698 5014; x_wconf 85' lang='lat' dir='ltr'><strong>agimus,</strong></span> <span class='ocrx_word' id='word_1_789' title='bbox 2725 4960 2757 5000; x_wconf 90' lang='lat' dir='ltr'><strong>e</strong></span> <span class='ocrx_word' id='word_1_790' title='bbox 2786 4955 2982 5000; x_wconf 84' lang='lat' dir='ltr'><strong>vexato</strong></span> <span class='ocrx_word' id='word_1_791' title='bbox 3010 4943 3298 5014; x_wconf 87' lang='lat' dir='ltr'><strong>Epiphanii</strong></span> <span class='ocrx_word' id='word_1_792' title='bbox 3330 4940 3559 5013; x_wconf 60' lang='grc' dir='ltr'><strong>(θαίνειὶ</strong></span> <span class='ocrx_word' id='word_1_793' title='bbox 3585 4941 3662 5012; x_wconf 81' lang='lat' dir='ltr'><strong>tt)</strong></span> 
     </span>
    </p>
   </div>
   <div class='ocr_carea' id='block_1_108' title="bbox 2062 5033 3665 5106">
    <p class='ocr_par' dir='ltr' id='par_1_108' title="bbox 2062 5033 3665 5106">
     <span class='ocr_line' id='line_1_108' title="bbox 2062 5033 3665 5106; baseline -0.004 -14"><span class='ocrx_word' id='word_1_794' title='bbox 2062 5035 2186 5092; x_wconf 91' lang='lat' dir='ltr'><strong>loco</strong></span> <span class='ocrx_word' id='word_1_795' title='bbox 2215 5037 2284 5090; x_wconf 92' lang='lat' dir='ltr'><strong>de</strong></span> <span class='ocrx_word' id='word_1_796' title='bbox 2311 5035 2475 5092; x_wconf 73' lang='lat' dir='ltr'><strong>Luca:</strong></span> <span class='ocrx_word' id='word_1_797' title='bbox 2508 5038 2561 5092; x_wconf 93' lang='lat' dir='ltr'><strong>in</strong></span> <span class='ocrx_word' id='word_1_798' title='bbox 2593 5036 2768 5104; x_wconf 90' lang='lat' dir='ltr'><strong>Italia,</strong></span> <span class='ocrx_word' id='word_1_799' title='bbox 2810 5037 3091 5106; x_wconf 82' lang='lat' dir='ltr'><strong>Galliaque</strong></span> <span class='ocrx_word' id='word_1_800' title='bbox 3130 5034 3540 5106; x_wconf 83' lang='lat' dir='ltr'><strong>praedicatione,</strong></span> <span class='ocrx_word' id='word_1_801' title='bbox 3567 5033 3665 5088; x_wconf 86' lang='lat' dir='ltr'><strong>ali-</strong></span> 
     </span>
    </p>
   </div>
   <div class='ocr_carea' id='block_1_109' title="bbox 2064 5123 3660 5200">
    <p class='ocr_par' dir='ltr' id='par_1_109' title="bbox 2064 5123 3660 5200">
     <span class='ocr_line' id='line_1_109' title="bbox 2064 5123 3660 5200; baseline -0.004 -16"><span class='ocrx_word' id='word_1_802' title='bbox 2064 5128 2195 5200; x_wconf 80' lang='lat' dir='ltr'><strong>quid</strong></span> <span class='ocrx_word' id='word_1_803' title='bbox 2218 5130 2577 5184; x_wconf 88' lang='lat' dir='ltr'><strong>comminisci.</strong></span> <span class='ocrx_word' id='word_1_804' title='bbox 2608 5129 2718 5185; x_wconf 90' lang='lat' dir='ltr'><strong>Sed</strong></span> <span class='ocrx_word' id='word_1_805' title='bbox 2742 5130 2955 5198; x_wconf 82' lang='lat' dir='ltr'><strong>longius</strong></span> <span class='ocrx_word' id='word_1_806' title='bbox 2975 5123 3230 5193; x_wconf 81' lang='lat' dir='ltr'><strong>fortasse,</strong></span> <span class='ocrx_word' id='word_1_807' title='bbox 3255 5142 3415 5198; x_wconf 89' lang='lat' dir='ltr'><strong>quam</strong></span> <span class='ocrx_word' id='word_1_808' title='bbox 3441 5141 3536 5195; x_wconf 88' lang='lat' dir='ltr'><strong>par</strong></span> <span class='ocrx_word' id='word_1_809' title='bbox 3555 5133 3660 5189; x_wconf 74' lang='lat' dir='ltr'><strong>eat,</strong></span> 
     </span>
    </p>
   </div>
   <div class='ocr_carea' id='block_1_110' title="bbox 2065 5217 3663 5290">
    <p class='ocr_par' dir='ltr' id='par_1_110' title="bbox 2065 5217 3663 5290">
     <span class='ocr_line' id='line_1_110' title="bbox 2065 5217 3663 5290; baseline -0.004 -13"><span class='ocrx_word' id='word_1_810' title='bbox 2065 5232 2121 5277; x_wconf 90' lang='lat' dir='ltr'><strong>et</strong></span> <span class='ocrx_word' id='word_1_811' title='bbox 2148 5223 2370 5288; x_wconf 84' lang='lat' dir='ltr'><strong>nostris,</strong></span> <span class='ocrx_word' id='word_1_812' title='bbox 2405 5231 2461 5278; x_wconf 89' lang='lat' dir='ltr'><strong>et</strong></span> <span class='ocrx_word' id='word_1_813' title='bbox 2486 5222 2719 5276; x_wconf 91' lang='lat' dir='ltr'><strong>aliorum</strong></span> <span class='ocrx_word' id='word_1_814' title='bbox 2748 5223 3083 5290; x_wconf 91' lang='lat' dir='ltr'><strong>conjecturis</strong></span> <span class='ocrx_word' id='word_1_815' title='bbox 3110 5221 3452 5276; x_wconf 83' lang='lat' dir='ltr'><strong>indulsimtts.</strong></span> <span class='ocrx_word' id='word_1_816' title='bbox 3480 5217 3663 5285; x_wconf 81' lang='lat' dir='ltr'><strong>Itaque</strong></span> 
     </span>
    </p>
   </div>
   <div class='ocr_carea' id='block_1_111' title="bbox 2068 5306 3660 5384">
    <p class='ocr_par' dir='ltr' id='par_1_111' title="bbox 2068 5306 3660 5384">
     <span class='ocr_line' id='line_1_111' title="bbox 2068 5306 3660 5384; baseline -0.006 -15"><span class='ocrx_word' id='word_1_817' title='bbox 2068 5329 2136 5369; x_wconf 81' lang='lat' dir='ltr'><strong>ex</strong></span> <span class='ocrx_word' id='word_1_818' title='bbox 2164 5315 2434 5368; x_wconf 78' lang='lat' dir='ltr'><strong>:estuariis</strong></span> <span class='ocrx_word' id='word_1_819' title='bbox 2467 5313 2616 5368; x_wconf 83' lang='lat' dir='ltr'><strong>hisce</strong></span> <span class='ocrx_word' id='word_1_820' title='bbox 2646 5313 2699 5368; x_wconf 93' lang='lat' dir='ltr'><strong>in</strong></span> <span class='ocrx_word' id='word_1_821' title='bbox 2728 5316 3096 5370; x_wconf 88' lang='lat' dir='ltr'><strong>continentem</strong></span> <span class='ocrx_word' id='word_1_822' title='bbox 3126 5310 3414 5384; x_wconf 88' lang='lat' dir='ltr'><strong>aliquando</strong></span> <span class='ocrx_word' id='word_1_823' title='bbox 3454 5306 3660 5366; x_wconf 82' lang='lat' dir='ltr'><strong>reducti</strong></span> 
     </span>
    </p>
   </div>
   <div class='ocr_carea' id='block_1_112' title="bbox 2071 5401 3662 5479">
    <p class='ocr_par' dir='ltr' id='par_1_112' title="bbox 2071 5401 3662 5479">
     <span class='ocr_line' id='line_1_112' title="bbox 2071 5401 3662 5479; baseline -0.004 -18"><span class='ocrx_word' id='word_1_824' title='bbox 2071 5405 2397 5476; x_wconf 84' lang='lat' dir='ltr'><strong>insigniores</strong></span> <span class='ocrx_word' id='word_1_825' title='bbox 2427 5404 2630 5477; x_wconf 90' lang='lat' dir='ltr'><strong>aliquot</strong></span> <span class='ocrx_word' id='word_1_826' title='bbox 2675 5408 2826 5464; x_wconf 87' lang='lat' dir='ltr'><strong>locos</strong></span> <span class='ocrx_word' id='word_1_827' title='bbox 2860 5406 3192 5479; x_wconf 77' lang='lat' dir='ltr'><strong>exemplaris</strong></span> <span class='ocrx_word' id='word_1_828' title='bbox 3231 5403 3459 5474; x_wconf 76' lang='lat' dir='ltr'><strong>hujusce</strong></span> <span class='ocrx_word' id='word_1_829' title='bbox 3487 5401 3662 5458; x_wconf 86' lang='lat' dir='ltr'><strong>nostri</strong></span> 
     </span>
    </p>
   </div>
   <div class='ocr_carea' id='block_1_113' title="bbox 2067 5498 2441 5570">
    <p class='ocr_par' dir='ltr' id='par_1_113' title="bbox 2067 5498 2441 5570">
     <span class='ocr_line' id='line_1_113' title="bbox 2067 5498 2441 5570; baseline 0 -16"><span class='ocrx_word' id='word_1_830' title='bbox 2067 5498 2441 5570; x_wconf 77' lang='lat' dir='ltr'><strong>inSpiciamus.</strong></span> 
     </span>
    </p>
   </div>
   <div class='ocr_carea' id='block_1_114' title="bbox 2141 5589 3662 5666">
    <p class='ocr_par' dir='ltr' id='par_1_114' title="bbox 2141 5589 3662 5666">
     <span class='ocr_line' id='line_1_114' title="bbox 2141 5589 3662 5666; baseline -0.003 -21"><span class='ocrx_word' id='word_1_831' title='bbox 2141 5589 2398 5646; x_wconf 82' lang='lat' dir='ltr'><strong>Dixeram</strong></span> <span class='ocrx_word' id='word_1_832' title='bbox 2437 5605 2504 5647; x_wconf 83' lang='lat' dir='ltr'><strong>ex</strong></span> <span class='ocrx_word' id='word_1_833' title='bbox 2542 5592 2880 5666; x_wconf 80' lang='lat' dir='ltr'><strong>antigrapltis</strong></span> <span class='ocrx_word' id='word_1_834' title='bbox 2908 5593 3016 5649; x_wconf 90' lang='lat' dir='ltr'><strong>illis</strong></span> <span class='ocrx_word' id='word_1_835' title='bbox 3046 5603 3328 5656; x_wconf 88' lang='lat' dir='ltr'><strong>manasse,</strong></span> <span class='ocrx_word' id='word_1_836' title='bbox 3373 5602 3494 5660; x_wconf 75' lang='lat' dir='ltr'><strong>qua:</strong></span> <span class='ocrx_word' id='word_1_837' title='bbox 3535 5595 3662 5650; x_wconf 79' lang='lat' dir='ltr'><strong>ante</strong></span> 
     </span>
    </p>
   </div>
   <div class='ocr_carea' id='block_1_115' title="bbox 2067 5678 3659 5754">
    <p class='ocr_par' dir='ltr' id='par_1_115' title="bbox 2067 5678 3659 5754">
     <span class='ocr_line' id='line_1_115' title="bbox 2067 5678 3659 5754; baseline -0.004 -15"><span class='ocrx_word' id='word_1_838' title='bbox 2067 5682 2252 5739; x_wconf 80' lang='lat' dir='ltr'><strong>Hilarii</strong></span> <span class='ocrx_word' id='word_1_839' title='bbox 2277 5691 2520 5754; x_wconf 78' lang='lat' dir='ltr'><strong>tempora</strong></span> <span class='ocrx_word' id='word_1_840' title='bbox 2545 5683 2879 5741; x_wconf 84' lang='lat' dir='ltr'><strong>ferebantur.</strong></span> <span class='ocrx_word' id='word_1_841' title='bbox 2908 5685 2974 5740; x_wconf 86' lang='lat' dir='ltr'><strong>Et</strong></span> <span class='ocrx_word' id='word_1_842' title='bbox 2996 5683 3200 5740; x_wconf 79' lang='lat' dir='ltr'><strong>fecerat</strong></span> <span class='ocrx_word' id='word_1_843' title='bbox 3224 5681 3351 5740; x_wconf 84' lang='lat' dir='ltr'><strong>huic</strong></span> <span class='ocrx_word' id='word_1_844' title='bbox 3370 5678 3659 5740; x_wconf 85' lang='lat' dir='ltr'><strong>assertioni</strong></span> 
     </span>
    </p>
   </div>
   <div class='ocr_carea' id='block_1_116' title="bbox 2065 5772 3640 5849">
    <p class='ocr_par' dir='ltr' id='par_1_116' title="bbox 2065 5772 3640 5849">
     <span class='ocr_line' id='line_1_116' title="bbox 2065 5772 3640 5849; baseline -0.006 -15"><span class='ocrx_word' id='word_1_845' title='bbox 2065 5776 2243 5834; x_wconf 88' lang='lat' dir='ltr'><strong>locum</strong></span> <span class='ocrx_word' id='word_1_846' title='bbox 2271 5777 2458 5834; x_wconf 87' lang='lat' dir='ltr'><strong>beatus</strong></span> <span class='ocrx_word' id='word_1_847' title='bbox 2487 5779 2720 5847; x_wconf 85' lang='lat' dir='ltr'><strong>Autltor,</strong></span> <span class='ocrx_word' id='word_1_848' title='bbox 2754 5779 2847 5834; x_wconf 89' lang='lat' dir='ltr'><strong>lib.</strong></span> <span class='ocrx_word' id='word_1_849' title='bbox 2879 5793 2913 5840; x_wconf 69' lang='grc' dir='ltr'><strong>ι</strong></span> <span class='ocrx_word' id='word_1_850' title='bbox 2941 5777 3010 5834; x_wconf 88' lang='lat' dir='ltr'><strong>de</strong></span> <span class='ocrx_word' id='word_1_851' title='bbox 3041 5777 3333 5849; x_wconf 79' lang='lat' dir='ltr'><strong>&#39;l‘rinitate,</strong></span> <span class='ocrx_word' id='word_1_852' title='bbox 3368 5789 3422 5830; x_wconf 91' lang='lat' dir='ltr'><strong>n.</strong></span> <span class='ocrx_word' id='word_1_853' title='bbox 3450 5773 3540 5841; x_wconf 62' lang='lat' dir='ltr'><strong>ti,</strong></span> <span class='ocrx_word' id='word_1_854' title='bbox 3569 5772 3640 5826; x_wconf 84' lang='lat' dir='ltr'><strong>ub</strong></span> 
     </span>
    </p>
   </div>
  </div>
