4054 6198
340 278 406 335 31
1721 224 2255 335 ΡιιοιΕϐΟΜΕΝᾸ.

3568 281 3646 337 52

338 394 408 451 de
430 393 685 466 perlcope
713 392 810 451 illa
846 392 1076 465 loquens
1106 391 1270 449 Luem
1295 406 1436 459 xxn,
1464 392 1555 462 45,
1587 391 1696 450 44:
1726 390 1797 447 Et
1819 395 1935 464 fac-
1964 398 2011 456 Α
2045 395 2219 461 vavit,
2248 407 2442 465 nempe
2468 393 2520 449 in
2542 394 2939 466 probatioribus
2966 409 3097 452 mss.
3125 396 3325 469 ubique
3353 396 3642 453 lectionem

343 494 426 541 tus
451 488 507 542 in
530 487 719 557 agonia
747 486 1004 557 prolixius
1035 486 1235 540 orabat.
1261 484 1327 540 Et
1357 487 1523 556 factus
1547 494 1623 541 est
1648 485 1807 539 sudor
1826 487 1941 558 ejus

340 579 471 634 sicut
498 588 655 651 guttae
675 579 947 651 sanguinis
972 578 1290 633 decurrentis
1319 578 1370 631 in
1394 588 1739 648 terramquae
1766 579 1817 632 in
1845 591 1941 631 co-

347 672 469 728 dice
500 680 689 728 nostro
712 671 931 727 desum.
964 669 1079 725 Nec
1116 687 1241 725 sane
1264 671 1515 743 (inquit)
1541 672 1883 741 ignorandum
1913 686 1947 724 a

347 765 494 819 nobis
519 773 616 830 est,
645 773 692 817 et
716 764 772 816 iu
797 762 1011 830 ercis,
1045 772 1091 818 et
1120 764 1175 817 in
1206 761 1408 817 Latinis
1428 762 1686 817 codicibus
1714 762 1947 832 complu-

343 857 489 910 rimis
510 855 587 910 uel
613 857 677 909 de
703 856 1003 910 adveniente
1028 855 1233 927 angelo,
1257 857 1335 910 vel
1364 855 1427 909 de.
1457 855 1646 910 sudore
1676 856 1946 926 sanguinis

347 948 422 1002 nil
447 949 698 1016 scriptunt
724 948 959 1020 reperiri.
991 948 1375 1019 Ambigentibus
1398 949 1556 1018 igitur
1577 958 1748 1000 utrum
1773 947 1868 1001 hoc
1891 948 1947 1001 in

347 1040 494 1096 libris
534 1041 694 1095 uariis
729 1050 818 1095 aut
853 1042 1025 1108 desit,
1067 1051 1154 1096 aut
1193 1043 1509 1112 superﬂuum
1546 1042 1610 1095 sit
1652 1042 1947 1110 (incertum

347 1134 484 1189 enim
525 1136 622 1188 hoc
663 1134 808 1188 nobis
852 1134 1159 1204 relinquitur
1208 1136 1273 1189 de
1319 1135 1612 1189 diversitate
1656 1131 1945 1205 librorum)

348 1236 499 1294 certe,
524 1236 631 1283 etc.
666 1225 781 1294 Qua
805 1227 873 1281 de
905 1242 986 1289 re,
1026 1235 1117 1280 aut
1145 1242 1252 1297 quo
1289 1226 1492 1281 satculo
1533 1236 1802 1294 expuncta
1830 1224 1948 1279 foe-

352 1320 464 1374 rint
491 1319 655 1375 verba
676 1319 790 1382 illa,
819 1329 912 1373 aut
933 1334 959 1373 a
987 1319 1204 1390 quibus,
1229 1319 1283 1373 in
1311 1319 1547 1373 obscuro
1570 1328 1675 1373 est.
1705 1315 1950 1388 Expendi

354 1419 535 1467 tamen
559 1420 839 1466 merentur
866 1425 952 1475 ea,
980 1426 1103 1482 quae
1126 1410 1346 1467 Grotius
1368 1409 1436 1464 ad
1461 1410 1603 1464 hunc
1624 1409 1802 1463 locum
1829 1407 1950 1477 (ad-

353 1514 463 1559 not.
496 1506 550 1557 in
583 1502 836 1575 Lucam),
868 1514 980 1558 tum
1008 1504 1077 1559 ad
1105 1504 1272 1559 alium
1311 1502 1556 1573 ejusdem
1592 1501 1951 1572 Evangelistzn

355 1606 703 1653 commentus
732 1605 837 1661 est,
867 1611 936 1652 ne
967 1596 1065 1650 viri
1097 1595 1451 1651 eruditissimi
1477 1593 1739 1664 judicium
1765 1592 1952 1661 legen-

358 1689 498 1745 tibus
523 1689 786 1758 imponat.
816 1687 1151 1742 lllaudabilis
1193 1689 1453 1761 (inquit,
1486 1686 1554 1742 de
1581 1688 1815 1740 adventu
1858 1700 1954 1738 an-

2049 486 2188 543 hanc
2209 496 2520 544 constanter
2548 489 2616 545 ab
2649 490 2852 545 Hilario
2883 502 3170 547 retentam.
3197 491 3277 547 Ex
3300 508 3403 563 qua
3430 493 3641 548 unifor-

2052 580 2236 635 mitate
2265 580 2316 635 in
2343 581 2672 637 adducendis
2699 624 2714 647 ,
2746 581 2978 637 diversis
3010 582 3133 638 licet
3181 592 3236 638 et
3259 584 3379 639 loco
3399 624 3414 648 ,
3447 593 3502 639 et
3529 600 3643 641 ma-

2045 672 2213 738 teria,
2271 686 2549 727 sacrorum
2602 674 2859 729 librorum
2913 673 3218 743 peric0pis,
3274 675 3460 730 nullibi
3506 674 3647 732 laeta

2046 764 2342 820 mutatione
2368 765 2689 831 verborum,
2722 765 2993 836 conjicere
3023 775 3170 821 certo
3201 781 3488 837 possumus
3513 810 3530 836 ,
3554 784 3649 824 ve-

2049 866 2190 913 teres
2218 858 2474 915 Ecclesise
2503 859 2796 930 scriptores
2826 875 2934 915 non
2966 875 2997 916 e
3047 863 3322 916 memorim
3351 878 3525 932 penu,
3590 872 3650 919 ut

2050 952 2365 1023 plerumque
2405 953 2684 1021 solebant,
2733 953 2827 1009 sed
2860 970 2927 1010 ex
2976 953 3226 1010 codicum
3265 970 3487 1010 suorum
3544 955 3650 1012 ﬁde

2049 1060 2141 1100 eas
2167 1046 2454 1112 adtulisse,
2482 1047 2641 1117 longe
2665 1057 2846 1102 autem
2885 1048 3118 1115 certius,
3142 1063 3264 1101 cum
3296 1048 3420 1115 has,
3451 1048 3517 1104 ad
3561 1064 3652 1104 ar-

2050 1150 2362 1209 gumentum
2412 1139 2627 1210 aliquod
2691 1139 3115 1207 illustrandum,
3170 1141 3393 1209 praecise
3446 1156 3509 1195 ac
3555 1155 3653 1210 per

2052 1240 2237 1302 partes
2259 1231 2551 1285 inculcant.
2583 1228 2749 1299 Cujus
2772 1231 2849 1286 rei
2896 1230 3202 1300 exemplum
3231 1230 3463 1285 alterum
3504 1230 3656 1286 dabit

2052 1322 2369 1379 Tertulliani
2417 1323 2566 1377 locus
2592 1338 2621 1376 a
2663 1322 2836 1378 Millio
2863 1337 2971 1377 non
3014 1322 3373 1377 observatus:
3432 1337 3497 1378 ex
3547 1336 3656 1392 quo

2054 1414 2352 1470 clarissime
2392 1416 2559 1485 liquet
2582 1414 2903 1484 scriptorem
2937 1413 3080 1469 hunc
3127 1413 3208 1469 sic
3236 1413 3363 1469 olim
3407 1414 3459 1468 in
3515 1416 3659 1468 antis

2056 1510 2260 1579 grapho
2278 1523 2375 1563 suo
2399 1509 2590 1579 legisse
2612 1550 2625 1570 ,
2642 1506 2780 1562 haud
2797 1507 2899 1563 levi
2919 1522 3051 1562 sane
3071 1516 3390 1578 argumento
3415 1506 3657 1561 codicem

2058 1612 2304 1659 nostrum
2328 1590 2353 1666 ,“
2401 1602 2488 1672 qui
2518 1600 2765 1656 eamdem
2796 1600 3086 1655 lectionem
3140 1600 3387 1665 exhibet,
3417 1616 3482 1655 ex
3529 1615 3662 1671 apo-

2058 1696 2278 1768 graphis
2318 1695 2383 1750 ad
2430 1694 2791 1751 vetustissima
2821 1694 3150 1765 exemplaria
3177 1693 3504 1764 comparatis
3529 1734 3544 1761 ,
3566 1693 3664 1748 de-

356 1782 485 1853 geli,
519 1791 575 1837 et
605 1781 805 1836 sudore
833 1781 1085 1853 loquens)
1116 1781 1216 1852 fuit
1246 1790 1295 1835 et
1327 1780 1645 1849 superstitio,
1676 1788 1725 1832 et
1756 1776 1961 1831 temeri-
1990 1776 2039 1838 B
2068 1792 2329 1861 scriptum
2358 1788 2551 1844 fuisse.

359 1886 439 1930 tas
470 1891 648 1930 eorum
668 1918 682 1941 ,
716 1875 804 1945 qui
829 1875 962 1929 hanc
992 1874 1333 1945 particulam,
1367 1884 1413 1928 et
1450 1880 1743 1944 sequentem
1774 1870 1837 1924 de
1867 1886 1957 1924 su-

359 1969 484 2023 dore
513 1952 743 2023 delevere
774 1984 793 2023 :
824 1967 988 2021 nihilo
1016 1967 1250 2038 grariore
1275 1966 1339 2020 de
1364 1983 1522 2021 causa
1541 2006 1556 2030 ,
1589 1980 1743 2034 quant
1769 1979 1869 2031 quo
1896 1962 1962 2015 il-

363 2060 482 2125 lud,
512 2061 651 2131 quod
676 2077 836 2133 supra
861 2068 936 2115 est
961 2060 1026 2115 de
1053 2061 1179 2131 ﬂetu
1202 2100 1218 2127 ,
1251 2059 1472 2113 deletum
1499 2059 1743 2113 diximus.
1795 2057 1959 2112 Dixe-

366 2164 449 2209 rat
475 2162 656 2211 autem
688 2154 756 2209 ad
783 2153 943 2211 Lucae
966 2169 1077 2220 xix,
1100 2152 1191 2219 41,
1223 2151 1543 2222 particulam
1574 2150 1717 2207 illam
1745 2149 1813 2203 de
1834 2148 1965 2203 ﬂetu

365 2261 395 2299 a
430 2246 653 2309 Latino,
697 2244 877 2317 Syro,
920 2245 1101 2302 Arabe
1142 2243 1532 2313 interpretibus
1561 2252 1853 2300 retentam.
1898 2240 1969 2295 At

368 2338 730 2409 Epiphaniam
770 2338 998 2404 testari,
1043 2351 1142 2391 suo
1182 2344 1431 2405 tempore
1473 2350 1592 2421 gon
1614 2332 1965 2421 pxtitipse.

371 2626 428 2671 ut
458 2617 720 2670 videamus
746 2625 994 2683 quantum
1031 2613 1129 2667 sibi
1166 2608 1825 2695 Eccleg'qutm.grtgp.as_iti
1855 2624 1973 2695 pqr-

373 2708 629 2763 miserint.
662 2681 844 2761 Verba
877 2704 1164 2776 Epipltanii
1195 2721 1225 2759 a

376 2802 456 2858 illi
485 2800 854 2872 improbanda:
887 2798 1174 2868 prmsidnm
1199 2771 1715 2852 ecclesiasticarum.
1746 2771 1980 2846 licentiae

377 2910 563 2952 ansam
589 2894 955 2966 praebuerant,
999 2892 1194 2949 adtulit
1223 2892 1441 2957 Millius,
1474 2903 1694 2955 errare,
1730 2887 1981 2956 inquiens

379 2988 643 3060 (Proleg.,
676 3004 730 3043 n.
760 2985 912 3059 798),
946 2987 1145 3041 misere
1172 2984 1445 3047 Grotium,
1475 2982 1566 3053 qui
1598 2981 1669 3035 ita
1698 2978 1767 3032 de
1796 2976 1983 3033 Eccle-

304 3080 311 3085 ’
380 3083 582 3138 siarum
627 3080 933 3152 praepositis
980 3078 1234 3134 senserit.
1290 3077 1364 3133 Ea
1414 3071 1889 3149 ευηι;’ορθόδοξοι
1929 3069 1982 3124 δέ

2135 1901 2293 1957 Luca:
2336 1917 2441 1967 xv,
2482 1901 2547 1967 8,
2598 1899 2865 1970 Vulgata:
2907 1898 3011 1954 Aut
3066 1913 3181 1967 qua:
3228 1898 3412 1952 mulier
3478 1895 3669 1953 habens

2066 1993 2339 2049 dracltmas
2363 1994 2535 2046 decem
2555 2032 2570 2057 ,
2600 1994 2646 2047 si
2664 1992 2943 2060 perdiderit
2973 1992 3270 2045 drachmam
3293 2007 3448 2044 unum
3466 2032 3480 2053 ,
3502 2005 3672 2044 nonne

2066 2086 2299 2140 accendit
2356 2085 2651 2149 lucernam,
2684 2094 2730 2138 et
2752 2085 2931 2138 everrit
2963 2084 3201 2148 domum,
3239 2092 3286 2136 et
3337 2082 3519 2151 quierit
3550 2081 3675 2134 dili-

2068 2192 2242 2252 genter
2254 2180 2414 2233 donec
2444 2180 2710 2234 inveniat?
2738 2178 2931 2233 Noster
2953 2186 3266 2247 argenteus:
3284 2176 3470 2230 Nonne
3493 2192 3676 2230 accen-

2072 2276 2144 2328 dit
2194 2274 2483 2341 lucernam,
2514 2284 2559 2326 et
2587 2274 2751 2345 scapis
2791 2272 3053 2325 mandauit
3103 2270 3344 2336 domum,
3393 2278 3442 2323 et
3483 2270 3678 2341 qutcrit

370 2366 730 2409 Dplpllilﬂllllll
770 2366 998 2404 ιῦδιᾰιιί,
1043 2366 1142 2391 δυυ
1184 2366 1431 2405 ιῦιιινυιυ
1473 2366 1592 2417 κυιι
1616 2366 1894 2410 δῑῃιιξισδδῠ.
1912 2366 1989 2416 ξιξ.

370 2431 585 2499 publice
615 2432 850 2499 receptis
875 2429 1312 2499 exemplaribus;
1352 2404 1789 2509 ἀίειῒέιῃιξιξῖξςέίξ
1806 2422 1989 2509 ναξ-1ης

2095 2366 2345 2437 liligentet;
2364 2407 2390 2440 ι
2413 2375 2518 2446 etc.

2095 2441 2104 2509 ἶ
2137 2438 2514 2509 fter-tumhi“;

370 2496 519 2578 illius
550 2523 601 2577 in
632 2496 929 2588 Auctorato,
963 2496 1088 2591 qua:
1117 2529 1394 2585 notentur,
1416 2496 1502 2573 ire!
1524 2498 1720 2572 .ob'hoc
1748 2496 1986 2588 (ἦὴῆῇηῇ
2015 2506 2033 2523 ⁸

2674 2455 2864 2510 Pudic.
2893 2473 3008 2523 cap.
3038 2454 3104 2527 9)
3133 2470 3147 2508 :
3185 2454 3297 2509 Nos
3346 2464 3538 2517 autem,
3559 2454 3683 2519 quia

2078 2533 2179 2605 ἷιόη
2219 2533 2591 2620 'eé'pdrizbblis;
2605 2551 2841 2604 materias
2865 2559 3290 2613 commentemur,
3337 2546 3425 2600 sed
3470 2562 3534 2600 ea:
3571 2564 3684 2600 ma-

2045 2645 2236 2727 ..tgriif.
2258 2642 2539 2733 pprgbplas
2557 2643 2974 2728 .i.nterprctatttur
2996 2659 3015 2708 ;
3059 2658 3147 2695 nec
3192 2640 3336 2693 ralde
3388 2638 3683 2694 laboramus

2067 2718 2275 2822 δρῖιυξὶαξ
2290 2718 2993 2822 torquere,
3026 2736 3147 2788 dum
3188 2734 3445 2788 contraria
3490 2748 3689 2803 quoque

2084 2810 2383 2881 caveamus:
2412 2810 2813 2895 'Quitre‘de’tftum
2842 2842 2956 2880 oves
2981 2826 3006 2880 ἒ)
3028 2824 3096 2879 Et
3144 2825 3270 2897 quid
3318 2825 3489 2894 utique
3518 2825 3688 2879 decem

2087 2918 2346 2973 drachma:
2373 2918 2397 2972 ?
2424 2918 2492 2974 Et
2512 2934 2625 2990 qua:
2649 2919 2753 2973 illa:
2778 2918 2985 2988 scopte?
3017 2914 3237 2971 Necesse
3257 2926 3364 2969 erat
3384 2958 3399 2981 ,
3432 2916 3519 2983 qui
3538 2915 3691 2969 unius

2089 3012 2372 3083 peccatoris
2395 3012 2606 3065 salutent
2628 3012 2970 3083 gratissimam
3006 3008 3111 3063 Deo
3165 3008 3358 3061 volebat
3384 3008 3692 3077 exprimere,

2090 3104 2316 3170 aliquam
2370 3103 2568 3155 numeri
2598 3103 2931 3172 quantitatem
2958 3101 3274 3163 nominaret,
3310 3098 3375 3152 de
3411 3115 3512 3168 quo
3538 3114 3695 3151 unum

382 3178 641 3253 ἀφείλοντο
678 3176 738 3231 τὸ
770 3175 923 3250 ῥητὸν
952 3174 1272 3248 φοϐηθέντες,
1307 3174 1393 3226 καὶ
1415 3175 1485 3242 μὴ
1522 3172 1798 3227 νοήσαντες
1825 3167 1983 3221 αὐτοῦ

2095 3196 2297 3267 quidem
2326 3196 2536 3265 periisse
2556 3194 2876 3248 describeret.
2908 3192 3128 3247 Necesse
3154 3200 3262 3245 erat
3302 3200 3355 3245 ut
3384 3165 3583 3244 habitus
3617 3205 3698 3243 re-

383 3270 627 3334 τὸτέλος,
657 3269 819 3324 καὶτὸ
850 3267 1223 3342 ἰσχυρότατον.
1256 3263 1329 3318 Et
1357 3276 1489 3317 sane
1516 3261 1711 3315 tnirttm
1738 3255 1883 3327 quod
1910 3255 1991 3309 vir

388 3361 616 3418 inﬁnita:
644 3359 922 3425 lectionis,
954 3368 1010 3414 et
1039 3354 1322 3412 accerrimi
1362 3350 1585 3425 judicii,
1616 3348 1950 3406 orthodoxos
1976 3386 1991 3411 ,

388 3453 481 3524 qui
511 3452 655 3510 haud
686 3450 941 3508 laudabili
970 3450 1166 3504 timore
1184 3462 1282 3515 ,ne
1310 3446 1465 3502 ﬂetus
1491 3444 1783 3500 Servatore
1808 3447 1997 3495 nostro

391 3546 442 3603 .l.
476 3542 537 3601 C.
571 3545 830 3616 indignus
859 3543 1174 3609 videretur,
1219 3556 1283 3596 ea
1314 3538 1477 3594 verba
1503 3536 1820 3591 deleverant
1841 3574 1856 3599 ,
1912 3532 2000 3586 hic

393 3641 502 3696 loci
532 3654 629 3713 pro
659 3639 1029 3695 Ecclesiarum
1080 3634 1389 3707 praapositis
1443 3630 1672 3702 intelligi
1718 3626 1950 3685 voluerit
1981 3644 1996 3693 ;

396 3732 566 3790 multo
594 3746 727 3787 vero
747 3732 916 3802 magis
930 3772 945 3797 ,
965 3728 1108 3800 quod
1139 3730 1183 3783 si
1210 3727 1499 3803 ἀδιόρθωτα
1519 3725 1540 3796 (
1560 3724 1625 3778 ad
1655 3738 1775 3794 quae.
1803 3720 2003 3776 ibidem

396 3834 659 3899 provocat
690 3823 1061 3896 Epiphanius)
1091 3821 1269 3876 adhuc
1297 3828 1624 3890 supererant
1648 3814 2003 3894 exemplaria,

398 3935 463 3975 ea
486 3918 727 3990 profecto
738 3931 861 3972 esse
877 3915 1149 3972 debebant
1172 3954 1188 3980 ,
1206 3927 1328 3984 quae
1352 3912 1404 3966 in
1429 3909 1688 3965 Ecclesiis
1699 3915 1755 3962 et
1779 3906 2006 3972 castius,

403 4023 459 4069 et
486 4010 823 4074 accuratius,
854 4023 1013 4080 quam
1033 4005 1173 4076 apud
1200 4004 1439 4074 privatos
1460 4043 1475 4067 ,
1507 3999 1712 4056 servari
1733 3998 2007 4053 solebant.

403 4105 635 4161 Tantum
660 4103 816 4158 abest
835 4108 896 4155 ut
922 4096 1277 4155 ecclesiastici
1308 4096 1446 4167 ipsi,
1484 4102 1577 4149 aut
1626 4092 1868 4163 episcopi
1908 4091 2009 4145 ali-

403 4198 533 4269 quid
556 4197 627 4253 de
670 4195 929 4268 primaevo
969 4202 1123 4250 textu
1163 4189 1450 4249 detrahere
1478 4188 1581 4245 sibi
1632 4186 1765 4258 ipsis
1814 4185 2017 4257 permi-

406 4291 595 4346 serint.

479 4385 654 4440 Locus
682 4382 849 4447 alter,
880 4381 956 4435 uti
1009 4380 1063 4434 in
1088 4376 1275 4435 codice
1304 4382 1527 4440 nostro,
1580 4371 1660 4427 sic
1699 4370 1769 4426 ab
1815 4368 2019 4425 Hilario

409 4478 583 4533 lectus
612 4484 693 4529 est
719 4473 906 4528 Matth.
929 4486 1058 4527 xxVI
1078 4513 1093 4536 ,
1124 4470 1231 4525 55:
1264 4467 1343 4521 An
1367 4474 1516 4537 putas
1540 4465 1663 4533 quia
1682 4479 1787 4516 non
1809 4477 2019 4533 possum

407 4585 592 4641 rogare
618 4566 833 4621 Patrem
855 4580 1022 4619 meum
1040 4604 1055 4629 ,
1084 4571 1129 4617 et
1152 4560 1402 4616 exhibebit
1422 4558 1550 4611 mihi
1573 4556 1723 4610 modo
1746 4555 2019 4625 plusquam

410 4664 680 4720 duodecim
711 4660 880 4715 millia
907 4658 1129 4729 legiones
1154 4653 1499 4726 angelorum?
1529 4650 1763 4706 llilarius
1786 4649 1852 4705 de
1892 4648 2014 4703 Tri-

414 4759 581 4813 nitate
604 4772 637 4811 x
662 4796 679 4821 ,
700 4753 774 4810 42
802 4772 816 4809 :
857 4751 970 4808 Nec
998 4750 1095 4805 sibi
1119 4748 1334 4819 angelus
1358 4745 1580 4800 mittitur
1601 4785 1615 4809 ,
1638 4744 1725 4812 qui
1777 4743 1821 4796 si
1847 4742 2019 4807 vellet,

416 4850 691 4903 duodecim
732 4845 899 4900 millia
938 4842 1199 4915 legionum
1241 4827 1303 4893 de
1339 4837 1464 4891 caelo
1505 4835 1801 4890 deduceret.
1859 4832 1929 4886 Et
1969 4832 2023 4887 in

417 4943 614 5016 psalm.
645 4955 735 4994 Lm
767 4958 781 4994 :
811 4940 936 5010 quia
980 4952 1098 4991 cum
1129 4933 1346 4987 Domino
1374 4930 1643 4984 duodecim
1672 4927 1840 4981 millia
1868 4925 2029 4997 legio-

420 5049 546 5087 num
576 5031 880 5101 angelorum
911 5035 1117 5098 possent
1147 5026 1200 5080 in
1228 5034 1457 5094 tempore
1488 5019 1741 5091 passionis
1763 5018 2023 5073 assistere.

422 5124 494 5181 Et
521 5122 600 5179 sic
647 5134 836 5176 rursus
868 5120 1003 5189 psal.
1036 5134 1157 5175 uv:
1194 5116 1299 5173 Sed
1331 5101 1464 5169 inter
1490 5114 1598 5167 [nec
1629 5111 1820 5165 habens
1863 5120 2035 5183 potes-

425 5226 583 5274 tatem
632 5211 907 5268 duodecim
944 5210 1113 5264 millia
1165 5208 1445 5263 ctelestium
1501 5205 1763 5277 legionum
1800 5216 2032 5258 evocare.

430 5311 629 5367 Millius
675 5305 742 5362 ad
768 5304 913 5358 hunc
944 5301 1181 5356 Matthzei
1213 5301 1389 5356 locum
1415 5342 1429 5366 ,
1462 5306 1735 5368 prmeunte
1759 5295 1985 5352 Erasmo
2019 5334 2034 5359 ,

2095 3288 2342 3358 quirentis
2372 3288 2671 3341 drachmam
2698 3288 2766 3353 _iu
2796 3288 2946 3340 domo
2972 3326 2987 3350 ,
3042 3294 3145 3338 tant
3194 3299 3463 3353 scaporum
3482 3324 3498 3350 ,
3545 3296 3698 3352 quam

2099 3384 2319 3438 lucerna:
2360 3380 2675 3435 adminiculo
2702 3379 3195 3433 acconnuodaretur.

2172 3495 2400 3551 Joannis
2427 3509 2524 3561 v11,
2554 3492 2610 3560 8,
2638 3493 2796 3563 Vulg.
2830 3509 2844 3546 :
2879 3491 2982 3545 Vas
3010 3489 3273 3545 ascendite
3313 3487 3382 3543 ad
3424 3488 3558 3541 diem
3600 3488 3705 3559 fes—

2105 3600 2215 3645 lum
2245 3590 2382 3642 hunc
2414 3603 2548 3658 :ego
2577 3595 2747 3641 autent
2775 3600 2877 3639 non
2904 3584 3127 3638 ascendo
3162 3582 3229 3636 ad
3263 3580 3395 3634 diem
3422 3580 3608 3649 festum
3635 3578 3705 3632 is-

2107 3696 2235 3747 tum,
2266 3683 2388 3754 quia
2414 3690 2610 3752 tempus
2648 3694 2813 3733 meum
2845 3676 3071 3731 nondum
3099 3676 3358 3746 impletum
3393 3680 3467 3726 est
3494 3668 3706 3737 ;codex

2108 3783 2327 3830 noster:
2350 3772 2450 3828 Vos
2470 3780 2640 3826 autem
2661 3771 2922 3825 ascendite
2942 3770 3010 3823 ad
3032 3770 3165 3823 diem
3184 3771 3373 3840 festum
3418 3766 3574 3829 hunc,
3613 3778 3710 3835 ego

2109 3878 2277 3921 autem
2318 3864 2550 3919 nondum
2592 3862 2817 3917 ascendo
2854 3862 2924 3915 ad
2959 3861 3091 3915 diem
3124 3864 3311 3931 festum
3354 3857 3491 3910 hunc
3515 3896 3531 3923 ,
3576 3864 3710 3920 etc.,

2113 3972 2172 4017 ut
2201 3960 2388 4017 Grtnca
2431 3958 2601 4013 let-me
2645 3957 2849 4022 omnia,
2882 3959 2982 4030 ἒγώ
3031 3952 3175 4010 οὔπω
3218 3953 3494 4018 ἀναϐαίνω,
3536 3950 3715 4018 aliqua

2116 4065 2292 4109 tamen
2326 4054 2413 4110 οὐκ
2453 4051 2731 4106 ἀναϐαίνω.
2765 4047 2985 4104 Grotius
3024 4046 3091 4101 ad
3123 4046 3265 4100 hunc
3306 4044 3484 4099 locum
3506 4083 3522 4107 ,
3551 4055 3712 4111 quem

2118 4156 2306 4216 postea
2338 4151 2559 4200 secutus
2585 4152 2669 4198 est
2692 4141 2894 4196 Millius
2927 4158 2939 4192 :
2975 4138 3220 4199 Omnino,
3255 4136 3448 4205 inquit,
3482 4134 3581 4205 fuit
3607 4132 3718 4185 lucc

2118 4247 2259 4292 vetus
2306 4237 2601 4307 scriptura;
2648 4249 2769 4287 nam
2799 4232 2844 4285 si
2873 4229 3019 4286 οὔπω
3051 4231 3229 4303 fuisset
3265 4225 3540 4296 Porphyrii
3590 4232 3717 4277 tem-

2122 4346 2266 4401 pore,
2308 4343 2571 4399 nunquam
2602 4326 2721 4379 hinc
2762 4322 3025 4378 Christum
3056 4320 3401 4374 calumniatus
3434 4317 3612 4388 [uisset
3657 4314 3723 4369 de
3819 4320 3828 4328 '

2120 4423 2415 4488 mendacio,
2442 4438 2564 4476 nam
2584 4422 2641 4474 in
2666 4434 2787 4473 voce
2808 4415 2955 4473 οὔπω
2970 4417 3153 4485 fuisset
3179 4413 3303 4467 nodi
3332 4411 3544 4476 solutio,
3574 4424 3723 4479 quem

2045 4548 2099 4609 Ι)
2125 4529 2181 4572 ut
2203 4514 2470 4570 evaderent
2486 4511 2736 4568 αιὶἱοῦπω
2748 4512 3082 4580 scripserunt,
3114 4506 3203 4560 alii
3227 4508 3315 4560 οὐκ
3338 4504 3596 4560 ἀναϐαίνω
3611 4509 3721 4556 νῦν.

2194 4630 2437 4687 Clericus
2487 4627 2646 4698 epist.
2695 4625 2760 4679 ad
2808 4622 3175 4693 Optimiannm
3240 4619 3462 4690 praeﬁxa
3506 4613 3729 4671 editioni

2127 4725 2395 4797 Lipsiensi
2429 4722 2683 4777 Millianze
2717 4719 2892 4775 :Bcne
2921 4717 3095 4772 itidem
3124 4757 3137 4779 ,
3170 4716 3286 4780 ait,
3320 4714 3637 4767 observatum
3666 4724 3731 4764 ea:

2130 4821 2310 4878 Grotio
2336 4819 2602 4885 antiquam
2628 4816 2898 4871 lectionem
2927 4829 3029 4867 non
3046 4827 3153 4865 esse
3167 4807 3336 4875 οὔπω,
3363 4805 3611 4868 uondunt,
3641 4804 3731 4858 sed

2131 4917 2244 4980 οὐκ,
2297 4930 2418 4967 non.
2474 4910 2667 4965 Verum
2722 4907 2885 4961 satius
2937 4905 3115 4974 fuisset
3160 4903 3330 4972 ipsum
3362 4898 3733 4967 Hieronymum

2133 5007 2224 5063 lib.
2259 5021 2298 5063 tt
2328 5004 2449 5058 adv.
2479 5000 2663 5074 Pelag.
2689 5000 2841 5055 citari
2860 5040 2876 5063 ,
2904 4996 3041 5052 unde
3067 4994 3177 5049 haec
3206 4992 3355 5047 habet
3381 4988 3741 5046 Grotius.Aut

2137 5115 2245 5155 non
2309 5100 2512 5167 legerat
2572 5101 2776 5149 attente
2832 5088 3075 5145 Clericus
3144 5085 3525 5156 prolegomena
3583 5076 3742 5132 Millii

2142 5195 2162 5264 (
2189 5192 2397 5261 Proleg.
2428 5207 2483 5244 n.
2517 5187 2623 5243 705
2651 5186 2699 5256 ),
2730 5186 2822 5242 ubi
2850 5181 3139 5255 Porphyrii
3168 5181 3317 5236 locos
3337 5173 3617 5246 expendit,
3648 5180 3743 5227 aut

2143 5284 2409 5342 memoria
2451 5281 2741 5346 fefellerat,
2783 5295 2906 5335 nam
2955 5277 3115 5332 allata
3163 5274 3233 5329 ab
3262 5274 3380 5341 ipso
3421 5266 3742 5339 Hieronymi

2142 5380 2307 5436 verba
2336 5375 2670 5433 oll‘endisset.
2704 5374 2971 5429 (laterum
2999 5371 3054 5426 in
3096 5384 3195 5424 sua
3249 5362 3537 5422 Harmonia
3566 5361 3745 5415 Evan-

2147 5472 2317 5543 gelica
2353 5476 2602 5525 vexatam
2634 5464 2924 5521 lectionem
2949 5463 3172 5519 retinuit
3194 5502 3208 5524 ,
3237 5472 3398 5531 quam
3425 5454 3617 5511 Graeca
3647 5466 3745 5508 ex-

2149 5570 2336 5626 hibent
2360 5585 2375 5633 ;
2403 5574 2457 5621 et
2485 5566 2536 5620 in
2562 5560 2967 5635 Commentario
2990 5557 3247 5613 historico
3268 5556 3535 5623 integram
3562 5547 3749 5618 explan

2151 5664 2299 5719 navit
2324 5678 2390 5716 ex
2416 5672 2645 5730 persona
2667 5654 2867 5711 Christi
2890 5651 3155 5721 apostolis
3178 5644 3579 5720 reSpondentis,
3602 5641 3751 5712 ipsos

2153 5756 2369 5828 quidem
2403 5767 2561 5826 posse
2593 5748 3024 5819 llierosolyn‘tam
3055 5743 3156 5809 ire,
3188 5754 3248 5798 ut
3290 5740 3445 5796 initio
3491 5736 3611 5793 testi
3641 5732 3750 5793 illic

430 5405 640 5478 putavit
668 5398 929 5457 Hilarium
950 5395 1211 5450 memoria
1242 5393 1489 5463 lapsum,
1519 5391 1646 5446 dum
1674 5390 1740 5443 ad
1761 5387 2036 5443 laudatum

432 5496 628 5569 psalm.
663 5509 773 5561 LW,
800 5488 1071 5545 duodecim
1091 5485 1258 5539 ntillia
1303 5483 1595 5538 scribebat.
1623 5480 1831 5537 Conone
1872 5480 2035 5545 enim,

436 5590 636 5661 inquit,
677 5602 823 5641 xxxn
854 5584 909 5639 in
942 5580 1130 5638 Matth.
1162 5578 1280 5649 legit
1307 5587 1361 5632 ut
1406 5576 1549 5631 editi.
1574 5573 1904 5630 Felellerant
1935 5573 2043 5626 sei.

438 5684 566 5739 licet
596 5680 819 5735 Millium
850 5691 988 5732 unus
1016 5683 1074 5731 et
1119 5674 1259 5729 alter
1291 5687 1363 5726 ex
1394 5669 1569 5725 tribus
1596 5668 1733 5724 locis
1747 5667 1991 5723 adductis
2018 5682 2034 5734 ;

442 5787 617 5846 neque
639 5770 838 5830 vidisse
865 5776 1113 5841 poterat,
1146 5781 1267 5839 qua:
1293 5760 1635 5821 doctissimus
1658 5758 1834 5818 editor
1853 5759 2043 5816 obser-
