  <div class='ocr_page' id='page_1' title='image "/cluster/home/n/w/nwhite01/storage/ocr_20150623/12/hvd.32044096580410/022.png"; bbox 0 0 4054 6198; ppageno 0'>
   <div class='ocr_carea' id='block_1_1' title="bbox 391 236 465 292">
    <p class='ocr_par' dir='ltr' id='par_1_1' title="bbox 391 236 465 292">
     <span class='ocr_line' id='line_1_1' title="bbox 391 236 465 292; baseline 0.027 -1"><span class='ocrx_word' id='word_1_1' title='bbox 391 236 465 292; x_wconf 79' lang='lat'><strong>&#39;55</strong></span> 
     </span>
    </p>
   </div>
   <div class='ocr_carea' id='block_1_2' title="bbox 388 348 1702 441">
    <p class='ocr_par' dir='ltr' id='par_1_2' title="bbox 388 348 1702 441">
     <span class='ocr_line' id='line_1_2' title="bbox 388 348 1702 441; baseline 0.018 -36"><span class='ocrx_word' id='word_1_2' title='bbox 388 348 672 420; x_wconf 81' lang='lat' dir='ltr'><strong>adessem,</strong></span> <span class='ocrx_word' id='word_1_3' title='bbox 701 355 797 410; x_wconf 83' lang='lat' dir='ltr'><strong>sed</strong></span> <span class='ocrx_word' id='word_1_4' title='bbox 822 372 880 412; x_wconf 83' lang='lat' dir='ltr'><strong>se</strong></span> <span class='ocrx_word' id='word_1_5' title='bbox 906 372 970 414; x_wconf 89' lang='lat' dir='ltr'><strong>eo</strong></span> <span class='ocrx_word' id='word_1_6' title='bbox 1000 361 1225 417; x_wconf 85' lang='lat' dir='ltr'><strong>nondum</strong></span> <span class='ocrx_word' id='word_1_7' title='bbox 1254 364 1477 433; x_wconf 89' lang='lat' dir='ltr'><strong>iturum,</strong></span> <span class='ocrx_word' id='word_1_8' title='bbox 1504 370 1648 441; x_wconf 91' lang='lat' dir='ltr'><strong>quod</strong></span> <span class='ocrx_word' id='word_1_9' title='bbox 1670 388 1702 427; x_wconf 96' lang='lat' dir='ltr'><strong>o</strong></span> 
     </span>
    </p>
   </div>
   <div class='ocr_carea' id='block_1_3' title="bbox 386 442 1705 523">
    <p class='ocr_par' dir='ltr' id='par_1_3' title="bbox 386 442 1705 523">
     <span class='ocr_line' id='line_1_3' title="bbox 386 442 1705 523; baseline 0.017 -26"><span class='ocrx_word' id='word_1_10' title='bbox 386 442 493 499; x_wconf 82' lang='lat' dir='ltr'><strong>sibi</strong></span> <span class='ocrx_word' id='word_1_11' title='bbox 528 454 745 517; x_wconf 77' lang='lat' dir='ltr'><strong>tempus</strong></span> <span class='ocrx_word' id='word_1_12' title='bbox 774 450 900 506; x_wconf 91' lang='lat' dir='ltr'><strong>illuc</strong></span> <span class='ocrx_word' id='word_1_13' title='bbox 925 455 1087 509; x_wconf 82' lang='lat' dir='ltr'><strong>eundi</strong></span> <span class='ocrx_word' id='word_1_14' title='bbox 1116 458 1345 515; x_wconf 85' lang='lat' dir='ltr'><strong>nondum</strong></span> <span class='ocrx_word' id='word_1_15' title='bbox 1375 463 1705 523; x_wconf 89' lang='lat' dir='ltr'><strong>advenisset.</strong></span> 
     </span>
    </p>
   </div>
   <div class='ocr_carea' id='block_1_4' title="bbox 457 535 1988 631">
    <p class='ocr_par' dir='ltr' id='par_1_4' title="bbox 457 535 1988 631">
     <span class='ocr_line' id='line_1_4' title="bbox 457 535 1988 631; baseline 0.019 -41"><span class='ocrx_word' id='word_1_16' title='bbox 457 535 604 592; x_wconf 82' lang='lat' dir='ltr'><strong>Num</strong></span> <span class='ocrx_word' id='word_1_17' title='bbox 638 555 764 594; x_wconf 86' lang='lat' dir='ltr'><strong>vero</strong></span> <span class='ocrx_word' id='word_1_18' title='bbox 811 556 877 597; x_wconf 86' lang='lat' dir='ltr'><strong>ex</strong></span> <span class='ocrx_word' id='word_1_19' title='bbox 922 544 1235 619; x_wconf 89' lang='lat' dir='ltr'><strong>llieronymi</strong></span> <span class='ocrx_word' id='word_1_20' title='bbox 1277 551 1396 609; x_wconf 81' lang='lat' dir='ltr'><strong>loco</strong></span> <span class='ocrx_word' id='word_1_21' title='bbox 1439 567 1586 612; x_wconf 88' lang='lat' dir='ltr'><strong>recte</strong></span> <span class='ocrx_word' id='word_1_22' title='bbox 1628 560 1988 631; x_wconf 87' lang='lat' dir='ltr'><strong>conjecerint,</strong></span> 
     </span>
    </p>
   </div>
   <div class='ocr_carea' id='block_1_5' title="bbox 382 627 1991 717">
    <p class='ocr_par' dir='ltr' id='par_1_5' title="bbox 382 627 1991 717">
     <span class='ocr_line' id='line_1_5' title="bbox 382 627 1991 717; baseline 0.017 -34"><span class='ocrx_word' id='word_1_23' title='bbox 382 627 689 700; x_wconf 86' lang='lat' dir='ltr'><strong>antiquitus</strong></span> <span class='ocrx_word' id='word_1_24' title='bbox 737 634 933 690; x_wconf 80' lang='lat' dir='ltr'><strong>Icelum</strong></span> <span class='ocrx_word' id='word_1_25' title='bbox 967 640 1080 703; x_wconf 77' lang='grc' dir='ltr'><strong>οὐκ,</strong></span> <span class='ocrx_word' id='word_1_26' title='bbox 1113 657 1220 697; x_wconf 90' lang='lat' dir='ltr'><strong>non</strong></span> <span class='ocrx_word' id='word_1_27' title='bbox 1271 642 1437 710; x_wconf 72' lang='grc' dir='ltr'><strong>οὔπω,</strong></span> <span class='ocrx_word' id='word_1_28' title='bbox 1483 648 1731 717; x_wconf 89' lang='lat' dir='ltr'><strong>judicent</strong></span> <span class='ocrx_word' id='word_1_29' title='bbox 1768 654 1991 711; x_wconf 77' lang='lat' dir='ltr'><strong>eruditi.</strong></span> 
     </span>
    </p>
   </div>
   <div class='ocr_carea' id='block_1_6' title="bbox 386 719 1987 817">
    <p class='ocr_par' dir='ltr' id='par_1_6' title="bbox 386 719 1987 817">
     <span class='ocr_line' id='line_1_6' title="bbox 386 719 1987 817; baseline 0.017 -42"><span class='ocrx_word' id='word_1_30' title='bbox 386 719 571 777; x_wconf 75' lang='lat' dir='ltr'><strong>Verba</strong></span> <span class='ocrx_word' id='word_1_31' title='bbox 619 724 739 794; x_wconf 86' lang='lat' dir='ltr'><strong>ejus</strong></span> <span class='ocrx_word' id='word_1_32' title='bbox 786 738 915 782; x_wconf 84' lang='lat' dir='ltr'><strong>sunt</strong></span> <span class='ocrx_word' id='word_1_33' title='bbox 957 729 1102 800; x_wconf 83' lang='lat' dir='ltr'><strong>(Cit.</strong></span> <span class='ocrx_word' id='word_1_34' title='bbox 1132 733 1220 788; x_wconf 94' lang='lat' dir='ltr'><strong>lib.</strong></span> <span class='ocrx_word' id='word_1_35' title='bbox 1252 752 1288 790; x_wconf 85' lang='grc' dir='ltr'><strong><em>ιι</em></strong></span> <span class='ocrx_word' id='word_1_36' title='bbox 1333 738 1451 792; x_wconf 84' lang='lat' dir='ltr'><strong>adv.</strong></span> <span class='ocrx_word' id='word_1_37' title='bbox 1500 740 1685 815; x_wconf 84' lang='lat' dir='ltr'><strong>Pelag.</strong></span> <span class='ocrx_word' id='word_1_38' title='bbox 1719 763 1837 815; x_wconf 79' lang='lat' dir='ltr'><strong>cap.</strong></span> <span class='ocrx_word' id='word_1_39' title='bbox 1869 749 1901 801; x_wconf 83' lang='grc'>6</span> <span class='ocrx_word' id='word_1_40' title='bbox 1929 746 1947 817; x_wconf 89' lang='grc'>)</span> <span class='ocrx_word' id='word_1_41' title='bbox 1974 765 1987 802; x_wconf 89' lang='lat'>:</span> 
     </span>
    </p>
   </div>
   <div class='ocr_carea' id='block_1_7' title="bbox 385 811 1985 910">
    <p class='ocr_par' dir='ltr' id='par_1_7' title="bbox 385 811 1985 910">
     <span class='ocr_line' id='line_1_7' title="bbox 385 811 1985 910; baseline 0.018 -44"><span class='ocrx_word' id='word_1_42' title='bbox 385 811 561 886; x_wconf 80' lang='lat' dir='ltr'><strong>Negat</strong></span> <span class='ocrx_word' id='word_1_43' title='bbox 590 817 856 889; x_wconf 73' lang='lat' dir='ltr'><strong>fratribus,</strong></span> <span class='ocrx_word' id='word_1_44' title='bbox 886 833 933 876; x_wconf 89' lang='lat' dir='ltr'><strong>et</strong></span> <span class='ocrx_word' id='word_1_45' title='bbox 952 827 1253 896; x_wconf 87' lang='lat' dir='ltr'><strong>propinquis</strong></span> <span class='ocrx_word' id='word_1_46' title='bbox 1277 831 1368 896; x_wconf 87' lang='lat' dir='ltr'><strong>_ire</strong></span> <span class='ocrx_word' id='word_1_47' title='bbox 1393 849 1447 886; x_wconf 88' lang='lat' dir='ltr'><strong>se</strong></span> <span class='ocrx_word' id='word_1_48' title='bbox 1491 834 1559 888; x_wconf 86' lang='lat' dir='ltr'><strong>ad</strong></span> <span class='ocrx_word' id='word_1_49' title='bbox 1595 811 1985 910; x_wconf 70' lang='lat' dir='ltr'><strong>sceitopegiaiit.</strong></span> 
     </span>
    </p>
   </div>
   <div class='ocr_carea' id='block_1_8' title="bbox 384 907 1989 1004">
    <p class='ocr_par' dir='ltr' id='par_1_8' title="bbox 384 907 1989 1004">
     <span class='ocr_line' id='line_1_8' title="bbox 384 907 1989 1004; baseline 0.017 -41"><span class='ocrx_word' id='word_1_50' title='bbox 384 907 664 981; x_wconf 66' lang='lat' dir='ltr'><strong>ELpostea</strong></span> <span class='ocrx_word' id='word_1_51' title='bbox 693 916 943 986; x_wconf 81' lang='lat' dir='ltr'><strong>scriptum</strong></span> <span class='ocrx_word' id='word_1_52' title='bbox 969 931 1043 973; x_wconf 87' lang='lat' dir='ltr'><strong>est</strong></span> <span class='ocrx_word' id='word_1_53' title='bbox 1066 937 1085 975; x_wconf 84' lang='lat'><strong>.&#39;</strong></span> <span class='ocrx_word' id='word_1_54' title='bbox 1121 921 1191 977; x_wconf 88' lang='lat' dir='ltr'><strong>Ut</strong></span> <span class='ocrx_word' id='word_1_55' title='bbox 1209 936 1391 996; x_wconf 48' lang='lat' dir='ltr'><strong>.autem</strong></span> <span class='ocrx_word' id='word_1_56' title='bbox 1437 931 1779 986; x_wconf 86' lang='lat' dir='ltr'><strong>ascenderunt</strong></span> <span class='ocrx_word' id='word_1_57' title='bbox 1802 938 1989 1004; x_wconf 84' lang='lat' dir='ltr'><strong>fratres</strong></span> 
     </span>
    </p>
   </div>
   <div class='ocr_carea' id='block_1_9' title="bbox 382 1006 1984 1087">
    <p class='ocr_par' dir='ltr' id='par_1_9' title="bbox 382 1006 1984 1087">
     <span class='ocr_line' id='line_1_9' title="bbox 382 1006 1984 1087; baseline 0.017 -32"><span class='ocrx_word' id='word_1_58' title='bbox 382 1006 516 1075; x_wconf 78' lang='lat' dir='ltr'><strong>ejus,</strong></span> <span class='ocrx_word' id='word_1_59' title='bbox 550 1016 670 1060; x_wconf 86' lang='lat' dir='ltr'><strong>tunc</strong></span> <span class='ocrx_word' id='word_1_60' title='bbox 700 1019 747 1061; x_wconf 87' lang='lat' dir='ltr'><strong>et</strong></span> <span class='ocrx_word' id='word_1_61' title='bbox 777 1010 887 1079; x_wconf 84' lang='lat' dir='ltr'><strong>ipse</strong></span> <span class='ocrx_word' id='word_1_62' title='bbox 909 1014 1141 1069; x_wconf 81' lang='lat' dir='ltr'><strong>ascendit</strong></span> <span class='ocrx_word' id='word_1_63' title='bbox 1163 1019 1234 1070; x_wconf 87' lang='lat' dir='ltr'><strong>ad</strong></span> <span class='ocrx_word' id='word_1_64' title='bbox 1261 1018 1656 1087; x_wconf 85' lang='lat' dir='ltr'><strong>solemnitatem,</strong></span> <span class='ocrx_word' id='word_1_65' title='bbox 1682 1042 1785 1079; x_wconf 89' lang='lat' dir='ltr'><strong>non</strong></span> <span class='ocrx_word' id='word_1_66' title='bbox 1816 1029 1984 1081; x_wconf 89' lang='lat' dir='ltr'><strong>mani-</strong></span> 
     </span>
    </p>
   </div>
   <div class='ocr_carea' id='block_1_10' title="bbox 380 1101 1985 1185">
    <p class='ocr_par' dir='ltr' id='par_1_10' title="bbox 380 1101 1985 1185">
     <span class='ocr_line' id='line_1_10' title="bbox 380 1101 1985 1185; baseline 0.017 -35"><span class='ocrx_word' id='word_1_67' title='bbox 380 1101 527 1168; x_wconf 79' lang='lat' dir='ltr'><strong>feste,</strong></span> <span class='ocrx_word' id='word_1_68' title='bbox 554 1103 647 1153; x_wconf 72' lang='lat' dir='ltr'><strong>sed</strong></span> <span class='ocrx_word' id='word_1_69' title='bbox 678 1104 828 1169; x_wconf 85' lang='lat' dir='ltr'><strong>quasi</strong></span> <span class='ocrx_word' id='word_1_70' title='bbox 850 1104 903 1158; x_wconf 88' lang='lat' dir='ltr'><strong>in</strong></span> <span class='ocrx_word' id='word_1_71' title='bbox 930 1106 1251 1177; x_wconf 87' lang='lat' dir='ltr'><strong>abscondito,</strong></span> <span class='ocrx_word' id='word_1_72' title='bbox 1283 1128 1484 1169; x_wconf 78' lang='lat' dir='ltr'><strong>I‘I&#39;URUII</strong></span> <span class='ocrx_word' id='word_1_73' title='bbox 1526 1132 1588 1170; x_wconf 69' lang='lat' dir='ltr'><strong>se</strong></span> <span class='ocrx_word' id='word_1_74' title='bbox 1628 1134 1881 1185; x_wconf 61' lang='lat' dir='ltr'><strong>uecavrr,</strong></span> <span class='ocrx_word' id='word_1_75' title='bbox 1916 1136 1985 1177; x_wconf 77' lang='lat' dir='ltr'><strong>ET</strong></span> 
     </span>
    </p>
   </div>
   <div class='ocr_carea' id='block_1_11' title="bbox 381 1205 1981 1282">
    <p class='ocr_par' dir='ltr' id='par_1_11' title="bbox 381 1205 1981 1282">
     <span class='ocr_line' id='line_1_11' title="bbox 381 1205 1981 1282; baseline 0.015 -37"><span class='ocrx_word' id='word_1_76' title='bbox 381 1205 563 1259; x_wconf 71' lang='lat' dir='ltr'><strong>FECIT,</strong></span> <span class='ocrx_word' id='word_1_77' title='bbox 590 1210 729 1257; x_wconf 72' lang='lat' dir='ltr'><strong>orou</strong></span> <span class='ocrx_word' id='word_1_78' title='bbox 756 1213 909 1253; x_wconf 79' lang='lat' dir='ltr'><strong>putus</strong></span> <span class='ocrx_word' id='word_1_79' title='bbox 939 1215 1255 1257; x_wconf 71' lang='lat' dir='ltr'><strong>NEGAVERAT</strong></span> <span class='ocrx_word' id='word_1_80' title='bbox 1285 1206 1441 1261; x_wconf 87' lang='lat' dir='ltr'><strong>latrat</strong></span> <span class='ocrx_word' id='word_1_81' title='bbox 1483 1207 1833 1282; x_wconf 79' lang='lat' dir='ltr'><strong>Porphyrius.</strong></span> <span class='ocrx_word' id='word_1_82' title='bbox 1881 1213 1981 1268; x_wconf 85' lang='lat' dir='ltr'><strong>ln-</strong></span> 
     </span>
    </p>
   </div>
   <div class='ocr_carea' id='block_1_12' title="bbox 380 1287 1983 1364">
    <p class='ocr_par' dir='ltr' id='par_1_12' title="bbox 380 1287 1983 1364">
     <span class='ocr_line' id='line_1_12' title="bbox 380 1287 1983 1364; baseline 0.016 -29"><span class='ocrx_word' id='word_1_83' title='bbox 380 1287 724 1351; x_wconf 78' lang='lat' dir='ltr'><strong>constantiw,</strong></span> <span class='ocrx_word' id='word_1_84' title='bbox 770 1304 831 1341; x_wconf 87' lang='lat' dir='ltr'><strong>ac</strong></span> <span class='ocrx_word' id='word_1_85' title='bbox 902 1294 1200 1348; x_wconf 87' lang='lat' dir='ltr'><strong>mutationis</strong></span> <span class='ocrx_word' id='word_1_86' title='bbox 1254 1308 1481 1364; x_wconf 77' lang='lat' dir='ltr'><strong>accusat,</strong></span> <span class='ocrx_word' id='word_1_87' title='bbox 1538 1304 1764 1358; x_wconf 84' lang='lat' dir='ltr'><strong>nesciens</strong></span> <span class='ocrx_word' id='word_1_88' title='bbox 1810 1309 1983 1359; x_wconf 83' lang='lat' dir='ltr'><strong>ontnia</strong></span> 
     </span>
    </p>
   </div>
   <div class='ocr_carea' id='block_1_13' title="bbox 381 1378 1982 1465">
    <p class='ocr_par' dir='ltr' id='par_1_13' title="bbox 381 1378 1982 1465">
     <span class='ocr_line' id='line_1_13' title="bbox 381 1378 1982 1465; baseline 0.014 -35"><span class='ocrx_word' id='word_1_89' title='bbox 381 1378 634 1430; x_wconf 81' lang='lat' dir='ltr'><strong>scandala</strong></span> <span class='ocrx_word' id='word_1_90' title='bbox 676 1380 745 1432; x_wconf 87' lang='lat' dir='ltr'><strong>ad</strong></span> <span class='ocrx_word' id='word_1_91' title='bbox 789 1397 996 1435; x_wconf 85' lang='lat' dir='ltr'><strong>carnem</strong></span> <span class='ocrx_word' id='word_1_92' title='bbox 1033 1401 1141 1439; x_wconf 88' lang='lat' dir='ltr'><strong>esse</strong></span> <span class='ocrx_word' id='word_1_93' title='bbox 1184 1390 1474 1454; x_wconf 82' lang='lat' dir='ltr'><strong>referenda.</strong></span> <span class='ocrx_word' id='word_1_94' title='bbox 1522 1393 1695 1463; x_wconf 63' lang='lat' dir='ltr'><strong>Aﬂque</strong></span> <span class='ocrx_word' id='word_1_95' title='bbox 1743 1398 1982 1465; x_wconf 79' lang='lat' dir='ltr'><strong>profecto</strong></span> 
     </span>
    </p>
   </div>
   <div class='ocr_carea' id='block_1_14' title="bbox 377 1468 1980 1558">
    <p class='ocr_par' dir='ltr' id='par_1_14' title="bbox 377 1468 1980 1558">
     <span class='ocr_line' id='line_1_14' title="bbox 377 1468 1980 1558; baseline 0.015 -38"><span class='ocrx_word' id='word_1_96' title='bbox 377 1468 615 1538; x_wconf 84' lang='lat' dir='ltr'><strong>negabat</strong></span> <span class='ocrx_word' id='word_1_97' title='bbox 642 1470 895 1527; x_wconf 76' lang='lat' dir='ltr'><strong>Christus</strong></span> <span class='ocrx_word' id='word_1_98' title='bbox 920 1490 981 1530; x_wconf 87' lang='lat' dir='ltr'><strong>se</strong></span> <span class='ocrx_word' id='word_1_99' title='bbox 1007 1476 1342 1537; x_wconf 80' lang='lat' dir='ltr'><strong>adscendere</strong></span> <span class='ocrx_word' id='word_1_100' title='bbox 1377 1483 1443 1537; x_wconf 89' lang='lat' dir='ltr'><strong>ad</strong></span> <span class='ocrx_word' id='word_1_101' title='bbox 1486 1485 1837 1558; x_wconf 72' lang='lat' dir='ltr'><strong>Scenopegiae</strong></span> <span class='ocrx_word' id='word_1_102' title='bbox 1871 1489 1980 1544; x_wconf 83' lang='lat' dir='ltr'><strong>les-</strong></span> 
     </span>
    </p>
   </div>
   <div class='ocr_carea' id='block_1_15' title="bbox 377 1560 1981 1649">
    <p class='ocr_par' dir='ltr' id='par_1_15' title="bbox 377 1560 1981 1649">
     <span class='ocr_line' id='line_1_15' title="bbox 377 1560 1981 1649; baseline 0.014 -35"><span class='ocrx_word' id='word_1_103' title='bbox 377 1568 495 1614; x_wconf 86' lang='lat' dir='ltr'><strong>tum</strong></span> <span class='ocrx_word' id='word_1_104' title='bbox 522 1560 782 1629; x_wconf 69' lang='lat' dir='ltr'><strong>:adhibita</strong></span> <span class='ocrx_word' id='word_1_105' title='bbox 820 1567 1082 1635; x_wconf 88' lang='lat' dir='ltr'><strong>particula</strong></span> <span class='ocrx_word' id='word_1_106' title='bbox 1113 1568 1259 1627; x_wconf 70' lang='grc' dir='ltr'><strong>οὗπω</strong></span> <span class='ocrx_word' id='word_1_107' title='bbox 1308 1588 1372 1629; x_wconf 90' lang='lat' dir='ltr'><strong>ac</strong></span> <span class='ocrx_word' id='word_1_108' title='bbox 1419 1575 1511 1629; x_wconf 86' lang='lat' dir='ltr'><strong>illa</strong></span> <span class='ocrx_word' id='word_1_109' title='bbox 1557 1580 1677 1644; x_wconf 67' lang='lat' dir='ltr'><strong>osx;</strong></span> <span class='ocrx_word' id='word_1_110' title='bbox 1710 1581 1851 1649; x_wconf 88' lang='lat' dir='ltr'><strong>quod</strong></span> <span class='ocrx_word' id='word_1_111' title='bbox 1884 1596 1981 1637; x_wconf 92' lang='lat' dir='ltr'><strong>nos</strong></span> 
     </span>
    </p>
   </div>
   <div class='ocr_carea' id='block_1_16' title="bbox 378 1670 1978 1742">
    <p class='ocr_par' dir='ltr' id='par_1_16' title="bbox 378 1670 1978 1742">
     <span class='ocr_line' id='line_1_16' title="bbox 378 1670 1978 1742; baseline 0.017 -36"><span class='ocrx_word' id='word_1_112' title='bbox 378 1670 483 1707; x_wconf 84' lang='lat' dir='ltr'><strong>non</strong></span> <span class='ocrx_word' id='word_1_113' title='bbox 509 1671 668 1727; x_wconf 82' lang='lat' dir='ltr'><strong>vengo</strong></span> <span class='ocrx_word' id='word_1_114' title='bbox 707 1675 798 1728; x_wconf 84' lang='lat' dir='ltr'><strong>per</strong></span> <span class='ocrx_word' id='word_1_115' title='bbox 840 1677 933 1714; x_wconf 88' lang='lat' dir='ltr'><strong>ora</strong></span> <span class='ocrx_word' id='word_1_116' title='bbox 962 1672 1056 1717; x_wconf 90' lang='lat' dir='ltr'><strong>aut</strong></span> <span class='ocrx_word' id='word_1_117' title='bbox 1094 1681 1196 1719; x_wconf 88' lang='lat' dir='ltr'><strong>non</strong></span> <span class='ocrx_word' id='word_1_118' title='bbox 1220 1683 1379 1739; x_wconf 84' lang='lat' dir='ltr'><strong>vengo</strong></span> <span class='ocrx_word' id='word_1_119' title='bbox 1430 1682 1657 1742; x_wconf 89' lang='lat' dir='ltr'><strong>utroque</strong></span> <span class='ocrx_word' id='word_1_120' title='bbox 1688 1675 1848 1730; x_wconf 90' lang='lat' dir='ltr'><strong>modo</strong></span> <span class='ocrx_word' id='word_1_121' title='bbox 1880 1692 1978 1733; x_wconf 81' lang='lat' dir='ltr'><strong>ne-</strong></span> 
     </span>
    </p>
   </div>
   <div class='ocr_carea' id='block_1_17' title="bbox 372 1751 2058 1849">
    <p class='ocr_par' dir='ltr' id='par_1_17' title="bbox 372 1751 2058 1849">
     <span class='ocr_line' id='line_1_17' title="bbox 372 1751 2058 1849; baseline 0.015 -48"><span class='ocrx_word' id='word_1_122' title='bbox 372 1757 571 1817; x_wconf 83' lang='lat' dir='ltr'><strong>gantes</strong></span> <span class='ocrx_word' id='word_1_123' title='bbox 608 1751 906 1809; x_wconf 77' lang='lat' dir='ltr'><strong>eﬂ’erimus.</strong></span> <span class='ocrx_word' id='word_1_124' title='bbox 952 1754 1223 1814; x_wconf 75' lang='lat' dir='ltr'><strong>Prazterea</strong></span> <span class='ocrx_word' id='word_1_125' title='bbox 1253 1763 1345 1831; x_wconf 92' lang='lat' dir='ltr'><strong>qui</strong></span> <span class='ocrx_word' id='word_1_126' title='bbox 1377 1763 1530 1820; x_wconf 92' lang='lat' dir='ltr'><strong>locus</strong></span> <span class='ocrx_word' id='word_1_127' title='bbox 1560 1765 1877 1839; x_wconf 29' lang='lat' dir='ltr'><strong>,Porphyrio</strong></span> <span class='ocrx_word' id='word_1_128' title='bbox 1906 1786 1975 1825; x_wconf 85' lang='lat' dir='ltr'><strong>ex</strong></span> <span class='ocrx_word' id='word_1_129' title='bbox 2012 1790 2058 1849; x_wconf 80' lang='grc' dir='ltr'><strong>Β</strong></span> 
     </span>
    </p>
   </div>
   <div class='ocr_carea' id='block_1_18' title="bbox 369 1842 1976 1919">
    <p class='ocr_par' dir='ltr' id='par_1_18' title="bbox 369 1842 1976 1919">
     <span class='ocr_line' id='line_1_18' title="bbox 369 1842 1976 1919; baseline 0.016 -25"><span class='ocrx_word' id='word_1_130' title='bbox 369 1843 569 1896; x_wconf 78' lang='lat' dir='ltr'><strong>vocula</strong></span> <span class='ocrx_word' id='word_1_131' title='bbox 602 1842 694 1897; x_wconf 89' lang='lat' dir='ltr'><strong>illa</strong></span> <span class='ocrx_word' id='word_1_132' title='bbox 733 1848 828 1900; x_wconf 78' lang='grc' dir='ltr'><strong>οὐκ</strong></span> <span class='ocrx_word' id='word_1_133' title='bbox 874 1851 1154 1905; x_wconf 87' lang='lat' dir='ltr'><strong>asscrendi</strong></span> <span class='ocrx_word' id='word_1_134' title='bbox 1184 1852 1236 1906; x_wconf 93' lang='lat' dir='ltr'><strong>in</strong></span> <span class='ocrx_word' id='word_1_135' title='bbox 1271 1852 1486 1911; x_wconf 86' lang='lat' dir='ltr'><strong>Christo</strong></span> <span class='ocrx_word' id='word_1_136' title='bbox 1524 1860 1829 1916; x_wconf 76' lang='lat' dir='ltr'><strong>mendacii?</strong></span> <span class='ocrx_word' id='word_1_137' title='bbox 1873 1863 1976 1919; x_wconf 89' lang='lat' dir='ltr'><strong>nisi</strong></span> 
     </span>
    </p>
   </div>
   <div class='ocr_carea' id='block_1_19' title="bbox 372 1933 1973 2023">
    <p class='ocr_par' dir='ltr' id='par_1_19' title="bbox 372 1933 1973 2023">
     <span class='ocr_line' id='line_1_19' title="bbox 372 1933 1973 2023; baseline 0.015 -36"><span class='ocrx_word' id='word_1_138' title='bbox 372 1933 523 2003; x_wconf 90' lang='lat' dir='ltr'><strong>quod</strong></span> <span class='ocrx_word' id='word_1_139' title='bbox 550 1938 785 2005; x_wconf 85' lang='lat' dir='ltr'><strong>percitis,</strong></span> <span class='ocrx_word' id='word_1_140' title='bbox 819 1955 884 1995; x_wconf 89' lang='lat' dir='ltr'><strong>ac</strong></span> <span class='ocrx_word' id='word_1_141' title='bbox 906 1941 1233 2009; x_wconf 80' lang='lat' dir='ltr'><strong>furentibus,</strong></span> <span class='ocrx_word' id='word_1_142' title='bbox 1264 1963 1621 2022; x_wconf 65' lang='lat' dir='ltr'><strong>quaecumque</strong></span> <span class='ocrx_word' id='word_1_143' title='bbox 1638 1969 1698 2010; x_wconf 88' lang='lat' dir='ltr'><strong>se</strong></span> <span class='ocrx_word' id='word_1_144' title='bbox 1716 1955 1973 2023; x_wconf 82' lang='lat' dir='ltr'><strong>oll&#39;erant,</strong></span> 
     </span>
    </p>
   </div>
   <div class='ocr_carea' id='block_1_20' title="bbox 369 2029 1974 2112">
    <p class='ocr_par' dir='ltr' id='par_1_20' title="bbox 369 2029 1974 2112">
     <span class='ocr_line' id='line_1_20' title="bbox 369 2029 1974 2112; baseline 0.016 -34"><span class='ocrx_word' id='word_1_145' title='bbox 369 2040 531 2080; x_wconf 86' lang='lat' dir='ltr'><strong>arma</strong></span> <span class='ocrx_word' id='word_1_146' title='bbox 560 2041 707 2083; x_wconf 90' lang='lat' dir='ltr'><strong>sunt.</strong></span> <span class='ocrx_word' id='word_1_147' title='bbox 732 2029 865 2085; x_wconf 86' lang='lat' dir='ltr'><strong>Nam</strong></span> <span class='ocrx_word' id='word_1_148' title='bbox 894 2036 1175 2104; x_wconf 81' lang='lat' dir='ltr'><strong>sequentia</strong></span> <span class='ocrx_word' id='word_1_149' title='bbox 1205 2039 1328 2107; x_wconf 85' lang='lat' dir='ltr'><strong>quia</strong></span> <span class='ocrx_word' id='word_1_150' title='bbox 1350 2050 1548 2112; x_wconf 88' lang='lat' dir='ltr'><strong>tempus</strong></span> <span class='ocrx_word' id='word_1_151' title='bbox 1569 2061 1739 2098; x_wconf 87' lang='lat' dir='ltr'><strong>meum</strong></span> <span class='ocrx_word' id='word_1_152' title='bbox 1760 2062 1974 2104; x_wconf 70' lang='lat' dir='ltr'><strong>uounuu</strong></span> 
     </span>
    </p>
   </div>
   <div class='ocr_carea' id='block_1_21' title="bbox 366 2121 1972 2210">
    <p class='ocr_par' dir='ltr' id='par_1_21' title="bbox 366 2121 1972 2210">
     <span class='ocr_line' id='line_1_21' title="bbox 366 2121 1972 2210; baseline 0.014 -36"><span class='ocrx_word' id='word_1_153' title='bbox 366 2129 447 2174; x_wconf 85' lang='lat' dir='ltr'><strong>est</strong></span> <span class='ocrx_word' id='word_1_154' title='bbox 470 2121 756 2191; x_wconf 78' lang='lat' dir='ltr'><strong>impletum,</strong></span> <span class='ocrx_word' id='word_1_155' title='bbox 779 2125 915 2181; x_wconf 87' lang='lat' dir='ltr'><strong>satis</strong></span> <span class='ocrx_word' id='word_1_156' title='bbox 937 2140 1125 2198; x_wconf 90' lang='lat' dir='ltr'><strong>aperte</strong></span> <span class='ocrx_word' id='word_1_157' title='bbox 1150 2130 1380 2188; x_wconf 90' lang='lat' dir='ltr'><strong>innuuut</strong></span> <span class='ocrx_word' id='word_1_158' title='bbox 1397 2126 1633 2205; x_wconf 87' lang='lat' dir='ltr'><strong>opperiri</strong></span> <span class='ocrx_word' id='word_1_159' title='bbox 1655 2154 1715 2193; x_wconf 88' lang='lat' dir='ltr'><strong>se</strong></span> <span class='ocrx_word' id='word_1_160' title='bbox 1740 2149 1972 2210; x_wconf 85' lang='lat' dir='ltr'><strong>tempus,</strong></span> 
     </span>
    </p>
   </div>
   <div class='ocr_carea' id='block_1_22' title="bbox 367 2214 1973 2300">
    <p class='ocr_par' dir='ltr' id='par_1_22' title="bbox 367 2214 1973 2300">
     <span class='ocr_line' id='line_1_22' title="bbox 367 2214 1973 2300; baseline 0.013 -32"><span class='ocrx_word' id='word_1_161' title='bbox 367 2224 427 2268; x_wconf 84' lang='lat' dir='ltr'><strong>et</strong></span> <span class='ocrx_word' id='word_1_162' title='bbox 452 2214 643 2270; x_wconf 88' lang='lat' dir='ltr'><strong>horam</strong></span> <span class='ocrx_word' id='word_1_163' title='bbox 665 2217 1013 2277; x_wconf 66' lang='lat' dir='ltr'><strong>ascendendi.</strong></span> <span class='ocrx_word' id='word_1_164' title='bbox 1062 2221 1325 2293; x_wconf 88' lang='lat' dir='ltr'><strong>Equidem</strong></span> <span class='ocrx_word' id='word_1_165' title='bbox 1357 2242 1464 2281; x_wconf 91' lang='lat' dir='ltr'><strong>non</strong></span> <span class='ocrx_word' id='word_1_166' title='bbox 1506 2239 1637 2297; x_wconf 89' lang='lat' dir='ltr'><strong>puto</strong></span> <span class='ocrx_word' id='word_1_167' title='bbox 1662 2248 1973 2300; x_wconf 87' lang='lat' dir='ltr'><strong>perversum</strong></span> 
     </span>
    </p>
   </div>
   <div class='ocr_carea' id='block_1_23' title="bbox 367 2304 1974 2393">
    <p class='ocr_par' dir='ltr' id='par_1_23' title="bbox 367 2304 1974 2393">
     <span class='ocr_line' id='line_1_23' title="bbox 367 2304 1974 2393; baseline 0.013 -33"><span class='ocrx_word' id='word_1_168' title='bbox 367 2304 531 2371; x_wconf 89' lang='lat' dir='ltr'><strong>illud,</strong></span> <span class='ocrx_word' id='word_1_169' title='bbox 560 2309 656 2363; x_wconf 88' lang='lat' dir='ltr'><strong>sed</strong></span> <span class='ocrx_word' id='word_1_170' title='bbox 694 2325 854 2377; x_wconf 82' lang='lat' dir='ltr'><strong>acre,</strong></span> <span class='ocrx_word' id='word_1_171' title='bbox 885 2328 949 2368; x_wconf 74' lang='lat' dir='ltr'><strong>ac</strong></span> <span class='ocrx_word' id='word_1_172' title='bbox 990 2314 1229 2371; x_wconf 88' lang='lat' dir='ltr'><strong>vividum</strong></span> <span class='ocrx_word' id='word_1_173' title='bbox 1256 2328 1453 2375; x_wconf 70' lang='lat' dir='ltr'><strong>eietera</strong></span> <span class='ocrx_word' id='word_1_174' title='bbox 1488 2321 1757 2393; x_wconf 83' lang='lat' dir='ltr'><strong>ingenium</strong></span> <span class='ocrx_word' id='word_1_175' title='bbox 1790 2326 1862 2380; x_wconf 88' lang='lat' dir='ltr'><strong>ita</strong></span> <span class='ocrx_word' id='word_1_176' title='bbox 1894 2324 1974 2381; x_wconf 84' lang='lat' dir='ltr'><strong>la-</strong></span> 
     </span>
    </p>
   </div>
   <div class='ocr_carea' id='block_1_24' title="bbox 365 2401 1969 2484">
    <p class='ocr_par' dir='ltr' id='par_1_24' title="bbox 365 2401 1969 2484">
     <span class='ocr_line' id='line_1_24' title="bbox 365 2401 1969 2484; baseline 0.013 -30"><span class='ocrx_word' id='word_1_177' title='bbox 365 2410 522 2454; x_wconf 86' lang='lat' dir='ltr'><strong>tuum</strong></span> <span class='ocrx_word' id='word_1_178' title='bbox 552 2401 740 2469; x_wconf 77' lang='lat' dir='ltr'><strong>luisse,</strong></span> <span class='ocrx_word' id='word_1_179' title='bbox 766 2416 825 2459; x_wconf 69' lang='lat' dir='ltr'><strong>ut</strong></span> <span class='ocrx_word' id='word_1_180' title='bbox 857 2415 963 2460; x_wconf 88' lang='lat' dir='ltr'><strong>tam</strong></span> <span class='ocrx_word' id='word_1_181' title='bbox 996 2407 1273 2464; x_wconf 90' lang='lat' dir='ltr'><strong>imbecillo</strong></span> <span class='ocrx_word' id='word_1_182' title='bbox 1314 2426 1635 2484; x_wconf 86' lang='lat' dir='ltr'><strong>argumento</strong></span> <span class='ocrx_word' id='word_1_183' title='bbox 1678 2420 1752 2473; x_wconf 85' lang='lat' dir='ltr'><strong>uti</strong></span> <span class='ocrx_word' id='word_1_184' title='bbox 1786 2420 1969 2475; x_wconf 86' lang='lat' dir='ltr'><strong>volue-</strong></span> 
     </span>
    </p>
   </div>
   <div class='ocr_carea' id='block_1_25' title="bbox 366 2493 1968 2582">
    <p class='ocr_par' dir='ltr' id='par_1_25' title="bbox 366 2493 1968 2582">
     <span class='ocr_line' id='line_1_25' title="bbox 366 2493 1968 2582; baseline 0.012 -35"><span class='ocrx_word' id='word_1_185' title='bbox 366 2493 460 2547; x_wconf 89' lang='lat' dir='ltr'><strong>rit.</strong></span> <span class='ocrx_word' id='word_1_186' title='bbox 496 2493 682 2565; x_wconf 79' lang='lat' dir='ltr'><strong>ltaque</strong></span> <span class='ocrx_word' id='word_1_187' title='bbox 716 2496 1043 2568; x_wconf 88' lang='lat' dir='ltr'><strong>interpolato</strong></span> <span class='ocrx_word' id='word_1_188' title='bbox 1072 2502 1263 2559; x_wconf 89' lang='lat' dir='ltr'><strong>codice</strong></span> <span class='ocrx_word' id='word_1_189' title='bbox 1300 2521 1453 2561; x_wconf 88' lang='lat' dir='ltr'><strong>usum</strong></span> <span class='ocrx_word' id='word_1_190' title='bbox 1500 2508 1858 2582; x_wconf 80' lang='lat' dir='ltr'><strong>Porphyrium</strong></span> <span class='ocrx_word' id='word_1_191' title='bbox 1890 2514 1968 2568; x_wconf 64' lang='lat' dir='ltr'><strong>leo</strong></span> 
     </span>
    </p>
   </div>
   <div class='ocr_carea' id='block_1_26' title="bbox 366 2585 1967 2671">
    <p class='ocr_par' dir='ltr' id='par_1_26' title="bbox 366 2585 1967 2671">
     <span class='ocr_line' id='line_1_26' title="bbox 366 2585 1967 2671; baseline 0.012 -33"><span class='ocrx_word' id='word_1_192' title='bbox 366 2585 517 2657; x_wconf 80' lang='lat' dir='ltr'><strong>gisse</strong></span> <span class='ocrx_word' id='word_1_193' title='bbox 545 2603 652 2640; x_wconf 59' lang='lat' dir='ltr'><strong>non</strong></span> <span class='ocrx_word' id='word_1_194' title='bbox 682 2588 872 2645; x_wconf 88' lang='lat' dir='ltr'><strong>dubito</strong></span> <span class='ocrx_word' id='word_1_195' title='bbox 897 2593 994 2664; x_wconf 75' lang='grc' dir='ltr'><strong>ἐγώ</strong></span> <span class='ocrx_word' id='word_1_196' title='bbox 1018 2597 1117 2671; x_wconf 74' lang='grc' dir='ltr'><strong>γὰρ</strong></span> <span class='ocrx_word' id='word_1_197' title='bbox 1140 2598 1227 2649; x_wconf 76' lang='grc' dir='ltr'><strong>οὐκ</strong></span> <span class='ocrx_word' id='word_1_198' title='bbox 1252 2598 1602 2671; x_wconf 79' lang='grc' dir='ltr'><strong>ἀναϐήσομαι,</strong></span> <span class='ocrx_word' id='word_1_199' title='bbox 1647 2618 1747 2655; x_wconf 85' lang='lat' dir='ltr'><strong>non</strong></span> <span class='ocrx_word' id='word_1_200' title='bbox 1785 2619 1967 2657; x_wconf 79' lang='lat' dir='ltr'><strong>ascen-</strong></span> 
     </span>
    </p>
   </div>
   <div class='ocr_carea' id='block_1_27' title="bbox 364 2680 1968 2771">
    <p class='ocr_par' dir='ltr' id='par_1_27' title="bbox 364 2680 1968 2771">
     <span class='ocr_line' id='line_1_27' title="bbox 364 2680 1968 2771; baseline 0.011 -40"><span class='ocrx_word' id='word_1_201' title='bbox 364 2680 511 2745; x_wconf 86' lang='lat' dir='ltr'><strong>dam,</strong></span> <span class='ocrx_word' id='word_1_202' title='bbox 566 2697 726 2750; x_wconf 86' lang='lat' dir='ltr'><strong>quam</strong></span> <span class='ocrx_word' id='word_1_203' title='bbox 776 2683 1066 2741; x_wconf 81' lang='lat' dir='ltr'><strong>lectionem</strong></span> <span class='ocrx_word' id='word_1_204' title='bbox 1110 2686 1446 2758; x_wconf 82' lang='lat' dir='ltr'><strong>singularem</strong></span> <span class='ocrx_word' id='word_1_205' title='bbox 1484 2690 1707 2746; x_wconf 77' lang='lat' dir='ltr'><strong>exhibet</strong></span> <span class='ocrx_word' id='word_1_206' title='bbox 1756 2693 1968 2771; x_wconf 85' lang='lat' dir='ltr'><strong>laudata</strong></span> 
     </span>
    </p>
   </div>
   <div class='ocr_carea' id='block_1_28' title="bbox 369 2770 1972 2855">
    <p class='ocr_par' dir='ltr' id='par_1_28' title="bbox 369 2770 1972 2855">
     <span class='ocr_line' id='line_1_28' title="bbox 369 2770 1972 2855; baseline 0.009 -30"><span class='ocrx_word' id='word_1_207' title='bbox 369 2770 528 2826; x_wconf 76' lang='lat' dir='ltr'><strong>Millii</strong></span> <span class='ocrx_word' id='word_1_208' title='bbox 553 2773 753 2839; x_wconf 80' lang='lat' dir='ltr'><strong>editio;</strong></span> <span class='ocrx_word' id='word_1_209' title='bbox 786 2775 889 2829; x_wconf 88' lang='lat' dir='ltr'><strong>nisi</strong></span> <span class='ocrx_word' id='word_1_210' title='bbox 917 2787 1192 2846; x_wconf 87' lang='lat' dir='ltr'><strong>veterem,</strong></span> <span class='ocrx_word' id='word_1_211' title='bbox 1266 2794 1328 2834; x_wconf 87' lang='lat' dir='ltr'><strong>ac</strong></span> <span class='ocrx_word' id='word_1_212' title='bbox 1369 2781 1657 2851; x_wconf 81' lang='lat' dir='ltr'><strong>genuinam</strong></span> <span class='ocrx_word' id='word_1_213' title='bbox 1708 2783 1972 2855; x_wconf 85' lang='lat' dir='ltr'><strong>impostor</strong></span> 
     </span>
    </p>
   </div>
   <div class='ocr_carea' id='block_1_29' title="bbox 368 2864 1967 2945">
    <p class='ocr_par' dir='ltr' id='par_1_29' title="bbox 368 2864 1967 2945">
     <span class='ocr_line' id='line_1_29' title="bbox 368 2864 1967 2945; baseline 0.011 -28"><span class='ocrx_word' id='word_1_214' title='bbox 368 2864 467 2920; x_wconf 87' lang='lat' dir='ltr'><strong>ille</strong></span> <span class='ocrx_word' id='word_1_215' title='bbox 488 2878 831 2937; x_wconf 86' lang='lat' dir='ltr'><strong>corruperat;</strong></span> <span class='ocrx_word' id='word_1_216' title='bbox 868 2886 991 2925; x_wconf 89' lang='lat' dir='ltr'><strong>nam</strong></span> <span class='ocrx_word' id='word_1_217' title='bbox 1016 2872 1354 2943; x_wconf 87' lang='lat' dir='ltr'><strong>lnterpolatis</strong></span> <span class='ocrx_word' id='word_1_218' title='bbox 1376 2876 1783 2945; x_wconf 84' lang='lat' dir='ltr'><strong>exemplaribus</strong></span> <span class='ocrx_word' id='word_1_219' title='bbox 1814 2895 1967 2935; x_wconf 90' lang='lat' dir='ltr'><strong>usum</strong></span> 
     </span>
    </p>
   </div>
   <div class='ocr_carea' id='block_1_30' title="bbox 364 2957 1967 3041">
    <p class='ocr_par' dir='ltr' id='par_1_30' title="bbox 364 2957 1967 3041">
     <span class='ocr_line' id='line_1_30' title="bbox 364 2957 1967 3041; baseline 0.011 -30"><span class='ocrx_word' id='word_1_220' title='bbox 364 2957 540 3016; x_wconf 81' lang='lat' dir='ltr'><strong>fuisse</strong></span> <span class='ocrx_word' id='word_1_221' title='bbox 570 2962 765 3031; x_wconf 79' lang='lat' dir='ltr'><strong>objccit</strong></span> <span class='ocrx_word' id='word_1_222' title='bbox 797 2964 872 3018; x_wconf 91' lang='lat' dir='ltr'><strong>illi</strong></span> <span class='ocrx_word' id='word_1_223' title='bbox 902 2964 1261 3039; x_wconf 82' lang='lat' dir='ltr'><strong>Hieronymus</strong></span> <span class='ocrx_word' id='word_1_224' title='bbox 1282 2969 1651 3041; x_wconf 87' lang='lat' dir='ltr'><strong>(Comment.iu</strong></span> <span class='ocrx_word' id='word_1_225' title='bbox 1678 2971 1896 3041; x_wconf 79' lang='lat' dir='ltr'><strong>Matth.)</strong></span> <span class='ocrx_word' id='word_1_226' title='bbox 1915 2974 1967 3028; x_wconf 90' lang='lat' dir='ltr'><strong>in</strong></span> 
     </span>
    </p>
   </div>
   <div class='ocr_carea' id='block_1_31' title="bbox 364 3052 1969 3136">
    <p class='ocr_par' dir='ltr' id='par_1_31' title="bbox 364 3052 1969 3136">
     <span class='ocr_line' id='line_1_31' title="bbox 364 3052 1969 3136; baseline 0.01 -30"><span class='ocrx_word' id='word_1_227' title='bbox 364 3052 531 3108; x_wconf 78' lang='lat' dir='ltr'><strong>Marci</strong></span> <span class='ocrx_word' id='word_1_228' title='bbox 562 3053 682 3109; x_wconf 79' lang='lat' dir='ltr'><strong>locu</strong></span> <span class='ocrx_word' id='word_1_229' title='bbox 714 3056 803 3110; x_wconf 72' lang='grc'><strong>12.</strong></span> <span class='ocrx_word' id='word_1_230' title='bbox 834 3057 992 3113; x_wconf 89' lang='lat' dir='ltr'><strong>Certe</strong></span> <span class='ocrx_word' id='word_1_231' title='bbox 1017 3060 1059 3114; x_wconf 90' lang='lat' dir='ltr'><strong>si</strong></span> <span class='ocrx_word' id='word_1_232' title='bbox 1082 3071 1369 3117; x_wconf 82' lang='lat' dir='ltr'><strong>contextus</strong></span> <span class='ocrx_word' id='word_1_233' title='bbox 1393 3062 1608 3118; x_wconf 87' lang='lat' dir='ltr'><strong>addueti</strong></span> <span class='ocrx_word' id='word_1_234' title='bbox 1640 3064 1739 3120; x_wconf 89' lang='lat' dir='ltr'><strong>loci</strong></span> <span class='ocrx_word' id='word_1_235' title='bbox 1761 3066 1969 3136; x_wconf 80' lang='lat' dir='ltr'><strong>integer</strong></span> 
     </span>
    </p>
   </div>
   <div class='ocr_carea' id='block_1_32' title="bbox 365 3146 2040 3243">
    <p class='ocr_par' dir='ltr' id='par_1_32' title="bbox 365 3146 2040 3243">
     <span class='ocr_line' id='line_1_32' title="bbox 365 3146 2040 3243; baseline 0.01 -45"><span class='ocrx_word' id='word_1_236' title='bbox 365 3146 739 3215; x_wconf 72' lang='lat' dir='ltr'><strong>perpendatur</strong></span> <span class='ocrx_word' id='word_1_237' title='bbox 767 3151 970 3218; x_wconf 81' lang='lat' dir='ltr'><strong>patebit</strong></span> <span class='ocrx_word' id='word_1_238' title='bbox 1001 3152 1289 3209; x_wconf 89' lang='lat' dir='ltr'><strong>lectionem</strong></span> <span class='ocrx_word' id='word_1_239' title='bbox 1324 3155 1464 3211; x_wconf 87' lang='lat' dir='ltr'><strong>hanc</strong></span> <span class='ocrx_word' id='word_1_240' title='bbox 1490 3158 1636 3213; x_wconf 89' lang='lat' dir='ltr'><strong>clare</strong></span> <span class='ocrx_word' id='word_1_241' title='bbox 1664 3158 1964 3231; x_wconf 84' lang='lat' dir='ltr'><strong>Porphyrio</strong></span> <span class='ocrx_word' id='word_1_242' title='bbox 1992 3180 2040 3243; x_wconf 68' lang='grc' dir='ltr'>ρ</span> 
     </span>
    </p>
   </div>
   <div class='ocr_carea' id='block_1_33' title="bbox 369 3238 1964 3319">
    <p class='ocr_par' dir='ltr' id='par_1_33' title="bbox 369 3238 1964 3319">
     <span class='ocr_line' id='line_1_33' title="bbox 369 3238 1964 3319; baseline 0.01 -28"><span class='ocrx_word' id='word_1_243' title='bbox 369 3238 625 3293; x_wconf 78' lang='lat' dir='ltr'><strong>tributam</strong></span> <span class='ocrx_word' id='word_1_244' title='bbox 650 3256 679 3293; x_wconf 91' lang='lat' dir='ltr'><strong>a</strong></span> <span class='ocrx_word' id='word_1_245' title='bbox 711 3242 1043 3315; x_wconf 88' lang='lat' dir='ltr'><strong>llierouymo</strong></span> <span class='ocrx_word' id='word_1_246' title='bbox 1070 3246 1312 3314; x_wconf 86' lang='lat' dir='ltr'><strong>ejusdem</strong></span> <span class='ocrx_word' id='word_1_247' title='bbox 1336 3249 1501 3304; x_wconf 85' lang='lat' dir='ltr'><strong>verba</strong></span> <span class='ocrx_word' id='word_1_248' title='bbox 1530 3250 1812 3319; x_wconf 87' lang='lat' dir='ltr'><strong>reddente,</strong></span> <span class='ocrx_word' id='word_1_249' title='bbox 1845 3267 1964 3307; x_wconf 60' lang='lat' dir='ltr'><strong>true</strong></span> 
     </span>
    </p>
   </div>
   <div class='ocr_carea' id='block_1_34' title="bbox 366 3335 1967 3412">
    <p class='ocr_par' dir='ltr' id='par_1_34' title="bbox 366 3335 1967 3412">
     <span class='ocr_line' id='line_1_34' title="bbox 366 3335 1967 3412; baseline 0.009 -28"><span class='ocrx_word' id='word_1_250' title='bbox 366 3345 482 3385; x_wconf 72' lang='lat' dir='ltr'><strong>nunt</strong></span> <span class='ocrx_word' id='word_1_251' title='bbox 510 3346 570 3385; x_wconf 74' lang='lat' dir='ltr'><strong>sc</strong></span> <span class='ocrx_word' id='word_1_252' title='bbox 598 3348 829 3388; x_wconf 68' lang='lat' dir='ltr'><strong>NECAVIT</strong></span> <span class='ocrx_word' id='word_1_253' title='bbox 859 3335 1013 3389; x_wconf 89' lang='lat' dir='ltr'><strong>latrat</strong></span> <span class='ocrx_word' id='word_1_254' title='bbox 1042 3336 1389 3410; x_wconf 83' lang='lat' dir='ltr'><strong>Porphyrius.</strong></span> <span class='ocrx_word' id='word_1_255' title='bbox 1438 3340 1563 3396; x_wconf 66' lang='lat' dir='ltr'><strong>ﬂare</strong></span> <span class='ocrx_word' id='word_1_256' title='bbox 1606 3342 1767 3397; x_wconf 86' lang='lat' dir='ltr'><strong>latius</strong></span> <span class='ocrx_word' id='word_1_257' title='bbox 1810 3343 1967 3412; x_wconf 85' lang='lat' dir='ltr'><strong>paulo</strong></span> 
     </span>
    </p>
   </div>
   <div class='ocr_carea' id='block_1_35' title="bbox 363 3420 1966 3502">
    <p class='ocr_par' dir='ltr' id='par_1_35' title="bbox 363 3420 1966 3502">
     <span class='ocr_line' id='line_1_35' title="bbox 363 3420 1966 3502; baseline 0.01 -28"><span class='ocrx_word' id='word_1_258' title='bbox 363 3420 676 3478; x_wconf 83' lang='lat' dir='ltr'><strong>diduximus</strong></span> <span class='ocrx_word' id='word_1_259' title='bbox 716 3425 783 3479; x_wconf 89' lang='lat' dir='ltr'><strong>ad</strong></span> <span class='ocrx_word' id='word_1_260' title='bbox 835 3427 1087 3483; x_wconf 88' lang='lat' dir='ltr'><strong>tuendam</strong></span> <span class='ocrx_word' id='word_1_261' title='bbox 1132 3429 1416 3485; x_wconf 86' lang='lat' dir='ltr'><strong>lectionem</strong></span> <span class='ocrx_word' id='word_1_262' title='bbox 1458 3434 1699 3502; x_wconf 77' lang='lat' dir='ltr'><strong>argentei</strong></span> <span class='ocrx_word' id='word_1_263' title='bbox 1740 3435 1966 3500; x_wconf 81' lang='lat' dir='ltr'><strong>codicis,</strong></span> 
     </span>
    </p>
   </div>
   <div class='ocr_carea' id='block_1_36' title="bbox 365 3519 1970 3596">
    <p class='ocr_par' dir='ltr' id='par_1_36' title="bbox 365 3519 1970 3596">
     <span class='ocr_line' id='line_1_36' title="bbox 365 3519 1970 3596; baseline 0.012 -28"><span class='ocrx_word' id='word_1_264' title='bbox 365 3532 532 3584; x_wconf 85' lang='lat' dir='ltr'><strong>quam</strong></span> <span class='ocrx_word' id='word_1_265' title='bbox 563 3533 668 3574; x_wconf 91' lang='lat' dir='ltr'><strong>non</strong></span> <span class='ocrx_word' id='word_1_266' title='bbox 711 3519 993 3593; x_wconf 86' lang='lat' dir='ltr'><strong>Porphyrii</strong></span> <span class='ocrx_word' id='word_1_267' title='bbox 1033 3523 1300 3579; x_wconf 82' lang='lat' dir='ltr'><strong>calumnia</strong></span> <span class='ocrx_word' id='word_1_268' title='bbox 1331 3526 1709 3596; x_wconf 88' lang='lat' dir='ltr'><strong>posteriorem,</strong></span> <span class='ocrx_word' id='word_1_269' title='bbox 1740 3529 1835 3585; x_wconf 87' lang='lat' dir='ltr'><strong>sed</strong></span> <span class='ocrx_word' id='word_1_270' title='bbox 1877 3546 1970 3587; x_wconf 80' lang='lat' dir='ltr'><strong>vc-</strong></span> 
     </span>
    </p>
   </div>
   <div class='ocr_carea' id='block_1_37' title="bbox 367 3607 1969 3690">
    <p class='ocr_par' dir='ltr' id='par_1_37' title="bbox 367 3607 1969 3690">
     <span class='ocr_line' id='line_1_37' title="bbox 367 3607 1969 3690; baseline 0.013 -31"><span class='ocrx_word' id='word_1_271' title='bbox 367 3607 655 3663; x_wconf 88' lang='lat' dir='ltr'><strong>tustiorum</strong></span> <span class='ocrx_word' id='word_1_272' title='bbox 719 3612 1109 3682; x_wconf 79' lang='lat' dir='ltr'><strong>exemplarium</strong></span> <span class='ocrx_word' id='word_1_273' title='bbox 1164 3616 1408 3685; x_wconf 58' lang='lat' dir='ltr'><strong>primaevi</strong></span> <span class='ocrx_word' id='word_1_274' title='bbox 1463 3618 1778 3690; x_wconf 85' lang='lat' dir='ltr'><strong>interpretis</strong></span> <span class='ocrx_word' id='word_1_275' title='bbox 1840 3633 1969 3680; x_wconf 82' lang='lat' dir='ltr'><strong>ante</strong></span> 
     </span>
    </p>
   </div>
   <div class='ocr_carea' id='block_1_38' title="bbox 365 3696 1588 3778">
    <p class='ocr_par' dir='ltr' id='par_1_38' title="bbox 365 3696 1588 3778">
     <span class='ocr_line' id='line_1_38' title="bbox 365 3696 1588 3778; baseline 0.01 -27"><span class='ocrx_word' id='word_1_276' title='bbox 365 3696 782 3770; x_wconf 73' lang='lat' dir='ltr'><strong>Hieronymum,</strong></span> <span class='ocrx_word' id='word_1_277' title='bbox 816 3702 987 3759; x_wconf 81' lang='lat' dir='ltr'><strong>fuisse</strong></span> <span class='ocrx_word' id='word_1_278' title='bbox 1017 3720 1145 3760; x_wconf 75' lang='lat' dir='ltr'><strong>vero</strong></span> <span class='ocrx_word' id='word_1_279' title='bbox 1175 3705 1410 3763; x_wconf 89' lang='lat' dir='ltr'><strong>similius</strong></span> <span class='ocrx_word' id='word_1_280' title='bbox 1441 3717 1588 3778; x_wconf 91' lang='lat' dir='ltr'><strong>puto.</strong></span> 
     </span>
    </p>
   </div>
   <div class='ocr_carea' id='block_1_39' title="bbox 444 3789 1967 3877">
    <p class='ocr_par' dir='ltr' id='par_1_39' title="bbox 444 3789 1967 3877">
     <span class='ocr_line' id='line_1_39' title="bbox 444 3789 1967 3877; baseline 0.012 -32"><span class='ocrx_word' id='word_1_281' title='bbox 444 3789 669 3847; x_wconf 81' lang='lat' dir='ltr'><strong>Joannis</strong></span> <span class='ocrx_word' id='word_1_282' title='bbox 697 3809 749 3861; x_wconf 73' lang='grc' dir='ltr'><strong>ν,</strong></span> <span class='ocrx_word' id='word_1_283' title='bbox 787 3795 858 3859; x_wconf 74' lang='grc'><strong>4.</strong></span> <span class='ocrx_word' id='word_1_284' title='bbox 893 3795 1051 3852; x_wconf 86' lang='lat' dir='ltr'><strong>deest</strong></span> <span class='ocrx_word' id='word_1_285' title='bbox 1094 3800 1145 3852; x_wconf 90' lang='lat' dir='ltr'><strong>in</strong></span> <span class='ocrx_word' id='word_1_286' title='bbox 1197 3799 1385 3856; x_wconf 90' lang='lat' dir='ltr'><strong>codice</strong></span> <span class='ocrx_word' id='word_1_287' title='bbox 1412 3813 1601 3859; x_wconf 90' lang='lat' dir='ltr'><strong>nostro</strong></span> <span class='ocrx_word' id='word_1_288' title='bbox 1642 3805 1847 3877; x_wconf 79' lang='lat' dir='ltr'><strong>integer</strong></span> <span class='ocrx_word' id='word_1_289' title='bbox 1876 3807 1967 3864; x_wconf 88' lang='lat' dir='ltr'><strong>ille</strong></span> 
     </span>
    </p>
   </div>
   <div class='ocr_carea' id='block_1_40' title="bbox 363 3882 1967 3962">
    <p class='ocr_par' dir='ltr' id='par_1_40' title="bbox 363 3882 1967 3962">
     <span class='ocr_line' id='line_1_40' title="bbox 363 3882 1967 3962; baseline 0.012 -26"><span class='ocrx_word' id='word_1_290' title='bbox 363 3882 525 3938; x_wconf 90' lang='lat' dir='ltr'><strong>locus</strong></span> <span class='ocrx_word' id='word_1_291' title='bbox 549 3882 619 3939; x_wconf 89' lang='lat' dir='ltr'><strong>de</strong></span> <span class='ocrx_word' id='word_1_292' title='bbox 656 3887 849 3956; x_wconf 81' lang='lat' dir='ltr'><strong>angelo</strong></span> <span class='ocrx_word' id='word_1_293' title='bbox 894 3889 1053 3944; x_wconf 87' lang='lat' dir='ltr'><strong>statis</strong></span> <span class='ocrx_word' id='word_1_294' title='bbox 1094 3892 1428 3962; x_wconf 86' lang='lat' dir='ltr'><strong>temporibus</strong></span> <span class='ocrx_word' id='word_1_295' title='bbox 1476 3911 1508 3950; x_wconf 90' lang='lat' dir='ltr'><strong>e</strong></span> <span class='ocrx_word' id='word_1_296' title='bbox 1551 3896 1691 3952; x_wconf 60' lang='lat' dir='ltr'><strong>coelo</strong></span> <span class='ocrx_word' id='word_1_297' title='bbox 1740 3899 1967 3954; x_wconf 83' lang='lat' dir='ltr'><strong>descen-</strong></span> 
     </span>
    </p>
   </div>
   <div class='ocr_carea' id='block_1_41' title="bbox 364 3974 1966 4060">
    <p class='ocr_par' dir='ltr' id='par_1_41' title="bbox 364 3974 1966 4060">
     <span class='ocr_line' id='line_1_41' title="bbox 364 3974 1966 4060; baseline 0.011 -31"><span class='ocrx_word' id='word_1_298' title='bbox 364 3974 563 4041; x_wconf 89' lang='lat' dir='ltr'><strong>dente,</strong></span> <span class='ocrx_word' id='word_1_299' title='bbox 601 3977 669 4033; x_wconf 88' lang='lat' dir='ltr'><strong>de</strong></span> <span class='ocrx_word' id='word_1_300' title='bbox 697 3980 937 4037; x_wconf 79' lang='lat' dir='ltr'><strong>motione</strong></span> <span class='ocrx_word' id='word_1_301' title='bbox 962 3997 1140 4052; x_wconf 71' lang='lat' dir='ltr'><strong>aqum,</strong></span> <span class='ocrx_word' id='word_1_302' title='bbox 1175 3995 1306 4051; x_wconf 91' lang='lat' dir='ltr'><strong>etc.,</strong></span> <span class='ocrx_word' id='word_1_303' title='bbox 1354 4002 1538 4056; x_wconf 91' lang='lat' dir='ltr'><strong>quem,</strong></span> <span class='ocrx_word' id='word_1_304' title='bbox 1573 3987 1742 4060; x_wconf 90' lang='lat' dir='ltr'><strong>inquit</strong></span> <span class='ocrx_word' id='word_1_305' title='bbox 1774 3989 1966 4046; x_wconf 84' lang='lat' dir='ltr'><strong>Kuste—</strong></span> 
     </span>
    </p>
   </div>
   <div class='ocr_carea' id='block_1_42' title="bbox 365 4068 1964 4149">
    <p class='ocr_par' dir='ltr' id='par_1_42' title="bbox 365 4068 1964 4149">
     <span class='ocr_line' id='line_1_42' title="bbox 365 4068 1964 4149; baseline 0.012 -29"><span class='ocrx_word' id='word_1_306' title='bbox 365 4083 462 4122; x_wconf 87' lang='lat' dir='ltr'><strong>rus</strong></span> <span class='ocrx_word' id='word_1_307' title='bbox 496 4068 702 4139; x_wconf 77' lang='lat' dir='ltr'><strong>(Prtef.</strong></span> <span class='ocrx_word' id='word_1_308' title='bbox 730 4072 801 4125; x_wconf 87' lang='lat' dir='ltr'><strong>ad</strong></span> <span class='ocrx_word' id='word_1_309' title='bbox 830 4070 973 4127; x_wconf 85' lang='lat' dir='ltr'><strong>Edit.</strong></span> <span class='ocrx_word' id='word_1_310' title='bbox 1007 4073 1080 4128; x_wconf 88' lang='grc' dir='ltr'><strong>Ν.</strong></span> <span class='ocrx_word' id='word_1_311' title='bbox 1110 4074 1174 4129; x_wconf 89' lang='grc' dir='ltr'><strong>Τ.</strong></span> <span class='ocrx_word' id='word_1_312' title='bbox 1216 4076 1376 4131; x_wconf 81' lang='lat' dir='ltr'><strong>Millii</strong></span> <span class='ocrx_word' id='word_1_313' title='bbox 1398 4076 1443 4149; x_wconf 91' lang='lat'><strong>),</strong></span> <span class='ocrx_word' id='word_1_314' title='bbox 1472 4082 1600 4136; x_wconf 91' lang='lat' dir='ltr'><strong>olim</strong></span> <span class='ocrx_word' id='word_1_315' title='bbox 1632 4081 1808 4138; x_wconf 69' lang='lat' dir='ltr'><strong>dubiae</strong></span> <span class='ocrx_word' id='word_1_316' title='bbox 1840 4084 1964 4140; x_wconf 84' lang='lat' dir='ltr'><strong>ﬁdei</strong></span> 
     </span>
    </p>
   </div>
   <div class='ocr_carea' id='block_1_43' title="bbox 362 4161 1965 4249">
    <p class='ocr_par' dir='ltr' id='par_1_43' title="bbox 362 4161 1965 4249">
     <span class='ocr_line' id='line_1_43' title="bbox 362 4161 1965 4249; baseline 0.012 -36"><span class='ocrx_word' id='word_1_317' title='bbox 362 4176 394 4213; x_wconf 90' lang='lat' dir='ltr'><strong>a</strong></span> <span class='ocrx_word' id='word_1_318' title='bbox 416 4161 739 4229; x_wconf 87' lang='lat' dir='ltr'><strong>quibusdam</strong></span> <span class='ocrx_word' id='word_1_319' title='bbox 763 4164 1005 4223; x_wconf 89' lang='lat' dir='ltr'><strong>habitum</strong></span> <span class='ocrx_word' id='word_1_320' title='bbox 1030 4167 1056 4221; x_wconf 84' lang='lat' dir='ltr'><strong>l&#39;</strong></span> <span class='ocrx_word' id='word_1_321' title='bbox 1056 4168 1222 4237; x_wconf 89' lang='lat' dir='ltr'><strong>uisse,</strong></span> <span class='ocrx_word' id='word_1_322' title='bbox 1247 4186 1312 4225; x_wconf 86' lang='lat' dir='ltr'><strong>ex</strong></span> <span class='ocrx_word' id='word_1_323' title='bbox 1331 4174 1605 4230; x_wconf 83' lang='lat' dir='ltr'><strong>veteribus</strong></span> <span class='ocrx_word' id='word_1_324' title='bbox 1627 4192 1758 4231; x_wconf 88' lang='lat' dir='ltr'><strong>mss.</strong></span> <span class='ocrx_word' id='word_1_325' title='bbox 1785 4177 1965 4249; x_wconf 80' lang='lat' dir='ltr'><strong>colligi</strong></span> 
     </span>
    </p>
   </div>
   <div class='ocr_carea' id='block_1_44' title="bbox 367 4255 1964 4339">
    <p class='ocr_par' dir='ltr' id='par_1_44' title="bbox 367 4255 1964 4339">
     <span class='ocr_line' id='line_1_44' title="bbox 367 4255 1964 4339; baseline 0.014 -37"><span class='ocrx_word' id='word_1_326' title='bbox 367 4263 566 4320; x_wconf 76' lang='lat' dir='ltr'><strong>potest,</strong></span> <span class='ocrx_word' id='word_1_327' title='bbox 602 4255 849 4311; x_wconf 87' lang='lat' dir='ltr'><strong>adductis</strong></span> <span class='ocrx_word' id='word_1_328' title='bbox 891 4259 1124 4316; x_wconf 89' lang='lat' dir='ltr'><strong>subinde</strong></span> <span class='ocrx_word' id='word_1_329' title='bbox 1174 4277 1365 4318; x_wconf 86' lang='lat' dir='ltr'><strong>eorum</strong></span> <span class='ocrx_word' id='word_1_330' title='bbox 1407 4265 1686 4334; x_wconf 87' lang='lat' dir='ltr'><strong>pluribus,</strong></span> <span class='ocrx_word' id='word_1_331' title='bbox 1732 4285 1868 4339; x_wconf 89' lang='lat' dir='ltr'><strong>quos</strong></span> <span class='ocrx_word' id='word_1_332' title='bbox 1910 4272 1964 4325; x_wconf 92' lang='lat' dir='ltr'><strong>in</strong></span> 
     </span>
    </p>
   </div>
   <div class='ocr_carea' id='block_1_45' title="bbox 367 4346 1962 4421">
    <p class='ocr_par' dir='ltr' id='par_1_45' title="bbox 367 4346 1962 4421">
     <span class='ocr_line' id='line_1_45' title="bbox 367 4346 1962 4421; baseline 0.011 -21"><span class='ocrx_word' id='word_1_333' title='bbox 367 4346 697 4404; x_wconf 87' lang='lat' dir='ltr'><strong>bibliotheca</strong></span> <span class='ocrx_word' id='word_1_334' title='bbox 754 4352 895 4421; x_wconf 86' lang='lat' dir='ltr'><strong>regia</strong></span> <span class='ocrx_word' id='word_1_335' title='bbox 949 4353 1177 4410; x_wconf 70' lang='lat' dir='ltr'><strong>Lutetiae</strong></span> <span class='ocrx_word' id='word_1_336' title='bbox 1230 4358 1522 4414; x_wconf 90' lang='lat' dir='ltr'><strong>consuluit.</strong></span> <span class='ocrx_word' id='word_1_337' title='bbox 1572 4359 1695 4415; x_wconf 81' lang='lat' dir='ltr'><strong>Mox</strong></span> <span class='ocrx_word' id='word_1_338' title='bbox 1745 4361 1898 4416; x_wconf 88' lang='lat' dir='ltr'><strong>addit</strong></span> <span class='ocrx_word' id='word_1_339' title='bbox 1949 4381 1962 4417; x_wconf 92' lang='lat'>:</span> 
     </span>
    </p>
   </div>
   <div class='ocr_carea' id='block_1_46' title="bbox 365 4442 1964 4526">
    <p class='ocr_par' dir='ltr' id='par_1_46' title="bbox 365 4442 1964 4526">
     <span class='ocr_line' id='line_1_46' title="bbox 365 4442 1964 4526; baseline 0.012 -34"><span class='ocrx_word' id='word_1_340' title='bbox 365 4442 524 4507; x_wconf 80' lang='lat' dir='ltr'><strong>Quod</strong></span> <span class='ocrx_word' id='word_1_341' title='bbox 551 4444 596 4495; x_wconf 91' lang='lat' dir='ltr'><strong>si</strong></span> <span class='ocrx_word' id='word_1_342' title='bbox 624 4458 795 4499; x_wconf 85' lang='lat' dir='ltr'><strong>versus</strong></span> <span class='ocrx_word' id='word_1_343' title='bbox 823 4446 912 4500; x_wconf 85' lang='lat' dir='ltr'><strong>ille</strong></span> <span class='ocrx_word' id='word_1_344' title='bbox 955 4447 1102 4519; x_wconf 84' lang='lat' dir='ltr'><strong>initio</strong></span> <span class='ocrx_word' id='word_1_345' title='bbox 1132 4467 1164 4502; x_wconf 88' lang='lat' dir='ltr'><strong>a</strong></span> <span class='ocrx_word' id='word_1_346' title='bbox 1192 4451 1451 4505; x_wconf 83' lang='lat' dir='ltr'><strong>codicibus</strong></span> <span class='ocrx_word' id='word_1_347' title='bbox 1494 4452 1569 4507; x_wconf 85' lang='lat' dir='ltr'><strong>N.</strong></span> <span class='ocrx_word' id='word_1_348' title='bbox 1612 4454 1672 4508; x_wconf 87' lang='lat' dir='ltr'><strong>T.</strong></span> <span class='ocrx_word' id='word_1_349' title='bbox 1702 4455 1890 4526; x_wconf 80' lang='lat' dir='ltr'><strong>abfuit,</strong></span> <span class='ocrx_word' id='word_1_350' title='bbox 1916 4467 1964 4511; x_wconf 90' lang='lat' dir='ltr'><strong>et</strong></span> 
     </span>
    </p>
   </div>
   <div class='ocr_carea' id='block_1_47' title="bbox 354 4627 1959 4710">
    <p class='ocr_par' dir='ltr' id='par_1_47' title="bbox 354 4627 1959 4710">
     <span class='ocr_line' id='line_1_47' title="bbox 354 4627 1959 4710; baseline 0.012 -35"><span class='ocrx_word' id='word_1_351' title='bbox 354 4627 555 4693; x_wconf 72' lang='lat' dir='ltr'><strong>factam</strong></span> <span class='ocrx_word' id='word_1_352' title='bbox 578 4627 803 4694; x_wconf 84' lang='lat' dir='ltr'><strong>Oportuit</strong></span> <span class='ocrx_word' id='word_1_353' title='bbox 824 4639 945 4682; x_wconf 83' lang='lat' dir='ltr'><strong>ante</strong></span> <span class='ocrx_word' id='word_1_354' title='bbox 966 4639 1191 4700; x_wconf 89' lang='lat' dir='ltr'><strong>tempora</strong></span> <span class='ocrx_word' id='word_1_355' title='bbox 1213 4631 1545 4702; x_wconf 84' lang='lat' dir='ltr'><strong>Tertulliani,</strong></span> <span class='ocrx_word' id='word_1_356' title='bbox 1568 4637 1759 4708; x_wconf 83' lang='lat' dir='ltr'><strong>quippe</strong></span> <span class='ocrx_word' id='word_1_357' title='bbox 1778 4642 1864 4710; x_wconf 85' lang='lat' dir='ltr'><strong>qui</strong></span> <span class='ocrx_word' id='word_1_358' title='bbox 1892 4642 1959 4695; x_wconf 86' lang='lat' dir='ltr'><strong>ad</strong></span> 
     </span>
    </p>
   </div>
   <div class='ocr_carea' id='block_1_48' title="bbox 356 4717 1956 4798">
    <p class='ocr_par' dir='ltr' id='par_1_48' title="bbox 356 4717 1956 4798">
     <span class='ocr_line' id='line_1_48' title="bbox 356 4717 1956 4798; baseline 0.013 -31"><span class='ocrx_word' id='word_1_359' title='bbox 356 4717 498 4771; x_wconf 77' lang='lat' dir='ltr'><strong>hunc</strong></span> <span class='ocrx_word' id='word_1_360' title='bbox 523 4719 690 4772; x_wconf 89' lang='lat' dir='ltr'><strong>locum</strong></span> <span class='ocrx_word' id='word_1_361' title='bbox 721 4722 941 4787; x_wconf 72' lang='lat' dir='ltr'><strong>respexit</strong></span> <span class='ocrx_word' id='word_1_362' title='bbox 969 4721 1059 4774; x_wconf 87' lang='lat' dir='ltr'><strong>lib.</strong></span> <span class='ocrx_word' id='word_1_363' title='bbox 1094 4722 1157 4776; x_wconf 83' lang='lat' dir='ltr'><strong>de</strong></span> <span class='ocrx_word' id='word_1_364' title='bbox 1186 4723 1453 4792; x_wconf 84' lang='lat' dir='ltr'><strong>Baptismo</strong></span> <span class='ocrx_word' id='word_1_365' title='bbox 1476 4769 1489 4793; x_wconf 92' lang='lat'><strong>,</strong></span> <span class='ocrx_word' id='word_1_366' title='bbox 1526 4728 1612 4782; x_wconf 89' lang='lat' dir='ltr'><strong>ubi</strong></span> <span class='ocrx_word' id='word_1_367' title='bbox 1642 4730 1736 4798; x_wconf 89' lang='lat' dir='ltr'><strong>ait,</strong></span> <span class='ocrx_word' id='word_1_368' title='bbox 1780 4729 1956 4787; x_wconf 82' lang='lat' dir='ltr'><strong>Pisci-</strong></span> 
     </span>
    </p>
   </div>
   <div class='ocr_carea' id='block_1_49' title="bbox 354 4809 1845 4884">
    <p class='ocr_par' dir='ltr' id='par_1_49' title="bbox 354 4809 1845 4884">
     <span class='ocr_line' id='line_1_49' title="bbox 354 4809 1845 4884; baseline 0.01 -21"><span class='ocrx_word' id='word_1_369' title='bbox 354 4826 476 4863; x_wconf 80' lang='lat' dir='ltr'><strong>nam</strong></span> <span class='ocrx_word' id='word_1_370' title='bbox 508 4809 843 4865; x_wconf 86' lang='lat' dir='ltr'><strong>Bethsaidam</strong></span> <span class='ocrx_word' id='word_1_371' title='bbox 877 4815 1088 4884; x_wconf 87' lang='lat' dir='ltr'><strong>angelus</strong></span> <span class='ocrx_word' id='word_1_372' title='bbox 1119 4816 1457 4873; x_wconf 84' lang='lat' dir='ltr'><strong>interveniens</strong></span> <span class='ocrx_word' id='word_1_373' title='bbox 1483 4823 1845 4880; x_wconf 78' lang='lat' dir='ltr'><strong>commovebat.</strong></span> 
     </span>
    </p>
   </div>
   <div class='ocr_carea' id='block_1_50' title="bbox 427 4903 1953 4985">
    <p class='ocr_par' dir='ltr' id='par_1_50' title="bbox 427 4903 1953 4985">
     <span class='ocr_line' id='line_1_50' title="bbox 427 4903 1953 4985; baseline 0.011 -29"><span class='ocrx_word' id='word_1_374' title='bbox 427 4903 810 4958; x_wconf 87' lang='lat' dir='ltr'><strong>Duriusculum</strong></span> <span class='ocrx_word' id='word_1_375' title='bbox 824 4920 955 4961; x_wconf 88' lang='lat' dir='ltr'><strong>sane</strong></span> <span class='ocrx_word' id='word_1_376' title='bbox 968 4907 1254 4971; x_wconf 85' lang='lat' dir='ltr'><strong>est,virum</strong></span> <span class='ocrx_word' id='word_1_377' title='bbox 1270 4910 1642 4967; x_wconf 88' lang='lat' dir='ltr'><strong>doctissimum</strong></span> <span class='ocrx_word' id='word_1_378' title='bbox 1656 4914 1953 4985; x_wconf 88' lang='lat' dir='ltr'><strong>dubitasse,</strong></span> 
     </span>
    </p>
   </div>
   <div class='ocr_carea' id='block_1_51' title="bbox 347 4999 1951 5075">
    <p class='ocr_par' dir='ltr' id='par_1_51' title="bbox 347 4999 1951 5075">
     <span class='ocr_line' id='line_1_51' title="bbox 347 4999 1951 5075; baseline 0.008 -23"><span class='ocrx_word' id='word_1_379' title='bbox 347 5015 417 5052; x_wconf 85' lang='lat' dir='ltr'><strong>an</strong></span> <span class='ocrx_word' id='word_1_380' title='bbox 458 5001 613 5054; x_wconf 89' lang='lat' dir='ltr'><strong>locus</strong></span> <span class='ocrx_word' id='word_1_381' title='bbox 656 4999 745 5053; x_wconf 88' lang='lat' dir='ltr'><strong>ille</strong></span> <span class='ocrx_word' id='word_1_382' title='bbox 779 5000 829 5053; x_wconf 92' lang='lat' dir='ltr'><strong>in</strong></span> <span class='ocrx_word' id='word_1_383' title='bbox 873 5002 1211 5071; x_wconf 82' lang='lat' dir='ltr'><strong>autographo</strong></span> <span class='ocrx_word' id='word_1_384' title='bbox 1258 5003 1485 5059; x_wconf 88' lang='lat' dir='ltr'><strong>Joannis</strong></span> <span class='ocrx_word' id='word_1_385' title='bbox 1527 5007 1798 5075; x_wconf 83' lang='lat' dir='ltr'><strong>extiterit;</strong></span> <span class='ocrx_word' id='word_1_386' title='bbox 1827 5025 1951 5066; x_wconf 91' lang='lat' dir='ltr'><strong>cum</strong></span> 
     </span>
    </p>
   </div>
   <div class='ocr_carea' id='block_1_52' title="bbox 349 5092 1951 5165">
    <p class='ocr_par' dir='ltr' id='par_1_52' title="bbox 349 5092 1951 5165">
     <span class='ocr_line' id='line_1_52' title="bbox 349 5092 1951 5165; baseline 0.007 -18"><span class='ocrx_word' id='word_1_387' title='bbox 349 5092 525 5148; x_wconf 86' lang='lat' dir='ltr'><strong>series</strong></span> <span class='ocrx_word' id='word_1_388' title='bbox 554 5092 669 5162; x_wconf 89' lang='lat' dir='ltr'><strong>ipsa</strong></span> <span class='ocrx_word' id='word_1_389' title='bbox 697 5092 919 5162; x_wconf 74' lang='lat' dir='ltr'><strong>integra:</strong></span> <span class='ocrx_word' id='word_1_390' title='bbox 951 5093 1092 5149; x_wconf 89' lang='lat' dir='ltr'><strong>illius</strong></span> <span class='ocrx_word' id='word_1_391' title='bbox 1115 5096 1384 5165; x_wconf 79' lang='lat' dir='ltr'><strong>periocha:</strong></span> <span class='ocrx_word' id='word_1_392' title='bbox 1411 5098 1570 5154; x_wconf 90' lang='lat' dir='ltr'><strong>aliter</strong></span> <span class='ocrx_word' id='word_1_393' title='bbox 1598 5100 1842 5158; x_wconf 81' lang='lat' dir='ltr'><strong>suadeat.</strong></span> <span class='ocrx_word' id='word_1_394' title='bbox 1868 5102 1951 5159; x_wconf 82' lang='lat' dir='ltr'><strong>Ad</strong></span> 
     </span>
    </p>
   </div>
   <div class='ocr_carea' id='block_1_53' title="bbox 349 5184 1950 5264">
    <p class='ocr_par' dir='ltr' id='par_1_53' title="bbox 349 5184 1950 5264">
     <span class='ocr_line' id='line_1_53' title="bbox 349 5184 1950 5264; baseline 0.01 -28"><span class='ocrx_word' id='word_1_395' title='bbox 349 5186 481 5254; x_wconf 87' lang='lat' dir='ltr'><strong>quid</strong></span> <span class='ocrx_word' id='word_1_396' title='bbox 510 5186 654 5241; x_wconf 88' lang='lat' dir='ltr'><strong>enim</strong></span> <span class='ocrx_word' id='word_1_397' title='bbox 691 5184 870 5255; x_wconf 80' lang='lat' dir='ltr'><strong>priora</strong></span> <span class='ocrx_word' id='word_1_398' title='bbox 898 5186 988 5240; x_wconf 89' lang='lat' dir='ltr'><strong>illa</strong></span> <span class='ocrx_word' id='word_1_399' title='bbox 1021 5187 1090 5242; x_wconf 91' lang='lat' dir='ltr'><strong>de</strong></span> <span class='ocrx_word' id='word_1_400' title='bbox 1132 5189 1407 5257; x_wconf 86' lang='lat' dir='ltr'><strong>probatica</strong></span> <span class='ocrx_word' id='word_1_401' title='bbox 1437 5192 1674 5263; x_wconf 90' lang='lat' dir='ltr'><strong>quinque</strong></span> <span class='ocrx_word' id='word_1_402' title='bbox 1708 5197 1950 5264; x_wconf 86' lang='lat' dir='ltr'><strong>porticus</strong></span> 
     </span>
    </p>
   </div>
   <div class='ocr_carea' id='block_1_54' title="bbox 355 5270 2001 5361">
    <p class='ocr_par' dir='ltr' id='par_1_54' title="bbox 355 5270 2001 5361">
     <span class='ocr_line' id='line_1_54' title="bbox 355 5270 2001 5361; baseline 0.011 -31"><span class='ocrx_word' id='word_1_403' title='bbox 355 5276 587 5333; x_wconf 71' lang='lat' dir='ltr'><strong>habente</strong></span> <span class='ocrx_word' id='word_1_404' title='bbox 614 5296 628 5331; x_wconf 89' lang='lat'><strong>:</strong></span> <span class='ocrx_word' id='word_1_405' title='bbox 657 5278 832 5349; x_wconf 90' lang='lat' dir='ltr'><strong>deque</strong></span> <span class='ocrx_word' id='word_1_406' title='bbox 869 5280 1214 5337; x_wconf 88' lang='lat' dir='ltr'><strong>multitudine</strong></span> <span class='ocrx_word' id='word_1_407' title='bbox 1247 5283 1641 5354; x_wconf 80' lang='lat' dir='ltr'><strong>languentium,</strong></span> <span class='ocrx_word' id='word_1_408' title='bbox 1671 5291 1762 5359; x_wconf 90' lang='lat' dir='ltr'><strong>qui</strong></span> <span class='ocrx_word' id='word_1_409' title='bbox 1792 5306 1946 5361; x_wconf 68' lang='lat' dir='ltr'><strong>aquae</strong></span> <span class='ocrx_word' id='word_1_410' title='bbox 1986 5270 2001 5281; x_wconf 32' lang='grc' dir='ltr'><em>α</em></span> 
     </span>
    </p>
   </div>
   <div class='ocr_carea' id='block_1_55' title="bbox 357 5374 1947 5450">
    <p class='ocr_par' dir='ltr' id='par_1_55' title="bbox 357 5374 1947 5450">
     <span class='ocr_line' id='line_1_55' title="bbox 357 5374 1947 5450; baseline 0.011 -26"><span class='ocrx_word' id='word_1_411' title='bbox 357 5382 579 5440; x_wconf 84' lang='lat' dir='ltr'><strong>motum,</strong></span> <span class='ocrx_word' id='word_1_412' title='bbox 606 5374 677 5429; x_wconf 89' lang='lat' dir='ltr'><strong>ibi</strong></span> <span class='ocrx_word' id='word_1_413' title='bbox 699 5376 1085 5444; x_wconf 84' lang='lat' dir='ltr'><strong>expectarent?</strong></span> <span class='ocrx_word' id='word_1_414' title='bbox 1109 5388 1218 5430; x_wconf 90' lang='lat' dir='ltr'><strong>tum</strong></span> <span class='ocrx_word' id='word_1_415' title='bbox 1248 5378 1630 5450; x_wconf 89' lang='lat' dir='ltr'><strong>subsequentia</strong></span> <span class='ocrx_word' id='word_1_416' title='bbox 1655 5382 1724 5438; x_wconf 88' lang='lat' dir='ltr'><strong>de</strong></span> <span class='ocrx_word' id='word_1_417' title='bbox 1745 5385 1947 5441; x_wconf 89' lang='lat' dir='ltr'><strong>misero</strong></span> 
     </span>
    </p>
   </div>
   <div class='ocr_carea' id='block_1_56' title="bbox 347 5466 1948 5546">
    <p class='ocr_par' dir='ltr' id='par_1_56' title="bbox 347 5466 1948 5546">
     <span class='ocr_line' id='line_1_56' title="bbox 347 5466 1948 5546; baseline 0.007 -25"><span class='ocrx_word' id='word_1_418' title='bbox 347 5466 480 5530; x_wconf 88' lang='lat' dir='ltr'><strong>illo,</strong></span> <span class='ocrx_word' id='word_1_419' title='bbox 512 5468 723 5538; x_wconf 80' lang='lat' dir='ltr'><strong>triginta</strong></span> <span class='ocrx_word' id='word_1_420' title='bbox 762 5468 872 5537; x_wconf 87' lang='lat' dir='ltr'><strong>jam</strong></span> <span class='ocrx_word' id='word_1_421' title='bbox 923 5480 976 5522; x_wconf 86' lang='lat' dir='ltr'><strong>et</strong></span> <span class='ocrx_word' id='word_1_422' title='bbox 1006 5478 1129 5524; x_wconf 86' lang='lat' dir='ltr'><strong>octo</strong></span> <span class='ocrx_word' id='word_1_423' title='bbox 1169 5471 1237 5524; x_wconf 91' lang='lat' dir='ltr'><strong>ab</strong></span> <span class='ocrx_word' id='word_1_424' title='bbox 1266 5473 1423 5527; x_wconf 91' lang='lat' dir='ltr'><strong>annis</strong></span> <span class='ocrx_word' id='word_1_425' title='bbox 1461 5474 1694 5541; x_wconf 89' lang='lat' dir='ltr'><strong>inlirmo,</strong></span> <span class='ocrx_word' id='word_1_426' title='bbox 1729 5478 1840 5546; x_wconf 93' lang='lat' dir='ltr'><strong>qui,</strong></span> <span class='ocrx_word' id='word_1_427' title='bbox 1867 5478 1948 5533; x_wconf 92' lang='lat' dir='ltr'><strong>in-</strong></span> 
     </span>
    </p>
   </div>
   <div class='ocr_carea' id='block_1_57' title="bbox 346 5561 1943 5640">
    <p class='ocr_par' dir='ltr' id='par_1_57' title="bbox 346 5561 1943 5640">
     <span class='ocr_line' id='line_1_57' title="bbox 346 5561 1943 5640; baseline 0.008 -23"><span class='ocrx_word' id='word_1_428' title='bbox 346 5572 655 5632; x_wconf 80' lang='lat' dir='ltr'><strong>terrogante</strong></span> <span class='ocrx_word' id='word_1_429' title='bbox 672 5561 894 5617; x_wconf 87' lang='lat' dir='ltr'><strong>Christo</strong></span> <span class='ocrx_word' id='word_1_430' title='bbox 914 5578 981 5618; x_wconf 89' lang='lat' dir='ltr'><strong>an</strong></span> <span class='ocrx_word' id='word_1_431' title='bbox 1005 5564 1166 5620; x_wconf 83' lang='lat' dir='ltr'><strong>vellet</strong></span> <span class='ocrx_word' id='word_1_432' title='bbox 1187 5580 1351 5621; x_wconf 87' lang='lat' dir='ltr'><strong>sanus</strong></span> <span class='ocrx_word' id='word_1_433' title='bbox 1372 5567 1507 5635; x_wconf 84' lang='lat' dir='ltr'><strong>ﬁeri,</strong></span> <span class='ocrx_word' id='word_1_434' title='bbox 1533 5571 1809 5640; x_wconf 86' lang='lat' dir='ltr'><strong>respondit</strong></span> <span class='ocrx_word' id='word_1_435' title='bbox 1836 5588 1943 5629; x_wconf 92' lang='lat' dir='ltr'><strong>non</strong></span> 
     </span>
    </p>
   </div>
   <div class='ocr_carea' id='block_1_58' title="bbox 342 5654 1938 5733">
    <p class='ocr_par' dir='ltr' id='par_1_58' title="bbox 342 5654 1938 5733">
     <span class='ocr_line' id='line_1_58' title="bbox 342 5654 1938 5733; baseline 0.006 -25"><span class='ocrx_word' id='word_1_436' title='bbox 342 5654 549 5709; x_wconf 83' lang='lat' dir='ltr'><strong>habere</strong></span> <span class='ocrx_word' id='word_1_437' title='bbox 577 5670 635 5709; x_wconf 90' lang='lat' dir='ltr'><strong>se</strong></span> <span class='ocrx_word' id='word_1_438' title='bbox 666 5654 968 5720; x_wconf 84' lang='lat' dir='ltr'><strong>hominem,</strong></span> <span class='ocrx_word' id='word_1_439' title='bbox 998 5670 1023 5706; x_wconf 90' lang='lat' dir='ltr'><strong>a</strong></span> <span class='ocrx_word' id='word_1_440' title='bbox 1053 5670 1182 5725; x_wconf 90' lang='lat' dir='ltr'><strong>quo,</strong></span> <span class='ocrx_word' id='word_1_441' title='bbox 1219 5658 1427 5712; x_wconf 88' lang='lat' dir='ltr'><strong>turbata</strong></span> <span class='ocrx_word' id='word_1_442' title='bbox 1459 5674 1580 5714; x_wconf 90' lang='lat' dir='ltr'><strong>cum</strong></span> <span class='ocrx_word' id='word_1_443' title='bbox 1605 5670 1753 5716; x_wconf 82' lang='lat' dir='ltr'><strong>esset</strong></span> <span class='ocrx_word' id='word_1_444' title='bbox 1780 5679 1938 5733; x_wconf 85' lang='lat' dir='ltr'><strong>aqua,</strong></span> 
     </span>
    </p>
   </div>
   <div class='ocr_carea' id='block_1_59' title="bbox 344 5746 1943 5824">
    <p class='ocr_par' dir='ltr' id='par_1_59' title="bbox 344 5746 1943 5824">
     <span class='ocr_line' id='line_1_59' title="bbox 344 5746 1943 5824; baseline 0.006 -17"><span class='ocrx_word' id='word_1_445' title='bbox 344 5751 400 5807; x_wconf 89' lang='lat' dir='ltr'><strong>in</strong></span> <span class='ocrx_word' id='word_1_446' title='bbox 449 5746 718 5822; x_wconf 85' lang='lat' dir='ltr'><strong>piscinam</strong></span> <span class='ocrx_word' id='word_1_447' title='bbox 772 5747 1192 5805; x_wconf 88' lang='lat' dir='ltr'><strong>immitteretur?</strong></span> <span class='ocrx_word' id='word_1_448' title='bbox 1245 5766 1365 5823; x_wconf 76' lang='lat' dir='ltr'><strong>qua:</strong></span> <span class='ocrx_word' id='word_1_449' title='bbox 1420 5754 1661 5824; x_wconf 80' lang='lat' dir='ltr'><strong>profecto</strong></span> <span class='ocrx_word' id='word_1_450' title='bbox 1716 5756 1943 5818; x_wconf 90' lang='lat' dir='ltr'><strong>innuuut</strong></span> 
     </span>
    </p>
   </div>
   <div class='ocr_carea' id='block_1_60' title="bbox 1184 247 1970 363">
    <p class='ocr_par' dir='ltr' id='par_1_60' title="bbox 1184 247 1970 320">
     <span class='ocr_line' id='line_1_60' title="bbox 1184 247 1970 320; baseline 0.023 -18"><span class='ocrx_word' id='word_1_451' title='bbox 1184 247 1398 306; x_wconf 83' lang='lat' dir='ltr'><strong>El’lST.</strong></span> <span class='ocrx_word' id='word_1_452' title='bbox 1442 253 1687 311; x_wconf 80' lang='lat' dir='ltr'><strong>PlllLlP.</strong></span> <span class='ocrx_word' id='word_1_453' title='bbox 1730 256 1970 320; x_wconf 54' lang='lat' dir='ltr'><strong>GARBEL</strong></span> 
     </span>
    </p>
   </div>
   <div class='ocr_carea' id='block_1_61' title="bbox 2078 247 3697 363">
    <p class='ocr_par' dir='ltr' id='par_1_61' title="bbox 2085 268 3697 363">
     <span class='ocr_line' id='line_1_61' title="bbox 2085 268 3697 363; baseline 0.027 -43"><span class='ocrx_word' id='word_1_454' title='bbox 2085 309 2099 335; x_wconf 87' lang='lat'><strong>,</strong></span> <span class='ocrx_word' id='word_1_455' title='bbox 2144 268 2232 325; x_wconf 76' lang='lat' dir='ltr'><strong>nu</strong></span> <span class='ocrx_word' id='word_1_456' title='bbox 2270 270 2519 334; x_wconf 77' lang='lat' dir='ltr'><strong>conten</strong></span> <span class='ocrx_word' id='word_1_457' title='bbox 2562 278 2909 343; x_wconf 75' lang='lat' dir='ltr'><strong>nmxtANo.</strong></span> <span class='ocrx_word' id='word_1_458' title='bbox 3627 306 3697 363; x_wconf 76' lang='lat' dir='ltr'><strong>st</strong></span> 
     </span>
    </p>
   </div>
   <div class='ocr_carea' id='block_1_62' title="bbox 1706 381 3697 482">
    <p class='ocr_par' dir='ltr' id='par_1_62' title="bbox 1706 381 3697 482">
     <span class='ocr_line' id='line_1_62' title="bbox 1706 381 3697 482; baseline 0.028 -55"><span class='ocrx_word' id='word_1_459' title='bbox 1706 385 1993 444; x_wconf 85' lang='lat' dir='ltr'><strong>portunum</strong></span> <span class='ocrx_word' id='word_1_460' title='bbox 2022 386 2077 445; x_wconf 85' lang='grc' dir='ltr'><strong>Λ</strong></span> <span class='ocrx_word' id='word_1_461' title='bbox 2101 381 2295 443; x_wconf 84' lang='lat' dir='ltr'><strong>deesse</strong></span> <span class='ocrx_word' id='word_1_462' title='bbox 2323 388 2550 461; x_wconf 88' lang='lat' dir='ltr'><strong>aliquid,</strong></span> <span class='ocrx_word' id='word_1_463' title='bbox 2581 395 2631 448; x_wconf 92' lang='lat' dir='ltr'><strong>in</strong></span> <span class='ocrx_word' id='word_1_464' title='bbox 2657 414 2764 466; x_wconf 87' lang='lat' dir='ltr'><strong>quo</strong></span> <span class='ocrx_word' id='word_1_465' title='bbox 2784 400 2854 456; x_wconf 88' lang='lat' dir='ltr'><strong>de</strong></span> <span class='ocrx_word' id='word_1_466' title='bbox 2880 417 3135 465; x_wconf 65' lang='lat' dir='ltr'><strong>movente</strong></span> <span class='ocrx_word' id='word_1_467' title='bbox 3163 423 3331 482; x_wconf 84' lang='lat' dir='ltr'><strong>aquas</strong></span> <span class='ocrx_word' id='word_1_468' title='bbox 3351 417 3471 475; x_wconf 87' lang='lat' dir='ltr'><strong>illas</strong></span> <span class='ocrx_word' id='word_1_469' title='bbox 3492 427 3697 481; x_wconf 86' lang='lat' dir='ltr'><strong>mentio</strong></span> 
     </span>
    </p>
   </div>
   <div class='ocr_carea' id='block_1_63' title="bbox 2096 475 3688 589">
    <p class='ocr_par' dir='ltr' id='par_1_63' title="bbox 2096 475 3688 589">
     <span class='ocr_line' id='line_1_63' title="bbox 2096 475 3688 589; baseline 0.03 -60"><span class='ocrx_word' id='word_1_470' title='bbox 2096 475 2274 533; x_wconf 84' lang='lat' dir='ltr'><strong>ﬁeret.</strong></span> <span class='ocrx_word' id='word_1_471' title='bbox 2293 481 2402 535; x_wconf 92' lang='lat' dir='ltr'><strong>Cur</strong></span> <span class='ocrx_word' id='word_1_472' title='bbox 2425 484 2601 553; x_wconf 83' lang='lat' dir='ltr'><strong>itaque</strong></span> <span class='ocrx_word' id='word_1_473' title='bbox 2626 496 2984 558; x_wconf 70' lang='lat' dir='ltr'><strong>prmtermissa</strong></span> <span class='ocrx_word' id='word_1_474' title='bbox 3010 475 3260 577; x_wconf 77' lang='lat' dir='ltr'><strong>pericopa</strong></span> <span class='ocrx_word' id='word_1_475' title='bbox 3289 509 3521 571; x_wconf 85' lang='lat' dir='ltr'><strong>illa?An</strong></span> <span class='ocrx_word' id='word_1_476' title='bbox 3545 521 3688 589; x_wconf 91' lang='lat' dir='ltr'><strong>quod</strong></span> 
     </span>
    </p>
   </div>
   <div class='ocr_carea' id='block_1_64' title="bbox 2096 570 3692 679">
    <p class='ocr_par' dir='ltr' id='par_1_64' title="bbox 2096 570 3692 679">
     <span class='ocr_line' id='line_1_64' title="bbox 2096 570 3692 679; baseline 0.028 -55"><span class='ocrx_word' id='word_1_477' title='bbox 2096 570 2385 643; x_wconf 78' lang='grc' dir='ltr'>παράδοξον</span> <span class='ocrx_word' id='word_1_478' title='bbox 2418 576 2690 635; x_wconf 80' lang='lat' dir='ltr'><strong>videretur</strong></span> <span class='ocrx_word' id='word_1_479' title='bbox 2717 588 2891 656; x_wconf 81' lang='lat' dir='ltr'><strong>angeli</strong></span> <span class='ocrx_word' id='word_1_480' title='bbox 2915 570 3213 653; x_wconf 77' lang='lat' dir='ltr'><strong>descensus</strong></span> <span class='ocrx_word' id='word_1_481' title='bbox 3246 641 3261 667; x_wconf 92' lang='lat'><strong>,</strong></span> <span class='ocrx_word' id='word_1_482' title='bbox 3291 612 3344 659; x_wconf 93' lang='lat' dir='ltr'><strong>et</strong></span> <span class='ocrx_word' id='word_1_483' title='bbox 3369 570 3692 679; x_wconf 62' lang='lat' dir='ltr'><strong>quotannis,</strong></span> 
     </span>
    </p>
   </div>
   <div class='ocr_carea' id='block_1_65' title="bbox 2093 665 3694 773">
    <p class='ocr_par' dir='ltr' id='par_1_65' title="bbox 2093 665 3694 773">
     <span class='ocr_line' id='line_1_65' title="bbox 2093 665 3694 773; baseline 0.031 -60"><span class='ocrx_word' id='word_1_484' title='bbox 2093 672 2148 716; x_wconf 91' lang='lat' dir='ltr'><strong>et</strong></span> <span class='ocrx_word' id='word_1_485' title='bbox 2179 665 2347 719; x_wconf 90' lang='lat' dir='ltr'><strong>semel</strong></span> <span class='ocrx_word' id='word_1_486' title='bbox 2381 677 2610 738; x_wconf 89' lang='lat' dir='ltr'><strong>tantum,</strong></span> <span class='ocrx_word' id='word_1_487' title='bbox 2642 681 2697 727; x_wconf 87' lang='lat' dir='ltr'><strong>et</strong></span> <span class='ocrx_word' id='word_1_488' title='bbox 2724 692 2833 731; x_wconf 89' lang='lat' dir='ltr'><strong>uno</strong></span> <span class='ocrx_word' id='word_1_489' title='bbox 2861 680 3143 742; x_wconf 82' lang='lat' dir='ltr'><strong>dumtaxat</strong></span> <span class='ocrx_word' id='word_1_490' title='bbox 3172 665 3252 747; x_wconf 13' lang='lat' dir='ltr'><strong>exi</strong></span> <span class='ocrx_word' id='word_1_491' title='bbox 3272 704 3352 750; x_wconf 92' lang='lat' dir='ltr'><strong>tot</strong></span> <span class='ocrx_word' id='word_1_492' title='bbox 3385 665 3694 773; x_wconf 66' lang='lat' dir='ltr'><strong>languenti:</strong></span> 
     </span>
     <span class='ocr_line' id='line_1_66' title="bbox 2095 752 2814 773; baseline 0.031 -15"><span class='ocrx_word' id='word_1_493' title='bbox 2095 752 2189 773; x_wconf 28' lang='lat'><strong>,___‘</strong></span> <span class='ocrx_word' id='word_1_494' title='bbox 2230 756 2287 773; x_wconf 18' lang='grc' dir='ltr'><strong>ξ,</strong></span> <span class='ocrx_word' id='word_1_495' title='bbox 2422 759 2453 773; x_wconf 89' lang='lat'><strong>._</strong></span> <span class='ocrx_word' id='word_1_496' title='bbox 2504 761 2534 773; x_wconf 62' lang='lat'><strong>,.</strong></span> <span class='ocrx_word' id='word_1_497' title='bbox 2590 762 2602 773; x_wconf 92' lang='lat'><strong>.</strong></span> <span class='ocrx_word' id='word_1_498' title='bbox 2738 766 2814 773; x_wconf 72' lang='grc'><strong>--</strong></span> 
     </span>
    </p>
   </div>
   <div class='ocr_carea' id='block_1_66' title="bbox 2092 752 3687 858">
    <p class='ocr_par' dir='ltr' id='par_1_66' title="bbox 2092 752 3687 858">
     <span class='ocr_line' id='line_1_67' title="bbox 2092 752 3687 858; baseline 0.031 -53"><span class='ocrx_word' id='word_1_499' title='bbox 2092 752 2194 809; x_wconf 91' lang='lat' dir='ltr'><strong>bus</strong></span> <span class='ocrx_word' id='word_1_500' title='bbox 2223 756 2288 810; x_wconf 92' lang='lat' dir='ltr'><strong>ad</strong></span> <span class='ocrx_word' id='word_1_501' title='bbox 2317 759 2566 816; x_wconf 88' lang='lat' dir='ltr'><strong>sanitatis</strong></span> <span class='ocrx_word' id='word_1_502' title='bbox 2590 762 2909 827; x_wconf 82' lang='lat' dir='ltr'><strong>beneﬁcium</strong></span> <span class='ocrx_word' id='word_1_503' title='bbox 2942 782 3172 836; x_wconf 86' lang='lat' dir='ltr'><strong>vocato?</strong></span> <span class='ocrx_word' id='word_1_504' title='bbox 3192 785 3274 839; x_wconf 87' lang='lat' dir='ltr'><strong>An</strong></span> <span class='ocrx_word' id='word_1_505' title='bbox 3303 790 3446 858; x_wconf 92' lang='lat' dir='ltr'><strong>quod</strong></span> <span class='ocrx_word' id='word_1_506' title='bbox 3474 752 3553 849; x_wconf 57' lang='lat' dir='ltr'><strong>rei</strong></span> <span class='ocrx_word' id='word_1_507' title='bbox 3581 806 3687 854; x_wconf 88' lang='lat' dir='ltr'><strong>tam</strong></span> 
     </span>
    </p>
   </div>
   <div class='ocr_carea' id='block_1_67' title="bbox 2092 845 3691 959">
    <p class='ocr_par' dir='ltr' id='par_1_67' title="bbox 2092 845 3691 959">
     <span class='ocr_line' id='line_1_68' title="bbox 2092 845 3691 959; baseline 0.03 -60"><span class='ocrx_word' id='word_1_508' title='bbox 2092 845 2338 918; x_wconf 86' lang='lat' dir='ltr'><strong>insignis,</strong></span> <span class='ocrx_word' id='word_1_509' title='bbox 2368 863 2422 907; x_wconf 90' lang='lat' dir='ltr'><strong>et</strong></span> <span class='ocrx_word' id='word_1_510' title='bbox 2451 853 2517 907; x_wconf 90' lang='lat' dir='ltr'><strong>ad</strong></span> <span class='ocrx_word' id='word_1_511' title='bbox 2546 858 2723 924; x_wconf 86' lang='lat' dir='ltr'><strong>gentis</strong></span> <span class='ocrx_word' id='word_1_512' title='bbox 2748 876 2861 917; x_wconf 75' lang='lat' dir='ltr'><strong>sua:</strong></span> <span class='ocrx_word' id='word_1_513' title='bbox 2886 867 3114 936; x_wconf 88' lang='lat' dir='ltr'><strong>gloriam</strong></span> <span class='ocrx_word' id='word_1_514' title='bbox 3147 845 3395 937; x_wconf 73' lang='lat' dir='ltr'><strong>lacieniis</strong></span> <span class='ocrx_word' id='word_1_515' title='bbox 3422 884 3691 959; x_wconf 91' lang='lat' dir='ltr'><strong>Josephus</strong></span> 
     </span>
    </p>
   </div>
   <div class='ocr_carea' id='block_1_68' title="bbox 2091 948 3689 1043">
    <p class='ocr_par' dir='ltr' id='par_1_68' title="bbox 2091 948 3689 1043">
     <span class='ocr_line' id='line_1_69' title="bbox 2091 948 3689 1043; baseline 0.033 -54"><span class='ocrx_word' id='word_1_516' title='bbox 2091 957 2197 997; x_wconf 89' lang='lat' dir='ltr'><strong>non</strong></span> <span class='ocrx_word' id='word_1_517' title='bbox 2229 948 2513 1005; x_wconf 83' lang='lat' dir='ltr'><strong>meminit?</strong></span> <span class='ocrx_word' id='word_1_518' title='bbox 2542 957 2622 1012; x_wconf 79' lang='lat' dir='ltr'><strong>An</strong></span> <span class='ocrx_word' id='word_1_519' title='bbox 2657 967 2784 1010; x_wconf 82' lang='lat' dir='ltr'><strong>vero</strong></span> <span class='ocrx_word' id='word_1_520' title='bbox 2814 958 3178 1025; x_wconf 84' lang='lat' dir='ltr'><strong>Tertullianus</strong></span> <span class='ocrx_word' id='word_1_521' title='bbox 3208 972 3325 1043; x_wconf 88' lang='lat' dir='ltr'><strong>ipse</strong></span> <span class='ocrx_word' id='word_1_522' title='bbox 3356 980 3503 1036; x_wconf 89' lang='lat' dir='ltr'><strong>male</strong></span> <span class='ocrx_word' id='word_1_523' title='bbox 3530 948 3689 1040; x_wconf 76' lang='lat' dir='ltr'><strong>feria-</strong></span> 
     </span>
    </p>
   </div>
   <div class='ocr_carea' id='block_1_69' title="bbox 2090 1038 3686 1134">
    <p class='ocr_par' dir='ltr' id='par_1_69' title="bbox 2090 1038 3686 1134">
     <span class='ocr_line' id='line_1_70' title="bbox 2090 1038 3686 1134; baseline 0.029 -46"><span class='ocrx_word' id='word_1_524' title='bbox 2090 1038 2157 1091; x_wconf 88' lang='lat' dir='ltr'><strong>tis</strong></span> <span class='ocrx_word' id='word_1_525' title='bbox 2183 1041 2389 1099; x_wconf 89' lang='lat' dir='ltr'><strong>criticis</strong></span> <span class='ocrx_word' id='word_1_526' title='bbox 2421 1045 2647 1117; x_wconf 85' lang='lat' dir='ltr'><strong>hujusce</strong></span> <span class='ocrx_word' id='word_1_527' title='bbox 2677 1053 2883 1111; x_wconf 67' lang='lat' dir='ltr'><strong>lacunae</strong></span> <span class='ocrx_word' id='word_1_528' title='bbox 2917 1073 3104 1116; x_wconf 87' lang='lat' dir='ltr'><strong>ansam</strong></span> <span class='ocrx_word' id='word_1_529' title='bbox 3145 1038 3416 1134; x_wconf 71' lang='lat' dir='ltr'><strong>praebuit?</strong></span> <span class='ocrx_word' id='word_1_530' title='bbox 3460 1072 3566 1130; x_wconf 87' lang='lat' dir='ltr'><strong>Nos</strong></span> <span class='ocrx_word' id='word_1_531' title='bbox 3606 1078 3686 1134; x_wconf 89' lang='lat' dir='ltr'><strong>lo-</strong></span> 
     </span>
    </p>
   </div>
   <div class='ocr_carea' id='block_1_70' title="bbox 2087 1135 3686 1241">
    <p class='ocr_par' dir='ltr' id='par_1_70' title="bbox 2087 1135 3686 1241">
     <span class='ocr_line' id='line_1_71' title="bbox 2087 1135 3686 1241; baseline 0.028 -59"><span class='ocrx_word' id='word_1_532' title='bbox 2087 1144 2207 1184; x_wconf 90' lang='lat' dir='ltr'><strong>cum</strong></span> <span class='ocrx_word' id='word_1_533' title='bbox 2242 1135 2489 1196; x_wconf 90' lang='lat' dir='ltr'><strong>dabimus</strong></span> <span class='ocrx_word' id='word_1_534' title='bbox 2536 1160 2563 1197; x_wconf 89' lang='lat' dir='ltr'><strong>a</strong></span> <span class='ocrx_word' id='word_1_535' title='bbox 2604 1144 2837 1205; x_wconf 84' lang='lat' dir='ltr'><strong>Kustero</strong></span> <span class='ocrx_word' id='word_1_536' title='bbox 2883 1157 3238 1221; x_wconf 62' lang='lat' dir='ltr'><strong>praateritum.</strong></span> <span class='ocrx_word' id='word_1_537' title='bbox 3281 1160 3468 1234; x_wconf 85' lang='lat' dir='ltr'><strong>Igitur,</strong></span> <span class='ocrx_word' id='word_1_538' title='bbox 3513 1168 3686 1241; x_wconf 83' lang='lat' dir='ltr'><strong>inquit</strong></span> 
     </span>
    </p>
   </div>
   <div class='ocr_carea' id='block_1_71' title="bbox 2046 1225 3680 1327">
    <p class='ocr_par' dir='ltr' id='par_1_71' title="bbox 2046 1225 3680 1327">
     <span class='ocr_line' id='line_1_72' title="bbox 2046 1225 3680 1327; baseline 0.026 -49"><span class='ocrx_word' id='word_1_539' title='bbox 2046 1270 2056 1279; x_wconf 93' lang='lat'><strong>.</strong></span> <span class='ocrx_word' id='word_1_540' title='bbox 2088 1225 2452 1290; x_wconf 87' lang='lat' dir='ltr'><strong>Tertullianus</strong></span> <span class='ocrx_word' id='word_1_541' title='bbox 2478 1238 2634 1307; x_wconf 81' lang='lat' dir='ltr'><strong>(Adv.</strong></span> <span class='ocrx_word' id='word_1_542' title='bbox 2663 1242 2901 1315; x_wconf 77' lang='lat' dir='ltr'><strong>ludwos,</strong></span> <span class='ocrx_word' id='word_1_543' title='bbox 2924 1266 3041 1321; x_wconf 86' lang='lat' dir='ltr'><strong>cap.</strong></span> <span class='ocrx_word' id='word_1_544' title='bbox 3070 1253 3136 1308; x_wconf 80' lang='grc'><strong>15</strong></span> <span class='ocrx_word' id='word_1_545' title='bbox 3156 1254 3179 1323; x_wconf 86' lang='grc'><strong>)</strong></span> <span class='ocrx_word' id='word_1_546' title='bbox 3202 1296 3217 1320; x_wconf 86' lang='grc'>,</span> <span class='ocrx_word' id='word_1_547' title='bbox 3247 1225 3488 1327; x_wconf 59' lang='lat' dir='ltr'><strong>quintium</strong></span> <span class='ocrx_word' id='word_1_548' title='bbox 3509 1225 3680 1321; x_wconf 74' lang='lat' dir='ltr'><strong>adliuc</strong></span> 
     </span>
    </p>
   </div>
   <div class='ocr_carea' id='block_1_72' title="bbox 2085 1328 3684 1427">
    <p class='ocr_par' dir='ltr' id='par_1_72' title="bbox 2085 1328 3684 1427">
     <span class='ocr_line' id='line_1_73' title="bbox 2085 1328 3684 1427; baseline 0.026 -55"><span class='ocrx_word' id='word_1_549' title='bbox 2085 1328 2400 1380; x_wconf 86' lang='lat' dir='ltr'><strong>contendunt</strong></span> <span class='ocrx_word' id='word_1_550' title='bbox 2429 1330 2605 1387; x_wconf 64' lang='lat' dir='ltr'><strong>Judaei</strong></span> <span class='ocrx_word' id='word_1_551' title='bbox 2656 1338 2882 1393; x_wconf 74' lang='lat' dir='ltr'><strong>nondum</strong></span> <span class='ocrx_word' id='word_1_552' title='bbox 2928 1344 3122 1399; x_wconf 84' lang='lat' dir='ltr'><strong>venisse</strong></span> <span class='ocrx_word' id='word_1_553' title='bbox 3166 1347 3425 1405; x_wconf 84' lang='lat' dir='ltr'><strong>Christum</strong></span> <span class='ocrx_word' id='word_1_554' title='bbox 3464 1372 3638 1411; x_wconf 87' lang='lat' dir='ltr'><strong>eorum</strong></span> <span class='ocrx_word' id='word_1_555' title='bbox 3666 1402 3684 1427; x_wconf 66' lang='grc' dir='ltr'><strong><em>ο</em></strong></span> 
     </span>
    </p>
   </div>
   <div class='ocr_carea' id='block_1_73' title="bbox 2063 1425 3684 1519">
    <p class='ocr_par' dir='ltr' id='par_1_73' title="bbox 2063 1425 3684 1519">
     <span class='ocr_line' id='line_1_74' title="bbox 2063 1425 3684 1519; baseline 0.026 -55"><span class='ocrx_word' id='word_1_556' title='bbox 2063 1431 2232 1492; x_wconf 44' lang='lat' dir='ltr'><strong>.qucm</strong></span> <span class='ocrx_word' id='word_1_557' title='bbox 2281 1428 2353 1473; x_wconf 91' lang='lat' dir='ltr'><strong>tot</strong></span> <span class='ocrx_word' id='word_1_558' title='bbox 2396 1425 2561 1480; x_wconf 88' lang='lat' dir='ltr'><strong>modis</strong></span> <span class='ocrx_word' id='word_1_559' title='bbox 2614 1430 3011 1501; x_wconf 81' lang='lat' dir='ltr'><strong>adprobavimus</strong></span> <span class='ocrx_word' id='word_1_560' title='bbox 3055 1442 3270 1509; x_wconf 74' lang='lat' dir='ltr'><strong>venisse,</strong></span> <span class='ocrx_word' id='word_1_561' title='bbox 3318 1460 3684 1519; x_wconf 81' lang='lat' dir='ltr'><strong>recognoscant</strong></span> 
     </span>
    </p>
   </div>
   <div class='ocr_carea' id='block_1_74' title="bbox 2082 1504 3680 1598">
    <p class='ocr_par' dir='ltr' id='par_1_74' title="bbox 2082 1504 3680 1598">
     <span class='ocr_line' id='line_1_75' title="bbox 2082 1504 3680 1598; baseline 0.026 -41"><span class='ocrx_word' id='word_1_562' title='bbox 2082 1504 2258 1562; x_wconf 72' lang='lat' dir='ltr'><strong>Juda&#39;i</strong></span> <span class='ocrx_word' id='word_1_563' title='bbox 2285 1515 2475 1568; x_wconf 75' lang='lat' dir='ltr'><strong>exitum</strong></span> <span class='ocrx_word' id='word_1_564' title='bbox 2500 1535 2671 1587; x_wconf 85' lang='lat' dir='ltr'><strong>suum,</strong></span> <span class='ocrx_word' id='word_1_565' title='bbox 2698 1540 2845 1591; x_wconf 88' lang='lat' dir='ltr'><strong>quem</strong></span> <span class='ocrx_word' id='word_1_566' title='bbox 2866 1539 2979 1597; x_wconf 88' lang='lat' dir='ltr'><strong>post</strong></span> <span class='ocrx_word' id='word_1_567' title='bbox 3004 1531 3275 1588; x_wconf 86' lang='lat' dir='ltr'><strong>adventum</strong></span> <span class='ocrx_word' id='word_1_568' title='bbox 3303 1535 3495 1594; x_wconf 81' lang='lat' dir='ltr'><strong>Christi</strong></span> <span class='ocrx_word' id='word_1_569' title='bbox 3541 1544 3680 1598; x_wconf 85' lang='lat' dir='ltr'><strong>rela-</strong></span> 
     </span>
    </p>
   </div>
   <div class='ocr_carea' id='block_1_75' title="bbox 2086 1600 3679 1702">
    <p class='ocr_par' dir='ltr' id='par_1_75' title="bbox 2086 1600 3679 1702">
     <span class='ocr_line' id='line_1_76' title="bbox 2086 1600 3679 1702; baseline 0.027 -53"><span class='ocrx_word' id='word_1_570' title='bbox 2086 1600 2188 1651; x_wconf 88' lang='lat' dir='ltr'><strong>turi</strong></span> <span class='ocrx_word' id='word_1_571' title='bbox 2219 1606 2646 1674; x_wconf 75' lang='lat' dir='ltr'><strong>prtecinebantur,</strong></span> <span class='ocrx_word' id='word_1_572' title='bbox 2681 1613 2742 1666; x_wconf 92' lang='lat' dir='ltr'><strong>ob</strong></span> <span class='ocrx_word' id='word_1_573' title='bbox 2774 1616 3105 1689; x_wconf 83' lang='lat' dir='ltr'><strong>impietatem,</strong></span> <span class='ocrx_word' id='word_1_574' title='bbox 3135 1641 3236 1694; x_wconf 86' lang='lat' dir='ltr'><strong>qua</strong></span> <span class='ocrx_word' id='word_1_575' title='bbox 3275 1645 3389 1683; x_wconf 88' lang='lat' dir='ltr'><strong>eum</strong></span> <span class='ocrx_word' id='word_1_576' title='bbox 3433 1632 3679 1702; x_wconf 73' lang='lat' dir='ltr'><strong>despexe-</strong></span> 
     </span>
    </p>
   </div>
   <div class='ocr_carea' id='block_1_76' title="bbox 2084 1694 3681 1786">
    <p class='ocr_par' dir='ltr' id='par_1_76' title="bbox 2084 1694 3681 1786">
     <span class='ocr_line' id='line_1_77' title="bbox 2084 1694 3681 1786; baseline 0.027 -46"><span class='ocrx_word' id='word_1_577' title='bbox 2084 1700 2224 1756; x_wconf 83' lang='lat' dir='ltr'><strong>runt,</strong></span> <span class='ocrx_word' id='word_1_578' title='bbox 2257 1705 2304 1747; x_wconf 89' lang='lat' dir='ltr'><strong>et</strong></span> <span class='ocrx_word' id='word_1_579' title='bbox 2333 1694 2719 1771; x_wconf 77' lang='lat' dir='ltr'><strong>interfecerunt.</strong></span> <span class='ocrx_word' id='word_1_580' title='bbox 2777 1708 2983 1767; x_wconf 88' lang='lat' dir='ltr'><strong>Deinde</strong></span> <span class='ocrx_word' id='word_1_581' title='bbox 3015 1714 3312 1786; x_wconf 91' lang='lat' dir='ltr'><strong>interjectis</strong></span> <span class='ocrx_word' id='word_1_582' title='bbox 3338 1722 3459 1778; x_wconf 87' lang='lat' dir='ltr'><strong>aliis</strong></span> <span class='ocrx_word' id='word_1_583' title='bbox 3485 1724 3557 1781; x_wconf 87' lang='lat' dir='ltr'><strong>de</strong></span> <span class='ocrx_word' id='word_1_584' title='bbox 3585 1743 3681 1782; x_wconf 89' lang='lat' dir='ltr'><strong>vo-</strong></span> 
     </span>
    </p>
   </div>
   <div class='ocr_carea' id='block_1_77' title="bbox 2084 1783 3680 1883">
    <p class='ocr_par' dir='ltr' id='par_1_77' title="bbox 2084 1783 3680 1883">
     <span class='ocr_line' id='line_1_78' title="bbox 2084 1783 3680 1883; baseline 0.026 -50"><span class='ocrx_word' id='word_1_585' title='bbox 2084 1783 2299 1841; x_wconf 87' lang='lat' dir='ltr'><strong>catione</strong></span> <span class='ocrx_word' id='word_1_586' title='bbox 2320 1786 2592 1859; x_wconf 85' lang='lat' dir='ltr'><strong>Gentium,</strong></span> <span class='ocrx_word' id='word_1_587' title='bbox 2626 1797 2694 1852; x_wconf 93' lang='lat' dir='ltr'><strong>de</strong></span> <span class='ocrx_word' id='word_1_588' title='bbox 2715 1804 3054 1860; x_wconf 88' lang='lat' dir='ltr'><strong>cessantibus</strong></span> <span class='ocrx_word' id='word_1_589' title='bbox 3078 1783 3217 1878; x_wconf 84' lang='lat' dir='ltr'><strong>apud</strong></span> <span class='ocrx_word' id='word_1_590' title='bbox 3245 1814 3502 1883; x_wconf 86' lang='lat' dir='ltr'><strong>populum</strong></span> <span class='ocrx_word' id='word_1_591' title='bbox 3530 1818 3680 1875; x_wconf 91' lang='lat' dir='ltr'><strong>illum</strong></span> 
     </span>
    </p>
   </div>
   <div class='ocr_carea' id='block_1_78' title="bbox 2082 1877 3681 1969">
    <p class='ocr_par' dir='ltr' id='par_1_78' title="bbox 2082 1877 3681 1969">
     <span class='ocr_line' id='line_1_79' title="bbox 2082 1877 3681 1969; baseline 0.024 -40"><span class='ocrx_word' id='word_1_592' title='bbox 2082 1877 2394 1937; x_wconf 66' lang='lat' dir='ltr'><strong>caelestibus</strong></span> <span class='ocrx_word' id='word_1_593' title='bbox 2437 1885 2739 1959; x_wconf 80' lang='lat' dir='ltr'><strong>beneﬁciis,</strong></span> <span class='ocrx_word' id='word_1_594' title='bbox 2768 1910 2893 1950; x_wconf 87' lang='lat' dir='ltr'><strong>mox</strong></span> <span class='ocrx_word' id='word_1_595' title='bbox 2918 1877 3135 1956; x_wconf 13' lang='lat' dir='ltr'><strong>subditi:</strong></span> <span class='ocrx_word' id='word_1_596' title='bbox 3178 1877 3257 1958; x_wconf 76' lang='lat' dir='ltr'><strong>Et</strong></span> <span class='ocrx_word' id='word_1_597' title='bbox 3292 1877 3364 1961; x_wconf 71' lang='lat' dir='ltr'><strong>ila</strong></span> <span class='ocrx_word' id='word_1_598' title='bbox 3407 1910 3681 1969; x_wconf 84' lang='lat' dir='ltr'><strong>subtractis</strong></span> 
     </span>
    </p>
   </div>
   <div class='ocr_carea' id='block_1_79' title="bbox 2082 1971 3678 2071">
    <p class='ocr_par' dir='ltr' id='par_1_79' title="bbox 2082 1971 3678 2071">
     <span class='ocr_line' id='line_1_80' title="bbox 2082 1971 3678 2071; baseline 0.026 -50"><span class='ocrx_word' id='word_1_599' title='bbox 2082 1971 2406 2030; x_wconf 80' lang='lat' dir='ltr'><strong>charismatis</strong></span> <span class='ocrx_word' id='word_1_600' title='bbox 2436 1980 2714 2049; x_wconf 86' lang='lat' dir='ltr'><strong>prioribus,</strong></span> <span class='ocrx_word' id='word_1_601' title='bbox 2742 1985 2852 2041; x_wconf 78' lang='lat' dir='ltr'><strong>Lex</strong></span> <span class='ocrx_word' id='word_1_602' title='bbox 2872 2000 2918 2043; x_wconf 90' lang='lat' dir='ltr'><strong>et</strong></span> <span class='ocrx_word' id='word_1_603' title='bbox 2943 1991 3221 2066; x_wconf 74' lang='lat' dir='ltr'><strong>PrOphetrc</strong></span> <span class='ocrx_word' id='word_1_604' title='bbox 3242 2017 3400 2071; x_wconf 87' lang='lat' dir='ltr'><strong>usque</strong></span> <span class='ocrx_word' id='word_1_605' title='bbox 3425 2006 3493 2059; x_wconf 80' lang='lat' dir='ltr'><strong>ad</strong></span> <span class='ocrx_word' id='word_1_606' title='bbox 3511 2005 3678 2062; x_wconf 83' lang='lat' dir='ltr'><strong>Joan-</strong></span> 
     </span>
    </p>
   </div>
   <div class='ocr_carea' id='block_1_80' title="bbox 2081 2068 3677 2160">
    <p class='ocr_par' dir='ltr' id='par_1_80' title="bbox 2081 2068 3677 2160">
     <span class='ocr_line' id='line_1_81' title="bbox 2081 2068 3677 2160; baseline 0.027 -48"><span class='ocrx_word' id='word_1_607' title='bbox 2081 2076 2194 2115; x_wconf 86' lang='lat' dir='ltr'><strong>nem</strong></span> <span class='ocrx_word' id='word_1_608' title='bbox 2223 2069 2447 2135; x_wconf 79' lang='lat' dir='ltr'><strong>fuerunt.</strong></span> <span class='ocrx_word' id='word_1_609' title='bbox 2476 2068 2541 2125; x_wconf 86' lang='lat' dir='ltr'><strong>Et</strong></span> <span class='ocrx_word' id='word_1_610' title='bbox 2572 2072 2784 2131; x_wconf 84' lang='lat' dir='ltr'><strong>Piscina</strong></span> <span class='ocrx_word' id='word_1_611' title='bbox 2808 2078 3089 2138; x_wconf 72' lang='lat' dir='ltr'><strong>Bel/naida</strong></span> <span class='ocrx_word' id='word_1_612' title='bbox 3115 2105 3274 2160; x_wconf 84' lang='lat' dir='ltr'><strong>usque</strong></span> <span class='ocrx_word' id='word_1_613' title='bbox 3306 2068 3377 2146; x_wconf 80' lang='lat' dir='ltr'><strong>ad</strong></span> <span class='ocrx_word' id='word_1_614' title='bbox 3404 2096 3677 2153; x_wconf 75' lang='lat' dir='ltr'><strong>adventura</strong></span> 
     </span>
    </p>
   </div>
   <div class='ocr_carea' id='block_1_81' title="bbox 2081 2150 3677 2262">
    <p class='ocr_par' dir='ltr' id='par_1_81' title="bbox 2081 2150 3677 2262">
     <span class='ocr_line' id='line_1_82' title="bbox 2081 2150 3677 2262; baseline 0.027 -57"><span class='ocrx_word' id='word_1_615' title='bbox 2081 2150 2273 2208; x_wconf 80' lang='lat' dir='ltr'><strong>Christi</strong></span> <span class='ocrx_word' id='word_1_616' title='bbox 2302 2162 2533 2218; x_wconf 86' lang='lat' dir='ltr'><strong>curando</strong></span> <span class='ocrx_word' id='word_1_617' title='bbox 2562 2165 2930 2227; x_wconf 77' lang='lat' dir='ltr'><strong>invaletudines</strong></span> <span class='ocrx_word' id='word_1_618' title='bbox 2958 2175 3020 2229; x_wconf 87' lang='lat' dir='ltr'><strong>ab</strong></span> <span class='ocrx_word' id='word_1_619' title='bbox 3047 2150 3217 2236; x_wconf 75' lang='lat' dir='ltr'><strong>Israel</strong></span> <span class='ocrx_word' id='word_1_620' title='bbox 3255 2184 3384 2239; x_wconf 87' lang='lat' dir='ltr'><strong>desit</strong></span> <span class='ocrx_word' id='word_1_621' title='bbox 3411 2205 3443 2241; x_wconf 90' lang='lat' dir='ltr'><strong>a</strong></span> <span class='ocrx_word' id='word_1_622' title='bbox 3486 2189 3677 2262; x_wconf 76' lang='lat' dir='ltr'><strong>bene/i-</strong></span> 
     </span>
    </p>
   </div>
   <div class='ocr_carea' id='block_1_82' title="bbox 2078 2248 3683 2342">
    <p class='ocr_par' dir='ltr' id='par_1_82' title="bbox 2078 2248 3683 2342">
     <span class='ocr_line' id='line_1_83' title="bbox 2078 2248 3683 2342; baseline 0.027 -44"><span class='ocrx_word' id='word_1_623' title='bbox 2078 2248 2195 2313; x_wconf 88' lang='lat' dir='ltr'><strong>ciis,</strong></span> <span class='ocrx_word' id='word_1_624' title='bbox 2242 2269 2359 2305; x_wconf 88' lang='lat' dir='ltr'><strong>cum</strong></span> <span class='ocrx_word' id='word_1_625' title='bbox 2388 2272 2450 2309; x_wconf 79' lang='lat' dir='ltr'><strong>ex</strong></span> <span class='ocrx_word' id='word_1_626' title='bbox 2476 2268 2856 2328; x_wconf 85' lang='lat' dir='ltr'><strong>perseverantia</strong></span> <span class='ocrx_word' id='word_1_627' title='bbox 2879 2272 3074 2338; x_wconf 80' lang='lat' dir='ltr'><strong>furoris</strong></span> <span class='ocrx_word' id='word_1_628' title='bbox 3117 2277 3199 2330; x_wconf 89' lang='lat' dir='ltr'><strong>sui</strong></span> <span class='ocrx_word' id='word_1_629' title='bbox 3248 2296 3435 2337; x_wconf 86' lang='lat' dir='ltr'><strong>nomen</strong></span> <span class='ocrx_word' id='word_1_630' title='bbox 3474 2283 3683 2342; x_wconf 81' lang='lat' dir='ltr'><strong>Domini</strong></span> 
     </span>
    </p>
   </div>
   <div class='ocr_carea' id='block_1_83' title="bbox 2078 2337 3680 2436">
    <p class='ocr_par' dir='ltr' id='par_1_83' title="bbox 2078 2337 3680 2436">
     <span class='ocr_line' id='line_1_84' title="bbox 2078 2337 3680 2436; baseline 0.029 -46"><span class='ocrx_word' id='word_1_631' title='bbox 2078 2337 2540 2412; x_wconf 82' lang='lat' dir='ltr'><strong>blasphemaretur.</strong></span> <span class='ocrx_word' id='word_1_632' title='bbox 2589 2354 2711 2424; x_wconf 87' lang='lat' dir='ltr'><strong>Au,</strong></span> <span class='ocrx_word' id='word_1_633' title='bbox 2741 2366 2799 2413; x_wconf 91' lang='lat' dir='ltr'><strong>ut</strong></span> <span class='ocrx_word' id='word_1_634' title='bbox 2823 2359 3101 2433; x_wconf 83' lang='lat' dir='ltr'><strong>diximus,</strong></span> <span class='ocrx_word' id='word_1_635' title='bbox 3135 2369 3324 2428; x_wconf 86' lang='lat' dir='ltr'><strong>lectori</strong></span> <span class='ocrx_word' id='word_1_636' title='bbox 3366 2375 3506 2432; x_wconf 91' lang='lat' dir='ltr'><strong>haud</strong></span> <span class='ocrx_word' id='word_1_637' title='bbox 3546 2384 3680 2436; x_wconf 87' lang='lat' dir='ltr'><strong>satis</strong></span> 
     </span>
    </p>
   </div>
   <div class='ocr_carea' id='block_1_84' title="bbox 2077 2440 3673 2530">
    <p class='ocr_par' dir='ltr' id='par_1_84' title="bbox 2077 2440 3673 2530">
     <span class='ocr_line' id='line_1_85' title="bbox 2077 2440 3673 2530; baseline 0.028 -45"><span class='ocrx_word' id='word_1_638' title='bbox 2077 2440 2305 2505; x_wconf 91' lang='lat' dir='ltr'><strong>attento,</strong></span> <span class='ocrx_word' id='word_1_639' title='bbox 2330 2443 2545 2508; x_wconf 89' lang='lat' dir='ltr'><strong>qualem</strong></span> <span class='ocrx_word' id='word_1_640' title='bbox 2575 2458 2723 2504; x_wconf 82' lang='lat' dir='ltr'><strong>certe</strong></span> <span class='ocrx_word' id='word_1_641' title='bbox 2752 2451 2883 2508; x_wconf 81' lang='lat' dir='ltr'><strong>Afer</strong></span> <span class='ocrx_word' id='word_1_642' title='bbox 2913 2457 3016 2512; x_wconf 88' lang='lat' dir='ltr'><strong>iste</strong></span> <span class='ocrx_word' id='word_1_643' title='bbox 3036 2458 3329 2530; x_wconf 85' lang='lat' dir='ltr'><strong>desiderat,</strong></span> <span class='ocrx_word' id='word_1_644' title='bbox 3377 2468 3556 2526; x_wconf 81' lang='lat' dir='ltr'><strong>fucum</strong></span> <span class='ocrx_word' id='word_1_645' title='bbox 3591 2474 3673 2528; x_wconf 89' lang='lat' dir='ltr'><strong>l&#39;a-</strong></span> 
     </span>
    </p>
   </div>
   <div class='ocr_carea' id='block_1_85' title="bbox 2076 2535 3679 2622">
    <p class='ocr_par' dir='ltr' id='par_1_85' title="bbox 2076 2535 3679 2622">
     <span class='ocr_line' id='line_1_86' title="bbox 2076 2535 3679 2622; baseline 0.028 -45"><span class='ocrx_word' id='word_1_646' title='bbox 2076 2537 2202 2580; x_wconf 91' lang='lat' dir='ltr'><strong>cere</strong></span> <span class='ocrx_word' id='word_1_647' title='bbox 2233 2535 2508 2597; x_wconf 88' lang='lat' dir='ltr'><strong>potuerint</strong></span> <span class='ocrx_word' id='word_1_648' title='bbox 2537 2539 2695 2595; x_wconf 87' lang='lat' dir='ltr'><strong>verba</strong></span> <span class='ocrx_word' id='word_1_649' title='bbox 2736 2542 2827 2596; x_wconf 88' lang='lat' dir='ltr'><strong>illa</strong></span> <span class='ocrx_word' id='word_1_650' title='bbox 2856 2559 3015 2615; x_wconf 79' lang='lat' dir='ltr'><strong>usque</strong></span> <span class='ocrx_word' id='word_1_651' title='bbox 3044 2551 3116 2603; x_wconf 89' lang='lat' dir='ltr'><strong>ad</strong></span> <span class='ocrx_word' id='word_1_652' title='bbox 3143 2553 3417 2611; x_wconf 86' lang='lat' dir='ltr'><strong>adventum</strong></span> <span class='ocrx_word' id='word_1_653' title='bbox 3443 2561 3637 2619; x_wconf 76' lang='lat' dir='ltr'><strong>Christi</strong></span> <span class='ocrx_word' id='word_1_654' title='bbox 3659 2582 3679 2622; x_wconf 91' lang='lat'><strong><em>:</em></strong></span> 
     </span>
    </p>
   </div>
   <div class='ocr_carea' id='block_1_86' title="bbox 2075 2620 3676 2720">
    <p class='ocr_par' dir='ltr' id='par_1_86' title="bbox 2075 2620 3676 2720">
     <span class='ocr_line' id='line_1_87' title="bbox 2075 2620 3676 2720; baseline 0.029 -52"><span class='ocrx_word' id='word_1_655' title='bbox 2075 2620 2228 2685; x_wconf 88' lang='lat' dir='ltr'><strong>quasi</strong></span> <span class='ocrx_word' id='word_1_656' title='bbox 2261 2636 2370 2675; x_wconf 91' lang='lat' dir='ltr'><strong>non</strong></span> <span class='ocrx_word' id='word_1_657' title='bbox 2407 2626 2547 2680; x_wconf 90' lang='lat' dir='ltr'><strong>ultra</strong></span> <span class='ocrx_word' id='word_1_658' title='bbox 2592 2630 2911 2691; x_wconf 89' lang='lat' dir='ltr'><strong>miraculum</strong></span> <span class='ocrx_word' id='word_1_659' title='bbox 2944 2637 3074 2695; x_wconf 90' lang='lat' dir='ltr'><strong>illud</strong></span> <span class='ocrx_word' id='word_1_660' title='bbox 3122 2652 3471 2720; x_wconf 88' lang='lat' dir='ltr'><strong>processerit,</strong></span> <span class='ocrx_word' id='word_1_661' title='bbox 3520 2656 3676 2714; x_wconf 79' lang='lat' dir='ltr'><strong>sicuti</strong></span> 
     </span>
    </p>
   </div>
   <div class='ocr_carea' id='block_1_87' title="bbox 2075 2712 3673 2813">
    <p class='ocr_par' dir='ltr' id='par_1_87' title="bbox 2075 2712 3673 2813">
     <span class='ocr_line' id='line_1_88' title="bbox 2075 2712 3673 2813; baseline 0.028 -52"><span class='ocrx_word' id='word_1_662' title='bbox 2075 2724 2181 2763; x_wconf 93' lang='lat' dir='ltr'><strong>non</strong></span> <span class='ocrx_word' id='word_1_663' title='bbox 2210 2712 2347 2769; x_wconf 89' lang='lat' dir='ltr'><strong>ultra</strong></span> <span class='ocrx_word' id='word_1_664' title='bbox 2373 2715 2596 2776; x_wconf 85' lang='lat' dir='ltr'><strong>Joannis</strong></span> <span class='ocrx_word' id='word_1_665' title='bbox 2626 2723 2913 2784; x_wconf 80' lang='lat' dir='ltr'><strong>adventum</strong></span> <span class='ocrx_word' id='word_1_666' title='bbox 2954 2712 3234 2805; x_wconf 69' lang='lat' dir='ltr'><strong>propheta-</strong></span> <span class='ocrx_word' id='word_1_667' title='bbox 3283 2744 3425 2813; x_wconf 90' lang='lat' dir='ltr'><strong>apnd</strong></span> <span class='ocrx_word' id='word_1_668' title='bbox 3456 2712 3673 2807; x_wconf 73' lang='lat' dir='ltr'><strong>Judmus</strong></span> 
     </span>
    </p>
   </div>
   <div class='ocr_carea' id='block_1_88' title="bbox 2073 2803 3674 2898">
    <p class='ocr_par' dir='ltr' id='par_1_88' title="bbox 2073 2803 3674 2898">
     <span class='ocr_line' id='line_1_89' title="bbox 2073 2803 3674 2898; baseline 0.028 -44"><span class='ocrx_word' id='word_1_669' title='bbox 2073 2803 2355 2874; x_wconf 77' lang='lat' dir='ltr'><strong>exstitere,</strong></span> <span class='ocrx_word' id='word_1_670' title='bbox 2405 2825 2504 2866; x_wconf 91' lang='lat' dir='ltr'><strong>ceu</strong></span> <span class='ocrx_word' id='word_1_671' title='bbox 2551 2830 2740 2885; x_wconf 91' lang='lat' dir='ltr'><strong>puram</strong></span> <span class='ocrx_word' id='word_1_672' title='bbox 2778 2823 3147 2893; x_wconf 85' lang='lat' dir='ltr'><strong>conjecturam</strong></span> <span class='ocrx_word' id='word_1_673' title='bbox 3188 2832 3240 2888; x_wconf 92' lang='lat' dir='ltr'><strong>in</strong></span> <span class='ocrx_word' id='word_1_674' title='bbox 3280 2837 3464 2894; x_wconf 91' lang='lat' dir='ltr'><strong>medio</strong></span> <span class='ocrx_word' id='word_1_675' title='bbox 3505 2843 3674 2898; x_wconf 82' lang='lat' dir='ltr'><strong>relin-</strong></span> 
     </span>
    </p>
   </div>
   <div class='ocr_carea' id='block_1_89' title="bbox 2078 2907 2319 2964">
    <p class='ocr_par' dir='ltr' id='par_1_89' title="bbox 2078 2907 2319 2964">
     <span class='ocr_line' id='line_1_90' title="bbox 2078 2907 2319 2964; baseline 0.025 -18"><span class='ocrx_word' id='word_1_676' title='bbox 2078 2907 2319 2964; x_wconf 88' lang='lat' dir='ltr'><strong>qunnus.</strong></span> 
     </span>
    </p>
   </div>
   <div class='ocr_carea' id='block_1_90' title="bbox 2145 2984 3672 3084">
    <p class='ocr_par' dir='ltr' id='par_1_90' title="bbox 2145 2984 3672 3084">
     <span class='ocr_line' id='line_1_91' title="bbox 2145 2984 3672 3084; baseline 0.029 -45"><span class='ocrx_word' id='word_1_677' title='bbox 2145 2984 2344 3045; x_wconf 84' lang='lat' dir='ltr'><strong>Verum</strong></span> <span class='ocrx_word' id='word_1_678' title='bbox 2366 3001 2421 3046; x_wconf 87' lang='lat' dir='ltr'><strong>et</strong></span> <span class='ocrx_word' id='word_1_679' title='bbox 2449 2993 2606 3061; x_wconf 87' lang='lat' dir='ltr'><strong>hanc,</strong></span> <span class='ocrx_word' id='word_1_680' title='bbox 2631 3008 2685 3054; x_wconf 91' lang='lat' dir='ltr'><strong>et</strong></span> <span class='ocrx_word' id='word_1_681' title='bbox 2707 3016 2934 3063; x_wconf 71' lang='lat' dir='ltr'><strong>caeteras</strong></span> <span class='ocrx_word' id='word_1_682' title='bbox 2962 3023 3179 3081; x_wconf 84' lang='lat' dir='ltr'><strong>omnes,</strong></span> <span class='ocrx_word' id='word_1_683' title='bbox 3207 3025 3261 3071; x_wconf 91' lang='lat' dir='ltr'><strong>et</strong></span> <span class='ocrx_word' id='word_1_684' title='bbox 3283 3017 3504 3079; x_wconf 89' lang='lat' dir='ltr'><strong>dubium</strong></span> <span class='ocrx_word' id='word_1_685' title='bbox 3541 3026 3672 3084; x_wconf 90' lang='lat' dir='ltr'><strong>illud</strong></span> 
     </span>
    </p>
   </div>
   <div class='ocr_carea' id='block_1_91' title="bbox 2072 3073 3674 3192">
    <p class='ocr_par' dir='ltr' id='par_1_91' title="bbox 2072 3073 3674 3192">
     <span class='ocr_line' id='line_1_92' title="bbox 2072 3073 3674 3192; baseline 0.021 -57"><span class='ocrx_word' id='word_1_686' title='bbox 2072 3073 2287 3134; x_wconf 82' lang='lat' dir='ltr'><strong>Kusteri</strong></span> <span class='ocrx_word' id='word_1_687' title='bbox 2316 3097 2384 3136; x_wconf 85' lang='lat' dir='ltr'><strong>an</strong></span> <span class='ocrx_word' id='word_1_688' title='bbox 2415 3083 2638 3143; x_wconf 81' lang='lat' dir='ltr'><strong>historia</strong></span> <span class='ocrx_word' id='word_1_689' title='bbox 2667 3091 2735 3147; x_wconf 89' lang='lat' dir='ltr'><strong>de</strong></span> <span class='ocrx_word' id='word_1_690' title='bbox 2763 3095 3038 3157; x_wconf 77' lang='lat' dir='ltr'><strong>l’robatica</strong></span> <span class='ocrx_word' id='word_1_691' title='bbox 3068 3104 3122 3159; x_wconf 91' lang='lat' dir='ltr'><strong>in</strong></span> <span class='ocrx_word' id='word_1_692' title='bbox 3162 3106 3391 3169; x_wconf 84' lang='lat' dir='ltr'><strong>Joannis</strong></span> <span class='ocrx_word' id='word_1_693' title='bbox 3426 3116 3674 3192; x_wconf 84' lang='lat' dir='ltr'><strong>Evange.</strong></span> 
     </span>
     <span class='ocr_line' id='line_1_93' title="bbox 2073 3166 2804 3192; baseline 0 0"><span class='ocrx_word' id='word_1_694' title='bbox 2073 3166 2203 3192; x_wconf 70' lang='grc' dir='ltr'><strong>12η-..</strong></span> <span class='ocrx_word' id='word_1_695' title='bbox 2238 3171 2401 3192; x_wconf 44' lang='grc' dir='ltr'><strong>ἔμιμμ</strong></span> <span class='ocrx_word' id='word_1_696' title='bbox 2492 3176 2514 3192; x_wconf 71' lang='grc' dir='ltr'><strong><em>ι</em></strong></span> <span class='ocrx_word' id='word_1_697' title='bbox 2612 3181 2623 3192; x_wconf 80' lang='grc' dir='ltr'><strong>ο</strong></span> <span class='ocrx_word' id='word_1_698' title='bbox 2716 3184 2728 3192; x_wconf 93' lang='grc'>.</span> <span class='ocrx_word' id='word_1_699' title='bbox 2782 3187 2804 3192; x_wconf 82' lang='lat'>_</span> 
     </span>
    </p>
   </div>
   <div class='ocr_carea' id='block_1_92' title="bbox 2072 3166 3673 3284">
    <p class='ocr_par' dir='ltr' id='par_1_92' title="bbox 2072 3166 3673 3284">
     <span class='ocr_line' id='line_1_94' title="bbox 2072 3166 3673 3284; baseline 0.034 -65"><span class='ocrx_word' id='word_1_700' title='bbox 2072 3166 2207 3223; x_wconf 88' lang='lat' dir='ltr'><strong>lium</strong></span> <span class='ocrx_word' id='word_1_701' title='bbox 2238 3171 2445 3231; x_wconf 88' lang='lat' dir='ltr'><strong>intrusa</strong></span> <span class='ocrx_word' id='word_1_702' title='bbox 2488 3176 2671 3247; x_wconf 78' lang='lat' dir='ltr'><strong>fuerit,</strong></span> <span class='ocrx_word' id='word_1_703' title='bbox 2714 3184 2991 3248; x_wconf 84' lang='lat' dir='ltr'><strong>inﬁrmant</strong></span> <span class='ocrx_word' id='word_1_704' title='bbox 3028 3200 3250 3257; x_wconf 91' lang='lat' dir='ltr'><strong>omnino</strong></span> <span class='ocrx_word' id='word_1_705' title='bbox 3280 3216 3336 3261; x_wconf 91' lang='lat' dir='ltr'><strong>et</strong></span> <span class='ocrx_word' id='word_1_706' title='bbox 3365 3224 3487 3279; x_wconf 79' lang='lat' dir='ltr'><strong>qua:</strong></span> <span class='ocrx_word' id='word_1_707' title='bbox 3533 3166 3673 3284; x_wconf 38' lang='lat' dir='ltr'><strong>prtia:-</strong></span> 
     </span>
     <span class='ocr_line' id='line_1_95' title="bbox 2075 3262 2785 3284; baseline 0.034 0"><span class='ocrx_word' id='word_1_708' title='bbox 2075 3262 2264 3284; x_wconf 61' lang='grc' dir='ltr'><strong>--Δ---.ι</strong></span> <span class='ocrx_word' id='word_1_709' title='bbox 2299 3281 2356 3284; x_wconf 57' lang='grc' dir='ltr'><strong>--λ</strong></span> <span class='ocrx_word' id='word_1_710' title='bbox 2412 3280 2450 3284; x_wconf 38' lang='grc' dir='ltr'><strong>γ-</strong></span> <span class='ocrx_word' id='word_1_711' title='bbox 2582 3274 2592 3284; x_wconf 83' lang='grc'><strong><em>⁸</em></strong></span> <span class='ocrx_word' id='word_1_712' title='bbox 2771 3278 2785 3284; x_wconf 68' lang='grc'>“</span> 
     </span>
    </p>
   </div>
   <div class='ocr_carea' id='block_1_93' title="bbox 2071 3262 3676 3373">
    <p class='ocr_par' dir='ltr' id='par_1_93' title="bbox 2071 3262 3676 3373">
     <span class='ocr_line' id='line_1_96' title="bbox 2071 3262 3676 3373; baseline 0.032 -59"><span class='ocrx_word' id='word_1_713' title='bbox 2071 3262 2269 3319; x_wconf 90' lang='lat' dir='ltr'><strong>cedunt</strong></span> <span class='ocrx_word' id='word_1_714' title='bbox 2299 3280 2548 3326; x_wconf 87' lang='lat' dir='ltr'><strong>vexatum</strong></span> <span class='ocrx_word' id='word_1_715' title='bbox 2580 3274 2722 3332; x_wconf 91' lang='lat' dir='ltr'><strong>hunc</strong></span> <span class='ocrx_word' id='word_1_716' title='bbox 2771 3278 2972 3353; x_wconf 89' lang='lat' dir='ltr'><strong>locum,</strong></span> <span class='ocrx_word' id='word_1_717' title='bbox 3021 3299 3077 3344; x_wconf 86' lang='lat' dir='ltr'><strong>et</strong></span> <span class='ocrx_word' id='word_1_718' title='bbox 3106 3308 3228 3362; x_wconf 65' lang='lat' dir='ltr'><strong>quae</strong></span> <span class='ocrx_word' id='word_1_719' title='bbox 3259 3262 3580 3373; x_wconf 51' lang='lat' dir='ltr'><strong>sequuntui,</strong></span> <span class='ocrx_word' id='word_1_720' title='bbox 3617 3319 3676 3365; x_wconf 91' lang='lat' dir='ltr'><strong>ut</strong></span> 
     </span>
    </p>
   </div>
   <div class='ocr_carea' id='block_1_94' title="bbox 2071 3354 3690 3464">
    <p class='ocr_par' dir='ltr' id='par_1_94' title="bbox 2071 3354 3690 3464">
     <span class='ocr_line' id='line_1_97' title="bbox 2071 3354 3690 3464; baseline 0.033 -56"><span class='ocrx_word' id='word_1_721' title='bbox 2071 3354 2334 3427; x_wconf 84' lang='lat' dir='ltr'><strong>diximus;</strong></span> <span class='ocrx_word' id='word_1_722' title='bbox 2362 3377 2482 3432; x_wconf 70' lang='lat' dir='ltr'><strong>qua:</strong></span> <span class='ocrx_word' id='word_1_723' title='bbox 2514 3367 2755 3435; x_wconf 81' lang='lat' dir='ltr'><strong>profecto</strong></span> <span class='ocrx_word' id='word_1_724' title='bbox 2791 3379 2994 3446; x_wconf 89' lang='lat' dir='ltr'><strong>omnia,</strong></span> <span class='ocrx_word' id='word_1_725' title='bbox 3024 3382 3069 3438; x_wconf 91' lang='lat' dir='ltr'><strong>si</strong></span> <span class='ocrx_word' id='word_1_726' title='bbox 3097 3386 3180 3441; x_wconf 90' lang='lat' dir='ltr'><strong>cui</strong></span> <span class='ocrx_word' id='word_1_727' title='bbox 3203 3354 3515 3464; x_wconf 73' lang='lat' dir='ltr'><strong>suspectum</strong></span> <span class='ocrx_word' id='word_1_728' title='bbox 3548 3396 3690 3460; x_wconf 44' lang='lat' dir='ltr'><strong>erat&#39;</strong></span> 
     </span>
    </p>
   </div>
   <div class='ocr_carea' id='block_1_95' title="bbox 2072 3448 3208 3541">
    <p class='ocr_par' dir='ltr' id='par_1_95' title="bbox 2072 3448 3208 3541">
     <span class='ocr_line' id='line_1_98' title="bbox 2072 3448 3208 3541; baseline 0.031 -41"><span class='ocrx_word' id='word_1_729' title='bbox 2072 3448 2392 3508; x_wconf 88' lang='lat' dir='ltr'><strong>miraculum</strong></span> <span class='ocrx_word' id='word_1_730' title='bbox 2426 3456 2578 3523; x_wconf 90' lang='lat' dir='ltr'><strong>illud,</strong></span> <span class='ocrx_word' id='word_1_731' title='bbox 2607 3461 2872 3523; x_wconf 77' lang='lat' dir='ltr'><strong>delevisse</strong></span> <span class='ocrx_word' id='word_1_732' title='bbox 2901 3476 3208 3541; x_wconf 88' lang='lat' dir='ltr'><strong>oportebat.</strong></span> 
     </span>
    </p>
   </div>
   <div class='ocr_carea' id='block_1_96' title="bbox 2142 3541 3666 3650">
    <p class='ocr_par' dir='ltr' id='par_1_96' title="bbox 2142 3541 3666 3650">
     <span class='ocr_line' id='line_1_99' title="bbox 2142 3541 3666 3650; baseline 0.033 -54"><span class='ocrx_word' id='word_1_733' title='bbox 2142 3541 2286 3598; x_wconf 86' lang='lat' dir='ltr'><strong>Nihil</strong></span> <span class='ocrx_word' id='word_1_734' title='bbox 2316 3547 2496 3619; x_wconf 91' lang='lat' dir='ltr'><strong>itaque</strong></span> <span class='ocrx_word' id='word_1_735' title='bbox 2521 3555 2724 3611; x_wconf 90' lang='lat' dir='ltr'><strong>certius</strong></span> <span class='ocrx_word' id='word_1_736' title='bbox 2750 3574 2908 3629; x_wconf 90' lang='lat' dir='ltr'><strong>quam</strong></span> <span class='ocrx_word' id='word_1_737' title='bbox 2934 3577 3025 3620; x_wconf 91' lang='lat' dir='ltr'><strong>aut</strong></span> <span class='ocrx_word' id='word_1_738' title='bbox 3045 3569 3275 3640; x_wconf 82' lang='lat' dir='ltr'><strong>aliquem</strong></span> <span class='ocrx_word' id='word_1_739' title='bbox 3302 3617 3317 3644; x_wconf 88' lang='lat'><strong>,</strong></span> <span class='ocrx_word' id='word_1_740' title='bbox 3348 3583 3439 3650; x_wconf 93' lang='lat' dir='ltr'><strong>qui</strong></span> <span class='ocrx_word' id='word_1_741' title='bbox 3469 3584 3572 3643; x_wconf 88' lang='lat' dir='ltr'><strong>sibi</strong></span> <span class='ocrx_word' id='word_1_742' title='bbox 3598 3602 3666 3646; x_wconf 77' lang='lat' dir='ltr'><strong>ex</strong></span> 
     </span>
    </p>
   </div>
   <div class='ocr_carea' id='block_1_97' title="bbox 2070 3632 3667 3752">
    <p class='ocr_par' dir='ltr' id='par_1_97' title="bbox 2070 3632 3667 3752">
     <span class='ocr_line' id='line_1_100' title="bbox 2070 3632 3667 3752; baseline 0.033 -65"><span class='ocrx_word' id='word_1_743' title='bbox 2070 3632 2406 3706; x_wconf 82' lang='lat' dir='ltr'><strong>Antigrapho</strong></span> <span class='ocrx_word' id='word_1_744' title='bbox 2461 3647 2739 3715; x_wconf 81' lang='lat' dir='ltr'><strong>exemplar</strong></span> <span class='ocrx_word' id='word_1_745' title='bbox 2782 3651 3155 3729; x_wconf 89' lang='lat' dir='ltr'><strong>describeret,</strong></span> <span class='ocrx_word' id='word_1_746' title='bbox 3223 3632 3317 3723; x_wconf 71' lang='lat' dir='ltr'><strong>aui</strong></span> <span class='ocrx_word' id='word_1_747' title='bbox 3356 3632 3624 3737; x_wconf 70' lang='lat' dir='ltr'><strong>lectorem</strong></span> <span class='ocrx_word' id='word_1_748' title='bbox 3650 3726 3667 3752; x_wconf 95' lang='lat'><strong>,</strong></span> 
     </span>
    </p>
   </div>
   <div class='ocr_carea' id='block_1_98' title="bbox 2069 3726 3669 3833">
    <p class='ocr_par' dir='ltr' id='par_1_98' title="bbox 2069 3726 3669 3833">
     <span class='ocr_line' id='line_1_101' title="bbox 2069 3726 3669 3833; baseline 0.034 -54"><span class='ocrx_word' id='word_1_749' title='bbox 2069 3726 2432 3797; x_wconf 88' lang='lat' dir='ltr'><strong>scripturariis</strong></span> <span class='ocrx_word' id='word_1_750' title='bbox 2471 3737 2651 3803; x_wconf 85' lang='lat' dir='ltr'><strong>operis</strong></span> <span class='ocrx_word' id='word_1_751' title='bbox 2678 3754 3011 3809; x_wconf 65' lang='lat' dir='ltr'><strong>praeeuntem</strong></span> <span class='ocrx_word' id='word_1_752' title='bbox 3041 3767 3070 3805; x_wconf 90' lang='lat' dir='ltr'><strong>a</strong></span> <span class='ocrx_word' id='word_1_753' title='bbox 3110 3759 3272 3815; x_wconf 90' lang='lat' dir='ltr'><strong>tertio</strong></span> <span class='ocrx_word' id='word_1_754' title='bbox 3298 3777 3565 3829; x_wconf 90' lang='lat' dir='ltr'><strong>commate</strong></span> <span class='ocrx_word' id='word_1_755' title='bbox 3602 3726 3669 3833; x_wconf 75' lang='lat' dir='ltr'><strong>ad</strong></span> 
     </span>
    </p>
   </div>
   <div class='ocr_carea' id='block_1_99' title="bbox 2070 3820 3669 3936">
    <p class='ocr_par' dir='ltr' id='par_1_99' title="bbox 2070 3820 3669 3936">
     <span class='ocr_line' id='line_1_102' title="bbox 2070 3820 3669 3936; baseline 0.034 -66"><span class='ocrx_word' id='word_1_756' title='bbox 2070 3820 2313 3888; x_wconf 90' lang='lat' dir='ltr'><strong>quintum</strong></span> <span class='ocrx_word' id='word_1_757' title='bbox 2360 3822 2670 3885; x_wconf 83' lang='lat' dir='ltr'><strong>fallentibus</strong></span> <span class='ocrx_word' id='word_1_758' title='bbox 2709 3836 2883 3894; x_wconf 92' lang='lat' dir='ltr'><strong>oculis</strong></span> <span class='ocrx_word' id='word_1_759' title='bbox 2908 3880 2923 3905; x_wconf 92' lang='lat'><strong>,</strong></span> <span class='ocrx_word' id='word_1_760' title='bbox 2953 3850 3010 3896; x_wconf 89' lang='lat' dir='ltr'><strong>et</strong></span> <span class='ocrx_word' id='word_1_761' title='bbox 3047 3844 3125 3902; x_wconf 89' lang='lat' dir='ltr'><strong>sic</strong></span> <span class='ocrx_word' id='word_1_762' title='bbox 3156 3820 3669 3936; x_wconf 37' lang='lat' dir='ltr'><strong>praeteritur—inani;</strong></span> 
     </span>
     <span class='ocr_line' id='line_1_103' title="bbox 2071 3912 2554 3936; baseline 0.027 -6"><span class='ocrx_word' id='word_1_763' title='bbox 2071 3912 2382 3936; x_wconf 57' lang='grc' dir='ltr'><strong>.--ηειεεω</strong></span> <span class='ocrx_word' id='word_1_764' title='bbox 2464 3933 2510 3936; x_wconf 56' lang='grc' dir='ltr'>η</span> <span class='ocrx_word' id='word_1_765' title='bbox 2540 3920 2554 3936; x_wconf 79' lang='grc' dir='ltr'>ι</span> 
     </span>
    </p>
   </div>
   <div class='ocr_carea' id='block_1_100' title="bbox 2071 3912 3667 4027">
    <p class='ocr_par' dir='ltr' id='par_1_100' title="bbox 2071 3912 3667 4027">
     <span class='ocr_line' id='line_1_104' title="bbox 2071 3912 3667 4027; baseline 0.035 -63"><span class='ocrx_word' id='word_1_766' title='bbox 2071 3912 2419 3984; x_wconf 90' lang='lat' dir='ltr'><strong>transiliisse,</strong></span> <span class='ocrx_word' id='word_1_767' title='bbox 2454 3920 2645 3977; x_wconf 91' lang='lat' dir='ltr'><strong>eodem</strong></span> <span class='ocrx_word' id='word_1_768' title='bbox 2676 3936 2859 3994; x_wconf 88' lang='lat' dir='ltr'><strong>postea</strong></span> <span class='ocrx_word' id='word_1_769' title='bbox 2888 3946 3074 3994; x_wconf 86' lang='lat' dir='ltr'><strong>errore</strong></span> <span class='ocrx_word' id='word_1_770' title='bbox 3116 3942 3167 3997; x_wconf 93' lang='lat' dir='ltr'><strong>in</strong></span> <span class='ocrx_word' id='word_1_771' title='bbox 3204 3947 3308 4003; x_wconf 88' lang='lat' dir='ltr'><strong>alia</strong></span> <span class='ocrx_word' id='word_1_772' title='bbox 3328 3993 3344 4019; x_wconf 96' lang='lat'><strong>,</strong></span> <span class='ocrx_word' id='word_1_773' title='bbox 3376 3912 3538 4027; x_wconf 71' lang='lat' dir='ltr'><strong>atque</strong></span> <span class='ocrx_word' id='word_1_774' title='bbox 3564 3963 3667 4022; x_wconf 89' lang='lat' dir='ltr'><strong>alia</strong></span> 
     </span>
    </p>
   </div>
   <div class='ocr_carea' id='block_1_101' title="bbox 1982 4008 3667 4112">
    <p class='ocr_par' dir='ltr' id='par_1_101' title="bbox 1982 4008 3667 4112">
     <span class='ocr_line' id='line_1_105' title="bbox 1982 4008 3667 4112; baseline 0.036 -60"><span class='ocrx_word' id='word_1_775' title='bbox 1982 4062 1987 4066; x_wconf 28' lang='grc' dir='ltr'><em>τ</em></span> <span class='ocrx_word' id='word_1_776' title='bbox 2069 4008 2378 4079; x_wconf 89' lang='lat' dir='ltr'><strong>apographa</strong></span> <span class='ocrx_word' id='word_1_777' title='bbox 2404 4020 2734 4073; x_wconf 88' lang='lat' dir='ltr'><strong>transeunte.</strong></span> <span class='ocrx_word' id='word_1_778' title='bbox 2767 4020 2878 4078; x_wconf 88' lang='lat' dir='ltr'><strong>Hac</strong></span> <span class='ocrx_word' id='word_1_779' title='bbox 2909 4025 3021 4097; x_wconf 88' lang='lat' dir='ltr'><strong>ipsa</strong></span> <span class='ocrx_word' id='word_1_780' title='bbox 3052 4031 3121 4088; x_wconf 91' lang='lat' dir='ltr'><strong>de</strong></span> <span class='ocrx_word' id='word_1_781' title='bbox 3141 4050 3301 4095; x_wconf 90' lang='lat' dir='ltr'><strong>causa</strong></span> <span class='ocrx_word' id='word_1_782' title='bbox 3330 4008 3533 4106; x_wconf 78' lang='lat' dir='ltr'><strong>nottilis</strong></span> <span class='ocrx_word' id='word_1_783' title='bbox 3560 4008 3667 4112; x_wconf 67' lang='lat' dir='ltr'><strong>eri:</strong></span> 
     </span>
    </p>
   </div>
   <div class='ocr_carea' id='block_1_102' title="bbox 2070 4098 3666 4220">
    <p class='ocr_par' dir='ltr' id='par_1_102' title="bbox 2070 4098 3666 4220">
     <span class='ocr_line' id='line_1_106' title="bbox 2070 4098 3666 4220; baseline 0.032 -71"><span class='ocrx_word' id='word_1_784' title='bbox 2070 4098 2221 4163; x_wconf 89' lang='lat' dir='ltr'><strong>ticis,</strong></span> <span class='ocrx_word' id='word_1_785' title='bbox 2256 4109 2348 4154; x_wconf 90' lang='lat' dir='ltr'><strong>aut</strong></span> <span class='ocrx_word' id='word_1_786' title='bbox 2372 4107 2647 4163; x_wconf 90' lang='lat' dir='ltr'><strong>asteriscis</strong></span> <span class='ocrx_word' id='word_1_787' title='bbox 2684 4111 2735 4166; x_wconf 92' lang='lat' dir='ltr'><strong>in</strong></span> <span class='ocrx_word' id='word_1_788' title='bbox 2778 4116 3097 4183; x_wconf 89' lang='lat' dir='ltr'><strong>quibusdam</strong></span> <span class='ocrx_word' id='word_1_789' title='bbox 3134 4134 3533 4205; x_wconf 80' lang='lat' dir='ltr'><strong>exemplaribus</strong></span> <span class='ocrx_word' id='word_1_790' title='bbox 3557 4148 3666 4220; x_wconf 81' lang='lat' dir='ltr'><strong>sig-</strong></span> 
     </span>
     <span class='ocr_line' id='line_1_107' title="bbox 2071 4194 3082 4220; baseline 0 0"><span class='ocrx_word' id='word_1_791' title='bbox 2071 4200 2188 4220; x_wconf 72' lang='lat' dir='ltr'><strong>nnln</strong></span> <span class='ocrx_word' id='word_1_792' title='bbox 2218 4194 2466 4220; x_wconf 54' lang='lat' dir='ltr'><strong>nrt-2....--</strong></span> <span class='ocrx_word' id='word_1_793' title='bbox 2498 4199 2576 4220; x_wconf 66' lang='grc' dir='ltr'><strong>ιη-</strong></span> <span class='ocrx_word' id='word_1_794' title='bbox 2617 4219 2625 4220; x_wconf 57' lang='lat'><strong><em>,</em></strong></span> <span class='ocrx_word' id='word_1_795' title='bbox 2664 4202 2675 4220; x_wconf 62' lang='grc' dir='ltr'><strong>ψ</strong></span> <span class='ocrx_word' id='word_1_796' title='bbox 2777 4207 2827 4220; x_wconf 76' lang='grc' dir='ltr'><strong>ν.</strong></span> <span class='ocrx_word' id='word_1_797' title='bbox 3069 4217 3082 4220; x_wconf 76' lang='lat'><strong>-</strong></span> 
     </span>
    </p>
   </div>
   <div class='ocr_carea' id='block_1_103' title="bbox 2070 4194 3660 4299">
    <p class='ocr_par' dir='ltr' id='par_1_103' title="bbox 2070 4194 3660 4299">
     <span class='ocr_line' id='line_1_108' title="bbox 2070 4194 3660 4299; baseline 0.035 -57"><span class='ocrx_word' id='word_1_798' title='bbox 2070 4200 2189 4244; x_wconf 87' lang='lat' dir='ltr'><strong>nata</strong></span> <span class='ocrx_word' id='word_1_799' title='bbox 2218 4194 2469 4266; x_wconf 89' lang='lat' dir='ltr'><strong>pericope</strong></span> <span class='ocrx_word' id='word_1_800' title='bbox 2498 4199 2584 4254; x_wconf 91' lang='lat' dir='ltr'><strong>illa</strong></span> <span class='ocrx_word' id='word_1_801' title='bbox 2612 4219 2627 4256; x_wconf 89' lang='lat'><strong>:</strong></span> <span class='ocrx_word' id='word_1_802' title='bbox 2661 4202 2713 4258; x_wconf 90' lang='lat' dir='ltr'><strong>in</strong></span> <span class='ocrx_word' id='word_1_803' title='bbox 2740 4207 2860 4262; x_wconf 91' lang='lat' dir='ltr'><strong>aliis</strong></span> <span class='ocrx_word' id='word_1_804' title='bbox 2898 4224 2990 4268; x_wconf 94' lang='lat' dir='ltr'><strong>aut</strong></span> <span class='ocrx_word' id='word_1_805' title='bbox 3016 4217 3084 4273; x_wconf 91' lang='lat' dir='ltr'><strong>ad</strong></span> <span class='ocrx_word' id='word_1_806' title='bbox 3112 4235 3263 4279; x_wconf 90' lang='lat' dir='ltr'><strong>oram</strong></span> <span class='ocrx_word' id='word_1_807' title='bbox 3330 4241 3423 4287; x_wconf 91' lang='lat' dir='ltr'><strong>aut</strong></span> <span class='ocrx_word' id='word_1_808' title='bbox 3449 4194 3660 4299; x_wconf 51' lang='lat' dir='ltr'><strong>sutniiia</strong></span> 
     </span>
    </p>
   </div>
   <div class='ocr_carea' id='block_1_104' title="bbox 2054 5312 3650 5431">
    <p class='ocr_par' dir='ltr' id='par_1_104' title="bbox 2054 5312 3650 5431">
     <span class='ocr_line' id='line_1_109' title="bbox 2054 5312 3650 5431; baseline 0.034 -78"><span class='ocrx_word' id='word_1_809' title='bbox 2054 5316 2220 5373; x_wconf 86' lang='lat' dir='ltr'><strong>aquas</strong></span> <span class='ocrx_word' id='word_1_810' title='bbox 2245 5312 2622 5431; x_wconf 50' lang='lat' dir='ltr'><strong>transfundere</strong></span> <span class='ocrx_word' id='word_1_811' title='bbox 2675 5333 2904 5383; x_wconf 87' lang='lat' dir='ltr'><strong>conatus</strong></span> <span class='ocrx_word' id='word_1_812' title='bbox 2958 5343 3058 5394; x_wconf 89' lang='lat' dir='ltr'><strong>est.</strong></span> <span class='ocrx_word' id='word_1_813' title='bbox 3108 5339 3224 5399; x_wconf 86' lang='lat' dir='ltr'><strong>Non</strong></span> <span class='ocrx_word' id='word_1_814' title='bbox 3262 5312 3650 5431; x_wconf 32' lang='lat' dir='ltr'><strong>angelovprop.’</strong></span> 
     </span>
     <span class='ocr_line' id='line_1_110' title="bbox 2056 5401 3062 5431; baseline 0 0"><span class='ocrx_word' id='word_1_815' title='bbox 2056 5403 2199 5431; x_wconf 65' lang='lat' dir='ltr'><strong>lanna</strong></span> <span class='ocrx_word' id='word_1_816' title='bbox 2298 5401 2462 5431; x_wconf 64' lang='lat' dir='ltr'><strong>nm:..:</strong></span> <span class='ocrx_word' id='word_1_817' title='bbox 2525 5408 2619 5431; x_wconf 61' lang='grc' dir='ltr'><strong>,υηι</strong></span> <span class='ocrx_word' id='word_1_818' title='bbox 2678 5429 2743 5431; x_wconf 53' lang='lat'><strong>,,,</strong></span> <span class='ocrx_word' id='word_1_819' title='bbox 2796 5418 2829 5431; x_wconf 74' lang='grc' dir='ltr'><strong>,ι</strong></span> <span class='ocrx_word' id='word_1_820' title='bbox 3053 5429 3062 5431; x_wconf 76' lang='grc'><em>,</em></span> 
     </span>
    </p>
   </div>
   <div class='ocr_carea' id='block_1_105' title="bbox 2056 5398 3651 5512">
    <p class='ocr_par' dir='ltr' id='par_1_105' title="bbox 2056 5398 3651 5512">
     <span class='ocr_line' id='line_1_111' title="bbox 2056 5398 3651 5512; baseline 0.041 -67"><span class='ocrx_word' id='word_1_821' title='bbox 2056 5403 2200 5449; x_wconf 86' lang='lat' dir='ltr'><strong>terea</strong></span> <span class='ocrx_word' id='word_1_822' title='bbox 2254 5398 2485 5471; x_wconf 90' lang='lat' dir='ltr'><strong>Domini,</strong></span> <span class='ocrx_word' id='word_1_823' title='bbox 2524 5408 2621 5464; x_wconf 87' lang='lat' dir='ltr'><strong>sed</strong></span> <span class='ocrx_word' id='word_1_824' title='bbox 2677 5418 2869 5474; x_wconf 93' lang='lat' dir='ltr'><strong>nuntio</strong></span> <span class='ocrx_word' id='word_1_825' title='bbox 2921 5429 3155 5495; x_wconf 87' lang='lat' dir='ltr'><strong>quodam</strong></span> <span class='ocrx_word' id='word_1_826' title='bbox 3201 5451 3230 5492; x_wconf 85' lang='lat' dir='ltr'><strong>a</strong></span> <span class='ocrx_word' id='word_1_827' title='bbox 3276 5398 3651 5512; x_wconf 45' lang='lat' dir='ltr'><strong>sugerddtibiis</strong></span> 
     </span>
    </p>
   </div>
   <div class='ocr_carea' id='block_1_106' title="bbox 2056 5489 3651 5614">
    <p class='ocr_par' dir='ltr' id='par_1_106' title="bbox 2056 5489 3651 5614">
     <span class='ocr_line' id='line_1_112' title="bbox 2939 5489 3651 5512; baseline 0.045 -17"><span class='ocrx_word' id='word_1_828' title='bbox 2939 5489 2951 5495; x_wconf 83' lang='lat'><strong>-</strong></span> <span class='ocrx_word' id='word_1_829' title='bbox 3206 5489 3230 5492; x_wconf 78' lang='lat'>&quot;</span> <span class='ocrx_word' id='word_1_830' title='bbox 3277 5489 3651 5512; x_wconf 65' lang='grc' dir='ltr'><strong>““””“’”“ν”υ“δ</strong></span> 
     </span>
     <span class='ocr_line' id='line_1_113' title="bbox 2056 5489 3651 5614; baseline 0.042 -75"><span class='ocrx_word' id='word_1_831' title='bbox 2056 5489 2221 5545; x_wconf 88' lang='lat' dir='ltr'><strong>misso</strong></span> <span class='ocrx_word' id='word_1_832' title='bbox 2259 5509 2349 5550; x_wconf 86' lang='lat' dir='ltr'><strong>eas</strong></span> <span class='ocrx_word' id='word_1_833' title='bbox 2375 5512 2787 5566; x_wconf 86' lang='lat' dir='ltr'><strong>commovente:</strong></span> <span class='ocrx_word' id='word_1_834' title='bbox 2820 5525 2872 5570; x_wconf 90' lang='lat' dir='ltr'><strong>ut</strong></span> <span class='ocrx_word' id='word_1_835' title='bbox 2906 5522 3111 5580; x_wconf 89' lang='lat' dir='ltr'><strong>medica</strong></span> <span class='ocrx_word' id='word_1_836' title='bbox 3140 5528 3226 5584; x_wconf 90' lang='lat' dir='ltr'><strong>illa</strong></span> <span class='ocrx_word' id='word_1_837' title='bbox 3270 5534 3349 5589; x_wconf 89' lang='lat' dir='ltr'><strong>vis</strong></span> <span class='ocrx_word' id='word_1_838' title='bbox 3374 5548 3651 5614; x_wconf 84' lang='lat' dir='ltr'><strong>sanguinis</strong></span> 
     </span>
    </p>
   </div>
   <div class='ocr_carea' id='block_1_107' title="bbox 2053 5597 3649 5699">
    <p class='ocr_par' dir='ltr' id='par_1_107' title="bbox 2053 5597 3649 5699">
     <span class='ocr_line' id='line_1_114' title="bbox 2053 5597 3649 5699; baseline 0.041 -67"><span class='ocrx_word' id='word_1_839' title='bbox 2053 5597 2483 5655; x_wconf 87' lang='lat' dir='ltr'><strong>quaquaversum</strong></span> <span class='ocrx_word' id='word_1_840' title='bbox 2532 5602 3012 5679; x_wconf 88' lang='lat' dir='ltr'><strong>commisceretur,</strong></span> <span class='ocrx_word' id='word_1_841' title='bbox 3055 5632 3174 5687; x_wconf 77' lang='lat' dir='ltr'><strong>qua:</strong></span> <span class='ocrx_word' id='word_1_842' title='bbox 3221 5621 3307 5680; x_wconf 85' lang='lat' dir='ltr'><strong>hic</strong></span> <span class='ocrx_word' id='word_1_843' title='bbox 3351 5630 3421 5688; x_wconf 92' lang='lat' dir='ltr'><strong>de</strong></span> <span class='ocrx_word' id='word_1_844' title='bbox 3461 5597 3649 5699; x_wconf 51' lang='lat' dir='ltr'><strong>nuntio</strong></span> 
     </span>
    </p>
   </div>
   <div class='ocr_carea' id='block_1_108' title="bbox 2051 5680 3647 5791">
    <p class='ocr_par' dir='ltr' id='par_1_108' title="bbox 2051 5680 3647 5791">
     <span class='ocr_line' id='line_1_115' title="bbox 2051 5680 3647 5791; baseline 0.041 -64"><span class='ocrx_word' id='word_1_845' title='bbox 2051 5680 2510 5753; x_wconf 88' lang='lat' dir='ltr'><strong>comminiscitur,</strong></span> <span class='ocrx_word' id='word_1_846' title='bbox 2538 5704 2568 5744; x_wconf 91' lang='lat' dir='ltr'><strong>a</strong></span> <span class='ocrx_word' id='word_1_847' title='bbox 2598 5692 2785 5752; x_wconf 88' lang='lat' dir='ltr'><strong>Grotio</strong></span> <span class='ocrx_word' id='word_1_848' title='bbox 2808 5711 2891 5755; x_wconf 91' lang='lat' dir='ltr'><strong>est</strong></span> <span class='ocrx_word' id='word_1_849' title='bbox 2922 5714 3223 5782; x_wconf 89' lang='lat' dir='ltr'><strong>mutuatus;</strong></span> <span class='ocrx_word' id='word_1_850' title='bbox 3261 5717 3403 5779; x_wconf 89' lang='lat' dir='ltr'><strong>lntnc</strong></span> <span class='ocrx_word' id='word_1_851' title='bbox 3432 5729 3551 5787; x_wconf 87' lang='lat' dir='ltr'><strong>vide</strong></span> <span class='ocrx_word' id='word_1_852' title='bbox 3579 5680 3647 5791; x_wconf 80' lang='lat' dir='ltr'><strong>ad</strong></span> 
     </span>
    </p>
   </div>
   <div class='ocr_carea' id='block_1_109' title="bbox 2047 5768 3647 5892">
    <p class='ocr_par' dir='ltr' id='par_1_109' title="bbox 2047 5768 3647 5892">
     <span class='ocr_line' id='line_1_116' title="bbox 2047 5768 3647 5892; baseline 0.038 -69"><span class='ocrx_word' id='word_1_853' title='bbox 2047 5768 2271 5828; x_wconf 88' lang='lat' dir='ltr'><strong>citatum</strong></span> <span class='ocrx_word' id='word_1_854' title='bbox 2297 5773 2521 5837; x_wconf 88' lang='lat' dir='ltr'><strong>Joannis</strong></span> <span class='ocrx_word' id='word_1_855' title='bbox 2553 5781 2753 5843; x_wconf 90' lang='lat' dir='ltr'><strong>locum.</strong></span> <span class='ocrx_word' id='word_1_856' title='bbox 2785 5789 3047 5871; x_wconf 84' lang='lat' dir='ltr'><strong>Quodque</strong></span> <span class='ocrx_word' id='word_1_857' title='bbox 3072 5768 3233 5865; x_wconf 77' lang='lat' dir='ltr'><strong>(idem</strong></span> <span class='ocrx_word' id='word_1_858' title='bbox 3261 5768 3647 5892; x_wconf 33' lang='lat' dir='ltr'><strong>Elii-{5:32:33</strong></span> 
     </span>
    </p>
   </div>
   <div class='ocr_carea' id='block_1_110' title="bbox 3608 5950 3663 5999">
    <p class='ocr_par' dir='ltr' id='par_1_110' title="bbox 3608 5950 3663 5999">
     <span class='ocr_line' id='line_1_117' title="bbox 3608 5950 3663 5999; baseline 0.018 -49"><span class='ocrx_word' id='word_1_859' title='bbox 3608 5950 3663 5999; x_wconf 25' lang='grc' dir='ltr'><strong>[ί</strong></span> 
     </span>
    </p>
   </div>
  </div>
