  <div class='ocr_page' id='page_1' title='image "/cluster/home/n/w/nwhite01/storage/ocr_20150623/12/hvd.32044096580410/023.png"; bbox 0 0 4054 6198; ppageno 0'>
   <div class='ocr_carea' id='block_1_1' title="bbox 397 235 3712 324">
    <p class='ocr_par' dir='ltr' id='par_1_1' title="bbox 397 235 3712 324">
     <span class='ocr_line' id='line_1_1' title="bbox 397 235 3712 324; baseline 0.014 -46"><span class='ocrx_word' id='word_1_1' title='bbox 397 240 468 299; x_wconf 66' lang='lat'><strong>35</strong></span> <span class='ocrx_word' id='word_1_2' title='bbox 1757 242 2311 303; x_wconf 72' lang='lat' dir='ltr'><strong>PROLEGOMENA.</strong></span> <span class='ocrx_word' id='word_1_3' title='bbox 3637 235 3712 324; x_wconf 72' lang='lat' dir='ltr'><strong>se</strong></span> 
     </span>
    </p>
   </div>
   <div class='ocr_carea' id='block_1_2' title="bbox 403 355 3712 444">
    <p class='ocr_par' dir='ltr' id='par_1_2' title="bbox 403 355 3712 444">
     <span class='ocr_line' id='line_1_2' title="bbox 403 355 3712 444; baseline 0.006 -32"><span class='ocrx_word' id='word_1_4' title='bbox 403 360 681 414; x_wconf 71' lang='lat' dir='ltr'><strong>dumtaxat</strong></span> <span class='ocrx_word' id='word_1_5' title='bbox 703 360 1018 428; x_wconf 82' lang='lat' dir='ltr'><strong>quotannis,</strong></span> <span class='ocrx_word' id='word_1_6' title='bbox 1048 374 1078 414; x_wconf 91' lang='lat' dir='ltr'><strong>e</strong></span> <span class='ocrx_word' id='word_1_7' title='bbox 1108 368 1183 414; x_wconf 91' lang='lat' dir='ltr'><strong>tot</strong></span> <span class='ocrx_word' id='word_1_8' title='bbox 1205 361 1360 428; x_wconf 73' lang='lat' dir='ltr'><strong>agi-is</strong></span> <span class='ocrx_word' id='word_1_9' title='bbox 1390 355 1478 426; x_wconf 79' lang='lat' dir='ltr'><strong>qui</strong></span> <span class='ocrx_word' id='word_1_10' title='bbox 1513 358 1641 412; x_wconf 89' lang='lat' dir='ltr'><strong>inibi</strong></span> <span class='ocrx_word' id='word_1_11' title='bbox 1677 359 1994 413; x_wconf 73' lang='lat' dir='ltr'><strong>beneﬁcium</strong></span> <span class='ocrx_word' id='word_1_12' title='bbox 2022 361 2070 419; x_wconf 78' lang='grc' dir='ltr'><strong>Α</strong></span> <span class='ocrx_word' id='word_1_13' title='bbox 2103 375 2172 422; x_wconf 90' lang='grc' dir='ltr'><strong>ιι,</strong></span> <span class='ocrx_word' id='word_1_14' title='bbox 2211 359 2238 431; x_wconf 82' lang='lat'>§</span> <span class='ocrx_word' id='word_1_15' title='bbox 2276 361 2374 414; x_wconf 71' lang='lat'><strong>1:27</strong></span> <span class='ocrx_word' id='word_1_16' title='bbox 2413 361 2604 433; x_wconf 78' lang='lat' dir='ltr'><strong>(affert</strong></span> <span class='ocrx_word' id='word_1_17' title='bbox 2646 364 2732 420; x_wconf 89' lang='lat' dir='ltr'><strong>hic</strong></span> <span class='ocrx_word' id='word_1_18' title='bbox 2770 364 2960 423; x_wconf 80' lang='lat' dir='ltr'><strong>Graeca</strong></span> <span class='ocrx_word' id='word_1_19' title='bbox 2987 363 3192 425; x_wconf 81' lang='lat' dir='ltr'><strong>Laerti’i</strong></span> <span class='ocrx_word' id='word_1_20' title='bbox 3218 394 3234 438; x_wconf 59' lang='grc' dir='ltr'><strong>τ,</strong></span> <span class='ocrx_word' id='word_1_21' title='bbox 3263 386 3384 444; x_wconf 74' lang='lat' dir='ltr'><strong>qua:</strong></span> <span class='ocrx_word' id='word_1_22' title='bbox 3426 367 3712 435; x_wconf 68' lang='lat' dir='ltr'><strong>brevitatis</strong></span> 
     </span>
    </p>
   </div>
   <div class='ocr_carea' id='block_1_3' title="bbox 397 451 1995 522">
    <p class='ocr_par' dir='ltr' id='par_1_3' title="bbox 397 451 1995 522">
     <span class='ocr_line' id='line_1_3' title="bbox 397 451 1995 522; baseline 0.001 -16"><span class='ocrx_word' id='word_1_23' title='bbox 397 451 536 522; x_wconf 83' lang='lat' dir='ltr'><strong>illud</strong></span> <span class='ocrx_word' id='word_1_24' title='bbox 569 451 1049 520; x_wconf 67' lang='lat' dir='ltr'><strong>prjxslolabantur,</strong></span> <span class='ocrx_word' id='word_1_25' title='bbox 1079 451 1131 505; x_wconf 91' lang='lat' dir='ltr'><strong>in</strong></span> <span class='ocrx_word' id='word_1_26' title='bbox 1161 453 1396 506; x_wconf 88' lang='lat' dir='ltr'><strong>salutare</strong></span> <span class='ocrx_word' id='word_1_27' title='bbox 1425 451 1698 506; x_wconf 78' lang='lat' dir='ltr'><strong>lavacrum</strong></span> <span class='ocrx_word' id='word_1_28' title='bbox 1728 452 1995 508; x_wconf 84' lang='lat' dir='ltr'><strong>introeun-</strong></span> 
     </span>
    </p>
   </div>
   <div class='ocr_carea' id='block_1_4' title="bbox 402 543 1997 614">
    <p class='ocr_par' dir='ltr' id='par_1_4' title="bbox 402 543 1997 614">
     <span class='ocr_line' id='line_1_4' title="bbox 402 543 1997 614; baseline 0.001 -18"><span class='ocrx_word' id='word_1_29' title='bbox 402 554 475 599; x_wconf 91' lang='lat' dir='ltr'><strong>te.</strong></span> <span class='ocrx_word' id='word_1_30' title='bbox 508 544 670 611; x_wconf 83' lang='lat' dir='ltr'><strong>Quasi</strong></span> <span class='ocrx_word' id='word_1_31' title='bbox 699 553 793 599; x_wconf 89' lang='lat' dir='ltr'><strong>aut</strong></span> <span class='ocrx_word' id='word_1_32' title='bbox 821 560 925 600; x_wconf 91' lang='lat' dir='ltr'><strong>non</strong></span> <span class='ocrx_word' id='word_1_33' title='bbox 965 543 1254 600; x_wconf 90' lang='lat' dir='ltr'><strong>interesset</strong></span> <span class='ocrx_word' id='word_1_34' title='bbox 1281 545 1495 599; x_wconf 64' lang='lat' dir='ltr'><strong>caneris</strong></span> <span class='ocrx_word' id='word_1_35' title='bbox 1523 543 1685 598; x_wconf 90' lang='lat' dir='ltr'><strong>etiam</strong></span> <span class='ocrx_word' id='word_1_36' title='bbox 1722 544 1997 614; x_wconf 87' lang='lat' dir='ltr'><strong>prospice-</strong></span> 
     </span>
    </p>
   </div>
   <div class='ocr_carea' id='block_1_5' title="bbox 397 617 1993 696">
    <p class='ocr_par' dir='ltr' id='par_1_5' title="bbox 397 617 1993 696">
     <span class='ocr_line' id='line_1_5' title="bbox 397 617 1993 696; baseline -0.003 -2"><span class='ocrx_word' id='word_1_37' title='bbox 397 652 460 694; x_wconf 84' lang='lat' dir='ltr'><strong>re</strong></span> <span class='ocrx_word' id='word_1_38' title='bbox 489 655 502 690; x_wconf 91' lang='lat'><strong>:</strong></span> <span class='ocrx_word' id='word_1_39' title='bbox 535 645 628 691; x_wconf 89' lang='lat' dir='ltr'><strong>aut</strong></span> <span class='ocrx_word' id='word_1_40' title='bbox 655 617 864 692; x_wconf 83' lang='lat' dir='ltr'><strong>medica</strong></span> <span class='ocrx_word' id='word_1_41' title='bbox 896 636 973 692; x_wconf 86' lang='lat' dir='ltr'><strong>vis</strong></span> <span class='ocrx_word' id='word_1_42' title='bbox 995 637 1086 696; x_wconf 84' lang='lat' dir='ltr'><strong>uni</strong></span> <span class='ocrx_word' id='word_1_43' title='bbox 1117 645 1324 692; x_wconf 86' lang='lat' dir='ltr'><strong>tantum</strong></span> <span class='ocrx_word' id='word_1_44' title='bbox 1349 637 1484 692; x_wconf 88' lang='lat' dir='ltr'><strong>satis</strong></span> <span class='ocrx_word' id='word_1_45' title='bbox 1511 646 1656 692; x_wconf 91' lang='lat' dir='ltr'><strong>esset</strong></span> <span class='ocrx_word' id='word_1_46' title='bbox 1682 636 1881 691; x_wconf 82' lang='lat' dir='ltr'><strong>futura.</strong></span> <span class='ocrx_word' id='word_1_47' title='bbox 1912 636 1993 690; x_wconf 85' lang='lat' dir='ltr'><strong>Ad</strong></span> 
     </span>
    </p>
   </div>
   <div class='ocr_carea' id='block_1_6' title="bbox 397 729 1999 800">
    <p class='ocr_par' dir='ltr' id='par_1_6' title="bbox 397 729 1999 800">
     <span class='ocr_line' id='line_1_6' title="bbox 397 729 1999 800; baseline -0.002 -14"><span class='ocrx_word' id='word_1_48' title='bbox 397 747 586 786; x_wconf 89' lang='lat' dir='ltr'><strong>omnes</strong></span> <span class='ocrx_word' id='word_1_49' title='bbox 615 740 877 800; x_wconf 66' lang='lat' dir='ltr'><strong>praeterea</strong></span> <span class='ocrx_word' id='word_1_50' title='bbox 907 731 1126 788; x_wconf 82' lang='lat' dir='ltr'><strong>morbos</strong></span> <span class='ocrx_word' id='word_1_51' title='bbox 1161 732 1302 786; x_wconf 80' lang='lat' dir='ltr'><strong>facto</strong></span> <span class='ocrx_word' id='word_1_52' title='bbox 1341 729 1583 786; x_wconf 88' lang='lat' dir='ltr'><strong>remedio</strong></span> <span class='ocrx_word' id='word_1_53' title='bbox 1610 730 1744 784; x_wconf 88' lang='lat' dir='ltr'><strong>illo:</strong></span> <span class='ocrx_word' id='word_1_54' title='bbox 1777 729 1999 784; x_wconf 60' lang='lat' dir='ltr'><strong>claudo-</strong></span> 
     </span>
    </p>
   </div>
   <div class='ocr_carea' id='block_1_7' title="bbox 398 822 1992 895">
    <p class='ocr_par' dir='ltr' id='par_1_7' title="bbox 398 822 1992 895">
     <span class='ocr_line' id='line_1_7' title="bbox 398 822 1992 895; baseline 0.001 -17"><span class='ocrx_word' id='word_1_55' title='bbox 398 839 518 878; x_wconf 89' lang='lat' dir='ltr'><strong>rum</strong></span> <span class='ocrx_word' id='word_1_56' title='bbox 573 822 823 888; x_wconf 88' lang='lat' dir='ltr'><strong>scilicet,</strong></span> <span class='ocrx_word' id='word_1_57' title='bbox 877 823 1194 890; x_wconf 84' lang='lat' dir='ltr'><strong>aridorum,</strong></span> <span class='ocrx_word' id='word_1_58' title='bbox 1247 838 1556 891; x_wconf 71' lang='lat' dir='ltr'><strong>caecorum,</strong></span> <span class='ocrx_word' id='word_1_59' title='bbox 1615 823 1992 895; x_wconf 89' lang='lat' dir='ltr'><strong>aliorumque,</strong></span> 
     </span>
    </p>
   </div>
   <div class='ocr_carea' id='block_1_8' title="bbox 397 915 1994 987">
    <p class='ocr_par' dir='ltr' id='par_1_8' title="bbox 397 915 1994 987">
     <span class='ocr_line' id='line_1_8' title="bbox 397 915 1994 987; baseline 0.001 -17"><span class='ocrx_word' id='word_1_60' title='bbox 397 930 536 986; x_wconf 88' lang='lat' dir='ltr'><strong>quos</strong></span> <span class='ocrx_word' id='word_1_61' title='bbox 566 916 616 970; x_wconf 93' lang='lat' dir='ltr'><strong>iu</strong></span> <span class='ocrx_word' id='word_1_62' title='bbox 651 915 992 977; x_wconf 75' lang='lat' dir='ltr'><strong>inultitudine</strong></span> <span class='ocrx_word' id='word_1_63' title='bbox 1019 916 1107 974; x_wconf 90' lang='lat' dir='ltr'><strong>illa</strong></span> <span class='ocrx_word' id='word_1_64' title='bbox 1147 917 1516 987; x_wconf 83' lang='lat' dir='ltr'><strong>languentium</strong></span> <span class='ocrx_word' id='word_1_65' title='bbox 1555 917 1720 972; x_wconf 85' lang='lat' dir='ltr'><strong>fuisse</strong></span> <span class='ocrx_word' id='word_1_66' title='bbox 1761 934 1858 986; x_wconf 89' lang='lat' dir='ltr'><strong>par</strong></span> <span class='ocrx_word' id='word_1_67' title='bbox 1888 928 1994 985; x_wconf 92' lang='lat' dir='ltr'><strong>est,</strong></span> 
     </span>
    </p>
   </div>
   <div class='ocr_carea' id='block_1_9' title="bbox 397 1009 1996 1081">
    <p class='ocr_par' dir='ltr' id='par_1_9' title="bbox 397 1009 1996 1081">
     <span class='ocr_line' id='line_1_9' title="bbox 397 1009 1996 1081; baseline -0.001 -13"><span class='ocrx_word' id='word_1_68' title='bbox 397 1019 451 1068; x_wconf 90' lang='lat' dir='ltr'><strong>et</strong></span> <span class='ocrx_word' id='word_1_69' title='bbox 481 1009 623 1081; x_wconf 91' lang='lat' dir='ltr'><strong>quod</strong></span> <span class='ocrx_word' id='word_1_70' title='bbox 661 1011 903 1066; x_wconf 88' lang='lat' dir='ltr'><strong>medicos</strong></span> <span class='ocrx_word' id='word_1_71' title='bbox 948 1027 1136 1068; x_wconf 90' lang='lat' dir='ltr'><strong>omnes</strong></span> <span class='ocrx_word' id='word_1_72' title='bbox 1167 1011 1447 1080; x_wconf 83' lang='lat' dir='ltr'><strong>hucusque</strong></span> <span class='ocrx_word' id='word_1_73' title='bbox 1475 1012 1649 1068; x_wconf 83' lang='lat' dir='ltr'><strong>latuit.</strong></span> <span class='ocrx_word' id='word_1_74' title='bbox 1685 1012 1825 1080; x_wconf 84' lang='lat' dir='ltr'><strong>Quot</strong></span> <span class='ocrx_word' id='word_1_75' title='bbox 1848 1013 1996 1067; x_wconf 88' lang='lat' dir='ltr'><strong>enim</strong></span> 
     </span>
    </p>
   </div>
   <div class='ocr_carea' id='block_1_10' title="bbox 395 1103 1992 1190">
    <p class='ocr_par' dir='ltr' id='par_1_10' title="bbox 395 1103 1992 1190">
     <span class='ocr_line' id='line_1_10' title="bbox 395 1103 1992 1190; baseline 0 -32"><span class='ocrx_word' id='word_1_76' title='bbox 395 1105 524 1159; x_wconf 65' lang='lat' dir='ltr'><strong>caeci</strong></span> <span class='ocrx_word' id='word_1_77' title='bbox 550 1104 642 1178; x_wconf 85' lang='lat' dir='ltr'><strong>(ne</strong></span> <span class='ocrx_word' id='word_1_78' title='bbox 661 1103 1016 1173; x_wconf 78' lang='lat' dir='ltr'><strong>aegritudines</strong></span> <span class='ocrx_word' id='word_1_79' title='bbox 1037 1104 1170 1160; x_wconf 88' lang='lat' dir='ltr'><strong>alias</strong></span> <span class='ocrx_word' id='word_1_80' title='bbox 1191 1105 1519 1160; x_wconf 83' lang='lat' dir='ltr'><strong>inveteratas</strong></span> <span class='ocrx_word' id='word_1_81' title='bbox 1541 1119 1958 1190; x_wconf 77' lang='lat' dir='ltr'><strong>commemorem</strong></span> <span class='ocrx_word' id='word_1_82' title='bbox 1976 1145 1992 1173; x_wconf 91' lang='lat'><strong>,</strong></span> 
     </span>
    </p>
   </div>
   <div class='ocr_carea' id='block_1_11' title="bbox 398 1194 1994 1276">
    <p class='ocr_par' dir='ltr' id='par_1_11' title="bbox 398 1194 1994 1276">
     <span class='ocr_line' id='line_1_11' title="bbox 398 1194 1994 1276; baseline 0.001 -28"><span class='ocrx_word' id='word_1_83' title='bbox 398 1210 519 1265; x_wconf 62' lang='lat' dir='ltr'><strong>quae</strong></span> <span class='ocrx_word' id='word_1_84' title='bbox 544 1194 769 1251; x_wconf 90' lang='lat' dir='ltr'><strong>medicis</strong></span> <span class='ocrx_word' id='word_1_85' title='bbox 801 1196 962 1276; x_wconf 74' lang='lat' dir='ltr'><strong>etiam</strong></span> <span class='ocrx_word' id='word_1_86' title='bbox 992 1195 1322 1256; x_wconf 87' lang='lat' dir='ltr'><strong>doctissimis</strong></span> <span class='ocrx_word' id='word_1_87' title='bbox 1351 1211 1567 1254; x_wconf 86' lang='lat' dir='ltr'><strong>crucem</strong></span> <span class='ocrx_word' id='word_1_88' title='bbox 1600 1196 1766 1267; x_wconf 81' lang='lat' dir='ltr'><strong>ﬁgere</strong></span> <span class='ocrx_word' id='word_1_89' title='bbox 1797 1195 1994 1267; x_wconf 87' lang='lat' dir='ltr'><strong>solent)</strong></span> 
     </span>
    </p>
   </div>
   <div class='ocr_carea' id='block_1_12' title="bbox 399 1285 1996 1360">
    <p class='ocr_par' dir='ltr' id='par_1_12' title="bbox 399 1285 1996 1360">
     <span class='ocr_line' id='line_1_12' title="bbox 399 1285 1996 1360; baseline 0.001 -20"><span class='ocrx_word' id='word_1_90' title='bbox 399 1287 454 1342; x_wconf 92' lang='lat' dir='ltr'><strong>in</strong></span> <span class='ocrx_word' id='word_1_91' title='bbox 483 1285 816 1357; x_wconf 72' lang='lat' dir='ltr'><strong>principibus</strong></span> <span class='ocrx_word' id='word_1_92' title='bbox 853 1285 1071 1342; x_wconf 76' lang='lat' dir='ltr'><strong>familiis</strong></span> <span class='ocrx_word' id='word_1_93' title='bbox 1111 1289 1349 1358; x_wconf 86' lang='lat' dir='ltr'><strong>opulenti</strong></span> <span class='ocrx_word' id='word_1_94' title='bbox 1385 1303 1602 1360; x_wconf 80' lang='lat' dir='ltr'><strong>gregem</strong></span> <span class='ocrx_word' id='word_1_95' title='bbox 1638 1302 1802 1342; x_wconf 90' lang='lat' dir='ltr'><strong>unum</strong></span> <span class='ocrx_word' id='word_1_96' title='bbox 1830 1297 1884 1342; x_wconf 89' lang='lat' dir='ltr'><strong>et</strong></span> <span class='ocrx_word' id='word_1_97' title='bbox 1915 1287 1996 1342; x_wconf 89' lang='lat' dir='ltr'><strong>al-</strong></span> 
     </span>
    </p>
   </div>
   <div class='ocr_carea' id='block_1_13' title="bbox 400 1378 1994 1446">
    <p class='ocr_par' dir='ltr' id='par_1_13' title="bbox 400 1378 1994 1446">
     <span class='ocr_line' id='line_1_13' title="bbox 400 1378 1994 1446; baseline -0.002 -10"><span class='ocrx_word' id='word_1_98' title='bbox 400 1388 574 1436; x_wconf 91' lang='lat' dir='ltr'><strong>terum</strong></span> <span class='ocrx_word' id='word_1_99' title='bbox 613 1379 956 1439; x_wconf 89' lang='lat' dir='ltr'><strong>mactandum</strong></span> <span class='ocrx_word' id='word_1_100' title='bbox 988 1379 1296 1446; x_wconf 86' lang='lat' dir='ltr'><strong>dedissent,</strong></span> <span class='ocrx_word' id='word_1_101' title='bbox 1329 1395 1362 1436; x_wconf 93' lang='lat' dir='ltr'><strong>e</strong></span> <span class='ocrx_word' id='word_1_102' title='bbox 1406 1380 1645 1437; x_wconf 86' lang='lat' dir='ltr'><strong>tenebris</strong></span> <span class='ocrx_word' id='word_1_103' title='bbox 1680 1379 1786 1435; x_wconf 88' lang='lat' dir='ltr'><strong>illis</strong></span> <span class='ocrx_word' id='word_1_104' title='bbox 1829 1388 1886 1435; x_wconf 88' lang='lat' dir='ltr'><strong>ut</strong></span> <span class='ocrx_word' id='word_1_105' title='bbox 1926 1378 1994 1434; x_wconf 91' lang='lat' dir='ltr'><strong>ad</strong></span> 
     </span>
    </p>
   </div>
   <div class='ocr_carea' id='block_1_14' title="bbox 399 1469 1994 1543">
    <p class='ocr_par' dir='ltr' id='par_1_14' title="bbox 399 1469 1994 1543">
     <span class='ocr_line' id='line_1_14' title="bbox 399 1469 1994 1543; baseline 0 -17"><span class='ocrx_word' id='word_1_106' title='bbox 399 1472 580 1528; x_wconf 88' lang='lat' dir='ltr'><strong>lumen</strong></span> <span class='ocrx_word' id='word_1_107' title='bbox 633 1473 917 1543; x_wconf 88' lang='lat' dir='ltr'><strong>pristinum</strong></span> <span class='ocrx_word' id='word_1_108' title='bbox 969 1472 1148 1527; x_wconf 89' lang='lat' dir='ltr'><strong>redire</strong></span> <span class='ocrx_word' id='word_1_109' title='bbox 1197 1473 1464 1542; x_wconf 78' lang='lat' dir='ltr'><strong>possent?</strong></span> <span class='ocrx_word' id='word_1_110' title='bbox 1511 1471 1710 1542; x_wconf 85' lang='lat' dir='ltr'><strong>Insigni</strong></span> <span class='ocrx_word' id='word_1_111' title='bbox 1750 1469 1994 1541; x_wconf 81' lang='lat' dir='ltr'><strong>proiecto</strong></span> 
     </span>
    </p>
   </div>
   <div class='ocr_carea' id='block_1_15' title="bbox 399 1565 1994 1638">
    <p class='ocr_par' dir='ltr' id='par_1_15' title="bbox 399 1565 1994 1638">
     <span class='ocr_line' id='line_1_15' title="bbox 399 1565 1994 1638; baseline -0.001 -16"><span class='ocrx_word' id='word_1_112' title='bbox 399 1566 648 1637; x_wconf 80' lang='lat' dir='ltr'><strong>exemplo</strong></span> <span class='ocrx_word' id='word_1_113' title='bbox 670 1609 686 1632; x_wconf 91' lang='lat'><strong>,</strong></span> <span class='ocrx_word' id='word_1_114' title='bbox 717 1582 876 1636; x_wconf 90' lang='lat' dir='ltr'><strong>quam</strong></span> <span class='ocrx_word' id='word_1_115' title='bbox 917 1566 1072 1622; x_wconf 76' lang='lat' dir='ltr'><strong>facile</strong></span> <span class='ocrx_word' id='word_1_116' title='bbox 1109 1567 1504 1622; x_wconf 73' lang='lat' dir='ltr'><strong>excellentibus</strong></span> <span class='ocrx_word' id='word_1_117' title='bbox 1531 1577 1728 1622; x_wconf 67' lang='lat' dir='ltr'><strong>caetera</strong></span> <span class='ocrx_word' id='word_1_118' title='bbox 1765 1565 1994 1638; x_wconf 87' lang='lat' dir='ltr'><strong>ingeniis</strong></span> 
     </span>
    </p>
   </div>
   <div class='ocr_carea' id='block_1_16' title="bbox 399 1658 1994 1730">
    <p class='ocr_par' dir='ltr' id='par_1_16' title="bbox 399 1658 1994 1730">
     <span class='ocr_line' id='line_1_16' title="bbox 399 1658 1994 1730; baseline -0.002 -16"><span class='ocrx_word' id='word_1_119' title='bbox 399 1659 652 1718; x_wconf 84' lang='lat' dir='ltr'><strong>illecebra</strong></span> <span class='ocrx_word' id='word_1_120' title='bbox 682 1658 939 1716; x_wconf 86' lang='lat' dir='ltr'><strong>novitatis</strong></span> <span class='ocrx_word' id='word_1_121' title='bbox 967 1661 1225 1730; x_wconf 89' lang='lat' dir='ltr'><strong>imponat.</strong></span> <span class='ocrx_word' id='word_1_122' title='bbox 1257 1658 1420 1714; x_wconf 89' lang='lat' dir='ltr'><strong>Certe</strong></span> <span class='ocrx_word' id='word_1_123' title='bbox 1439 1698 1455 1724; x_wconf 93' lang='lat'><strong>,</strong></span> <span class='ocrx_word' id='word_1_124' title='bbox 1485 1658 1814 1729; x_wconf 86' lang='lat' dir='ltr'><strong>quicumque</strong></span> <span class='ocrx_word' id='word_1_125' title='bbox 1843 1671 1994 1713; x_wconf 89' lang='lat' dir='ltr'><strong>com-</strong></span> 
     </span>
    </p>
   </div>
   <div class='ocr_carea' id='block_1_17' title="bbox 2101 452 3714 544">
    <p class='ocr_par' dir='ltr' id='par_1_17' title="bbox 2101 452 3714 544">
     <span class='ocr_line' id='line_1_17' title="bbox 2101 452 3714 544; baseline 0.013 -41"><span class='ocrx_word' id='word_1_126' title='bbox 2101 452 2270 520; x_wconf 88' lang='lat' dir='ltr'><strong>gratia</strong></span> <span class='ocrx_word' id='word_1_127' title='bbox 2314 452 2707 525; x_wconf 84' lang='lat' dir='ltr'><strong>relinquimus,</strong></span> <span class='ocrx_word' id='word_1_128' title='bbox 2738 468 2794 514; x_wconf 88' lang='lat' dir='ltr'><strong>et</strong></span> <span class='ocrx_word' id='word_1_129' title='bbox 2833 459 3075 529; x_wconf 87' lang='lat' dir='ltr'><strong>ejusdem</strong></span> <span class='ocrx_word' id='word_1_130' title='bbox 3109 461 3271 518; x_wconf 84' lang='lat' dir='ltr'><strong>latina</strong></span> <span class='ocrx_word' id='word_1_131' title='bbox 3303 463 3541 539; x_wconf 88' lang='lat' dir='ltr'><strong>damus).</strong></span> <span class='ocrx_word' id='word_1_132' title='bbox 3579 461 3714 544; x_wconf 70' lang='lat' dir='ltr'><strong>Irri-</strong></span> 
     </span>
    </p>
   </div>
   <div class='ocr_carea' id='block_1_18' title="bbox 2101 544 3713 627">
    <p class='ocr_par' dir='ltr' id='par_1_18' title="bbox 2101 544 3713 627">
     <span class='ocr_line' id='line_1_18' title="bbox 2101 544 3713 627; baseline 0.012 -30"><span class='ocrx_word' id='word_1_133' title='bbox 2101 544 2250 598; x_wconf 86' lang='lat' dir='ltr'><strong>debat</strong></span> <span class='ocrx_word' id='word_1_134' title='bbox 2293 547 2425 600; x_wconf 89' lang='lat' dir='ltr'><strong>enim</strong></span> <span class='ocrx_word' id='word_1_135' title='bbox 2447 588 2461 614; x_wconf 93' lang='lat'><strong>,</strong></span> <span class='ocrx_word' id='word_1_136' title='bbox 2495 558 2540 604; x_wconf 88' lang='lat' dir='ltr'><strong>et</strong></span> <span class='ocrx_word' id='word_1_137' title='bbox 2571 550 2726 605; x_wconf 88' lang='lat' dir='ltr'><strong>libere</strong></span> <span class='ocrx_word' id='word_1_138' title='bbox 2769 552 3106 622; x_wconf 74' lang='lat' dir='ltr'><strong>loquebatur;</strong></span> <span class='ocrx_word' id='word_1_139' title='bbox 3142 572 3303 627; x_wconf 84' lang='lat' dir='ltr'><strong>quare</strong></span> <span class='ocrx_word' id='word_1_140' title='bbox 3339 561 3456 614; x_wconf 78' lang='lat' dir='ltr'><strong>cum</strong></span> <span class='ocrx_word' id='word_1_141' title='bbox 3506 559 3713 617; x_wconf 83' lang='lat' dir='ltr'><strong>adoles-</strong></span> 
     </span>
    </p>
   </div>
   <div class='ocr_carea' id='block_1_19' title="bbox 2101 641 3712 724">
    <p class='ocr_par' dir='ltr' id='par_1_19' title="bbox 2101 641 3712 724">
     <span class='ocr_line' id='line_1_19' title="bbox 2101 641 3712 724; baseline 0.014 -32"><span class='ocrx_word' id='word_1_142' title='bbox 2101 654 2220 694; x_wconf 87' lang='lat' dir='ltr'><strong>cens</strong></span> <span class='ocrx_word' id='word_1_143' title='bbox 2264 641 2506 696; x_wconf 84' lang='lat' dir='ltr'><strong>adversus</strong></span> <span class='ocrx_word' id='word_1_144' title='bbox 2546 643 2697 724; x_wconf 81' lang='lat' dir='ltr'><strong>illum</strong></span> <span class='ocrx_word' id='word_1_145' title='bbox 2743 655 2921 718; x_wconf 73' lang='lat' dir='ltr'><strong>aspere</strong></span> <span class='ocrx_word' id='word_1_146' title='bbox 2971 650 3095 715; x_wconf 89' lang='lat' dir='ltr'><strong>quid</strong></span> <span class='ocrx_word' id='word_1_147' title='bbox 3144 652 3398 721; x_wconf 79' lang='lat' dir='ltr'><strong>dixisset,</strong></span> <span class='ocrx_word' id='word_1_148' title='bbox 3441 657 3712 724; x_wconf 78' lang='lat' dir='ltr'><strong>respondit</strong></span> 
     </span>
    </p>
   </div>
   <div class='ocr_carea' id='block_1_20' title="bbox 2098 719 3712 822">
    <p class='ocr_par' dir='ltr' id='par_1_20' title="bbox 2098 719 3712 822">
     <span class='ocr_line' id='line_1_20' title="bbox 2098 719 3712 822; baseline 0.014 -39"><span class='ocrx_word' id='word_1_149' title='bbox 2098 731 2306 801; x_wconf 80' lang='lat' dir='ltr'><strong>quidem</strong></span> <span class='ocrx_word' id='word_1_150' title='bbox 2345 734 2502 802; x_wconf 88' lang='lat' dir='ltr'><strong>nihil,</strong></span> <span class='ocrx_word' id='word_1_151' title='bbox 2546 719 2637 791; x_wconf 82' lang='lat' dir='ltr'><strong>sed</strong></span> <span class='ocrx_word' id='word_1_152' title='bbox 2685 749 2892 808; x_wconf 84' lang='lat' dir='ltr'><strong>sumpta</strong></span> <span class='ocrx_word' id='word_1_153' title='bbox 2946 731 3145 811; x_wconf 79' lang='lat' dir='ltr'><strong>festuca</strong></span> <span class='ocrx_word' id='word_1_154' title='bbox 3195 719 3436 817; x_wconf 80' lang='lat' dir='ltr'><strong>pingebat</strong></span> <span class='ocrx_word' id='word_1_155' title='bbox 3487 719 3712 822; x_wconf 75' lang='lat' dir='ltr'><strong>ﬁgurant</strong></span> 
     </span>
    </p>
   </div>
   <div class='ocr_carea' id='block_1_21' title="bbox 2099 824 3714 910">
    <p class='ocr_par' dir='ltr' id='par_1_21' title="bbox 2099 824 3714 910">
     <span class='ocr_line' id='line_1_21' title="bbox 2099 824 3714 910; baseline 0.014 -34"><span class='ocrx_word' id='word_1_156' title='bbox 2099 824 2369 879; x_wconf 84' lang='lat' dir='ltr'><strong>muliebria</strong></span> <span class='ocrx_word' id='word_1_157' title='bbox 2412 830 2680 897; x_wconf 74' lang='lat' dir='ltr'><strong>patientis,</strong></span> <span class='ocrx_word' id='word_1_158' title='bbox 2727 832 2886 887; x_wconf 87' lang='lat' dir='ltr'><strong>donec</strong></span> <span class='ocrx_word' id='word_1_159' title='bbox 2915 833 3202 892; x_wconf 74' lang='lat' dir='ltr'><strong>videntibus</strong></span> <span class='ocrx_word' id='word_1_160' title='bbox 3229 839 3464 894; x_wconf 87' lang='lat' dir='ltr'><strong>omnibus</strong></span> <span class='ocrx_word' id='word_1_161' title='bbox 3508 844 3714 910; x_wconf 82' lang='lat' dir='ltr'><strong>adoles-</strong></span> 
     </span>
    </p>
   </div>
   <div class='ocr_carea' id='block_1_22' title="bbox 2097 920 3710 994">
    <p class='ocr_par' dir='ltr' id='par_1_22' title="bbox 2097 920 3710 994">
     <span class='ocr_line' id='line_1_22' title="bbox 2097 920 3710 994; baseline 0.014 -24"><span class='ocrx_word' id='word_1_162' title='bbox 2097 932 2215 973; x_wconf 88' lang='lat' dir='ltr'><strong>cens</strong></span> <span class='ocrx_word' id='word_1_163' title='bbox 2235 959 2250 984; x_wconf 94' lang='lat'><strong>,</strong></span> <span class='ocrx_word' id='word_1_164' title='bbox 2274 920 2532 976; x_wconf 84' lang='lat' dir='ltr'><strong>intellecta</strong></span> <span class='ocrx_word' id='word_1_165' title='bbox 2572 927 2913 994; x_wconf 73' lang='lat' dir='ltr'><strong>contumelia,</strong></span> <span class='ocrx_word' id='word_1_166' title='bbox 2945 926 3205 986; x_wconf 82' lang='lat' dir='ltr'><strong>abscessit.</strong></span> <span class='ocrx_word' id='word_1_167' title='bbox 3237 929 3397 987; x_wconf 86' lang='lat' dir='ltr'><strong>Tanti</strong></span> <span class='ocrx_word' id='word_1_168' title='bbox 3427 944 3543 990; x_wconf 72' lang='lat' dir='ltr'><strong>erat</strong></span> <span class='ocrx_word' id='word_1_169' title='bbox 3579 935 3710 992; x_wconf 82' lang='lat' dir='ltr'><strong>Cle-</strong></span> 
     </span>
    </p>
   </div>
   <div class='ocr_carea' id='block_1_23' title="bbox 2099 1011 3714 1097">
    <p class='ocr_par' dir='ltr' id='par_1_23' title="bbox 2099 1011 3714 1097">
     <span class='ocr_line' id='line_1_23' title="bbox 2099 1011 3714 1097; baseline 0.014 -33"><span class='ocrx_word' id='word_1_170' title='bbox 2099 1011 2214 1067; x_wconf 89' lang='lat' dir='ltr'><strong>rico</strong></span> <span class='ocrx_word' id='word_1_171' title='bbox 2270 1012 2563 1072; x_wconf 83' lang='lat' dir='ltr'><strong>frustillum</strong></span> <span class='ocrx_word' id='word_1_172' title='bbox 2601 1011 2958 1090; x_wconf 84' lang='lat' dir='ltr'><strong>eruditionis,</strong></span> <span class='ocrx_word' id='word_1_173' title='bbox 2989 1037 3090 1092; x_wconf 88' lang='lat' dir='ltr'><strong>qua</strong></span> <span class='ocrx_word' id='word_1_174' title='bbox 3135 1039 3268 1081; x_wconf 84' lang='lat' dir='ltr'><strong>sane</strong></span> <span class='ocrx_word' id='word_1_175' title='bbox 3316 1034 3372 1083; x_wconf 86' lang='lat' dir='ltr'><strong>et</strong></span> <span class='ocrx_word' id='word_1_176' title='bbox 3411 1029 3558 1084; x_wconf 81' lang='lat' dir='ltr'><strong>varia</strong></span> <span class='ocrx_word' id='word_1_177' title='bbox 3585 1071 3602 1097; x_wconf 95' lang='lat'><strong>,</strong></span> <span class='ocrx_word' id='word_1_178' title='bbox 3655 1039 3714 1087; x_wconf 84' lang='lat' dir='ltr'><strong>et</strong></span> 
     </span>
    </p>
   </div>
   <div class='ocr_carea' id='block_1_24' title="bbox 2098 1104 3712 1190">
    <p class='ocr_par' dir='ltr' id='par_1_24' title="bbox 2098 1104 3712 1190">
     <span class='ocr_line' id='line_1_24' title="bbox 2098 1104 3712 1190; baseline 0.014 -34"><span class='ocrx_word' id='word_1_179' title='bbox 2098 1104 2384 1176; x_wconf 77' lang='lat' dir='ltr'><strong>multiplici</strong></span> <span class='ocrx_word' id='word_1_180' title='bbox 2409 1150 2424 1176; x_wconf 95' lang='lat'><strong>,</strong></span> <span class='ocrx_word' id='word_1_181' title='bbox 2457 1108 2631 1166; x_wconf 89' lang='lat' dir='ltr'><strong>dicam</strong></span> <span class='ocrx_word' id='word_1_182' title='bbox 2665 1112 2860 1178; x_wconf 89' lang='lat' dir='ltr'><strong>etiam,</strong></span> <span class='ocrx_word' id='word_1_183' title='bbox 2890 1114 2942 1168; x_wconf 88' lang='lat' dir='ltr'><strong>itt</strong></span> <span class='ocrx_word' id='word_1_184' title='bbox 2973 1114 3134 1170; x_wconf 83' lang='lat' dir='ltr'><strong>rebus</strong></span> <span class='ocrx_word' id='word_1_185' title='bbox 3164 1114 3410 1185; x_wconf 90' lang='lat' dir='ltr'><strong>plurimis</strong></span> <span class='ocrx_word' id='word_1_186' title='bbox 3431 1111 3712 1190; x_wconf 65' lang='lat' dir='ltr'><strong>exquisita</strong></span> 
     </span>
    </p>
   </div>
   <div class='ocr_carea' id='block_1_25' title="bbox 2053 1195 3714 1284">
    <p class='ocr_par' dir='ltr' id='par_1_25' title="bbox 2053 1195 3714 1284">
     <span class='ocr_line' id='line_1_25' title="bbox 2053 1195 3714 1284; baseline 0.012 -35"><span class='ocrx_word' id='word_1_187' title='bbox 2053 1236 2055 1238; x_wconf 60' lang='grc' dir='ltr'><strong>η</strong></span> <span class='ocrx_word' id='word_1_188' title='bbox 2101 1195 2371 1266; x_wconf 87' lang='lat' dir='ltr'><strong>pollebat,</strong></span> <span class='ocrx_word' id='word_1_189' title='bbox 2403 1213 2472 1255; x_wconf 93' lang='lat' dir='ltr'><strong>ne</strong></span> <span class='ocrx_word' id='word_1_190' title='bbox 2514 1202 2748 1272; x_wconf 90' lang='lat' dir='ltr'><strong>periret,</strong></span> <span class='ocrx_word' id='word_1_191' title='bbox 2791 1206 2850 1259; x_wconf 83' lang='lat' dir='ltr'><strong>ut</strong></span> <span class='ocrx_word' id='word_1_192' title='bbox 2898 1204 2966 1260; x_wconf 87' lang='lat' dir='ltr'><strong>ad</strong></span> <span class='ocrx_word' id='word_1_193' title='bbox 3002 1207 3388 1277; x_wconf 75' lang='lat' dir='ltr'><strong>gravissimum</strong></span> <span class='ocrx_word' id='word_1_194' title='bbox 3422 1203 3714 1284; x_wconf 68' lang='lat' dir='ltr'><strong>argumen-</strong></span> 
     </span>
    </p>
   </div>
   <div class='ocr_carea' id='block_1_26' title="bbox 2098 1292 3711 1369">
    <p class='ocr_par' dir='ltr' id='par_1_26' title="bbox 2098 1292 3711 1369">
     <span class='ocr_line' id='line_1_26' title="bbox 2098 1292 3711 1369; baseline 0.013 -27"><span class='ocrx_word' id='word_1_195' title='bbox 2098 1298 2210 1342; x_wconf 91' lang='lat' dir='ltr'><strong>tum</strong></span> <span class='ocrx_word' id='word_1_196' title='bbox 2239 1292 2417 1360; x_wconf 89' lang='lat' dir='ltr'><strong>turpia</strong></span> <span class='ocrx_word' id='word_1_197' title='bbox 2451 1293 2547 1347; x_wconf 89' lang='lat' dir='ltr'><strong>ista</strong></span> <span class='ocrx_word' id='word_1_198' title='bbox 2569 1334 2585 1360; x_wconf 98' lang='lat'><strong>,</strong></span> <span class='ocrx_word' id='word_1_199' title='bbox 2611 1304 2665 1350; x_wconf 90' lang='lat' dir='ltr'><strong>et</strong></span> <span class='ocrx_word' id='word_1_200' title='bbox 2687 1335 2702 1362; x_wconf 94' lang='lat'><strong>,</strong></span> <span class='ocrx_word' id='word_1_201' title='bbox 2736 1296 2780 1351; x_wconf 90' lang='lat' dir='ltr'><strong>si</strong></span> <span class='ocrx_word' id='word_1_202' title='bbox 2811 1311 2922 1367; x_wconf 88' lang='lat' dir='ltr'><strong>quo</strong></span> <span class='ocrx_word' id='word_1_203' title='bbox 2942 1298 3048 1356; x_wconf 85' lang='lat' dir='ltr'><strong>alio</strong></span> <span class='ocrx_word' id='word_1_204' title='bbox 3073 1299 3132 1356; x_wconf 85' lang='lat' dir='ltr'><strong>in</strong></span> <span class='ocrx_word' id='word_1_205' title='bbox 3159 1299 3313 1369; x_wconf 83' lang='lat' dir='ltr'><strong>loco,</strong></span> <span class='ocrx_word' id='word_1_206' title='bbox 3345 1313 3494 1361; x_wconf 84' lang='lat' dir='ltr'><strong>certe</strong></span> <span class='ocrx_word' id='word_1_207' title='bbox 3521 1306 3572 1360; x_wconf 88' lang='lat' dir='ltr'><strong>in</strong></span> <span class='ocrx_word' id='word_1_208' title='bbox 3605 1304 3711 1364; x_wconf 81' lang='lat' dir='ltr'><strong>hoc</strong></span> 
     </span>
    </p>
   </div>
   <div class='ocr_carea' id='block_1_27' title="bbox 2095 1383 3710 1468">
    <p class='ocr_par' dir='ltr' id='par_1_27' title="bbox 2095 1383 3710 1468">
     <span class='ocr_line' id='line_1_27' title="bbox 2095 1383 3710 1468; baseline 0.013 -35"><span class='ocrx_word' id='word_1_209' title='bbox 2095 1393 2309 1436; x_wconf 85' lang='lat' dir='ltr'><strong>summe</strong></span> <span class='ocrx_word' id='word_1_210' title='bbox 2361 1383 2644 1439; x_wconf 82' lang='lat' dir='ltr'><strong>inhonesta</strong></span> <span class='ocrx_word' id='word_1_211' title='bbox 2694 1387 2913 1446; x_wconf 81' lang='lat' dir='ltr'><strong>adferre</strong></span> <span class='ocrx_word' id='word_1_212' title='bbox 2961 1405 3066 1446; x_wconf 90' lang='lat' dir='ltr'><strong>non</strong></span> <span class='ocrx_word' id='word_1_213' title='bbox 3121 1383 3420 1450; x_wconf 79' lang='lat' dir='ltr'><strong>erubuerit.</strong></span> <span class='ocrx_word' id='word_1_214' title='bbox 3479 1393 3710 1468; x_wconf 74' lang='lat' dir='ltr'><strong>Papiam</strong></span> 
     </span>
    </p>
   </div>
   <div class='ocr_carea' id='block_1_28' title="bbox 2095 1477 3710 1559">
    <p class='ocr_par' dir='ltr' id='par_1_28' title="bbox 2095 1477 3710 1559">
     <span class='ocr_line' id='line_1_28' title="bbox 2095 1477 3710 1559; baseline 0.013 -34"><span class='ocrx_word' id='word_1_215' title='bbox 2095 1483 2392 1543; x_wconf 60' lang='lat' dir='ltr'><strong>praeterea,</strong></span> <span class='ocrx_word' id='word_1_216' title='bbox 2427 1477 2603 1532; x_wconf 81' lang='lat' dir='ltr'><strong>virum</strong></span> <span class='ocrx_word' id='word_1_217' title='bbox 2645 1480 3002 1548; x_wconf 87' lang='lat' dir='ltr'><strong>apostolicum</strong></span> <span class='ocrx_word' id='word_1_218' title='bbox 3038 1481 3260 1554; x_wconf 88' lang='lat' dir='ltr'><strong>ineptiis</strong></span> <span class='ocrx_word' id='word_1_219' title='bbox 3297 1481 3449 1543; x_wconf 80' lang='lat' dir='ltr'><strong>hisce</strong></span> <span class='ocrx_word' id='word_1_220' title='bbox 3485 1480 3710 1559; x_wconf 75' lang='lat' dir='ltr'><strong>operam</strong></span> 
     </span>
    </p>
   </div>
   <div class='ocr_carea' id='block_1_29' title="bbox 2094 1562 3702 1650">
    <p class='ocr_par' dir='ltr' id='par_1_29' title="bbox 2094 1562 3702 1650">
     <span class='ocr_line' id='line_1_29' title="bbox 2094 1562 3702 1650; baseline 0.011 -33"><span class='ocrx_word' id='word_1_221' title='bbox 2094 1562 2344 1622; x_wconf 83' lang='lat' dir='ltr'><strong>dedisse!</strong></span> <span class='ocrx_word' id='word_1_222' title='bbox 2379 1567 2559 1623; x_wconf 80' lang='lat' dir='ltr'><strong>Militis</strong></span> <span class='ocrx_word' id='word_1_223' title='bbox 2595 1579 2780 1626; x_wconf 86' lang='lat' dir='ltr'><strong>tamen</strong></span> <span class='ocrx_word' id='word_1_224' title='bbox 2803 1613 2818 1639; x_wconf 94' lang='lat'><strong>,</strong></span> <span class='ocrx_word' id='word_1_225' title='bbox 2849 1581 3009 1642; x_wconf 85' lang='lat' dir='ltr'><strong>quam</strong></span> <span class='ocrx_word' id='word_1_226' title='bbox 3039 1589 3162 1629; x_wconf 91' lang='lat' dir='ltr'><strong>cum</strong></span> <span class='ocrx_word' id='word_1_227' title='bbox 3195 1574 3346 1631; x_wconf 91' lang='lat' dir='ltr'><strong>illum</strong></span> <span class='ocrx_word' id='word_1_228' title='bbox 3376 1589 3428 1632; x_wconf 88' lang='lat' dir='ltr'><strong>et</strong></span> <span class='ocrx_word' id='word_1_229' title='bbox 3457 1567 3702 1650; x_wconf 54' lang='lat' dir='ltr'><strong>vanum,</strong></span> 
     </span>
    </p>
   </div>
   <div class='ocr_carea' id='block_1_30' title="bbox 2095 1657 3700 1740">
    <p class='ocr_par' dir='ltr' id='par_1_30' title="bbox 2095 1657 3700 1740">
     <span class='ocr_line' id='line_1_30' title="bbox 2095 1657 3700 1740; baseline 0.011 -30"><span class='ocrx_word' id='word_1_230' title='bbox 2095 1663 2152 1711; x_wconf 87' lang='lat' dir='ltr'><strong>et</strong></span> <span class='ocrx_word' id='word_1_231' title='bbox 2173 1657 2242 1710; x_wconf 90' lang='lat' dir='ltr'><strong>im</strong></span> <span class='ocrx_word' id='word_1_232' title='bbox 2253 1669 2523 1727; x_wconf 87' lang='lat' dir='ltr'><strong>postoretn</strong></span> <span class='ocrx_word' id='word_1_233' title='bbox 2552 1662 2837 1718; x_wconf 86' lang='lat' dir='ltr'><strong>traducere</strong></span> <span class='ocrx_word' id='word_1_234' title='bbox 2861 1678 2967 1720; x_wconf 90' lang='lat' dir='ltr'><strong>non</strong></span> <span class='ocrx_word' id='word_1_235' title='bbox 2999 1661 3260 1722; x_wconf 86' lang='lat' dir='ltr'><strong>dubitavit</strong></span> <span class='ocrx_word' id='word_1_236' title='bbox 3281 1667 3381 1740; x_wconf 85' lang='lat' dir='ltr'><strong>(l).</strong></span> <span class='ocrx_word' id='word_1_237' title='bbox 3407 1669 3592 1739; x_wconf 65' lang='lat' dir='ltr'><strong>Adde,</strong></span> <span class='ocrx_word' id='word_1_238' title='bbox 3620 1667 3700 1726; x_wconf 78' lang='lat' dir='ltr'><strong>iii-</strong></span> 
     </span>
    </p>
   </div>
   <div class='ocr_carea' id='block_1_31' title="bbox 396 1735 3709 1838">
    <p class='ocr_par' dir='ltr' id='par_1_31' title="bbox 396 1735 3709 1838">
     <span class='ocr_line' id='line_1_31' title="bbox 396 1735 3709 1838; baseline 0.004 -30"><span class='ocrx_word' id='word_1_239' title='bbox 396 1753 719 1809; x_wconf 87' lang='lat' dir='ltr'><strong>tnentarium</strong></span> <span class='ocrx_word' id='word_1_240' title='bbox 749 1753 881 1808; x_wconf 89' lang='lat' dir='ltr'><strong>illud</strong></span> <span class='ocrx_word' id='word_1_241' title='bbox 918 1753 1238 1822; x_wconf 79' lang='lat' dir='ltr'><strong>expenderit</strong></span> <span class='ocrx_word' id='word_1_242' title='bbox 1259 1794 1275 1818; x_wconf 92' lang='lat'><strong>,</strong></span> <span class='ocrx_word' id='word_1_243' title='bbox 1305 1765 1546 1818; x_wconf 85' lang='lat' dir='ltr'><strong>mecum,</strong></span> <span class='ocrx_word' id='word_1_244' title='bbox 1579 1759 1637 1806; x_wconf 91' lang='lat' dir='ltr'><strong>ut</strong></span> <span class='ocrx_word' id='word_1_245' title='bbox 1674 1761 1837 1821; x_wconf 90' lang='lat' dir='ltr'><strong>puto,</strong></span> <span class='ocrx_word' id='word_1_246' title='bbox 1866 1765 1992 1805; x_wconf 89' lang='lat' dir='ltr'><strong>sen-</strong></span> <span class='ocrx_word' id='word_1_247' title='bbox 2017 1735 2074 1808; x_wconf 85' lang='grc' dir='ltr'><strong>Β</strong></span> <span class='ocrx_word' id='word_1_248' title='bbox 2099 1750 2240 1820; x_wconf 84' lang='lat' dir='ltr'><strong>signi</strong></span> <span class='ocrx_word' id='word_1_249' title='bbox 2286 1752 2450 1809; x_wconf 86' lang='lat' dir='ltr'><strong>etiam</strong></span> <span class='ocrx_word' id='word_1_250' title='bbox 2495 1756 2940 1834; x_wconf 81' lang='lat' dir='ltr'><strong>parachronismo</strong></span> <span class='ocrx_word' id='word_1_251' title='bbox 2965 1799 2978 1823; x_wconf 92' lang='lat'><strong>,</strong></span> <span class='ocrx_word' id='word_1_252' title='bbox 3023 1762 3066 1814; x_wconf 91' lang='lat' dir='ltr'><strong>si</strong></span> <span class='ocrx_word' id='word_1_253' title='bbox 3100 1759 3361 1817; x_wconf 80' lang='lat' dir='ltr'><strong>Laertius</strong></span> <span class='ocrx_word' id='word_1_254' title='bbox 3411 1759 3543 1818; x_wconf 78' lang='lat' dir='ltr'><strong>vixit</strong></span> <span class='ocrx_word' id='word_1_255' title='bbox 3581 1775 3709 1838; x_wconf 82' lang='lat' dir='ltr'><strong>post</strong></span> 
     </span>
    </p>
   </div>
   <div class='ocr_carea' id='block_1_32' title="bbox 397 1842 1992 1916">
    <p class='ocr_par' dir='ltr' id='par_1_32' title="bbox 397 1842 1992 1916">
     <span class='ocr_line' id='line_1_32' title="bbox 397 1842 1992 1916; baseline -0.002 -16"><span class='ocrx_word' id='word_1_256' title='bbox 397 1847 513 1902; x_wconf 91' lang='lat' dir='ltr'><strong>tiet.</strong></span> <span class='ocrx_word' id='word_1_257' title='bbox 543 1846 800 1914; x_wconf 85' lang='lat' dir='ltr'><strong>Quamvis</strong></span> <span class='ocrx_word' id='word_1_258' title='bbox 825 1846 1101 1912; x_wconf 83' lang='lat' dir='ltr'><strong>Clericus,</strong></span> <span class='ocrx_word' id='word_1_259' title='bbox 1133 1847 1224 1916; x_wconf 78' lang='lat' dir='ltr'><strong>qui</strong></span> <span class='ocrx_word' id='word_1_260' title='bbox 1257 1853 1333 1900; x_wconf 89' lang='lat' dir='ltr'><strong>tot</strong></span> <span class='ocrx_word' id='word_1_261' title='bbox 1359 1845 1460 1898; x_wconf 88' lang='lat' dir='ltr'><strong>alia</strong></span> <span class='ocrx_word' id='word_1_262' title='bbox 1486 1842 1539 1897; x_wconf 88' lang='lat' dir='ltr'><strong>in</strong></span> <span class='ocrx_word' id='word_1_263' title='bbox 1565 1859 1734 1912; x_wconf 87' lang='lat' dir='ltr'><strong>opere</strong></span> <span class='ocrx_word' id='word_1_264' title='bbox 1768 1844 1859 1898; x_wconf 87' lang='lat' dir='ltr'><strong>illo</strong></span> <span class='ocrx_word' id='word_1_265' title='bbox 1893 1857 1992 1898; x_wconf 89' lang='lat' dir='ltr'><strong>no-</strong></span> 
     </span>
    </p>
   </div>
   <div class='ocr_carea' id='block_1_33' title="bbox 396 1936 1995 2008">
    <p class='ocr_par' dir='ltr' id='par_1_33' title="bbox 396 1936 1995 2008">
     <span class='ocr_line' id='line_1_33' title="bbox 396 1936 1995 2008; baseline -0.003 -13"><span class='ocrx_word' id='word_1_266' title='bbox 396 1941 464 1995; x_wconf 82' lang='lat' dir='ltr'><strong>tis</strong></span> <span class='ocrx_word' id='word_1_267' title='bbox 513 1942 718 1998; x_wconf 85' lang='lat' dir='ltr'><strong>criticis</strong></span> <span class='ocrx_word' id='word_1_268' title='bbox 777 1941 1062 2006; x_wconf 85' lang='lat' dir='ltr'><strong>illustravit</strong></span> <span class='ocrx_word' id='word_1_269' title='bbox 1113 1938 1293 2008; x_wconf 84' lang='lat' dir='ltr'><strong>(Edit.</strong></span> <span class='ocrx_word' id='word_1_270' title='bbox 1338 1939 1502 1998; x_wconf 82' lang='lat' dir='ltr'><strong>altera</strong></span> <span class='ocrx_word' id='word_1_271' title='bbox 1553 1936 1808 2008; x_wconf 80' lang='lat' dir='ltr'><strong>Francof.</strong></span> <span class='ocrx_word' id='word_1_272' title='bbox 1855 1936 1995 2007; x_wconf 82' lang='lat' dir='ltr'><strong>apud</strong></span> 
     </span>
    </p>
   </div>
   <div class='ocr_carea' id='block_1_34' title="bbox 398 2026 1996 2108">
    <p class='ocr_par' dir='ltr' id='par_1_34' title="bbox 398 2026 1996 2108">
     <span class='ocr_line' id='line_1_34' title="bbox 398 2026 1996 2108; baseline -0.002 -23"><span class='ocrx_word' id='word_1_273' title='bbox 398 2030 647 2086; x_wconf 80' lang='lat' dir='ltr'><strong>Thomam</strong></span> <span class='ocrx_word' id='word_1_274' title='bbox 675 2028 970 2103; x_wconf 76' lang='lat' dir='ltr'><strong>Fritsch.),</strong></span> <span class='ocrx_word' id='word_1_275' title='bbox 1009 2029 1302 2108; x_wconf 73' lang='grc' dir='ltr'><strong>παράδοξον</strong></span> <span class='ocrx_word' id='word_1_276' title='bbox 1347 2029 1487 2084; x_wconf 85' lang='lat' dir='ltr'><strong>istud</strong></span> <span class='ocrx_word' id='word_1_277' title='bbox 1534 2026 1898 2092; x_wconf 82' lang='lat' dir='ltr'><strong>llattnnondi,</strong></span> <span class='ocrx_word' id='word_1_278' title='bbox 1941 2035 1996 2082; x_wconf 85' lang='lat' dir='ltr'><strong>et</strong></span> 
     </span>
    </p>
   </div>
   <div class='ocr_carea' id='block_1_35' title="bbox 395 2119 1998 2194">
    <p class='ocr_par' dir='ltr' id='par_1_35' title="bbox 395 2119 1998 2194">
     <span class='ocr_line' id='line_1_35' title="bbox 395 2119 1998 2194; baseline -0.005 -13"><span class='ocrx_word' id='word_1_279' title='bbox 395 2125 640 2190; x_wconf 73' lang='lat' dir='ltr'><strong>iniit-ma,</strong></span> <span class='ocrx_word' id='word_1_280' title='bbox 670 2123 716 2180; x_wconf 86' lang='lat' dir='ltr'><strong>si</strong></span> <span class='ocrx_word' id='word_1_281' title='bbox 757 2140 862 2194; x_wconf 84' lang='lat' dir='ltr'><strong>qua</strong></span> <span class='ocrx_word' id='word_1_282' title='bbox 903 2139 1154 2192; x_wconf 88' lang='lat' dir='ltr'><strong>umquam</strong></span> <span class='ocrx_word' id='word_1_283' title='bbox 1179 2164 1194 2188; x_wconf 95' lang='lat'><strong>,</strong></span> <span class='ocrx_word' id='word_1_284' title='bbox 1242 2131 1558 2193; x_wconf 77' lang='lat' dir='ltr'><strong>argumenta</strong></span> <span class='ocrx_word' id='word_1_285' title='bbox 1599 2121 1663 2174; x_wconf 91' lang='lat' dir='ltr'><strong>ad</strong></span> <span class='ocrx_word' id='word_1_286' title='bbox 1706 2120 1848 2176; x_wconf 88' lang='lat' dir='ltr'><strong>idem</strong></span> <span class='ocrx_word' id='word_1_287' title='bbox 1895 2119 1998 2174; x_wconf 79' lang='grc' dir='ltr'><strong>ιυι-</strong></span> 
     </span>
    </p>
   </div>
   <div class='ocr_carea' id='block_1_36' title="bbox 395 2215 1430 2286">
    <p class='ocr_par' dir='ltr' id='par_1_36' title="bbox 395 2215 1430 2286">
     <span class='ocr_line' id='line_1_36' title="bbox 395 2215 1430 2286; baseline -0.006 -12"><span class='ocrx_word' id='word_1_288' title='bbox 395 2218 647 2276; x_wconf 91' lang='lat' dir='ltr'><strong>ciendum</strong></span> <span class='ocrx_word' id='word_1_289' title='bbox 675 2219 836 2282; x_wconf 83' lang='lat' dir='ltr'><strong>allata</strong></span> <span class='ocrx_word' id='word_1_290' title='bbox 863 2219 1057 2273; x_wconf 89' lang='lat' dir='ltr'><strong>tacitus</strong></span> <span class='ocrx_word' id='word_1_291' title='bbox 1085 2215 1430 2286; x_wconf 61' lang='lat' dir='ltr'><strong>praeterierit.</strong></span> 
     </span>
    </p>
   </div>
   <div class='ocr_carea' id='block_1_37' title="bbox 466 2303 1995 2380">
    <p class='ocr_par' dir='ltr' id='par_1_37' title="bbox 466 2303 1995 2380">
     <span class='ocr_line' id='line_1_37' title="bbox 466 2303 1995 2380; baseline -0.005 -15"><span class='ocrx_word' id='word_1_292' title='bbox 466 2310 612 2368; x_wconf 88' lang='lat' dir='ltr'><strong>Inter</strong></span> <span class='ocrx_word' id='word_1_293' title='bbox 636 2325 819 2378; x_wconf 64' lang='lat' dir='ltr'><strong>nteyos</strong></span> <span class='ocrx_word' id='word_1_294' title='bbox 844 2307 1324 2380; x_wconf 85' lang='lat' dir='ltr'><strong>argenteicodicis</strong></span> <span class='ocrx_word' id='word_1_295' title='bbox 1355 2317 1439 2363; x_wconf 85' lang='lat' dir='ltr'><strong>est</strong></span> <span class='ocrx_word' id='word_1_296' title='bbox 1463 2306 1624 2364; x_wconf 86' lang='lat' dir='ltr'><strong>etiam</strong></span> <span class='ocrx_word' id='word_1_297' title='bbox 1661 2304 1887 2376; x_wconf 87' lang='lat' dir='ltr'><strong>insignis</strong></span> <span class='ocrx_word' id='word_1_298' title='bbox 1914 2303 1995 2358; x_wconf 88' lang='lat' dir='ltr'><strong>al-</strong></span> 
     </span>
    </p>
   </div>
   <div class='ocr_carea' id='block_1_38' title="bbox 396 2396 1987 2471">
    <p class='ocr_par' dir='ltr' id='par_1_38' title="bbox 396 2396 1987 2471">
     <span class='ocr_line' id='line_1_38' title="bbox 396 2396 1987 2471; baseline -0.003 -16"><span class='ocrx_word' id='word_1_299' title='bbox 396 2411 476 2458; x_wconf 90' lang='lat' dir='ltr'><strong>ter</strong></span> <span class='ocrx_word' id='word_1_300' title='bbox 513 2402 583 2457; x_wconf 90' lang='lat' dir='ltr'><strong>de</strong></span> <span class='ocrx_word' id='word_1_301' title='bbox 624 2399 985 2471; x_wconf 68' lang='lat' dir='ltr'><strong>praetermissa</strong></span> <span class='ocrx_word' id='word_1_302' title='bbox 1015 2399 1244 2455; x_wconf 86' lang='lat' dir='ltr'><strong>Joannis</strong></span> <span class='ocrx_word' id='word_1_303' title='bbox 1281 2415 1374 2453; x_wconf 87' lang='lat' dir='ltr'><strong>vtu</strong></span> <span class='ocrx_word' id='word_1_304' title='bbox 1423 2399 1683 2454; x_wconf 70' lang='lat' dir='ltr'><strong>adultera:</strong></span> <span class='ocrx_word' id='word_1_305' title='bbox 1727 2396 1987 2462; x_wconf 87' lang='lat' dir='ltr'><strong>historia;</strong></span> 
     </span>
    </p>
   </div>
   <div class='ocr_carea' id='block_1_39' title="bbox 393 2490 1995 2566">
    <p class='ocr_par' dir='ltr' id='par_1_39' title="bbox 393 2490 1995 2566">
     <span class='ocr_line' id='line_1_39' title="bbox 393 2490 1995 2566; baseline -0.005 -18"><span class='ocrx_word' id='word_1_306' title='bbox 393 2495 485 2566; x_wconf 91' lang='lat' dir='ltr'><strong>qui</strong></span> <span class='ocrx_word' id='word_1_307' title='bbox 526 2503 702 2549; x_wconf 87' lang='lat' dir='ltr'><strong>tamen</strong></span> <span class='ocrx_word' id='word_1_308' title='bbox 736 2501 824 2558; x_wconf 87' lang='lat' dir='ltr'><strong>est</strong></span> <span class='ocrx_word' id='word_1_309' title='bbox 853 2492 931 2548; x_wconf 91' lang='lat' dir='ltr'><strong>illi</strong></span> <span class='ocrx_word' id='word_1_310' title='bbox 960 2508 1084 2547; x_wconf 89' lang='lat' dir='ltr'><strong>cum</strong></span> <span class='ocrx_word' id='word_1_311' title='bbox 1115 2490 1499 2549; x_wconf 69' lang='lat' dir='ltr'><strong>vetustissimis</strong></span> <span class='ocrx_word' id='word_1_312' title='bbox 1543 2490 1816 2560; x_wconf 82' lang='lat' dir='ltr'><strong>plerisque</strong></span> <span class='ocrx_word' id='word_1_313' title='bbox 1843 2502 1995 2544; x_wconf 87' lang='lat' dir='ltr'><strong>com-</strong></span> 
     </span>
    </p>
   </div>
   <div class='ocr_carea' id='block_1_40' title="bbox 392 2579 1992 2653">
    <p class='ocr_par' dir='ltr' id='par_1_40' title="bbox 392 2579 1992 2653">
     <span class='ocr_line' id='line_1_40' title="bbox 392 2579 1992 2653; baseline -0.004 -12"><span class='ocrx_word' id='word_1_314' title='bbox 392 2588 589 2642; x_wconf 88' lang='lat' dir='ltr'><strong>munis.</strong></span> <span class='ocrx_word' id='word_1_315' title='bbox 635 2585 744 2653; x_wconf 77' lang='lat' dir='ltr'><strong>Nos</strong></span> <span class='ocrx_word' id='word_1_316' title='bbox 781 2586 833 2641; x_wconf 90' lang='lat' dir='ltr'><strong>iu</strong></span> <span class='ocrx_word' id='word_1_317' title='bbox 864 2585 1088 2640; x_wconf 81' lang='lat' dir='ltr'><strong>materia</strong></span> <span class='ocrx_word' id='word_1_318' title='bbox 1119 2585 1219 2639; x_wconf 86' lang='lat' dir='ltr'><strong>ista</strong></span> <span class='ocrx_word' id='word_1_319' title='bbox 1243 2625 1258 2648; x_wconf 91' lang='lat'><strong>,</strong></span> <span class='ocrx_word' id='word_1_320' title='bbox 1289 2593 1478 2653; x_wconf 86' lang='lat' dir='ltr'><strong>utpote</strong></span> <span class='ocrx_word' id='word_1_321' title='bbox 1517 2598 1548 2637; x_wconf 85' lang='lat' dir='ltr'><strong>a</strong></span> <span class='ocrx_word' id='word_1_322' title='bbox 1579 2583 1707 2637; x_wconf 89' lang='lat' dir='ltr'><strong>viris</strong></span> <span class='ocrx_word' id='word_1_323' title='bbox 1736 2579 1992 2651; x_wconf 89' lang='lat' dir='ltr'><strong>doctissi-</strong></span> 
     </span>
    </p>
   </div>
   <div class='ocr_carea' id='block_1_41' title="bbox 391 2651 1995 2746">
    <p class='ocr_par' dir='ltr' id='par_1_41' title="bbox 391 2651 1995 2746">
     <span class='ocr_line' id='line_1_41' title="bbox 391 2651 1995 2746; baseline -0.005 -14"><span class='ocrx_word' id='word_1_324' title='bbox 391 2678 495 2732; x_wconf 89' lang='lat' dir='ltr'><strong>mis</strong></span> <span class='ocrx_word' id='word_1_325' title='bbox 517 2675 628 2746; x_wconf 89' lang='lat' dir='ltr'><strong>jam</strong></span> <span class='ocrx_word' id='word_1_326' title='bbox 659 2651 922 2732; x_wconf 76' lang='lat' dir='ltr'><strong>exhausta</strong></span> <span class='ocrx_word' id='word_1_327' title='bbox 947 2714 964 2740; x_wconf 95' lang='lat'><strong>,</strong></span> <span class='ocrx_word' id='word_1_328' title='bbox 997 2689 1165 2745; x_wconf 89' lang='lat' dir='ltr'><strong>pauca</strong></span> <span class='ocrx_word' id='word_1_329' title='bbox 1197 2682 1403 2732; x_wconf 81' lang='lat' dir='ltr'><strong>tantum</strong></span> <span class='ocrx_word' id='word_1_330' title='bbox 1432 2672 1568 2728; x_wconf 88' lang='lat' dir='ltr'><strong>alias</strong></span> <span class='ocrx_word' id='word_1_331' title='bbox 1593 2673 1882 2727; x_wconf 88' lang='lat' dir='ltr'><strong>observata</strong></span> <span class='ocrx_word' id='word_1_332' title='bbox 1907 2671 1995 2726; x_wconf 88' lang='lat' dir='ltr'><strong>hic</strong></span> 
     </span>
    </p>
   </div>
   <div class='ocr_carea' id='block_1_42' title="bbox 390 2766 673 2833">
    <p class='ocr_par' dir='ltr' id='par_1_42' title="bbox 390 2766 673 2833">
     <span class='ocr_line' id='line_1_42' title="bbox 390 2766 673 2833; baseline 0.004 -12"><span class='ocrx_word' id='word_1_333' title='bbox 390 2766 673 2833; x_wconf 82' lang='lat' dir='ltr'><strong>addemus.</strong></span> 
     </span>
    </p>
   </div>
   <div class='ocr_carea' id='block_1_43' title="bbox 464 2852 1992 2928">
    <p class='ocr_par' dir='ltr' id='par_1_43' title="bbox 464 2852 1992 2928">
     <span class='ocr_line' id='line_1_43' title="bbox 464 2852 1992 2928; baseline -0.005 -14"><span class='ocrx_word' id='word_1_334' title='bbox 464 2859 618 2914; x_wconf 80' lang='lat' dir='ltr'><strong>Mitto</strong></span> <span class='ocrx_word' id='word_1_335' title='bbox 657 2857 789 2913; x_wconf 89' lang='lat' dir='ltr'><strong>illttd</strong></span> <span class='ocrx_word' id='word_1_336' title='bbox 835 2857 1008 2913; x_wconf 87' lang='lat' dir='ltr'><strong>Grotii</strong></span> <span class='ocrx_word' id='word_1_337' title='bbox 1053 2855 1276 2928; x_wconf 79' lang='lat' dir='ltr'><strong>(Adnot.</strong></span> <span class='ocrx_word' id='word_1_338' title='bbox 1307 2854 1374 2909; x_wconf 89' lang='lat' dir='ltr'><strong>ad</strong></span> <span class='ocrx_word' id='word_1_339' title='bbox 1413 2853 1467 2910; x_wconf 89' lang='lat' dir='ltr'><strong>h.</strong></span> <span class='ocrx_word' id='word_1_340' title='bbox 1499 2855 1538 2909; x_wconf 83' lang='grc' dir='ltr'><strong>ι.</strong></span> <span class='ocrx_word' id='word_1_341' title='bbox 1569 2853 1800 2924; x_wconf 85' lang='lat' dir='ltr'><strong>Joan.),</strong></span> <span class='ocrx_word' id='word_1_342' title='bbox 1851 2852 1992 2907; x_wconf 86' lang='lat' dir='ltr'><strong>haud</strong></span> 
     </span>
    </p>
   </div>
   <div class='ocr_carea' id='block_1_44' title="bbox 383 2948 1994 3027">
    <p class='ocr_par' dir='ltr' id='par_1_44' title="bbox 383 2948 1994 3027">
     <span class='ocr_line' id='line_1_44' title="bbox 383 2948 1994 3027; baseline -0.006 -17"><span class='ocrx_word' id='word_1_343' title='bbox 383 2956 640 3027; x_wconf 83' lang='lat' dir='ltr'><strong>scriptam</strong></span> <span class='ocrx_word' id='word_1_344' title='bbox 677 2952 898 3021; x_wconf 77' lang='lat' dir='ltr'><strong>scilicet</strong></span> <span class='ocrx_word' id='word_1_345' title='bbox 941 2967 972 3007; x_wconf 89' lang='lat' dir='ltr'><strong>a</strong></span> <span class='ocrx_word' id='word_1_346' title='bbox 1009 2950 1256 3018; x_wconf 76' lang='lat' dir='ltr'><strong>Joanne,</strong></span> <span class='ocrx_word' id='word_1_347' title='bbox 1307 2950 1401 3006; x_wconf 90' lang='lat' dir='ltr'><strong>sed</strong></span> <span class='ocrx_word' id='word_1_348' title='bbox 1447 2950 1516 3006; x_wconf 89' lang='lat' dir='ltr'><strong>ab</strong></span> <span class='ocrx_word' id='word_1_349' title='bbox 1564 2950 1719 3019; x_wconf 87' lang='lat' dir='ltr'><strong>ipso,</strong></span> <span class='ocrx_word' id='word_1_350' title='bbox 1767 2948 1994 3018; x_wconf 86' lang='lat' dir='ltr'><strong>aliisque</strong></span> 
     </span>
    </p>
   </div>
   <div class='ocr_carea' id='block_1_45' title="bbox 387 3041 1987 3119">
    <p class='ocr_par' dir='ltr' id='par_1_45' title="bbox 387 3041 1987 3119">
     <span class='ocr_line' id='line_1_45' title="bbox 387 3041 1987 3119; baseline -0.004 -17"><span class='ocrx_word' id='word_1_351' title='bbox 387 3047 646 3119; x_wconf 85' lang='lat' dir='ltr'><strong>apostolis</strong></span> <span class='ocrx_word' id='word_1_352' title='bbox 669 3048 788 3117; x_wconf 80' lang='lat' dir='ltr'><strong>viva</strong></span> <span class='ocrx_word' id='word_1_353' title='bbox 812 3061 942 3108; x_wconf 84' lang='lat' dir='ltr'><strong>voce</strong></span> <span class='ocrx_word' id='word_1_354' title='bbox 967 3060 1111 3116; x_wconf 76' lang='lat' dir='ltr'><strong>szepe</strong></span> <span class='ocrx_word' id='word_1_355' title='bbox 1142 3056 1410 3098; x_wconf 85' lang='lat' dir='ltr'><strong>narratam</strong></span> <span class='ocrx_word' id='word_1_356' title='bbox 1434 3084 1448 3108; x_wconf 93' lang='lat'><strong>,</strong></span> <span class='ocrx_word' id='word_1_357' title='bbox 1474 3051 1734 3098; x_wconf 83' lang='lat' dir='ltr'><strong>attextam</strong></span> <span class='ocrx_word' id='word_1_358' title='bbox 1757 3041 1987 3097; x_wconf 85' lang='lat' dir='ltr'><strong>subinde</strong></span> 
     </span>
    </p>
   </div>
   <div class='ocr_carea' id='block_1_46' title="bbox 2101 1831 3707 1926">
    <p class='ocr_par' dir='ltr' id='par_1_46' title="bbox 2101 1831 3707 1926">
     <span class='ocr_line' id='line_1_46' title="bbox 2101 1831 3707 1926; baseline 0.012 -34"><span class='ocrx_word' id='word_1_359' title='bbox 2101 1831 2694 1899; x_wconf 82' lang='lat' dir='ltr'><strong>MarcnmAntoninum</strong></span> <span class='ocrx_word' id='word_1_360' title='bbox 2729 1855 2788 1900; x_wconf 92' lang='lat' dir='ltr'><strong>ut</strong></span> <span class='ocrx_word' id='word_1_361' title='bbox 2825 1857 2977 1918; x_wconf 87' lang='lat' dir='ltr'><strong>putat</strong></span> <span class='ocrx_word' id='word_1_362' title='bbox 3004 1848 3344 1920; x_wconf 48' lang='lat' dir='ltr'><strong>Palmerius&#39;,</strong></span> <span class='ocrx_word' id='word_1_363' title='bbox 3375 1853 3549 1926; x_wconf 84' lang='lat' dir='ltr'><strong>magis</strong></span> <span class='ocrx_word' id='word_1_364' title='bbox 3571 1831 3707 1911; x_wconf 66' lang='lat' dir='ltr'><strong>vero</strong></span> 
     </span>
    </p>
   </div>
   <div class='ocr_carea' id='block_1_47' title="bbox 2097 1933 3702 2015">
    <p class='ocr_par' dir='ltr' id='par_1_47' title="bbox 2097 1933 3702 2015">
     <span class='ocr_line' id='line_1_47' title="bbox 2097 1933 3702 2015; baseline 0.011 -30"><span class='ocrx_word' id='word_1_365' title='bbox 2097 1933 2144 1986; x_wconf 89' lang='lat' dir='ltr'><strong>si</strong></span> <span class='ocrx_word' id='word_1_366' title='bbox 2174 1948 2318 1987; x_wconf 87' lang='lat' dir='ltr'><strong>anno</strong></span> <span class='ocrx_word' id='word_1_367' title='bbox 2342 1935 2560 1992; x_wconf 91' lang='lat' dir='ltr'><strong>circiter</strong></span> <span class='ocrx_word' id='word_1_368' title='bbox 2579 1951 2680 1992; x_wconf 79' lang='lat' dir='ltr'><strong>cex</strong></span> <span class='ocrx_word' id='word_1_369' title='bbox 2707 1937 2834 1992; x_wconf 80' lang='lat' dir='ltr'><strong>Jesu</strong></span> <span class='ocrx_word' id='word_1_370' title='bbox 2855 1938 3085 2006; x_wconf 79' lang='lat' dir='ltr'><strong>Christi,</strong></span> <span class='ocrx_word' id='word_1_371' title='bbox 3115 1939 3302 1998; x_wconf 84' lang='lat' dir='ltr'><strong>Severi</strong></span> <span class='ocrx_word' id='word_1_372' title='bbox 3351 1959 3461 1999; x_wconf 80' lang='lat' dir='ltr'><strong>xvn</strong></span> <span class='ocrx_word' id='word_1_373' title='bbox 3482 1985 3497 2010; x_wconf 90' lang='lat'><strong>,</strong></span> <span class='ocrx_word' id='word_1_374' title='bbox 3529 1948 3702 2015; x_wconf 74' lang='lat' dir='ltr'><strong>mit,</strong></span> 
     </span>
    </p>
   </div>
   <div class='ocr_carea' id='block_1_48' title="bbox 2099 2021 3707 2100">
    <p class='ocr_par' dir='ltr' id='par_1_48' title="bbox 2099 2021 3707 2100">
     <span class='ocr_line' id='line_1_48' title="bbox 2099 2021 3707 2100; baseline 0.01 -24"><span class='ocrx_word' id='word_1_375' title='bbox 2099 2021 2349 2079; x_wconf 83' lang='lat' dir='ltr'><strong>ﬂoruisse</strong></span> <span class='ocrx_word' id='word_1_376' title='bbox 2373 2025 2659 2095; x_wconf 85' lang='lat' dir='ltr'><strong>credatur,</strong></span> <span class='ocrx_word' id='word_1_377' title='bbox 2693 2038 2752 2082; x_wconf 88' lang='lat' dir='ltr'><strong>ut</strong></span> <span class='ocrx_word' id='word_1_378' title='bbox 2789 2029 2860 2083; x_wconf 88' lang='lat' dir='ltr'><strong>ait</strong></span> <span class='ocrx_word' id='word_1_379' title='bbox 2892 2025 3304 2100; x_wconf 85' lang='lat' dir='ltr'><strong>&#39;l‘ille&#39;ntontlus;</strong></span> <span class='ocrx_word' id='word_1_380' title='bbox 3345 2033 3485 2090; x_wconf 82' lang='lat' dir='ltr'><strong>adde</strong></span> <span class='ocrx_word' id='word_1_381' title='bbox 3524 2035 3707 2092; x_wconf 79' lang='lat' dir='ltr'><strong>Mena-</strong></span> 
     </span>
    </p>
   </div>
   <div class='ocr_carea' id='block_1_49' title="bbox 2095 2115 3702 2201">
    <p class='ocr_par' dir='ltr' id='par_1_49' title="bbox 2095 2115 3702 2201">
     <span class='ocr_line' id='line_1_49' title="bbox 2095 2115 3702 2201; baseline 0.011 -33"><span class='ocrx_word' id='word_1_382' title='bbox 2095 2115 2243 2184; x_wconf 86' lang='lat' dir='ltr'><strong>gium</strong></span> <span class='ocrx_word' id='word_1_383' title='bbox 2272 2117 2324 2170; x_wconf 88' lang='lat' dir='ltr'><strong>in</strong></span> <span class='ocrx_word' id='word_1_384' title='bbox 2369 2117 2528 2173; x_wconf 62' lang='lat' dir='ltr'><strong>Praef.</strong></span> <span class='ocrx_word' id='word_1_385' title='bbox 2559 2118 2626 2174; x_wconf 89' lang='lat' dir='ltr'><strong>ad</strong></span> <span class='ocrx_word' id='word_1_386' title='bbox 2672 2119 2852 2177; x_wconf 78' lang='lat' dir='ltr'><strong>Laert.</strong></span> <span class='ocrx_word' id='word_1_387' title='bbox 2889 2121 3082 2192; x_wconf 83' lang='lat' dir='ltr'><strong>Papias</strong></span> <span class='ocrx_word' id='word_1_388' title='bbox 3123 2126 3268 2180; x_wconf 88' lang='lat' dir='ltr'><strong>enim</strong></span> <span class='ocrx_word' id='word_1_389' title='bbox 3311 2129 3702 2201; x_wconf 74' lang='lat' dir='ltr'><strong>quinquaginta</strong></span> 
     </span>
    </p>
   </div>
   <div class='ocr_carea' id='block_1_50' title="bbox 2097 2208 3702 2289">
    <p class='ocr_par' dir='ltr' id='par_1_50' title="bbox 2097 2208 3702 2289">
     <span class='ocr_line' id='line_1_50' title="bbox 2097 2208 3702 2289; baseline 0.012 -28"><span class='ocrx_word' id='word_1_390' title='bbox 2097 2208 2164 2262; x_wconf 84' lang='lat' dir='ltr'><strong>ad</strong></span> <span class='ocrx_word' id='word_1_391' title='bbox 2197 2211 2374 2264; x_wconf 91' lang='lat' dir='ltr'><strong>minus</strong></span> <span class='ocrx_word' id='word_1_392' title='bbox 2395 2211 2551 2266; x_wconf 84' lang='lat' dir='ltr'><strong>anuis</strong></span> <span class='ocrx_word' id='word_1_393' title='bbox 2569 2251 2586 2279; x_wconf 93' lang='lat'><strong>,</strong></span> <span class='ocrx_word' id='word_1_394' title='bbox 2617 2227 2684 2268; x_wconf 81' lang='lat' dir='ltr'><strong>ex</strong></span> <span class='ocrx_word' id='word_1_395' title='bbox 2715 2213 2817 2270; x_wconf 88' lang='lat' dir='ltr'><strong>hoc</strong></span> <span class='ocrx_word' id='word_1_396' title='bbox 2844 2216 3053 2272; x_wconf 86' lang='lat' dir='ltr'><strong>calculo</strong></span> <span class='ocrx_word' id='word_1_397' title='bbox 3070 2257 3086 2286; x_wconf 92' lang='lat'><strong>,</strong></span> <span class='ocrx_word' id='word_1_398' title='bbox 3113 2229 3481 2289; x_wconf 70' lang='lat' dir='ltr'><strong>prmmonutts</strong></span> <span class='ocrx_word' id='word_1_399' title='bbox 3500 2222 3702 2281; x_wconf 77' lang='lat' dir='ltr'><strong>Laerta</strong></span> 
     </span>
    </p>
   </div>
   <div class='ocr_carea' id='block_1_51' title="bbox 2111 2301 3634 2358">
    <p class='ocr_par' dir='ltr' id='par_1_51' title="bbox 2111 2301 3634 2358">
     <span class='ocr_line' id='line_1_51' title="bbox 2111 2301 3634 2358; baseline 0.007 -4"><span class='ocrx_word' id='word_1_400' title='bbox 2111 2301 2290 2358; x_wconf 79' lang='lat' dir='ltr'><strong>fuerit.</strong></span> <span class='ocrx_word' id='word_1_401' title='bbox 3629 2311 3634 2319; x_wconf 91' lang='grc'>’</span> 
     </span>
    </p>
   </div>
   <div class='ocr_carea' id='block_1_52' title="bbox 2177 2395 3700 2483">
    <p class='ocr_par' dir='ltr' id='par_1_52' title="bbox 2177 2395 3700 2483">
     <span class='ocr_line' id='line_1_52' title="bbox 2177 2395 3700 2483; baseline 0.014 -34"><span class='ocrx_word' id='word_1_402' title='bbox 2177 2395 2383 2451; x_wconf 90' lang='lat' dir='ltr'><strong>Desunt</strong></span> <span class='ocrx_word' id='word_1_403' title='bbox 2420 2399 2582 2454; x_wconf 89' lang='lat' dir='ltr'><strong>etiam</strong></span> <span class='ocrx_word' id='word_1_404' title='bbox 2629 2399 2680 2456; x_wconf 92' lang='lat' dir='ltr'><strong>in</strong></span> <span class='ocrx_word' id='word_1_405' title='bbox 2711 2401 2898 2458; x_wconf 88' lang='lat' dir='ltr'><strong>codice</strong></span> <span class='ocrx_word' id='word_1_406' title='bbox 2938 2405 3078 2472; x_wconf 84' lang='lat' dir='ltr'><strong>alia,</strong></span> <span class='ocrx_word' id='word_1_407' title='bbox 3109 2422 3230 2478; x_wconf 80' lang='lat' dir='ltr'><strong>quae</strong></span> <span class='ocrx_word' id='word_1_408' title='bbox 3272 2409 3324 2465; x_wconf 89' lang='lat' dir='ltr'><strong>in</strong></span> <span class='ocrx_word' id='word_1_409' title='bbox 3362 2409 3588 2483; x_wconf 72' lang='lat' dir='ltr'><strong>Vulgus</strong></span> <span class='ocrx_word' id='word_1_410' title='bbox 3616 2414 3700 2471; x_wconf 85' lang='lat' dir='ltr'><strong>le-</strong></span> 
     </span>
    </p>
   </div>
   <div class='ocr_carea' id='block_1_53' title="bbox 2097 2489 3703 2569">
    <p class='ocr_par' dir='ltr' id='par_1_53' title="bbox 2097 2489 3703 2569">
     <span class='ocr_line' id='line_1_53' title="bbox 2097 2489 3703 2569; baseline 0.012 -28"><span class='ocrx_word' id='word_1_411' title='bbox 2097 2498 2330 2557; x_wconf 85' lang='lat' dir='ltr'><strong>guntur,</strong></span> <span class='ocrx_word' id='word_1_412' title='bbox 2387 2499 2445 2545; x_wconf 88' lang='lat' dir='ltr'><strong>ut</strong></span> <span class='ocrx_word' id='word_1_413' title='bbox 2493 2489 2681 2546; x_wconf 77' lang='lat' dir='ltr'><strong>Matth.</strong></span> <span class='ocrx_word' id='word_1_414' title='bbox 2731 2509 2919 2562; x_wconf 74' lang='lat' dir='ltr'><strong>xxvtt,</strong></span> <span class='ocrx_word' id='word_1_415' title='bbox 2955 2498 3038 2554; x_wconf 90' lang='lat'><strong>8:</strong></span> <span class='ocrx_word' id='word_1_416' title='bbox 3090 2497 3312 2569; x_wconf 83' lang='lat' dir='ltr'><strong>Propter</strong></span> <span class='ocrx_word' id='word_1_417' title='bbox 3349 2502 3447 2556; x_wconf 84' lang='lat' dir='ltr'><strong>hoc</strong></span> <span class='ocrx_word' id='word_1_418' title='bbox 3493 2489 3703 2560; x_wconf 80' lang='lat' dir='ltr'><strong>vocatus</strong></span> 
     </span>
    </p>
   </div>
   <div class='ocr_carea' id='block_1_54' title="bbox 2098 2579 3702 2666">
    <p class='ocr_par' dir='ltr' id='par_1_54' title="bbox 2098 2579 3702 2666">
     <span class='ocr_line' id='line_1_54' title="bbox 2098 2579 3702 2666; baseline 0.013 -35"><span class='ocrx_word' id='word_1_419' title='bbox 2098 2587 2171 2632; x_wconf 84' lang='lat' dir='ltr'><strong>est</strong></span> <span class='ocrx_word' id='word_1_420' title='bbox 2198 2595 2322 2650; x_wconf 86' lang='lat' dir='ltr'><strong>ager</strong></span> <span class='ocrx_word' id='word_1_421' title='bbox 2359 2579 2449 2640; x_wconf 87' lang='lat' dir='ltr'><strong>ille</strong></span> <span class='ocrx_word' id='word_1_422' title='bbox 2484 2581 2810 2639; x_wconf 84' lang='lat' dir='ltr'><strong>Haceldama</strong></span> <span class='ocrx_word' id='word_1_423' title='bbox 2829 2628 2845 2650; x_wconf 90' lang='lat'><strong>,</strong></span> <span class='ocrx_word' id='word_1_424' title='bbox 2875 2587 2972 2642; x_wconf 87' lang='lat' dir='ltr'><strong>hoc</strong></span> <span class='ocrx_word' id='word_1_425' title='bbox 2997 2599 3074 2644; x_wconf 80' lang='lat' dir='ltr'><strong>est</strong></span> <span class='ocrx_word' id='word_1_426' title='bbox 3117 2605 3240 2661; x_wconf 87' lang='lat' dir='ltr'><strong>ager</strong></span> <span class='ocrx_word' id='word_1_427' title='bbox 3267 2595 3532 2666; x_wconf 81' lang='lat' dir='ltr'><strong>sanguinis</strong></span> <span class='ocrx_word' id='word_1_428' title='bbox 3552 2612 3572 2649; x_wconf 91' lang='lat'><em>:</em></span> <span class='ocrx_word' id='word_1_429' title='bbox 3601 2583 3702 2652; x_wconf 72' lang='lat' dir='ltr'><strong>co-</strong></span> 
     </span>
    </p>
   </div>
   <div class='ocr_carea' id='block_1_55' title="bbox 2096 2668 3720 2760">
    <p class='ocr_par' dir='ltr' id='par_1_55' title="bbox 2096 2668 3720 2760">
     <span class='ocr_line' id='line_1_55' title="bbox 2096 2668 3720 2760; baseline 0.012 -37"><span class='ocrx_word' id='word_1_430' title='bbox 2096 2668 2203 2725; x_wconf 73' lang='lat' dir='ltr'><strong>des</strong></span> <span class='ocrx_word' id='word_1_431' title='bbox 2229 2713 2244 2736; x_wconf 96' lang='lat'><strong>,</strong></span> <span class='ocrx_word' id='word_1_432' title='bbox 2303 2674 2574 2742; x_wconf 71' lang='lat' dir='ltr'><strong>prteterita</strong></span> <span class='ocrx_word' id='word_1_433' title='bbox 2622 2677 2811 2732; x_wconf 84' lang='lat' dir='ltr'><strong>vocula</strong></span> <span class='ocrx_word' id='word_1_434' title='bbox 2872 2678 3222 2751; x_wconf 83' lang='lat' dir='ltr'><strong>llaceltlama,</strong></span> <span class='ocrx_word' id='word_1_435' title='bbox 3246 2695 3459 2741; x_wconf 76' lang='lat' dir='ltr'><strong>uocatus</strong></span> <span class='ocrx_word' id='word_1_436' title='bbox 3483 2696 3554 2742; x_wconf 86' lang='lat' dir='ltr'><strong>est</strong></span> <span class='ocrx_word' id='word_1_437' title='bbox 3578 2705 3720 2760; x_wconf 68' lang='lat' dir='ltr'><strong>ager-</strong></span> 
     </span>
    </p>
   </div>
   <div class='ocr_carea' id='block_1_56' title="bbox 2097 2764 3700 2851">
    <p class='ocr_par' dir='ltr' id='par_1_56' title="bbox 2097 2764 3700 2851">
     <span class='ocr_line' id='line_1_56' title="bbox 2097 2764 3700 2851; baseline 0.011 -36"><span class='ocrx_word' id='word_1_438' title='bbox 2097 2764 2394 2833; x_wconf 85' lang='lat' dir='ltr'><strong>sanguinis.</strong></span> <span class='ocrx_word' id='word_1_439' title='bbox 2423 2765 2560 2820; x_wconf 84' lang='lat' dir='ltr'><strong>Tum</strong></span> <span class='ocrx_word' id='word_1_440' title='bbox 2587 2767 2828 2838; x_wconf 89' lang='lat' dir='ltr'><strong>ejusdem</strong></span> <span class='ocrx_word' id='word_1_441' title='bbox 2859 2787 3045 2840; x_wconf 80' lang='lat' dir='ltr'><strong>xxvu,</strong></span> <span class='ocrx_word' id='word_1_442' title='bbox 3074 2775 3146 2829; x_wconf 82' lang='grc'><strong>55</strong></span> <span class='ocrx_word' id='word_1_443' title='bbox 3164 2816 3179 2840; x_wconf 88' lang='grc'><strong>,</strong></span> <span class='ocrx_word' id='word_1_444' title='bbox 3211 2775 3417 2847; x_wconf 81' lang='lat' dir='ltr'><strong>integra</strong></span> <span class='ocrx_word' id='word_1_445' title='bbox 3439 2779 3700 2851; x_wconf 86' lang='lat' dir='ltr'><strong>pericope</strong></span> 
     </span>
    </p>
   </div>
   <div class='ocr_carea' id='block_1_57' title="bbox 2098 2851 3698 2939">
    <p class='ocr_par' dir='ltr' id='par_1_57' title="bbox 2098 2851 3698 2939">
     <span class='ocr_line' id='line_1_57' title="bbox 2098 2851 3698 2939; baseline 0.011 -34"><span class='ocrx_word' id='word_1_446' title='bbox 2098 2851 2222 2919; x_wconf 85' lang='lat' dir='ltr'><strong>illa,</strong></span> <span class='ocrx_word' id='word_1_447' title='bbox 2252 2863 2305 2908; x_wconf 90' lang='lat' dir='ltr'><strong>ut</strong></span> <span class='ocrx_word' id='word_1_448' title='bbox 2344 2855 2644 2926; x_wconf 85' lang='lat' dir='ltr'><strong>impleretur</strong></span> <span class='ocrx_word' id='word_1_449' title='bbox 2669 2861 2806 2929; x_wconf 86' lang='lat' dir='ltr'><strong>quod</strong></span> <span class='ocrx_word' id='word_1_450' title='bbox 2846 2861 3040 2915; x_wconf 81' lang='lat' dir='ltr'><strong>dictant</strong></span> <span class='ocrx_word' id='word_1_451' title='bbox 3087 2873 3162 2918; x_wconf 89' lang='lat' dir='ltr'><strong>est</strong></span> <span class='ocrx_word' id='word_1_452' title='bbox 3207 2882 3300 2935; x_wconf 87' lang='lat' dir='ltr'><strong>per</strong></span> <span class='ocrx_word' id='word_1_453' title='bbox 3343 2863 3656 2939; x_wconf 83' lang='lat' dir='ltr'><strong>Prophetam</strong></span> <span class='ocrx_word' id='word_1_454' title='bbox 3680 2909 3698 2937; x_wconf 92' lang='lat'><strong>,</strong></span> 
     </span>
    </p>
   </div>
   <div class='ocr_carea' id='block_1_58' title="bbox 2087 2943 3703 3037">
    <p class='ocr_par' dir='ltr' id='par_1_58' title="bbox 2087 2943 3703 3037">
     <span class='ocr_line' id='line_1_58' title="bbox 2087 2943 3703 3037; baseline 0.014 -40"><span class='ocrx_word' id='word_1_455' title='bbox 2087 2943 2391 3002; x_wconf 38' lang='lat' dir='ltr'><strong>.Diviserttnt</strong></span> <span class='ocrx_word' id='word_1_456' title='bbox 2438 2951 2565 3018; x_wconf 84' lang='lat' dir='ltr'><strong>sibi,</strong></span> <span class='ocrx_word' id='word_1_457' title='bbox 2603 2962 2708 3008; x_wconf 85' lang='lat' dir='ltr'><strong>etc.</strong></span> <span class='ocrx_word' id='word_1_458' title='bbox 2738 2953 2823 3010; x_wconf 91' lang='lat' dir='ltr'><strong>Uti</strong></span> <span class='ocrx_word' id='word_1_459' title='bbox 2871 2955 3032 3014; x_wconf 78' lang='lat' dir='ltr'><strong>etiam</strong></span> <span class='ocrx_word' id='word_1_460' title='bbox 3081 2973 3205 3025; x_wconf 84' lang='lat' dir='ltr'><strong>vni,</strong></span> <span class='ocrx_word' id='word_1_461' title='bbox 3237 2959 3307 3028; x_wconf 87' lang='lat'><strong>9,</strong></span> <span class='ocrx_word' id='word_1_462' title='bbox 3355 2979 3476 3017; x_wconf 89' lang='lat' dir='ltr'><strong>nam</strong></span> <span class='ocrx_word' id='word_1_463' title='bbox 3517 2974 3566 3018; x_wconf 77' lang='lat' dir='ltr'><strong>et</strong></span> <span class='ocrx_word' id='word_1_464' title='bbox 3611 2951 3703 3037; x_wconf 73' lang='lat' dir='ltr'><strong>ego</strong></span> 
     </span>
    </p>
   </div>
   <div class='ocr_carea' id='block_1_59' title="bbox 2097 3037 3700 3120">
    <p class='ocr_par' dir='ltr' id='par_1_59' title="bbox 2097 3037 3700 3120">
     <span class='ocr_line' id='line_1_59' title="bbox 2097 3037 3700 3120; baseline 0.017 -30"><span class='ocrx_word' id='word_1_465' title='bbox 2097 3037 2251 3094; x_wconf 86' lang='lat' dir='ltr'><strong>homo</strong></span> <span class='ocrx_word' id='word_1_466' title='bbox 2289 3059 2403 3095; x_wconf 88' lang='lat' dir='ltr'><strong>sum</strong></span> <span class='ocrx_word' id='word_1_467' title='bbox 2444 3045 2536 3098; x_wconf 86' lang='lat' dir='ltr'><strong>sub</strong></span> <span class='ocrx_word' id='word_1_468' title='bbox 2568 3056 2816 3115; x_wconf 83' lang='lat' dir='ltr'><strong>potestate</strong></span> <span class='ocrx_word' id='word_1_469' title='bbox 2852 3051 3189 3120; x_wconf 86' lang='lat' dir='ltr'><strong>constitutus,</strong></span> <span class='ocrx_word' id='word_1_470' title='bbox 3225 3055 3425 3111; x_wconf 87' lang='lat' dir='ltr'><strong>omissa</strong></span> <span class='ocrx_word' id='word_1_471' title='bbox 3477 3064 3604 3114; x_wconf 66' lang='lat' dir='ltr'><strong>sunt</strong></span> <span class='ocrx_word' id='word_1_472' title='bbox 3647 3059 3700 3118; x_wconf 89' lang='lat' dir='ltr'><strong>in</strong></span> 
     </span>
    </p>
   </div>
   <div class='ocr_carea' id='block_1_60' title="bbox 392 3124 3698 3213">
    <p class='ocr_par' dir='ltr' id='par_1_60' title="bbox 392 3124 3698 3213">
     <span class='ocr_line' id='line_1_60' title="bbox 392 3124 3698 3213; baseline 0.008 -32"><span class='ocrx_word' id='word_1_473' title='bbox 392 3140 560 3196; x_wconf 72' lang='lat' dir='ltr'><strong>fuisse</strong></span> <span class='ocrx_word' id='word_1_474' title='bbox 594 3155 624 3195; x_wconf 70' lang='grc' dir='ltr'><strong>ει</strong></span> <span class='ocrx_word' id='word_1_475' title='bbox 665 3140 828 3211; x_wconf 81' lang='lat' dir='ltr'><strong>Papia</strong></span> <span class='ocrx_word' id='word_1_476' title='bbox 849 3180 863 3206; x_wconf 85' lang='lat'><strong>,</strong></span> <span class='ocrx_word' id='word_1_477' title='bbox 905 3139 1132 3208; x_wconf 79' lang='lat' dir='ltr'><strong>aliisque</strong></span> <span class='ocrx_word' id='word_1_478' title='bbox 1168 3136 1393 3195; x_wconf 81' lang='lat' dir='ltr'><strong>Joannis</strong></span> <span class='ocrx_word' id='word_1_479' title='bbox 1431 3135 1712 3204; x_wconf 87' lang='lat' dir='ltr'><strong>discipulis</strong></span> <span class='ocrx_word' id='word_1_480' title='bbox 1748 3133 1988 3205; x_wconf 83' lang='lat' dir='ltr'><strong>ejusdem</strong></span> <span class='ocrx_word' id='word_1_481' title='bbox 2017 3124 2065 3187; x_wconf 87' lang='lat' dir='ltr'><strong><em>C</em></strong></span> <span class='ocrx_word' id='word_1_482' title='bbox 2100 3143 2286 3188; x_wconf 91' lang='lat' dir='ltr'><strong>nostro</strong></span> <span class='ocrx_word' id='word_1_483' title='bbox 2306 3174 2322 3199; x_wconf 90' lang='lat'><strong>,</strong></span> <span class='ocrx_word' id='word_1_484' title='bbox 2353 3136 2446 3188; x_wconf 85' lang='lat' dir='ltr'><strong>sub</strong></span> <span class='ocrx_word' id='word_1_485' title='bbox 2475 3147 2721 3206; x_wconf 80' lang='lat' dir='ltr'><strong>potestate</strong></span> <span class='ocrx_word' id='word_1_486' title='bbox 2749 3143 3093 3209; x_wconf 83' lang='lat' dir='ltr'><strong>constitutus;</strong></span> <span class='ocrx_word' id='word_1_487' title='bbox 3121 3161 3238 3213; x_wconf 67' lang='lat' dir='ltr'><strong>quae</strong></span> <span class='ocrx_word' id='word_1_488' title='bbox 3265 3148 3448 3202; x_wconf 81' lang='lat' dir='ltr'><strong>versio</strong></span> <span class='ocrx_word' id='word_1_489' title='bbox 3467 3147 3698 3208; x_wconf 85' lang='lat' dir='ltr'><strong>Gothica</strong></span> 
     </span>
    </p>
   </div>
   <div class='ocr_carea' id='block_1_61' title="bbox 387 3228 1990 3306">
    <p class='ocr_par' dir='ltr' id='par_1_61' title="bbox 387 3228 1990 3306">
     <span class='ocr_line' id='line_1_61' title="bbox 387 3228 1990 3306; baseline -0.006 -14"><span class='ocrx_word' id='word_1_490' title='bbox 387 3235 679 3306; x_wconf 82' lang='lat' dir='ltr'><strong>Evangelio</strong></span> <span class='ocrx_word' id='word_1_491' title='bbox 696 3275 712 3302; x_wconf 95' lang='lat'><strong>,</strong></span> <span class='ocrx_word' id='word_1_492' title='bbox 745 3243 800 3291; x_wconf 92' lang='lat' dir='ltr'><strong>et</strong></span> <span class='ocrx_word' id='word_1_493' title='bbox 821 3232 896 3299; x_wconf 79' lang='lat' dir='ltr'><strong>ab</strong></span> <span class='ocrx_word' id='word_1_494' title='bbox 918 3231 1156 3295; x_wconf 86' lang='lat' dir='ltr'><strong>Ecclesia</strong></span> <span class='ocrx_word' id='word_1_495' title='bbox 1185 3231 1460 3302; x_wconf 73' lang='lat' dir='ltr'><strong>probatam</strong></span> <span class='ocrx_word' id='word_1_496' title='bbox 1485 3246 1497 3282; x_wconf 91' lang='lat'>:</span> <span class='ocrx_word' id='word_1_497' title='bbox 1521 3228 1664 3300; x_wconf 86' lang='lat' dir='ltr'><strong>quod</strong></span> <span class='ocrx_word' id='word_1_498' title='bbox 1683 3228 1814 3284; x_wconf 88' lang='lat' dir='ltr'><strong>satis</strong></span> <span class='ocrx_word' id='word_1_499' title='bbox 1839 3236 1990 3282; x_wconf 88' lang='lat' dir='ltr'><strong>certo</strong></span> 
     </span>
    </p>
   </div>
   <div class='ocr_carea' id='block_1_62' title="bbox 389 3319 1992 3392">
    <p class='ocr_par' dir='ltr' id='par_1_62' title="bbox 389 3319 1992 3392">
     <span class='ocr_line' id='line_1_62' title="bbox 389 3319 1992 3392; baseline -0.006 -9"><span class='ocrx_word' id='word_1_500' title='bbox 389 3327 704 3384; x_wconf 77' lang='lat' dir='ltr'><strong>testimonio</strong></span> <span class='ocrx_word' id='word_1_501' title='bbox 748 3333 1021 3384; x_wconf 86' lang='lat' dir='ltr'><strong>constaret</strong></span> <span class='ocrx_word' id='word_1_502' title='bbox 1050 3325 1117 3384; x_wconf 82' lang='lat' dir='ltr'><strong>ab</strong></span> <span class='ocrx_word' id='word_1_503' title='bbox 1159 3322 1419 3392; x_wconf 85' lang='lat' dir='ltr'><strong>apostolis</strong></span> <span class='ocrx_word' id='word_1_504' title='bbox 1459 3321 1730 3392; x_wconf 74' lang='lat' dir='ltr'><strong>traditam.</strong></span> <span class='ocrx_word' id='word_1_505' title='bbox 1763 3319 1896 3376; x_wconf 86' lang='lat' dir='ltr'><strong>Nam</strong></span> <span class='ocrx_word' id='word_1_506' title='bbox 1936 3327 1992 3375; x_wconf 91' lang='lat' dir='ltr'><strong>et</strong></span> 
     </span>
    </p>
   </div>
   <div class='ocr_carea' id='block_1_63' title="bbox 391 3396 1992 3488">
    <p class='ocr_par' dir='ltr' id='par_1_63' title="bbox 391 3396 1992 3488">
     <span class='ocr_line' id='line_1_63' title="bbox 391 3396 1992 3488; baseline -0.007 -13"><span class='ocrx_word' id='word_1_507' title='bbox 391 3396 546 3475; x_wconf 84' lang='lat' dir='ltr'><strong>nullo</strong></span> <span class='ocrx_word' id='word_1_508' title='bbox 577 3417 798 3473; x_wconf 92' lang='lat' dir='ltr'><strong>omnino</strong></span> <span class='ocrx_word' id='word_1_509' title='bbox 826 3415 1180 3488; x_wconf 78' lang='lat' dir='ltr'><strong>fundamento</strong></span> <span class='ocrx_word' id='word_1_510' title='bbox 1209 3412 1397 3468; x_wconf 83' lang='lat' dir='ltr'><strong>nititur</strong></span> <span class='ocrx_word' id='word_1_511' title='bbox 1421 3412 1732 3483; x_wconf 80' lang='lat' dir='ltr'><strong>c0njcctttra</strong></span> <span class='ocrx_word' id='word_1_512' title='bbox 1765 3412 1902 3475; x_wconf 82' lang='lat' dir='ltr'><strong>ista;</strong></span> <span class='ocrx_word' id='word_1_513' title='bbox 1936 3419 1992 3466; x_wconf 85' lang='lat' dir='ltr'><strong>et</strong></span> 
     </span>
    </p>
   </div>
   <div class='ocr_carea' id='block_1_64' title="bbox 389 3502 1986 3580">
    <p class='ocr_par' dir='ltr' id='par_1_64' title="bbox 389 3502 1986 3580">
     <span class='ocr_line' id='line_1_64' title="bbox 389 3502 1986 3580; baseline -0.009 -10"><span class='ocrx_word' id='word_1_514' title='bbox 389 3525 474 3570; x_wconf 87' lang='lat' dir='ltr'><strong>cst</strong></span> <span class='ocrx_word' id='word_1_515' title='bbox 491 3514 658 3574; x_wconf 84' lang='lat' dir='ltr'><strong>etiam</strong></span> <span class='ocrx_word' id='word_1_516' title='bbox 683 3525 772 3567; x_wconf 88' lang='lat' dir='ltr'><strong>res</strong></span> <span class='ocrx_word' id='word_1_517' title='bbox 795 3508 1018 3580; x_wconf 89' lang='lat' dir='ltr'><strong>periculi</strong></span> <span class='ocrx_word' id='word_1_518' title='bbox 1045 3508 1198 3577; x_wconf 89' lang='lat' dir='ltr'><strong>plena</strong></span> <span class='ocrx_word' id='word_1_519' title='bbox 1215 3545 1230 3571; x_wconf 92' lang='lat'><strong>,</strong></span> <span class='ocrx_word' id='word_1_520' title='bbox 1258 3505 1301 3561; x_wconf 86' lang='lat' dir='ltr'><strong>si</strong></span> <span class='ocrx_word' id='word_1_521' title='bbox 1326 3503 1453 3576; x_wconf 88' lang='lat' dir='ltr'><strong>quid</strong></span> <span class='ocrx_word' id='word_1_522' title='bbox 1472 3546 1486 3571; x_wconf 92' lang='lat'><strong>,</strong></span> <span class='ocrx_word' id='word_1_523' title='bbox 1511 3519 1609 3560; x_wconf 90' lang='lat' dir='ltr'><strong>ceu</strong></span> <span class='ocrx_word' id='word_1_524' title='bbox 1637 3502 1986 3568; x_wconf 88' lang='lat' dir='ltr'><strong>canonicum,</strong></span> 
     </span>
    </p>
   </div>
   <div class='ocr_carea' id='block_1_65' title="bbox 388 3597 1986 3676">
    <p class='ocr_par' dir='ltr' id='par_1_65' title="bbox 388 3597 1986 3676">
     <span class='ocr_line' id='line_1_65' title="bbox 388 3597 1986 3676; baseline -0.008 -13"><span class='ocrx_word' id='word_1_525' title='bbox 388 3609 508 3666; x_wconf 88' lang='lat' dir='ltr'><strong>addi</strong></span> <span class='ocrx_word' id='word_1_526' title='bbox 559 3622 589 3662; x_wconf 84' lang='lat' dir='ltr'><strong>a</strong></span> <span class='ocrx_word' id='word_1_527' title='bbox 636 3603 857 3676; x_wconf 83' lang='lat' dir='ltr'><strong>privatis</strong></span> <span class='ocrx_word' id='word_1_528' title='bbox 902 3600 1352 3673; x_wconf 83' lang='lat' dir='ltr'><strong>evangelistarutn</strong></span> <span class='ocrx_word' id='word_1_529' title='bbox 1407 3597 1650 3654; x_wconf 64' lang='lat' dir='ltr'><strong>historia:</strong></span> <span class='ocrx_word' id='word_1_530' title='bbox 1700 3597 1831 3654; x_wconf 91' lang='lat' dir='ltr'><strong>olim</strong></span> <span class='ocrx_word' id='word_1_531' title='bbox 1887 3611 1986 3666; x_wconf 88' lang='lat' dir='ltr'><strong>po-</strong></span> 
     </span>
    </p>
   </div>
   <div class='ocr_carea' id='block_1_66' title="bbox 390 3699 1820 3795">
    <p class='ocr_par' dir='ltr' id='par_1_66' title="bbox 390 3699 1820 3795">
     <span class='ocr_line' id='line_1_66' title="bbox 390 3699 1820 3795; baseline -0.001 -37"><span class='ocrx_word' id='word_1_532' title='bbox 390 3704 561 3758; x_wconf 89' lang='lat' dir='ltr'><strong>tuisse</strong></span> <span class='ocrx_word' id='word_1_533' title='bbox 588 3699 895 3769; x_wconf 82' lang='lat' dir='ltr'><strong>credamus.</strong></span> <span class='ocrx_word' id='word_1_534' title='bbox 1401 3788 1413 3795; x_wconf 41' lang='lat'><em>.</em></span> <span class='ocrx_word' id='word_1_535' title='bbox 1490 3786 1504 3795; x_wconf 64' lang='lat'><em>_</em></span> <span class='ocrx_word' id='word_1_536' title='bbox 1808 3783 1820 3795; x_wconf 40' lang='lat'><em>.</em></span> 
     </span>
    </p>
   </div>
   <div class='ocr_carea' id='block_1_67' title="bbox 463 3785 1982 3856">
    <p class='ocr_par' dir='ltr' id='par_1_67' title="bbox 463 3785 1982 3856">
     <span class='ocr_line' id='line_1_67' title="bbox 463 3785 1982 3856; baseline -0.008 -6"><span class='ocrx_word' id='word_1_537' title='bbox 463 3795 657 3850; x_wconf 76' lang='lat' dir='ltr'><strong>blillius</strong></span> <span class='ocrx_word' id='word_1_538' title='bbox 686 3793 754 3846; x_wconf 90' lang='lat' dir='ltr'><strong>ad</strong></span> <span class='ocrx_word' id='word_1_539' title='bbox 778 3791 920 3846; x_wconf 89' lang='lat' dir='ltr'><strong>hunc</strong></span> <span class='ocrx_word' id='word_1_540' title='bbox 947 3790 1126 3846; x_wconf 85' lang='lat' dir='ltr'><strong>locum</strong></span> <span class='ocrx_word' id='word_1_541' title='bbox 1146 3830 1161 3855; x_wconf 91' lang='lat'><strong>,</strong></span> <span class='ocrx_word' id='word_1_542' title='bbox 1187 3788 1464 3844; x_wconf 72' lang='lat' dir='ltr'><strong>memoriae</strong></span> <span class='ocrx_word' id='word_1_543' title='bbox 1490 3786 1642 3856; x_wconf 86' lang='lat' dir='ltr'><strong>lapsu</strong></span> <span class='ocrx_word' id='word_1_544' title='bbox 1662 3826 1676 3850; x_wconf 96' lang='lat'><strong>,</strong></span> <span class='ocrx_word' id='word_1_545' title='bbox 1706 3785 1982 3849; x_wconf 74' lang='lat' dir='ltr'><strong>extitisse,</strong></span> 
     </span>
    </p>
   </div>
   <div class='ocr_carea' id='block_1_68' title="bbox 370 3867 1988 3959">
    <p class='ocr_par' dir='ltr' id='par_1_68' title="bbox 370 3867 1988 3959">
     <span class='ocr_line' id='line_1_68' title="bbox 370 3867 1988 3959; baseline -0.011 -12"><span class='ocrx_word' id='word_1_546' title='bbox 370 3887 596 3959; x_wconf 78' lang='lat' dir='ltr'><strong>inquit,</strong></span> <span class='ocrx_word' id='word_1_547' title='bbox 629 3867 909 3940; x_wconf 85' lang='lat' dir='ltr'><strong>historiam</strong></span> <span class='ocrx_word' id='word_1_548' title='bbox 947 3881 1087 3937; x_wconf 85' lang='lat' dir='ltr'><strong>hanc</strong></span> <span class='ocrx_word' id='word_1_549' title='bbox 1127 3881 1180 3934; x_wconf 88' lang='lat' dir='ltr'><strong>in</strong></span> <span class='ocrx_word' id='word_1_550' title='bbox 1223 3877 1518 3948; x_wconf 78' lang='lat' dir='ltr'><strong>Evangelia</strong></span> <span class='ocrx_word' id='word_1_551' title='bbox 1544 3875 1840 3934; x_wconf 81' lang='lat' dir='ltr'><strong>secundum</strong></span> <span class='ocrx_word' id='word_1_552' title='bbox 1881 3874 1988 3930; x_wconf 86' lang='lat' dir='ltr'><strong>He-</strong></span> 
     </span>
    </p>
   </div>
   <div class='ocr_carea' id='block_1_69' title="bbox 383 3970 1986 4052">
    <p class='ocr_par' dir='ltr' id='par_1_69' title="bbox 383 3970 1986 4052">
     <span class='ocr_line' id='line_1_69' title="bbox 383 3970 1986 4052; baseline -0.007 -16"><span class='ocrx_word' id='word_1_553' title='bbox 383 3984 564 4046; x_wconf 81' lang='lat' dir='ltr'><strong>braeos</strong></span> <span class='ocrx_word' id='word_1_554' title='bbox 589 3998 602 4035; x_wconf 89' lang='lat'><strong>:</strong></span> <span class='ocrx_word' id='word_1_555' title='bbox 632 3987 689 4034; x_wconf 90' lang='lat' dir='ltr'><strong>et</strong></span> <span class='ocrx_word' id='word_1_556' title='bbox 712 3975 908 4032; x_wconf 77' lang='lat' dir='ltr'><strong>exinde</strong></span> <span class='ocrx_word' id='word_1_557' title='bbox 930 3974 1059 4040; x_wconf 82' lang='lat' dir='ltr'><strong>huic</strong></span> <span class='ocrx_word' id='word_1_558' title='bbox 1081 3981 1271 4052; x_wconf 77' lang='lat' dir='ltr'><strong>nostro</strong></span> <span class='ocrx_word' id='word_1_559' title='bbox 1300 3981 1534 4026; x_wconf 88' lang='lat' dir='ltr'><strong>assutam</strong></span> <span class='ocrx_word' id='word_1_560' title='bbox 1564 3985 1593 4023; x_wconf 91' lang='lat' dir='ltr'><strong>a</strong></span> <span class='ocrx_word' id='word_1_561' title='bbox 1619 3970 1778 4039; x_wconf 84' lang='lat' dir='ltr'><strong>Papia</strong></span> <span class='ocrx_word' id='word_1_562' title='bbox 1806 4010 1820 4034; x_wconf 94' lang='lat'><strong>,</strong></span> <span class='ocrx_word' id='word_1_563' title='bbox 1850 3977 1986 4025; x_wconf 90' lang='lat' dir='ltr'><strong>teste</strong></span> 
     </span>
    </p>
   </div>
   <div class='ocr_carea' id='block_1_70' title="bbox 387 4063 1987 4141">
    <p class='ocr_par' dir='ltr' id='par_1_70' title="bbox 387 4063 1987 4141">
     <span class='ocr_line' id='line_1_70' title="bbox 387 4063 1987 4141; baseline -0.009 -7"><span class='ocrx_word' id='word_1_564' title='bbox 387 4076 656 4141; x_wconf 88' lang='lat' dir='ltr'><strong>Eusebio,</strong></span> <span class='ocrx_word' id='word_1_565' title='bbox 687 4073 751 4136; x_wconf 81' lang='lat' dir='ltr'><strong>ll.</strong></span> <span class='ocrx_word' id='word_1_566' title='bbox 777 4071 843 4127; x_wconf 83' lang='lat' dir='ltr'><strong>E.</strong></span> <span class='ocrx_word' id='word_1_567' title='bbox 867 4086 921 4125; x_wconf 87' lang='lat' dir='ltr'><strong>tn</strong></span> <span class='ocrx_word' id='word_1_568' title='bbox 940 4111 955 4138; x_wconf 96' lang='lat'><strong>,</strong></span> <span class='ocrx_word' id='word_1_569' title='bbox 983 4070 1076 4125; x_wconf 80' lang='grc'><strong>59.</strong></span> <span class='ocrx_word' id='word_1_570' title='bbox 1104 4067 1244 4122; x_wconf 84' lang='lat' dir='ltr'><strong>Nihil</strong></span> <span class='ocrx_word' id='word_1_571' title='bbox 1268 4066 1411 4120; x_wconf 88' lang='lat' dir='ltr'><strong>enim</strong></span> <span class='ocrx_word' id='word_1_572' title='bbox 1438 4064 1508 4119; x_wconf 89' lang='lat' dir='ltr'><strong>de</strong></span> <span class='ocrx_word' id='word_1_573' title='bbox 1530 4063 1635 4118; x_wconf 88' lang='lat' dir='ltr'><strong>hoc</strong></span> <span class='ocrx_word' id='word_1_574' title='bbox 1675 4072 1987 4119; x_wconf 88' lang='lat' dir='ltr'><strong>assumento</strong></span> 
     </span>
    </p>
   </div>
   <div class='ocr_carea' id='block_1_71' title="bbox 386 4144 1983 4241">
    <p class='ocr_par' dir='ltr' id='par_1_71' title="bbox 386 4144 1983 4241">
     <span class='ocr_line' id='line_1_71' title="bbox 386 4144 1983 4241; baseline -0.01 -16"><span class='ocrx_word' id='word_1_575' title='bbox 386 4169 528 4241; x_wconf 89' lang='lat' dir='ltr'><strong>apud</strong></span> <span class='ocrx_word' id='word_1_576' title='bbox 560 4166 881 4230; x_wconf 84' lang='lat' dir='ltr'><strong>Eusebium,</strong></span> <span class='ocrx_word' id='word_1_577' title='bbox 913 4144 1004 4233; x_wconf 85' lang='lat' dir='ltr'><strong>qui</strong></span> <span class='ocrx_word' id='word_1_578' title='bbox 1035 4168 1295 4231; x_wconf 63' lang='lat' dir='ltr'><strong>praeterea</strong></span> <span class='ocrx_word' id='word_1_579' title='bbox 1334 4173 1433 4227; x_wconf 92' lang='lat' dir='ltr'><strong>pro</strong></span> <span class='ocrx_word' id='word_1_580' title='bbox 1460 4156 1684 4212; x_wconf 91' lang='lat' dir='ltr'><strong>muliere</strong></span> <span class='ocrx_word' id='word_1_581' title='bbox 1712 4154 1983 4223; x_wconf 88' lang='lat' dir='ltr'><strong>adultera,</strong></span> 
     </span>
    </p>
   </div>
   <div class='ocr_carea' id='block_1_72' title="bbox 387 4250 1987 4328">
    <p class='ocr_par' dir='ltr' id='par_1_72' title="bbox 387 4250 1987 4328">
     <span class='ocr_line' id='line_1_72' title="bbox 387 4250 1987 4328; baseline -0.009 -11"><span class='ocrx_word' id='word_1_582' title='bbox 387 4263 658 4328; x_wconf 69' lang='lat' dir='ltr'><strong>toantinam</strong></span> <span class='ocrx_word' id='word_1_583' title='bbox 685 4257 846 4314; x_wconf 88' lang='lat' dir='ltr'><strong>aliam</strong></span> <span class='ocrx_word' id='word_1_584' title='bbox 875 4256 1167 4312; x_wconf 88' lang='lat' dir='ltr'><strong>multorum</strong></span> <span class='ocrx_word' id='word_1_585' title='bbox 1208 4250 1494 4308; x_wconf 90' lang='lat' dir='ltr'><strong>criminum</strong></span> <span class='ocrx_word' id='word_1_586' title='bbox 1527 4264 1672 4305; x_wconf 89' lang='lat' dir='ltr'><strong>ream</strong></span> <span class='ocrx_word' id='word_1_587' title='bbox 1704 4264 1812 4304; x_wconf 90' lang='lat' dir='ltr'><strong>non</strong></span> <span class='ocrx_word' id='word_1_588' title='bbox 1837 4263 1987 4304; x_wconf 89' lang='lat' dir='ltr'><strong>com-</strong></span> 
     </span>
    </p>
   </div>
   <div class='ocr_carea' id='block_1_73' title="bbox 387 4361 764 4416">
    <p class='ocr_par' dir='ltr' id='par_1_73' title="bbox 387 4361 764 4416">
     <span class='ocr_line' id='line_1_73' title="bbox 387 4361 764 4416; baseline -0.016 -6"><span class='ocrx_word' id='word_1_589' title='bbox 387 4361 764 4416; x_wconf 80' lang='lat' dir='ltr'><strong>memorasset.</strong></span> 
     </span>
    </p>
   </div>
   <div class='ocr_carea' id='block_1_74' title="bbox 455 4413 1984 4506">
    <p class='ocr_par' dir='ltr' id='par_1_74' title="bbox 455 4413 1984 4506">
     <span class='ocr_line' id='line_1_74' title="bbox 455 4413 1984 4506; baseline -0.011 -5"><span class='ocrx_word' id='word_1_590' title='bbox 455 4413 702 4502; x_wconf 69' lang='lat' dir='ltr'><strong>Clericus</strong></span> <span class='ocrx_word' id='word_1_591' title='bbox 723 4441 948 4498; x_wconf 86' lang='lat' dir='ltr'><strong>miratur</strong></span> <span class='ocrx_word' id='word_1_592' title='bbox 977 4434 1372 4494; x_wconf 85' lang='lat' dir='ltr'><strong>Hammondum</strong></span> <span class='ocrx_word' id='word_1_593' title='bbox 1395 4474 1411 4499; x_wconf 91' lang='lat'><strong>,</strong></span> <span class='ocrx_word' id='word_1_594' title='bbox 1438 4431 1609 4506; x_wconf 79' lang='lat' dir='ltr'><strong>Cretii</strong></span> <span class='ocrx_word' id='word_1_595' title='bbox 1639 4431 1984 4501; x_wconf 88' lang='lat' dir='ltr'><strong>conjecturas</strong></span> 
     </span>
    </p>
   </div>
   <div class='ocr_carea' id='block_1_75' title="bbox 2095 3224 3699 3312">
    <p class='ocr_par' dir='ltr' id='par_1_75' title="bbox 2095 3224 3699 3312">
     <span class='ocr_line' id='line_1_75' title="bbox 2095 3224 3699 3312; baseline 0.012 -34"><span class='ocrx_word' id='word_1_596' title='bbox 2095 3224 2344 3282; x_wconf 90' lang='lat' dir='ltr'><strong>similiter</strong></span> <span class='ocrx_word' id='word_1_597' title='bbox 2385 3231 2663 3297; x_wconf 73' lang='lat' dir='ltr'><strong>praeteriit.</strong></span> <span class='ocrx_word' id='word_1_598' title='bbox 2695 3231 2803 3287; x_wconf 90' lang='lat' dir='ltr'><strong>Sed</strong></span> <span class='ocrx_word' id='word_1_599' title='bbox 2829 3232 3072 3290; x_wconf 74' lang='lat' dir='ltr'><strong>delectus</strong></span> <span class='ocrx_word' id='word_1_600' title='bbox 3103 3236 3190 3291; x_wconf 87' lang='lat' dir='ltr'><strong>isti</strong></span> <span class='ocrx_word' id='word_1_601' title='bbox 3216 3277 3233 3303; x_wconf 92' lang='lat'><strong>,</strong></span> <span class='ocrx_word' id='word_1_602' title='bbox 3276 3254 3505 3309; x_wconf 90' lang='lat' dir='ltr'><strong>quorum</strong></span> <span class='ocrx_word' id='word_1_603' title='bbox 3533 3242 3699 3312; x_wconf 86' lang='lat' dir='ltr'><strong>pleri-</strong></span> 
     </span>
    </p>
   </div>
   <div class='ocr_carea' id='block_1_76' title="bbox 2094 3319 3699 3393">
    <p class='ocr_par' dir='ltr' id='par_1_76' title="bbox 2094 3319 3699 3393">
     <span class='ocr_line' id='line_1_76' title="bbox 2094 3319 3699 3393; baseline 0.014 -24"><span class='ocrx_word' id='word_1_604' title='bbox 2094 3330 2200 3386; x_wconf 88' lang='lat' dir='ltr'><strong>que</strong></span> <span class='ocrx_word' id='word_1_605' title='bbox 2223 3319 2587 3388; x_wconf 86' lang='lat' dir='ltr'><strong>antiquissimi</strong></span> <span class='ocrx_word' id='word_1_606' title='bbox 2612 3334 2771 3391; x_wconf 88' lang='lat' dir='ltr'><strong>sunt,</strong></span> <span class='ocrx_word' id='word_1_607' title='bbox 2804 3333 2914 3380; x_wconf 89' lang='lat' dir='ltr'><strong>tum</strong></span> <span class='ocrx_word' id='word_1_608' title='bbox 2945 3325 3033 3382; x_wconf 91' lang='lat' dir='ltr'><strong>alii</strong></span> <span class='ocrx_word' id='word_1_609' title='bbox 3070 3329 3232 3384; x_wconf 88' lang='lat' dir='ltr'><strong>etiam</strong></span> <span class='ocrx_word' id='word_1_610' title='bbox 3258 3332 3470 3389; x_wconf 88' lang='lat' dir='ltr'><strong>erudito</strong></span> <span class='ocrx_word' id='word_1_611' title='bbox 3506 3334 3699 3393; x_wconf 81' lang='lat' dir='ltr'><strong>lectori</strong></span> 
     </span>
    </p>
   </div>
   <div class='ocr_carea' id='block_1_77' title="bbox 2093 3408 3698 3491">
    <p class='ocr_par' dir='ltr' id='par_1_77' title="bbox 2093 3408 3698 3491">
     <span class='ocr_line' id='line_1_77' title="bbox 2093 3408 3698 3491; baseline 0.016 -31"><span class='ocrx_word' id='word_1_612' title='bbox 2093 3408 2273 3462; x_wconf 90' lang='lat' dir='ltr'><strong>statim</strong></span> <span class='ocrx_word' id='word_1_613' title='bbox 2301 3412 2590 3478; x_wconf 79' lang='lat' dir='ltr'><strong>patebunt:</strong></span> <span class='ocrx_word' id='word_1_614' title='bbox 2624 3431 2730 3470; x_wconf 91' lang='lat' dir='ltr'><strong>non</strong></span> <span class='ocrx_word' id='word_1_615' title='bbox 2760 3431 2921 3473; x_wconf 90' lang='lat' dir='ltr'><strong>secus</strong></span> <span class='ocrx_word' id='word_1_616' title='bbox 2951 3429 3112 3491; x_wconf 90' lang='lat' dir='ltr'><strong>atque</strong></span> <span class='ocrx_word' id='word_1_617' title='bbox 3150 3435 3524 3482; x_wconf 87' lang='lat' dir='ltr'><strong>assumcnttlm</strong></span> <span class='ocrx_word' id='word_1_618' title='bbox 3562 3427 3698 3485; x_wconf 87' lang='lat' dir='ltr'><strong>illud</strong></span> 
     </span>
    </p>
   </div>
   <div class='ocr_carea' id='block_1_78' title="bbox 2093 3501 3482 3586">
    <p class='ocr_par' dir='ltr' id='par_1_78' title="bbox 2093 3501 3482 3586">
     <span class='ocr_line' id='line_1_78' title="bbox 2093 3501 3482 3586; baseline 0.014 -31"><span class='ocrx_word' id='word_1_619' title='bbox 2093 3501 2254 3556; x_wconf 84' lang='lat' dir='ltr'><strong>Lucae</strong></span> <span class='ocrx_word' id='word_1_620' title='bbox 2283 3519 2365 3571; x_wconf 76' lang='grc' dir='ltr'><strong>ιιι,</strong></span> <span class='ocrx_word' id='word_1_621' title='bbox 2397 3505 2468 3560; x_wconf 80' lang='lat'><strong>56</strong></span> <span class='ocrx_word' id='word_1_622' title='bbox 2489 3547 2503 3568; x_wconf 92' lang='lat'><strong>,</strong></span> <span class='ocrx_word' id='word_1_623' title='bbox 2533 3515 2588 3562; x_wconf 86' lang='lat' dir='ltr'><strong>et</strong></span> <span class='ocrx_word' id='word_1_624' title='bbox 2624 3523 2748 3574; x_wconf 70' lang='grc' dir='ltr'><strong>χιιι,</strong></span> <span class='ocrx_word' id='word_1_625' title='bbox 2783 3511 2879 3577; x_wconf 87' lang='lat' dir='ltr'><strong>l7,</strong></span> <span class='ocrx_word' id='word_1_626' title='bbox 2911 3512 3124 3584; x_wconf 85' lang='lat' dir='ltr'><strong>aliaque</strong></span> <span class='ocrx_word' id='word_1_627' title='bbox 3153 3514 3482 3586; x_wconf 85' lang='lat' dir='ltr'><strong>hujusmodi.</strong></span> 
     </span>
    </p>
   </div>
   <div class='ocr_carea' id='block_1_79' title="bbox 2115 3586 3696 3678">
    <p class='ocr_par' dir='ltr' id='par_1_79' title="bbox 2115 3586 3696 3678">
     <span class='ocr_line' id='line_1_79' title="bbox 2115 3586 3696 3678; baseline 0.015 -31"><span class='ocrx_word' id='word_1_628' title='bbox 2115 3586 2124 3590; x_wconf 65' lang='grc'><em>’</em></span> <span class='ocrx_word' id='word_1_629' title='bbox 2165 3593 2369 3650; x_wconf 86' lang='lat' dir='ltr'><strong>Addant</strong></span> <span class='ocrx_word' id='word_1_630' title='bbox 2398 3599 2682 3655; x_wconf 89' lang='lat' dir='ltr'><strong>lectionem</strong></span> <span class='ocrx_word' id='word_1_631' title='bbox 2705 3610 2965 3673; x_wconf 86' lang='lat' dir='ltr'><strong>argenteo</strong></span> <span class='ocrx_word' id='word_1_632' title='bbox 2985 3605 3157 3662; x_wconf 91' lang='lat' dir='ltr'><strong>codici</strong></span> <span class='ocrx_word' id='word_1_633' title='bbox 3188 3609 3511 3678; x_wconf 89' lang='lat' dir='ltr'><strong>peculiarem</strong></span> <span class='ocrx_word' id='word_1_634' title='bbox 3536 3603 3696 3671; x_wconf 74' lang='lat' dir='ltr'><strong>Lucae</strong></span> 
     </span>
    </p>
   </div>
   <div class='ocr_carea' id='block_1_80' title="bbox 2092 3689 3696 3778">
    <p class='ocr_par' dir='ltr' id='par_1_80' title="bbox 2092 3689 3696 3778">
     <span class='ocr_line' id='line_1_80' title="bbox 2092 3689 3696 3778; baseline 0.014 -37"><span class='ocrx_word' id='word_1_635' title='bbox 2092 3703 2218 3752; x_wconf 77' lang='grc' dir='ltr'><strong>χιιι,</strong></span> <span class='ocrx_word' id='word_1_636' title='bbox 2245 3689 2335 3746; x_wconf 74' lang='lat'><strong>25.</strong></span> <span class='ocrx_word' id='word_1_637' title='bbox 2369 3691 2631 3762; x_wconf 82' lang='lat' dir='ltr'><strong>Vulgata:</strong></span> <span class='ocrx_word' id='word_1_638' title='bbox 2669 3693 2734 3748; x_wconf 80' lang='lat' dir='ltr'><strong>Et</strong></span> <span class='ocrx_word' id='word_1_639' title='bbox 2771 3696 2824 3750; x_wconf 90' lang='lat' dir='ltr'><strong>in</strong></span> <span class='ocrx_word' id='word_1_640' title='bbox 2853 3697 3002 3752; x_wconf 85' lang='lat' dir='ltr'><strong>terris</strong></span> <span class='ocrx_word' id='word_1_641' title='bbox 3027 3715 3262 3771; x_wconf 84' lang='lat' dir='ltr'><strong>pressum</strong></span> <span class='ocrx_word' id='word_1_642' title='bbox 3310 3704 3536 3773; x_wconf 86' lang='lat' dir='ltr'><strong>gentium</strong></span> <span class='ocrx_word' id='word_1_643' title='bbox 3584 3724 3696 3778; x_wconf 76' lang='lat' dir='ltr'><strong>pra:</strong></span> 
     </span>
    </p>
   </div>
   <div class='ocr_carea' id='block_1_81' title="bbox 2089 3781 3692 3862">
    <p class='ocr_par' dir='ltr' id='par_1_81' title="bbox 2089 3781 3692 3862">
     <span class='ocr_line' id='line_1_81' title="bbox 2089 3781 3692 3862; baseline 0.014 -27"><span class='ocrx_word' id='word_1_644' title='bbox 2089 3781 2393 3852; x_wconf 76' lang='lat' dir='ltr'><strong>confusione</strong></span> <span class='ocrx_word' id='word_1_645' title='bbox 2421 3786 2617 3839; x_wconf 82' lang='lat' dir='ltr'><strong>sonitus</strong></span> <span class='ocrx_word' id='word_1_646' title='bbox 2643 3789 2802 3841; x_wconf 81' lang='lat' dir='ltr'><strong>maris</strong></span> <span class='ocrx_word' id='word_1_647' title='bbox 2821 3829 2835 3853; x_wconf 94' lang='lat'><strong>,</strong></span> <span class='ocrx_word' id='word_1_648' title='bbox 2869 3799 2916 3842; x_wconf 85' lang='lat' dir='ltr'><strong>et</strong></span> <span class='ocrx_word' id='word_1_649' title='bbox 2943 3801 3110 3846; x_wconf 85' lang='lat' dir='ltr'><strong>motus</strong></span> <span class='ocrx_word' id='word_1_650' title='bbox 3135 3794 3390 3862; x_wconf 82' lang='lat' dir='ltr'><strong>fluctuum</strong></span> <span class='ocrx_word' id='word_1_651' title='bbox 3416 3811 3435 3850; x_wconf 91' lang='lat'><strong><em>:</em></strong></span> <span class='ocrx_word' id='word_1_652' title='bbox 3462 3805 3650 3855; x_wconf 73' lang='lat' dir='ltr'><strong>noster</strong></span> <span class='ocrx_word' id='word_1_653' title='bbox 3675 3817 3692 3857; x_wconf 90' lang='lat'><strong>:</strong></span> 
     </span>
    </p>
   </div>
   <div class='ocr_carea' id='block_1_82' title="bbox 2091 3873 3698 3954">
    <p class='ocr_par' dir='ltr' id='par_1_82' title="bbox 2091 3873 3698 3954">
     <span class='ocr_line' id='line_1_82' title="bbox 2091 3873 3698 3954; baseline 0.014 -26"><span class='ocrx_word' id='word_1_654' title='bbox 2091 3873 2160 3929; x_wconf 83' lang='lat' dir='ltr'><strong>Et</strong></span> <span class='ocrx_word' id='word_1_655' title='bbox 2186 3877 2238 3928; x_wconf 86' lang='lat' dir='ltr'><strong>in</strong></span> <span class='ocrx_word' id='word_1_656' title='bbox 2266 3885 2401 3930; x_wconf 90' lang='lat' dir='ltr'><strong>terra</strong></span> <span class='ocrx_word' id='word_1_657' title='bbox 2425 3893 2668 3934; x_wconf 83' lang='lat' dir='ltr'><strong>occursus</strong></span> <span class='ocrx_word' id='word_1_658' title='bbox 2694 3882 2924 3950; x_wconf 86' lang='lat' dir='ltr'><strong>gentium</strong></span> <span class='ocrx_word' id='word_1_659' title='bbox 2952 3885 3212 3940; x_wconf 69' lang='lat' dir='ltr'><strong>anxietate</strong></span> <span class='ocrx_word' id='word_1_660' title='bbox 3232 3929 3248 3954; x_wconf 92' lang='lat'><strong>,</strong></span> <span class='ocrx_word' id='word_1_661' title='bbox 3281 3897 3337 3942; x_wconf 87' lang='lat' dir='ltr'><strong>ut</strong></span> <span class='ocrx_word' id='word_1_662' title='bbox 3361 3889 3560 3947; x_wconf 88' lang='lat' dir='ltr'><strong>sonitus</strong></span> <span class='ocrx_word' id='word_1_663' title='bbox 3583 3885 3698 3949; x_wconf 83' lang='lat' dir='ltr'><strong>ma-</strong></span> 
     </span>
    </p>
   </div>
   <div class='ocr_carea' id='block_1_83' title="bbox 2089 3968 3695 4048">
    <p class='ocr_par' dir='ltr' id='par_1_83' title="bbox 2089 3968 3695 4048">
     <span class='ocr_line' id='line_1_83' title="bbox 2089 3968 3695 4048; baseline 0.015 -28"><span class='ocrx_word' id='word_1_664' title='bbox 2089 3968 2196 4033; x_wconf 86' lang='lat' dir='ltr'><strong>ris,</strong></span> <span class='ocrx_word' id='word_1_665' title='bbox 2237 3978 2283 4022; x_wconf 89' lang='lat' dir='ltr'><strong>et</strong></span> <span class='ocrx_word' id='word_1_666' title='bbox 2329 3979 2496 4024; x_wconf 88' lang='lat' dir='ltr'><strong>motus</strong></span> <span class='ocrx_word' id='word_1_667' title='bbox 2541 3972 2840 4041; x_wconf 77' lang='lat' dir='ltr'><strong>ﬂuctuum;</strong></span> <span class='ocrx_word' id='word_1_668' title='bbox 2879 3991 3042 4047; x_wconf 88' lang='lat' dir='ltr'><strong>quam</strong></span> <span class='ocrx_word' id='word_1_669' title='bbox 3095 3975 3576 4048; x_wconf 67' lang='lat' dir='ltr'><strong>olimfputaverarn</strong></span> <span class='ocrx_word' id='word_1_670' title='bbox 3623 3987 3695 4045; x_wconf 85' lang='lat' dir='ltr'><strong>ad</strong></span> 
     </span>
    </p>
   </div>
   <div class='ocr_carea' id='block_1_84' title="bbox 2089 4060 3697 4147">
    <p class='ocr_par' dir='ltr' id='par_1_84' title="bbox 2089 4060 3697 4147">
     <span class='ocr_line' id='line_1_84' title="bbox 2089 4060 3697 4147; baseline 0.015 -31"><span class='ocrx_word' id='word_1_671' title='bbox 2089 4060 2407 4118; x_wconf 85' lang='lat' dir='ltr'><strong>Tertulliani</strong></span> <span class='ocrx_word' id='word_1_672' title='bbox 2452 4064 2628 4121; x_wconf 90' lang='lat' dir='ltr'><strong>locum</strong></span> <span class='ocrx_word' id='word_1_673' title='bbox 2680 4066 2850 4140; x_wconf 82' lang='lat' dir='ltr'><strong>(Adv.</strong></span> <span class='ocrx_word' id='word_1_674' title='bbox 2898 4060 3068 4126; x_wconf 78' lang='lat' dir='ltr'><strong>Marc.</strong></span> <span class='ocrx_word' id='word_1_675' title='bbox 3112 4089 3203 4142; x_wconf 86' lang='lat' dir='ltr'><strong>tv,</strong></span> <span class='ocrx_word' id='word_1_676' title='bbox 3240 4073 3336 4147; x_wconf 78' lang='lat'><strong>39)</strong></span> <span class='ocrx_word' id='word_1_677' title='bbox 3375 4078 3697 4140; x_wconf 86' lang='lat' dir='ltr'><strong>adornatam</strong></span> 
     </span>
    </p>
   </div>
   <div class='ocr_carea' id='block_1_85' title="bbox 2088 4153 3694 4241">
    <p class='ocr_par' dir='ltr' id='par_1_85' title="bbox 2088 4153 3694 4241">
     <span class='ocr_line' id='line_1_85' title="bbox 2088 4153 3694 4241; baseline 0.011 -33"><span class='ocrx_word' id='word_1_678' title='bbox 2088 4153 2275 4221; x_wconf 77' lang='lat' dir='ltr'><strong>fuisse,</strong></span> <span class='ocrx_word' id='word_1_679' title='bbox 2304 4155 2395 4212; x_wconf 90' lang='lat' dir='ltr'><strong>ubi</strong></span> <span class='ocrx_word' id='word_1_680' title='bbox 2421 4156 2536 4210; x_wconf 85' lang='lat' dir='ltr'><strong>ait:</strong></span> <span class='ocrx_word' id='word_1_681' title='bbox 2569 4157 2678 4213; x_wconf 85' lang='lat' dir='ltr'><strong>Sed</strong></span> <span class='ocrx_word' id='word_1_682' title='bbox 2708 4170 2990 4216; x_wconf 87' lang='lat' dir='ltr'><strong>monstrato</strong></span> <span class='ocrx_word' id='word_1_683' title='bbox 3019 4163 3203 4220; x_wconf 88' lang='lat' dir='ltr'><strong>dehinc</strong></span> <span class='ocrx_word' id='word_1_684' title='bbox 3232 4176 3457 4238; x_wconf 81' lang='lat' dir='ltr'><strong>tempore</strong></span> <span class='ocrx_word' id='word_1_685' title='bbox 3479 4172 3694 4241; x_wconf 74' lang='lat' dir='ltr'><strong>excidii,</strong></span> 
     </span>
    </p>
   </div>
   <div class='ocr_carea' id='block_1_86' title="bbox 2089 4249 3696 4337">
    <p class='ocr_par' dir='ltr' id='par_1_86' title="bbox 2089 4249 3696 4337">
     <span class='ocr_line' id='line_1_86' title="bbox 2089 4249 3696 4337; baseline 0.014 -39"><span class='ocrx_word' id='word_1_686' title='bbox 2089 4262 2204 4299; x_wconf 87' lang='lat' dir='ltr'><strong>cum</strong></span> <span class='ocrx_word' id='word_1_687' title='bbox 2232 4249 2462 4316; x_wconf 82' lang='lat' dir='ltr'><strong>coepisset</strong></span> <span class='ocrx_word' id='word_1_688' title='bbox 2483 4250 2668 4305; x_wconf 78' lang='lat' dir='ltr'><strong>vallari</strong></span> <span class='ocrx_word' id='word_1_689' title='bbox 2696 4253 3000 4309; x_wconf 70' lang='lat' dir='ltr'><strong>exercitibus</strong></span> <span class='ocrx_word' id='word_1_690' title='bbox 3032 4250 3351 4315; x_wconf 78' lang='lat' dir='ltr'><strong>Hierusalem</strong></span> <span class='ocrx_word' id='word_1_691' title='bbox 3370 4303 3386 4328; x_wconf 93' lang='lat'><strong>,</strong></span> <span class='ocrx_word' id='word_1_692' title='bbox 3411 4263 3559 4335; x_wconf 85' lang='lat' dir='ltr'><strong>signa</strong></span> <span class='ocrx_word' id='word_1_693' title='bbox 3577 4266 3696 4337; x_wconf 77' lang='lat' dir='ltr'><strong>jam</strong></span> 
     </span>
    </p>
   </div>
   <div class='ocr_carea' id='block_1_87' title="bbox 2088 4339 3697 4428">
    <p class='ocr_par' dir='ltr' id='par_1_87' title="bbox 2088 4339 3697 4428">
     <span class='ocr_line' id='line_1_87' title="bbox 2088 4339 3697 4428; baseline 0.012 -36"><span class='ocrx_word' id='word_1_694' title='bbox 2088 4339 2256 4393; x_wconf 85' lang='lat' dir='ltr'><strong>ultimi</strong></span> <span class='ocrx_word' id='word_1_695' title='bbox 2281 4341 2400 4408; x_wconf 78' lang='lat' dir='ltr'><strong>linis</strong></span> <span class='ocrx_word' id='word_1_696' title='bbox 2437 4352 2679 4409; x_wconf 86' lang='lat' dir='ltr'><strong>enarrat,</strong></span> <span class='ocrx_word' id='word_1_697' title='bbox 2711 4347 2834 4399; x_wconf 85' lang='lat' dir='ltr'><strong>solis</strong></span> <span class='ocrx_word' id='word_1_698' title='bbox 2875 4356 2923 4401; x_wconf 87' lang='lat' dir='ltr'><strong>’et</strong></span> <span class='ocrx_word' id='word_1_699' title='bbox 2961 4347 3132 4416; x_wconf 76' lang='lat' dir='ltr'><strong>lunaz,</strong></span> <span class='ocrx_word' id='word_1_700' title='bbox 3165 4353 3492 4424; x_wconf 82' lang='lat' dir='ltr'><strong>siderumque</strong></span> <span class='ocrx_word' id='word_1_701' title='bbox 3515 4348 3697 4428; x_wconf 78' lang='lat' dir='ltr'><strong>prodi-</strong></span> 
     </span>
    </p>
   </div>
   <div class='ocr_carea' id='block_1_88' title="bbox 2088 4431 3691 4515">
    <p class='ocr_par' dir='ltr' id='par_1_88' title="bbox 2088 4431 3691 4515">
     <span class='ocr_line' id='line_1_88' title="bbox 2088 4431 3691 4515; baseline 0.014 -31"><span class='ocrx_word' id='word_1_702' title='bbox 2088 4431 2190 4501; x_wconf 89' lang='lat' dir='ltr'><strong>gia.</strong></span> <span class='ocrx_word' id='word_1_703' title='bbox 2220 4431 2286 4486; x_wconf 88' lang='lat' dir='ltr'><strong>Et</strong></span> <span class='ocrx_word' id='word_1_704' title='bbox 2326 4434 2382 4487; x_wconf 90' lang='lat' dir='ltr'><strong>in</strong></span> <span class='ocrx_word' id='word_1_705' title='bbox 2434 4442 2570 4488; x_wconf 83' lang='lat' dir='ltr'><strong>terra</strong></span> <span class='ocrx_word' id='word_1_706' title='bbox 2595 4438 2864 4507; x_wconf 78' lang='lat' dir='ltr'><strong>angustias</strong></span> <span class='ocrx_word' id='word_1_707' title='bbox 2902 4439 3166 4496; x_wconf 86' lang='lat' dir='ltr'><strong>nationum</strong></span> <span class='ocrx_word' id='word_1_708' title='bbox 3205 4436 3691 4515; x_wconf 75' lang='lat' dir='ltr'><strong>obstupesceittium.</strong></span> 
     </span>
    </p>
   </div>
   <div class='ocr_carea' id='block_1_89' title="bbox 385 4509 3698 4610">
    <p class='ocr_par' dir='ltr' id='par_1_89' title="bbox 385 4509 3698 4610">
     <span class='ocr_line' id='line_1_89' title="bbox 385 4509 3698 4610; baseline -0.003 -16"><span class='ocrx_word' id='word_1_709' title='bbox 385 4526 628 4594; x_wconf 69' lang='lat' dir='ltr'><strong>secutum</strong></span> <span class='ocrx_word' id='word_1_710' title='bbox 655 4573 672 4595; x_wconf 87' lang='lat'><strong>.</strong></span> <span class='ocrx_word' id='word_1_711' title='bbox 705 4533 983 4587; x_wconf 89' lang='lat' dir='ltr'><strong>historiam</strong></span> <span class='ocrx_word' id='word_1_712' title='bbox 1029 4531 1167 4583; x_wconf 88' lang='lat' dir='ltr'><strong>hanc</strong></span> <span class='ocrx_word' id='word_1_713' title='bbox 1209 4526 1493 4581; x_wconf 88' lang='lat' dir='ltr'><strong>retinuisse</strong></span> <span class='ocrx_word' id='word_1_714' title='bbox 1538 4522 1641 4597; x_wconf 90' lang='lat' dir='ltr'><strong>(In</strong></span> <span class='ocrx_word' id='word_1_715' title='bbox 1671 4521 1800 4580; x_wconf 88' lang='lat' dir='ltr'><strong>Not.</strong></span> <span class='ocrx_word' id='word_1_716' title='bbox 1831 4522 1900 4576; x_wconf 89' lang='lat' dir='ltr'><strong>ad</strong></span> <span class='ocrx_word' id='word_1_717' title='bbox 1928 4509 2064 4588; x_wconf 20' lang='lat' dir='ltr'><strong>It...”</strong></span> <span class='ocrx_word' id='word_1_718' title='bbox 2093 4523 2281 4581; x_wconf 63' lang='lat' dir='ltr'><strong>Venor</strong></span> <span class='ocrx_word' id='word_1_719' title='bbox 2317 4543 2351 4581; x_wconf 77' lang='grc' dir='ltr'><strong>Α</strong></span> <span class='ocrx_word' id='word_1_720' title='bbox 2390 4541 2579 4584; x_wconf 70' lang='lat' dir='ltr'><strong>somn)</strong></span> <span class='ocrx_word' id='word_1_721' title='bbox 2611 4529 2773 4584; x_wconf 68' lang='lat' dir='ltr'><strong>itants</strong></span> <span class='ocrx_word' id='word_1_722' title='bbox 2811 4545 3178 4591; x_wconf 72' lang='lat' dir='ltr'><strong>rwcruaurts</strong></span> <span class='ocrx_word' id='word_1_723' title='bbox 3216 4529 3318 4606; x_wconf 68' lang='lat' dir='ltr'><strong>pro</strong></span> <span class='ocrx_word' id='word_1_724' title='bbox 3347 4542 3698 4610; x_wconf 65' lang='lat' dir='ltr'><strong>expectatione</strong></span> 
     </span>
    </p>
   </div>
   <div class='ocr_carea' id='block_1_90' title="bbox 386 4617 1984 4700">
    <p class='ocr_par' dir='ltr' id='par_1_90' title="bbox 386 4617 1984 4700">
     <span class='ocr_line' id='line_1_90' title="bbox 386 4617 1984 4700; baseline -0.011 -11"><span class='ocrx_word' id='word_1_725' title='bbox 386 4636 450 4700; x_wconf 91' lang='lat' dir='ltr'><strong>l.,</strong></span> <span class='ocrx_word' id='word_1_726' title='bbox 478 4631 630 4700; x_wconf 67' lang='lat' dir='ltr'><strong>Edit._.</strong></span> <span class='ocrx_word' id='word_1_727' title='bbox 649 4644 806 4700; x_wconf 84' lang='lat' dir='ltr'><strong>supra</strong></span> <span class='ocrx_word' id='word_1_728' title='bbox 836 4622 1027 4694; x_wconf 84' lang='lat' dir='ltr'><strong>laud.).</strong></span> <span class='ocrx_word' id='word_1_729' title='bbox 1063 4623 1294 4692; x_wconf 83' lang='lat' dir='ltr'><strong>lpsemet</strong></span> <span class='ocrx_word' id='word_1_730' title='bbox 1315 4628 1493 4674; x_wconf 89' lang='lat' dir='ltr'><strong>tamen</strong></span> <span class='ocrx_word' id='word_1_731' title='bbox 1518 4617 1572 4673; x_wconf 90' lang='lat' dir='ltr'><strong>in</strong></span> <span class='ocrx_word' id='word_1_732' title='bbox 1597 4627 1821 4688; x_wconf 86' lang='lat' dir='ltr'><strong>utroque</strong></span> <span class='ocrx_word' id='word_1_733' title='bbox 1840 4625 1984 4672; x_wconf 81' lang='lat' dir='ltr'><strong>textu</strong></span> 
     </span>
    </p>
   </div>
   <div class='ocr_carea' id='block_1_91' title="bbox 388 4699 1987 4790">
    <p class='ocr_par' dir='ltr' id='par_1_91' title="bbox 388 4699 1987 4790">
     <span class='ocr_line' id='line_1_91' title="bbox 388 4699 1987 4790; baseline -0.003 -21"><span class='ocrx_word' id='word_1_734' title='bbox 388 4699 693 4781; x_wconf 49' lang='lat' dir='ltr'><strong>Harmonia»,</strong></span> <span class='ocrx_word' id='word_1_735' title='bbox 735 4716 1077 4790; x_wconf 73' lang='lat' dir='ltr'><strong>Evangelicm</strong></span> <span class='ocrx_word' id='word_1_736' title='bbox 1119 4713 1344 4772; x_wconf 84' lang='lat' dir='ltr'><strong>retinuit</strong></span> <span class='ocrx_word' id='word_1_737' title='bbox 1375 4729 1388 4763; x_wconf 87' lang='lat'><strong>:</strong></span> <span class='ocrx_word' id='word_1_738' title='bbox 1423 4719 1536 4766; x_wconf 87' lang='lat' dir='ltr'><strong>tum</strong></span> <span class='ocrx_word' id='word_1_739' title='bbox 1567 4709 1621 4764; x_wconf 88' lang='lat' dir='ltr'><strong>in</strong></span> <span class='ocrx_word' id='word_1_740' title='bbox 1651 4719 1987 4766; x_wconf 87' lang='lat' dir='ltr'><strong>commenta-</strong></span> 
     </span>
    </p>
   </div>
   <div class='ocr_carea' id='block_1_92' title="bbox 388 4789 1984 4878">
    <p class='ocr_par' dir='ltr' id='par_1_92' title="bbox 388 4789 1984 4878">
     <span class='ocr_line' id='line_1_92' title="bbox 388 4789 1984 4878; baseline -0.012 -4"><span class='ocrx_word' id='word_1_741' title='bbox 388 4819 467 4874; x_wconf 90' lang='lat' dir='ltr'><strong>rio</strong></span> <span class='ocrx_word' id='word_1_742' title='bbox 508 4789 766 4878; x_wconf 71' lang='lat' dir='ltr'><strong>historico</strong></span> <span class='ocrx_word' id='word_1_743' title='bbox 812 4789 971 4866; x_wconf 83' lang='lat' dir='ltr'><strong>latius</strong></span> <span class='ocrx_word' id='word_1_744' title='bbox 1011 4808 1312 4878; x_wconf 83' lang='lat' dir='ltr'><strong>digestam,</strong></span> <span class='ocrx_word' id='word_1_745' title='bbox 1360 4804 1414 4858; x_wconf 88' lang='lat' dir='ltr'><strong>iu</strong></span> <span class='ocrx_word' id='word_1_746' title='bbox 1454 4803 1751 4860; x_wconf 88' lang='lat' dir='ltr'><strong>canonibus</strong></span> <span class='ocrx_word' id='word_1_747' title='bbox 1801 4811 1984 4873; x_wconf 89' lang='lat' dir='ltr'><strong>postea</strong></span> 
     </span>
    </p>
   </div>
   <div class='ocr_carea' id='block_1_93' title="bbox 386 4885 1988 4983">
    <p class='ocr_par' dir='ltr' id='par_1_93' title="bbox 386 4885 1988 4983">
     <span class='ocr_line' id='line_1_93' title="bbox 386 4885 1988 4983; baseline -0.011 -16"><span class='ocrx_word' id='word_1_748' title='bbox 386 4885 730 4983; x_wconf 84' lang='lat' dir='ltr'><strong>Evangelicis</strong></span> <span class='ocrx_word' id='word_1_749' title='bbox 771 4907 839 4962; x_wconf 89' lang='lat' dir='ltr'><strong>ad</strong></span> <span class='ocrx_word' id='word_1_750' title='bbox 869 4903 1175 4973; x_wconf 83' lang='lat' dir='ltr'><strong>exemplum</strong></span> <span class='ocrx_word' id='word_1_751' title='bbox 1207 4898 1448 4956; x_wconf 83' lang='lat' dir='ltr'><strong>adduxit.</strong></span> <span class='ocrx_word' id='word_1_752' title='bbox 1493 4895 1599 4953; x_wconf 90' lang='lat' dir='ltr'><strong>Sed</strong></span> <span class='ocrx_word' id='word_1_753' title='bbox 1634 4895 1828 4966; x_wconf 86' lang='lat' dir='ltr'><strong>potiori</strong></span> <span class='ocrx_word' id='word_1_754' title='bbox 1864 4894 1988 4964; x_wconf 89' lang='lat' dir='ltr'><strong>jure</strong></span> 
     </span>
    </p>
   </div>
   <div class='ocr_carea' id='block_1_94' title="bbox 386 4977 1981 5068">
    <p class='ocr_par' dir='ltr' id='par_1_94' title="bbox 386 4977 1981 5068">
     <span class='ocr_line' id='line_1_94' title="bbox 386 4977 1981 5068; baseline -0.012 -8"><span class='ocrx_word' id='word_1_755' title='bbox 386 4977 724 5060; x_wconf 75' lang='lat' dir='ltr'><strong>mirabuntur</strong></span> <span class='ocrx_word' id='word_1_756' title='bbox 761 4998 1004 5068; x_wconf 76' lang='lat' dir='ltr'><strong>proiecto</strong></span> <span class='ocrx_word' id='word_1_757' title='bbox 1053 5008 1246 5050; x_wconf 89' lang='lat' dir='ltr'><strong>omnes</strong></span> <span class='ocrx_word' id='word_1_758' title='bbox 1266 4996 1286 5052; x_wconf 59' lang='grc' dir='ltr'><strong>ζ</strong></span> <span class='ocrx_word' id='word_1_759' title='bbox 1334 4988 1426 5060; x_wconf 88' lang='lat' dir='ltr'><strong>qui</strong></span> <span class='ocrx_word' id='word_1_760' title='bbox 1479 4987 1708 5056; x_wconf 84' lang='lat' dir='ltr'><strong>legerint</strong></span> <span class='ocrx_word' id='word_1_761' title='bbox 1751 4985 1981 5041; x_wconf 86' lang='lat' dir='ltr'><strong>adducta</strong></span> 
     </span>
    </p>
   </div>
   <div class='ocr_carea' id='block_1_95' title="bbox 387 5079 1985 5158">
    <p class='ocr_par' dir='ltr' id='par_1_95' title="bbox 387 5079 1985 5158">
     <span class='ocr_line' id='line_1_95' title="bbox 387 5079 1985 5158; baseline -0.013 -4"><span class='ocrx_word' id='word_1_762' title='bbox 387 5098 585 5158; x_wconf 87' lang='lat' dir='ltr'><strong>ibidem</strong></span> <span class='ocrx_word' id='word_1_763' title='bbox 610 5111 640 5150; x_wconf 91' lang='lat' dir='ltr'><strong>a</strong></span> <span class='ocrx_word' id='word_1_764' title='bbox 665 5093 875 5148; x_wconf 90' lang='lat' dir='ltr'><strong>Clerico</strong></span> <span class='ocrx_word' id='word_1_765' title='bbox 899 5091 978 5152; x_wconf 50' lang='lat' dir='ltr'><strong>.ad</strong></span> <span class='ocrx_word' id='word_1_766' title='bbox 1021 5089 1214 5148; x_wconf 84' lang='lat' dir='ltr'><strong>versic.</strong></span> <span class='ocrx_word' id='word_1_767' title='bbox 1245 5086 1279 5142; x_wconf 85' lang='lat'><strong>6</strong></span> <span class='ocrx_word' id='word_1_768' title='bbox 1301 5126 1314 5152; x_wconf 91' lang='lat'><strong>,</strong></span> <span class='ocrx_word' id='word_1_769' title='bbox 1343 5083 1432 5139; x_wconf 92' lang='lat' dir='ltr'><strong>ubi</strong></span> <span class='ocrx_word' id='word_1_770' title='bbox 1476 5081 1671 5138; x_wconf 87' lang='lat' dir='ltr'><strong>dicitur</strong></span> <span class='ocrx_word' id='word_1_771' title='bbox 1710 5079 1870 5137; x_wconf 77' lang='lat' dir='ltr'><strong>lesus</strong></span> <span class='ocrx_word' id='word_1_772' title='bbox 1903 5080 1985 5152; x_wconf 83' lang='lat' dir='ltr'><strong>io-</strong></span> 
     </span>
    </p>
   </div>
   <div class='ocr_carea' id='block_1_96' title="bbox 385 5169 1982 5252">
    <p class='ocr_par' dir='ltr' id='par_1_96' title="bbox 385 5169 1982 5252">
     <span class='ocr_line' id='line_1_96' title="bbox 385 5169 1982 5252; baseline -0.014 -4"><span class='ocrx_word' id='word_1_773' title='bbox 385 5169 617 5248; x_wconf 85' lang='lat' dir='ltr'><strong>clinasse</strong></span> <span class='ocrx_word' id='word_1_774' title='bbox 653 5200 740 5249; x_wconf 91' lang='lat' dir='ltr'><strong>se,</strong></span> <span class='ocrx_word' id='word_1_775' title='bbox 772 5193 826 5236; x_wconf 81' lang='lat' dir='ltr'><strong>cl.</strong></span> <span class='ocrx_word' id='word_1_776' title='bbox 849 5182 1015 5252; x_wconf 88' lang='lat' dir='ltr'><strong>digito</strong></span> <span class='ocrx_word' id='word_1_777' title='bbox 1055 5181 1110 5236; x_wconf 90' lang='lat' dir='ltr'><strong>in</strong></span> <span class='ocrx_word' id='word_1_778' title='bbox 1144 5189 1290 5236; x_wconf 86' lang='lat' dir='ltr'><strong>terra</strong></span> <span class='ocrx_word' id='word_1_779' title='bbox 1321 5174 1634 5246; x_wconf 84' lang='lat' dir='ltr'><strong>scripsisse,</strong></span> <span class='ocrx_word' id='word_1_780' title='bbox 1665 5182 1772 5228; x_wconf 90' lang='lat' dir='ltr'><strong>etc.</strong></span> <span class='ocrx_word' id='word_1_781' title='bbox 1809 5171 1982 5228; x_wconf 75' lang='lat' dir='ltr'><strong>Verba</strong></span> 
     </span>
    </p>
   </div>
   <div class='ocr_carea' id='block_1_97' title="bbox 385 5253 1982 5356">
    <p class='ocr_par' dir='ltr' id='par_1_97' title="bbox 385 5253 1982 5356">
     <span class='ocr_line' id='line_1_97' title="bbox 385 5253 1982 5356; baseline -0.013 -14"><span class='ocrx_word' id='word_1_782' title='bbox 385 5253 504 5356; x_wconf 85' lang='lat' dir='ltr'><strong>ejus</strong></span> <span class='ocrx_word' id='word_1_783' title='bbox 527 5287 688 5355; x_wconf 79' lang='lat' dir='ltr'><strong>sunt:</strong></span> <span class='ocrx_word' id='word_1_784' title='bbox 727 5276 828 5348; x_wconf 81' lang='lat' dir='ltr'><strong>Qui</strong></span> <span class='ocrx_word' id='word_1_785' title='bbox 869 5276 999 5328; x_wconf 85' lang='lat' dir='ltr'><strong>hunc</strong></span> <span class='ocrx_word' id='word_1_786' title='bbox 1027 5273 1288 5330; x_wconf 80' lang='lat' dir='ltr'><strong>historiam</strong></span> <span class='ocrx_word' id='word_1_787' title='bbox 1317 5271 1556 5326; x_wconf 89' lang='lat' dir='ltr'><strong>adsutam</strong></span> <span class='ocrx_word' id='word_1_788' title='bbox 1585 5268 1668 5322; x_wconf 85' lang='lat' dir='ltr'><strong>hic</strong></span> <span class='ocrx_word' id='word_1_789' title='bbox 1710 5283 1819 5322; x_wconf 81' lang='lat' dir='ltr'><strong>esse</strong></span> <span class='ocrx_word' id='word_1_790' title='bbox 1863 5283 1982 5322; x_wconf 84' lang='lat' dir='ltr'><strong>cen-</strong></span> 
     </span>
    </p>
   </div>
   <div class='ocr_carea' id='block_1_98' title="bbox 387 5346 1980 5444">
    <p class='ocr_par' dir='ltr' id='par_1_98' title="bbox 387 5346 1980 5444">
     <span class='ocr_line' id='line_1_98' title="bbox 387 5346 1980 5444; baseline -0.011 -13"><span class='ocrx_word' id='word_1_791' title='bbox 387 5346 498 5431; x_wconf 72' lang='lat' dir='ltr'><strong>sent</strong></span> <span class='ocrx_word' id='word_1_792' title='bbox 522 5417 538 5441; x_wconf 95' lang='lat'><strong>,</strong></span> <span class='ocrx_word' id='word_1_793' title='bbox 571 5346 768 5444; x_wconf 81' lang='lat' dir='ltr'><strong>possint</strong></span> <span class='ocrx_word' id='word_1_794' title='bbox 791 5366 1041 5439; x_wconf 76' lang='lat' dir='ltr'><strong>suspicari</strong></span> <span class='ocrx_word' id='word_1_795' title='bbox 1083 5363 1342 5433; x_wconf 85' lang='lat' dir='ltr'><strong>Papiam,</strong></span> <span class='ocrx_word' id='word_1_796' title='bbox 1383 5371 1469 5417; x_wconf 87' lang='lat' dir='ltr'><strong>aut</strong></span> <span class='ocrx_word' id='word_1_797' title='bbox 1515 5361 1676 5414; x_wconf 84' lang='lat' dir='ltr'><strong>alium</strong></span> <span class='ocrx_word' id='word_1_798' title='bbox 1717 5361 1847 5414; x_wconf 87' lang='lat' dir='ltr'><strong>hanc</strong></span> <span class='ocrx_word' id='word_1_799' title='bbox 1877 5361 1980 5414; x_wconf 81' lang='lat' dir='ltr'><strong>cir-</strong></span> 
     </span>
    </p>
   </div>
   <div class='ocr_carea' id='block_1_99' title="bbox 387 5450 1986 5524">
    <p class='ocr_par' dir='ltr' id='par_1_99' title="bbox 387 5450 1986 5524">
     <span class='ocr_line' id='line_1_99' title="bbox 387 5450 1986 5524; baseline -0.011 -4"><span class='ocrx_word' id='word_1_800' title='bbox 387 5468 746 5520; x_wconf 71' lang='lat' dir='ltr'><strong>cumstantiam</strong></span> <span class='ocrx_word' id='word_1_801' title='bbox 773 5467 1059 5520; x_wconf 83' lang='lat' dir='ltr'><strong>muluatam</strong></span> <span class='ocrx_word' id='word_1_802' title='bbox 1087 5456 1283 5524; x_wconf 85' lang='lat' dir='ltr'><strong>cepisse</strong></span> <span class='ocrx_word' id='word_1_803' title='bbox 1317 5470 1380 5508; x_wconf 82' lang='lat' dir='ltr'><strong>ea:</strong></span> <span class='ocrx_word' id='word_1_804' title='bbox 1405 5469 1486 5516; x_wconf 92' lang='lat' dir='ltr'><strong>eo,</strong></span> <span class='ocrx_word' id='word_1_805' title='bbox 1517 5450 1654 5520; x_wconf 88' lang='lat' dir='ltr'><strong>quod</strong></span> <span class='ocrx_word' id='word_1_806' title='bbox 1682 5455 1902 5519; x_wconf 71' lang='lat' dir='ltr'><strong>refertur</strong></span> <span class='ocrx_word' id='word_1_807' title='bbox 1923 5451 1986 5503; x_wconf 83' lang='lat' dir='ltr'><strong>de</strong></span> 
     </span>
    </p>
   </div>
   <div class='ocr_carea' id='block_1_100' title="bbox 389 5540 1983 5627">
    <p class='ocr_par' dir='ltr' id='par_1_100' title="bbox 389 5540 1983 5627">
     <span class='ocr_line' id='line_1_100' title="bbox 389 5540 1983 5627; baseline -0.011 -14"><span class='ocrx_word' id='word_1_808' title='bbox 389 5557 688 5614; x_wconf 84' lang='lat' dir='ltr'><strong>Menedemo</strong></span> <span class='ocrx_word' id='word_1_809' title='bbox 710 5599 726 5621; x_wconf 80' lang='lat'><strong>,</strong></span> <span class='ocrx_word' id='word_1_810' title='bbox 756 5566 802 5612; x_wconf 88' lang='lat' dir='ltr'><strong>et</strong></span> <span class='ocrx_word' id='word_1_811' title='bbox 831 5551 969 5627; x_wconf 85' lang='lat' dir='ltr'><strong>quod</strong></span> <span class='ocrx_word' id='word_1_812' title='bbox 1007 5549 1083 5604; x_wconf 87' lang='lat' dir='ltr'><strong>ita</strong></span> <span class='ocrx_word' id='word_1_813' title='bbox 1110 5555 1288 5602; x_wconf 88' lang='lat' dir='ltr'><strong>narrat</strong></span> <span class='ocrx_word' id='word_1_814' title='bbox 1314 5543 1573 5616; x_wconf 84' lang='lat' dir='ltr'><strong>Diogenes</strong></span> <span class='ocrx_word' id='word_1_815' title='bbox 1615 5540 1855 5595; x_wconf 85' lang='lat' dir='ltr'><strong>Laertius</strong></span> <span class='ocrx_word' id='word_1_816' title='bbox 1892 5543 1983 5597; x_wconf 81' lang='lat' dir='ltr'><strong>lib.</strong></span> 
     </span>
    </p>
   </div>
   <div class='ocr_carea' id='block_1_101' title="bbox 2092 4620 3696 4692">
    <p class='ocr_par' dir='ltr' id='par_1_101' title="bbox 2092 4620 3696 4692">
     <span class='ocr_line' id='line_1_101' title="bbox 2092 4620 3696 4692; baseline 0.012 -20"><span class='ocrx_word' id='word_1_817' title='bbox 2092 4620 2493 4691; x_wconf 84' lang='lat' dir='ltr'><strong>impendentium</strong></span> <span class='ocrx_word' id='word_1_818' title='bbox 2522 4624 2797 4680; x_wconf 87' lang='lat' dir='ltr'><strong>malorum.</strong></span> <span class='ocrx_word' id='word_1_819' title='bbox 2851 4625 2957 4683; x_wconf 89' lang='lat' dir='ltr'><strong>Sed</strong></span> <span class='ocrx_word' id='word_1_820' title='bbox 2992 4627 3136 4685; x_wconf 90' lang='lat' dir='ltr'><strong>unde</strong></span> <span class='ocrx_word' id='word_1_821' title='bbox 3176 4629 3396 4686; x_wconf 88' lang='lat' dir='ltr'><strong>demum</strong></span> <span class='ocrx_word' id='word_1_822' title='bbox 3439 4621 3696 4692; x_wconf 82' lang='lat' dir='ltr'><strong>manave-</strong></span> 
     </span>
    </p>
   </div>
   <div class='ocr_carea' id='block_1_102' title="bbox 2095 4714 3696 4789">
    <p class='ocr_par' dir='ltr' id='par_1_102' title="bbox 2095 4714 3696 4789">
     <span class='ocr_line' id='line_1_102' title="bbox 2095 4714 3696 4789; baseline 0.011 -24"><span class='ocrx_word' id='word_1_823' title='bbox 2095 4714 2196 4777; x_wconf 90' lang='lat' dir='ltr'><strong>rit;</strong></span> <span class='ocrx_word' id='word_1_824' title='bbox 2227 4721 2376 4768; x_wconf 87' lang='lat' dir='ltr'><strong>certe</strong></span> <span class='ocrx_word' id='word_1_825' title='bbox 2411 4716 2712 4784; x_wconf 87' lang='lat' dir='ltr'><strong>energetica</strong></span> <span class='ocrx_word' id='word_1_826' title='bbox 2739 4725 2857 4782; x_wconf 85' lang='lat' dir='ltr'><strong>est,</strong></span> <span class='ocrx_word' id='word_1_827' title='bbox 2887 4732 2951 4772; x_wconf 92' lang='lat' dir='ltr'><strong>ac</strong></span> <span class='ocrx_word' id='word_1_828' title='bbox 2992 4719 3133 4774; x_wconf 76' lang='lat' dir='ltr'><strong>&#39;mire</strong></span> <span class='ocrx_word' id='word_1_829' title='bbox 3177 4721 3503 4789; x_wconf 78' lang='lat' dir='ltr'><strong>exprimitur</strong></span> <span class='ocrx_word' id='word_1_830' title='bbox 3546 4731 3696 4782; x_wconf 87' lang='lat' dir='ltr'><strong>mur-</strong></span> 
     </span>
    </p>
   </div>
   <div class='ocr_carea' id='block_1_103' title="bbox 2097 4805 3695 4872">
    <p class='ocr_par' dir='ltr' id='par_1_103' title="bbox 2097 4805 3695 4872">
     <span class='ocr_line' id='line_1_103' title="bbox 2097 4805 3695 4872; baseline 0.009 -15"><span class='ocrx_word' id='word_1_831' title='bbox 2097 4820 2216 4859; x_wconf 90' lang='lat' dir='ltr'><strong>mur</strong></span> <span class='ocrx_word' id='word_1_832' title='bbox 2251 4805 2527 4860; x_wconf 72' lang='lat' dir='ltr'><strong>immensa:</strong></span> <span class='ocrx_word' id='word_1_833' title='bbox 2554 4805 2704 4862; x_wconf 90' lang='lat' dir='ltr'><strong>illius</strong></span> <span class='ocrx_word' id='word_1_834' title='bbox 2732 4808 3090 4864; x_wconf 88' lang='lat' dir='ltr'><strong>multitudinis</strong></span> <span class='ocrx_word' id='word_1_835' title='bbox 3115 4811 3216 4867; x_wconf 89' lang='lat' dir='ltr'><strong>sibi</strong></span> <span class='ocrx_word' id='word_1_836' title='bbox 3245 4813 3475 4870; x_wconf 86' lang='lat' dir='ltr'><strong>invicem</strong></span> <span class='ocrx_word' id='word_1_837' title='bbox 3500 4829 3695 4872; x_wconf 87' lang='lat' dir='ltr'><strong>occur-</strong></span> 
     </span>
    </p>
   </div>
   <div class='ocr_carea' id='block_1_104' title="bbox 2093 4897 3694 4977">
    <p class='ocr_par' dir='ltr' id='par_1_104' title="bbox 2093 4897 3694 4977">
     <span class='ocr_line' id='line_1_104' title="bbox 2093 4897 3694 4977; baseline 0.009 -26"><span class='ocrx_word' id='word_1_838' title='bbox 2093 4897 2326 4951; x_wconf 84' lang='lat' dir='ltr'><strong>santium</strong></span> <span class='ocrx_word' id='word_1_839' title='bbox 2367 4911 2478 4968; x_wconf 80' lang='lat' dir='ltr'><strong>prae</strong></span> <span class='ocrx_word' id='word_1_840' title='bbox 2529 4899 2804 4955; x_wconf 82' lang='lat' dir='ltr'><strong>anxietate</strong></span> <span class='ocrx_word' id='word_1_841' title='bbox 2855 4901 3216 4971; x_wconf 86' lang='lat' dir='ltr'><strong>impendentis</strong></span> <span class='ocrx_word' id='word_1_842' title='bbox 3265 4905 3479 4977; x_wconf 75' lang='lat' dir='ltr'><strong>ruinze,</strong></span> <span class='ocrx_word' id='word_1_843' title='bbox 3523 4909 3694 4965; x_wconf 84' lang='lat' dir='ltr'><strong>veluti</strong></span> 
     </span>
    </p>
   </div>
   <div class='ocr_carea' id='block_1_105' title="bbox 2092 4991 2976 5050">
    <p class='ocr_par' dir='ltr' id='par_1_105' title="bbox 2092 4991 2976 5050">
     <span class='ocr_line' id='line_1_105' title="bbox 2092 4991 2976 5050; baseline 0.007 -6"><span class='ocrx_word' id='word_1_844' title='bbox 2092 4999 2175 5045; x_wconf 92' lang='lat' dir='ltr'><strong>est</strong></span> <span class='ocrx_word' id='word_1_845' title='bbox 2213 4991 2377 5045; x_wconf 90' lang='lat' dir='ltr'><strong>maris</strong></span> <span class='ocrx_word' id='word_1_846' title='bbox 2407 4992 2615 5048; x_wconf 88' lang='lat' dir='ltr'><strong>sonitus</strong></span> <span class='ocrx_word' id='word_1_847' title='bbox 2647 4992 2976 5050; x_wconf 82' lang='lat' dir='ltr'><strong>ﬂuctuantis.</strong></span> 
     </span>
    </p>
   </div>
   <div class='ocr_carea' id='block_1_106' title="bbox 2162 5083 3694 5164">
    <p class='ocr_par' dir='ltr' id='par_1_106' title="bbox 2162 5083 3694 5164">
     <span class='ocr_line' id='line_1_106' title="bbox 2162 5083 3694 5164; baseline 0.01 -28"><span class='ocrx_word' id='word_1_848' title='bbox 2162 5083 2243 5136; x_wconf 89' lang='lat' dir='ltr'><strong>En</strong></span> <span class='ocrx_word' id='word_1_849' title='bbox 2275 5084 2368 5138; x_wconf 91' lang='lat' dir='ltr'><strong>tibi</strong></span> <span class='ocrx_word' id='word_1_850' title='bbox 2398 5083 2575 5139; x_wconf 91' lang='lat' dir='ltr'><strong>locum</strong></span> <span class='ocrx_word' id='word_1_851' title='bbox 2605 5086 2770 5142; x_wconf 88' lang='lat' dir='ltr'><strong>alium</strong></span> <span class='ocrx_word' id='word_1_852' title='bbox 2801 5089 3000 5161; x_wconf 85' lang='lat' dir='ltr'><strong>egregii</strong></span> <span class='ocrx_word' id='word_1_853' title='bbox 3034 5089 3328 5162; x_wconf 77' lang='lat' dir='ltr'><strong>Scriptoris</strong></span> <span class='ocrx_word' id='word_1_854' title='bbox 3348 5110 3538 5164; x_wconf 88' lang='lat' dir='ltr'><strong>,quem</strong></span> <span class='ocrx_word' id='word_1_855' title='bbox 3562 5112 3694 5152; x_wconf 90' lang='lat' dir='ltr'><strong>con-</strong></span> 
     </span>
    </p>
   </div>
   <div class='ocr_carea' id='block_1_107' title="bbox 2089 5175 3694 5258">
    <p class='ocr_par' dir='ltr' id='par_1_107' title="bbox 2089 5175 3694 5258">
     <span class='ocr_line' id='line_1_107' title="bbox 2089 5175 3694 5258; baseline 0.007 -27"><span class='ocrx_word' id='word_1_856' title='bbox 2089 5185 2172 5231; x_wconf 89' lang='lat' dir='ltr'><strong>tra</strong></span> <span class='ocrx_word' id='word_1_857' title='bbox 2193 5175 2518 5233; x_wconf 86' lang='lat' dir='ltr'><strong>Marcionem</strong></span> <span class='ocrx_word' id='word_1_858' title='bbox 2550 5179 2655 5252; x_wconf 89' lang='grc' dir='ltr'><strong>(ιν,</strong></span> <span class='ocrx_word' id='word_1_859' title='bbox 2683 5181 2791 5250; x_wconf 73' lang='lat'><strong>26)</strong></span> <span class='ocrx_word' id='word_1_860' title='bbox 2844 5193 2999 5251; x_wconf 75' lang='lat' dir='ltr'><strong>urget</strong></span> <span class='ocrx_word' id='word_1_861' title='bbox 3052 5187 3350 5256; x_wconf 88' lang='lat' dir='ltr'><strong>argumenti</strong></span> <span class='ocrx_word' id='word_1_862' title='bbox 3393 5188 3560 5258; x_wconf 80' lang='lat' dir='ltr'><strong>gratia</strong></span> <span class='ocrx_word' id='word_1_863' title='bbox 3586 5229 3603 5254; x_wconf 89' lang='lat'><strong>,</strong></span> <span class='ocrx_word' id='word_1_864' title='bbox 3636 5201 3694 5245; x_wconf 83' lang='lat' dir='ltr'><strong>at</strong></span> 
     </span>
    </p>
   </div>
   <div class='ocr_carea' id='block_1_108' title="bbox 2090 5269 3695 5351">
    <p class='ocr_par' dir='ltr' id='par_1_108' title="bbox 2090 5269 3695 5351">
     <span class='ocr_line' id='line_1_108' title="bbox 2090 5269 3695 5351; baseline 0.009 -30"><span class='ocrx_word' id='word_1_865' title='bbox 2090 5277 2373 5338; x_wconf 86' lang='lat' dir='ltr'><strong>propterea</strong></span> <span class='ocrx_word' id='word_1_866' title='bbox 2395 5269 2475 5325; x_wconf 90' lang='lat' dir='ltr'><strong>sic</strong></span> <span class='ocrx_word' id='word_1_867' title='bbox 2506 5271 2698 5326; x_wconf 85' lang='lat' dir='ltr'><strong>lectum</strong></span> <span class='ocrx_word' id='word_1_868' title='bbox 2733 5275 2783 5328; x_wconf 92' lang='lat' dir='ltr'><strong>in</strong></span> <span class='ocrx_word' id='word_1_869' title='bbox 2813 5276 3218 5345; x_wconf 83' lang='lat' dir='ltr'><strong>exemplaribus</strong></span> <span class='ocrx_word' id='word_1_870' title='bbox 3243 5292 3462 5332; x_wconf 89' lang='lat' dir='ltr'><strong>suorum</strong></span> <span class='ocrx_word' id='word_1_871' title='bbox 3482 5286 3695 5351; x_wconf 90' lang='lat' dir='ltr'><strong>tempo-</strong></span> 
     </span>
    </p>
   </div>
   <div class='ocr_carea' id='block_1_109' title="bbox 2091 5361 3695 5436">
    <p class='ocr_par' dir='ltr' id='par_1_109' title="bbox 2091 5361 3695 5436">
     <span class='ocr_line' id='line_1_109' title="bbox 2091 5361 3695 5436; baseline 0.009 -23"><span class='ocrx_word' id='word_1_872' title='bbox 2091 5374 2210 5414; x_wconf 90' lang='lat' dir='ltr'><strong>rum</strong></span> <span class='ocrx_word' id='word_1_873' title='bbox 2243 5361 2429 5431; x_wconf 89' lang='lat' dir='ltr'><strong>liquet.</strong></span> <span class='ocrx_word' id='word_1_874' title='bbox 2459 5361 2644 5433; x_wconf 84' lang='lat' dir='ltr'><strong>Nequc</strong></span> <span class='ocrx_word' id='word_1_875' title='bbox 2677 5367 2821 5419; x_wconf 89' lang='lat' dir='ltr'><strong>enim</strong></span> <span class='ocrx_word' id='word_1_876' title='bbox 2865 5365 3161 5436; x_wconf 87' lang='lat' dir='ltr'><strong>objecisset</strong></span> <span class='ocrx_word' id='word_1_877' title='bbox 3189 5368 3472 5424; x_wconf 84' lang='lat' dir='ltr'><strong>lectionem</strong></span> <span class='ocrx_word' id='word_1_878' title='bbox 3501 5370 3572 5426; x_wconf 86' lang='lat' dir='ltr'><strong>ab</strong></span> <span class='ocrx_word' id='word_1_879' title='bbox 3603 5386 3695 5428; x_wconf 85' lang='lat' dir='ltr'><strong>ar-</strong></span> 
     </span>
    </p>
   </div>
   <div class='ocr_carea' id='block_1_110' title="bbox 2094 5454 3691 5535">
    <p class='ocr_par' dir='ltr' id='par_1_110' title="bbox 2094 5454 3691 5535">
     <span class='ocr_line' id='line_1_110' title="bbox 2094 5454 3691 5535; baseline 0.009 -27"><span class='ocrx_word' id='word_1_880' title='bbox 2094 5454 2338 5526; x_wconf 78' lang='lat' dir='ltr'><strong>cltetypis</strong></span> <span class='ocrx_word' id='word_1_881' title='bbox 2360 5456 2649 5511; x_wconf 83' lang='lat' dir='ltr'><strong>abeuntem</strong></span> <span class='ocrx_word' id='word_1_882' title='bbox 2672 5475 2686 5522; x_wconf 89' lang='lat'><strong>;</strong></span> <span class='ocrx_word' id='word_1_883' title='bbox 2711 5458 2874 5513; x_wconf 71' lang='lat' dir='ltr'><strong>Luca:</strong></span> <span class='ocrx_word' id='word_1_884' title='bbox 2891 5463 3203 5528; x_wconf 56' lang='lat' dir='ltr'><strong>praesertim</strong></span> <span class='ocrx_word' id='word_1_885' title='bbox 3223 5503 3238 5528; x_wconf 95' lang='lat'><strong>,</strong></span> <span class='ocrx_word' id='word_1_886' title='bbox 3256 5477 3416 5533; x_wconf 91' lang='lat' dir='ltr'><strong>quem</strong></span> <span class='ocrx_word' id='word_1_887' title='bbox 3443 5473 3691 5535; x_wconf 84' lang='lat' dir='ltr'><strong>apostata</strong></span> 
     </span>
    </p>
   </div>
   <div class='ocr_carea' id='block_1_111' title="bbox 2095 5547 3691 5632">
    <p class='ocr_par' dir='ltr' id='par_1_111' title="bbox 2095 5547 3691 5632">
     <span class='ocr_line' id='line_1_111' title="bbox 2095 5547 3691 5632; baseline 0.01 -32"><span class='ocrx_word' id='word_1_888' title='bbox 2095 5547 2189 5603; x_wconf 86' lang='lat' dir='ltr'><strong>ille</strong></span> <span class='ocrx_word' id='word_1_889' title='bbox 2217 5564 2330 5619; x_wconf 69' lang='grc' dir='ltr'><strong>ιιι-ω</strong></span> <span class='ocrx_word' id='word_1_890' title='bbox 2371 5551 2588 5605; x_wconf 81' lang='lat' dir='ltr'><strong>caeteris</strong></span> <span class='ocrx_word' id='word_1_891' title='bbox 2633 5553 2978 5622; x_wconf 82' lang='lat' dir='ltr'><strong>cvangelistis</strong></span> <span class='ocrx_word' id='word_1_892' title='bbox 3027 5555 3338 5628; x_wconf 85' lang='lat' dir='ltr'><strong>selegerat:</strong></span> <span class='ocrx_word' id='word_1_893' title='bbox 3381 5558 3691 5632; x_wconf 82' lang='lat' dir='ltr'><strong>longoque,</strong></span> 
     </span>
    </p>
   </div>
   <div class='ocr_carea' id='block_1_112' title="bbox 461 5670 3656 5752">
    <p class='ocr_par' dir='ltr' id='par_1_112' title="bbox 461 5670 3656 5752">
     <span class='ocr_line' id='line_1_112' title="bbox 461 5670 3656 5752; baseline 0 -14"><span class='ocrx_word' id='word_1_894' title='bbox 461 5682 540 5752; x_wconf 87' lang='lat' dir='ltr'><strong>(l)</strong></span> <span class='ocrx_word' id='word_1_895' title='bbox 578 5680 802 5735; x_wconf 84' lang='lat' dir='ltr'><strong>Dissert.</strong></span> <span class='ocrx_word' id='word_1_896' title='bbox 852 5680 924 5736; x_wconf 85' lang='lat' dir='ltr'><strong>de</strong></span> <span class='ocrx_word' id='word_1_897' title='bbox 970 5676 1127 5736; x_wconf 74' lang='lat' dir='ltr'><strong>Auct.</strong></span> <span class='ocrx_word' id='word_1_898' title='bbox 1181 5670 1594 5748; x_wconf 85' lang='lat' dir='ltr'><strong>Evangeliorum</strong></span> <span class='ocrx_word' id='word_1_899' title='bbox 1639 5671 1704 5726; x_wconf 88' lang='lat' dir='ltr'><strong>ad</strong></span> <span class='ocrx_word' id='word_1_900' title='bbox 1755 5671 1958 5730; x_wconf 89' lang='lat' dir='ltr'><strong>calcem</strong></span> <span class='ocrx_word' id='word_1_901' title='bbox 2000 5671 2186 5731; x_wconf 85' lang='lat' dir='ltr'><strong>llarm.</strong></span> <span class='ocrx_word' id='word_1_902' title='bbox 2237 5675 2333 5731; x_wconf 87' lang='lat' dir='ltr'><strong>Ev.</strong></span> <span class='ocrx_word' id='word_1_903' title='bbox 2387 5675 2620 5734; x_wconf 86' lang='lat' dir='ltr'><strong>Observ.</strong></span> <span class='ocrx_word' id='word_1_904' title='bbox 2673 5675 2739 5732; x_wconf 92' lang='lat' dir='ltr'><strong>ad</strong></span> <span class='ocrx_word' id='word_1_905' title='bbox 2781 5675 2985 5733; x_wconf 89' lang='lat' dir='ltr'><strong>llerod.</strong></span> <span class='ocrx_word' id='word_1_906' title='bbox 3033 5678 3127 5736; x_wconf 90' lang='lat' dir='ltr'><strong>lib.</strong></span> <span class='ocrx_word' id='word_1_907' title='bbox 3172 5695 3225 5748; x_wconf 93' lang='lat' dir='ltr'><strong>t,</strong></span> <span class='ocrx_word' id='word_1_908' title='bbox 3274 5677 3542 5738; x_wconf 86' lang='lat' dir='ltr'><strong>Chronol.</strong></span> <span class='ocrx_word' id='word_1_909' title='bbox 3585 5678 3656 5739; x_wconf 82' lang='lat' dir='ltr'><strong>ad</strong></span> 
     </span>
    </p>
   </div>
   <div class='ocr_carea' id='block_1_113' title="bbox 395 5759 822 5826">
    <p class='ocr_par' dir='ltr' id='par_1_113' title="bbox 395 5759 822 5826">
     <span class='ocr_line' id='line_1_113' title="bbox 395 5759 822 5826; baseline -0.012 -15"><span class='ocrx_word' id='word_1_910' title='bbox 395 5759 559 5826; x_wconf 84' lang='lat' dir='ltr'><strong>linem</strong></span> <span class='ocrx_word' id='word_1_911' title='bbox 582 5760 714 5811; x_wconf 87' lang='lat' dir='ltr'><strong>tom.</strong></span> <span class='ocrx_word' id='word_1_912' title='bbox 741 5765 822 5808; x_wconf 84' lang='lat' dir='ltr'><strong>In.</strong></span> 
     </span>
    </p>
   </div>
  </div>
