4054 6198
316 228 383 286 31
1109 226 1329 285 EPIST.
1370 225 1619 285 PHILIP.
1660 224 2027 293 GARBELLI,
2064 223 2153 281 DE
2190 222 2440 283 CODICE
2478 224 2833 285 BRIXIANO.
3556 218 3631 290 38

318 344 558 412 quamvis
616 356 871 411 perverso
898 357 997 397 usu
1031 343 1280 399 callebat.
1310 343 1483 398 Locus
1523 351 1607 397 est
1636 342 1793 395 Lucae
1820 357 1874 396 xi
1902 383 1916 403 .
1949 346 2001 404 Α
2028 341 2427 411 interpolatioui
2456 385 2469 409 ,
2522 359 2701 409 mera,
2760 353 2816 399 et
2868 344 3085 413 quidem
3141 346 3195 401 in
3215 360 3276 401 re
3323 346 3445 402 facti
3486 346 3632 404 haud

318 438 412 501 15,
453 437 541 490 ubi
593 434 852 505 Vulgata:
877 434 1082 501 Quanto
1114 437 1274 506 magis
1308 434 1464 488 Pater
1507 446 1666 487 vester
1706 434 1768 487 de
1797 432 1923 487 (telo

317 531 453 585 dabit
491 529 745 598 Spiritum
779 542 952 583 comm
1000 527 1286 599 petentibus
1324 543 1421 591 se;
1474 526 1648 581 codex
1697 532 1881 591 noster
1908 566 1922 591 ,

319 624 576 691 Spiritum
619 637 898 681 SANCTUII.
952 631 1008 675 ut
1046 620 1235 676 Graeca
1284 620 1450 675 ferme
1503 619 1681 673 omnia
1726 624 1925 690 Πνεῦμα

316 716 481 790 ἅγιον.
513 715 878 770 Tcrtulliauus
900 754 912 775 .
944 715 1176 786 Agnosce
1204 716 1360 786 igitur
1380 724 1436 783 et
1487 712 1693 766 Patrem
1716 750 1733 777 ,
1778 727 1925 782 quem

318 811 469 864 etiam
498 808 735 879 appellas
768 817 1067 861 creatorem.
1102 806 1124 859 Ι
1136 822 1224 877 pse
1268 815 1367 870 est,
1418 806 1506 875 qui
1531 805 1627 858 scit
1679 804 1805 873 quid
1827 803 1925 872 ﬁlii

318 901 592 971 postulent.
643 899 789 953 Nam
828 912 878 954 et
933 915 1117 969 panem
1167 898 1448 967 petentibus
1507 897 1570 951 de
1613 896 1738 950 coelo
1786 895 1925 950 dedit

318 1011 525 1059 manna,
548 1003 594 1046 et
612 1009 822 1046 carnem
847 990 1252 1046 desiderantibus
1289 990 1456 1043 emisit
1492 989 1889 1057 Ortigometram
1905 1004 1926 1054 ;

321 1103 418 1141 non
436 1096 727 1155 serpentem
757 1101 850 1154 pro
881 1086 1016 1153 pisce
1036 1124 1050 1147 ,
1084 1100 1186 1137 non
1230 1082 1487 1153 scorpium
1511 1098 1603 1151 pro
1627 1097 1738 1134 ovo.
1772 1080 1927 1135 Illius

318 1188 487 1230 autem
514 1178 613 1230 erit
638 1192 739 1229 non
770 1176 896 1228 dare
918 1176 1111 1227 malum
1142 1191 1235 1244 pro
1259 1173 1390 1228 bono
1409 1217 1423 1241 ,
1458 1174 1607 1243 cujus
1651 1183 1927 1244 utrumque

321 1273 409 1327 sit.
447 1270 702 1327 Creterum
748 1269 890 1325 Deus
933 1270 1219 1337 Marcionis
1264 1288 1368 1325 non
1394 1272 1586 1325 habens
1616 1272 1875 1339 scorpium
1906 1313 1923 1339 ,

323 1382 426 1421 non
454 1375 650 1433 poterat
673 1366 729 1418 id
753 1382 807 1418 se
828 1366 996 1418 dicere
1021 1380 1123 1417 non
1155 1365 1399 1418 daturunt
1418 1405 1433 1430 ,
1461 1365 1598 1433 quod
1640 1380 1743 1417 non
1774 1364 1928 1417 habe-

319 1457 437 1520 bat;
466 1458 558 1510 sed
585 1456 677 1511 ille
696 1457 786 1526 qui
815 1455 1001 1510 habens
1030 1465 1077 1509 et
1098 1458 1359 1525 scorpium
1389 1472 1489 1509 non
1516 1456 1625 1509 dat.
1661 1455 1841 1519 Itaque
1879 1463 1927 1509 et

319 1550 579 1606 SPIBITUI
592 1565 840 1606 saucruu
872 1552 915 1604 is
939 1549 1112 1617 dabit,
1143 1551 1285 1621 apud
1300 1567 1451 1621 quem
1472 1562 1546 1604 est
1569 1561 1613 1603 et
1646 1567 1745 1603 non
1770 1565 1927 1605 sauc-

322 1658 441 1699 1'08.

2029 448 2247 502 semper
2292 434 2454 501 felix,
2486 436 2798 505 COIIJI'CUITa
2823 446 2927 491 est.
2973 437 3110 491 Illud
3141 440 3318 504 enim,
3372 439 3516 510 quod
3562 432 3633 494 ad

2027 526 2359 580 secernenda
2387 526 2454 580 ab
2480 527 2770 598 adjectitiis
2794 529 3025 598 genuina
3050 572 3065 595 ,
3096 530 3151 585 in
3183 532 3388 586 eriticis
3414 520 3634 600 judiciis

2032 618 2318 687 plurimum
2370 620 2548 683 valet;
2609 630 2805 691 nempe
2858 622 2902 675 si
2953 623 3095 677 ratio
3152 624 3296 676 nulla
3346 623 3636 680 amovendi

2027 712 2227 781 aliquid
2260 728 2289 767 a
2313 721 2557 769 veterum
2594 714 2843 785 scriptis,
2894 716 3189 785 probabilis
3220 732 3354 771 vero
3396 706 3635 773 addcndi

2029 802 2194 858 fuisse
2213 803 2497 871 videatur,
2528 819 2633 860 non
2663 820 2791 861 raro
2832 805 3020 862 fallere
3061 816 3257 876 potest.
3309 809 3446 865 Sunt
3475 810 3633 878 plura

2029 895 2095 949 ab
2141 897 2496 952 oscitantibus
2549 898 2785 953 librariis
2830 899 3107 969 praeterita
3162 900 3266 955 alia
3312 901 3633 957 dictautium

2028 987 2239 1055 oculos,
2256 988 2361 1041 alia
2382 1003 2538 1045 aures
2554 990 2937 1059 excipientium
2954 990 3141 1047 fallere
3166 992 3433 1059 solebant,
3452 993 3636 1064 cujus-

2031 1081 2175 1135 modi
2204 1082 2281 1136 rei
2312 1083 2565 1152 exempla
2593 1098 2700 1138 non
2734 1100 2899 1155 pauca
2930 1085 2982 1139 in
3031 1100 3163 1140 mss.
3195 1087 3325 1156 ipsis
3355 1086 3419 1141 N.
3451 1086 3515 1141 T.
3552 1088 3631 1142 le-

2029 1174 2278 1243 gentibus
2304 1184 2633 1242 occurrunt,
2664 1178 2740 1231 uti
2764 1186 2846 1231 est
2870 1177 3078 1248 insigne
3110 1178 3240 1233 illud
3272 1177 3431 1235 Joan.
3463 1196 3516 1247 v,
3547 1180 3582 1235 4
3612 1222 3629 1248 ,

2030 1270 2173 1339 quod
2218 1271 2375 1340 paulo
2397 1282 2523 1327 ante
2569 1272 3009 1329 observabamus.
3046 1275 3335 1345 Propterea
3367 1275 3634 1331 incertum

2028 1365 2250 1417 omnino
2281 1375 2363 1419 est
2393 1364 2573 1420 deleta
2603 1382 2670 1421 ne
2716 1364 2919 1421 fuerint
2942 1366 3105 1422 verba
3134 1366 3258 1435 illa,
3287 1383 3354 1424 an
3404 1379 3633 1440 printer-

2032 1457 2192 1511 missa
2219 1458 2271 1511 in
2302 1458 2636 1530 antigrapbis
2657 1499 2671 1522 ,
2704 1459 2755 1515 in
2783 1460 2980 1530 quibus
3003 1461 3222 1518 desunt.

2102 1549 2293 1605 Obstat
2318 1553 2480 1606 etiam
2537 1553 2850 1621 conjectura
2888 1554 3042 1609 Millii
3080 1554 3224 1609 inter
3269 1556 3492 1612 criticas
3521 1557 3639 1612 ani-

2032 1642 2440 1697 madversiones
2492 1642 2627 1698 illa:
2688 1645 2859 1714 magis
2910 1660 3106 1715 nempe
3157 1656 3466 1716 suspectam
3514 1663 3639 1707 esse

394 1731 708 1806 Expendam
753 1736 841 1792 hic
884 1736 1175 1791 lectionem
1220 1735 1379 1789 aliam
1423 1737 1664 1807 argentei
1725 1736 1927 1791 codicis
1960 1744 2005 1802 Β
2035 1736 2347 1798 lectionem,
2370 1752 2490 1804 qum
2518 1753 2547 1792 a
2580 1738 2766 1806 paucis
2795 1738 3272 1810 codicibus,quam
3299 1756 3420 1811 qua:
3450 1758 3481 1797 a
3512 1743 3637 1813 plu-

321 1831 480 1888 Luca:
498 1847 585 1895 ιχ,
613 1829 685 1887 54
704 1872 720 1893 ,
746 1846 904 1898 quam
930 1841 1335 1905 secutusnecne
1358 1831 1516 1884 fuerit
1538 1829 1922 1896 Tertullianus,

320 1923 641 1991 ambigitur.
673 1923 746 1977 Ea
771 1932 857 1977 est
890 1919 1173 1984 :Domine,
1207 1923 1284 1975 vis
1324 1922 1538 1976 dicimus
1570 1932 1624 1974 ut
1663 1923 1795 1992 ignis
1837 1923 1927 1976 de—

320 2017 538 2070 scendat
575 2016 639 2070 de
669 2016 822 2079 cado,
876 2026 922 2071 et
971 2027 1233 2070 consumat
1273 2016 1425 2079 illos,
1460 2032 1608 2072 srcur
1631 2033 1697 2071 ET
1726 2016 1927 2072 Hamas

320 2125 520 2164 recrr:
553 2125 675 2179 qua:
713 2109 903 2163 ultima
936 2109 1097 2163 verba
1131 2110 1187 2163 iu
1228 2108 1468 2179 Vulgata:
1527 2109 1926 2179 exemplaribus

321 2202 545 2258 desunt.

395 2292 711 2349 Lectionem
730 2292 869 2348 hanc
887 2294 1065 2349 omnia
1086 2293 1202 2349 fere
1221 2308 1352 2348 mss.
1385 2295 1715 2363 exemplaria
1740 2294 1927 2350 Graeca

323 2387 621 2454 exhibent,
645 2395 784 2441 teste
829 2388 998 2443 Millio
1025 2388 1093 2444 ab
1116 2389 1172 2441 h.
1209 2389 1242 2442 Ι.
1264 2429 1279 2456 ,
1338 2398 1446 2441 tum
1478 2388 1682 2459 Syrus,
1717 2388 1889 2442 Arabs
1910 2430 1925 2454 ,

324 2479 595 2548 Ethiops,
656 2477 916 2534 Gothicus
963 2480 1289 2549 interpretes
1318 2522 1333 2545 ,
1381 2481 1665 2549 ipsamque
1707 2480 1928 2534 retinuit

326 2575 586 2629 Erasmus
614 2575 666 2628 in
700 2574 1013 2630 editioueN.
1034 2574 1094 2629 T.
1115 2591 1167 2628 Α.
1188 2589 1387 2629 unum
1409 2614 1423 2639 ,
1449 2574 1588 2644 apud
1607 2574 1923 2628 Rovillium.

326 2669 394 2724 Et
419 2669 499 2723 sic
520 2668 720 2738 legisse
750 2668 1140 2723 Tertullianum
1166 2677 1445 2738 potaverat
1472 2668 1692 2721 Millius.
1721 2667 1925 2721 Astubi

330 2761 401 2815 ad
423 2761 815 2831 onlegomeua
844 2760 1059 2814 tandem
1089 2759 1403 2824 descendit,
1430 2760 1482 2812 in
1510 2757 1777 2813 diversam
1807 2774 1927 2811 om-

325 2852 456 2907 nino
486 2852 806 2906 sententiam
833 2852 964 2907 abiit
990 2851 1101 2921 (Ν.
1127 2852 1182 2917 4,
1212 2852 1339 2919 18).
1370 2850 1541 2905 Verba
1570 2850 1686 2921 ejus
1715 2850 1925 2914 damus,

326 2954 515 3015 utpote
543 2962 663 3015 qua:
692 2946 758 2999 ad
786 2946 1064 3000 crilerium
1098 2944 1320 3012 hujusce
1351 2943 1452 2997 loci
1502 2959 1604 2997 non
1632 2957 1817 3011 parum
1848 2942 1927 2996 fa-

322 3039 474 3095 ciant
530 3037 838 3107 Sequentia,
881 3038 1086 3107 inquit,
1121 3040 1187 3098 ὡς
1214 3040 1297 3091 καὶ
1340 3035 1505 3096 Ἠλίας·
1549 3037 1787 3103 ἐποίησε,
1817 3050 1933 3106 qua!

324 3133 626 3186 sententiam
646 3131 826 3186 Jacobi
858 3142 907 3185 et
934 3130 1155 3185 Joannis
1188 3140 1294 3183 tam
1328 3131 1600 3201 insigniter
1630 3131 1924 3193 illustrant,
1955 3121 2000 3183 C
2036 3112 2180 3175 bal".

325 3226 400 3279 ad
441 3227 726 3297 marginem
752 3225 869 3278 libri
895 3243 928 3278 a
957 3224 1186 3278 studioso
1203 3223 1425 3293 quodam
1473 3223 1739 3289 adscripta
1775 3222 1933 3292 fuisse

324 3320 677 3375 commentarii
721 3321 866 3383 loco,
908 3318 1124 3388 indeque
1167 3318 1434 3372 transiisse
1477 3317 1530 3370 in
1585 3332 1771 3384 corpus
1812 3331 1934 3368 con-

324 3422 505 3467 textus
523 3452 538 3474 ,
561 3427 645 3464 res
672 3411 787 3478 ipsa
831 3408 1040 3462 clamat.
1076 3409 1202 3474 Quis
1231 3409 1365 3461 enim
1393 3424 1551 3462 sanus
1584 3418 1686 3460 tant
1713 3406 1935 3476 insignia

324 3503 614 3557 deleoerit?
640 3501 751 3555 Imo
768 3544 782 3565 ,
814 3501 949 3572 quod
977 3504 1239 3555 sententia:
1265 3500 1617 3571 apostolorum
1642 3498 1769 3552 lucis
1796 3498 1933 3551 haud

325 3614 515 3663 parum
541 3598 869 3666 effunderent
887 3638 902 3662 ,
930 3607 1135 3664 arrepta
1161 3595 1299 3648 haud
1321 3595 1497 3648 dubito
1518 3595 1569 3647 in
1596 3602 1809 3647 teatunt.
1832 3591 1936 3645 Cte-

324 3703 497 3747 terum
525 3708 556 3742 α
577 3689 900 3744 Tertulliano
926 3689 1056 3742 lecta
1078 3688 1237 3759 fuisse
1259 3687 1368 3741 htec
1404 3686 1543 3757 quod
1569 3703 1659 3739 nos
1701 3684 1825 3739 olim
1882 3686 1935 3737 in

323 3785 469 3839 notis
485 3783 677 3836 nostris
688 3782 1046 3850 aﬂirmauimus
1062 3822 1077 3848 ,
1102 3798 1203 3834 non
1232 3781 1303 3833 ita
1322 3778 1635 3849 liquidumJ
1645 3779 1755 3832 llud
1774 3781 1936 3848 magis

325 3874 626 3929 verosimile
665 3883 765 3936 est,
814 3876 1104 3944 exemmum
1150 3871 1321 3937 Eliw,
1369 3874 1432 3925 ab
1476 3872 1586 3943 ipso
1616 3871 1781 3925 lib.tv
1812 3871 1931 3925 adv.

326 3966 657 4021 Harcionem
676 4006 691 4031 ,
718 3965 819 4031 25;
852 3966 1068 4036 aliisque
1101 3972 1330 4018 notatum
1353 3963 1419 4017 ad
1447 3962 1585 4016 [tunc
1611 3963 1806 4029 locum,
1849 3979 1938 4017 oc-

326 4061 591 4114 casionem
612 4059 816 4113 dedisse
845 4060 965 4112 huic
995 4057 1398 4128 interpolationi.

402 4151 658 4207 Profecto
689 4151 833 4205 haud
880 4150 1010 4207 satis
1044 4150 1304 4221 liquidum
1344 4146 1496 4203 itane
1528 4148 1582 4203 in
1627 4146 1936 4218 apograpbo

324 4245 492 4301 Luca:
513 4245 708 4316 legerit
734 4243 1125 4311 Tertulliaaus,
1143 4259 1210 4297 an
1236 4240 1611 4312 ipsemetElite
1626 4240 1934 4310 exemplum

323 4338 620 4393 addiderit.
651 4336 832 4392 Verba
862 4336 978 4405 ejus
1004 4345 1129 4389 sunt
1156 4355 1169 4391 :
1211 4334 1570 4405 Reprmsentat
1621 4330 1833 4386 Creator
1860 4334 1938 4403 ig-

322 4433 471 4487 nium
489 4433 699 4503 plagam
714 4473 729 4497 ,
754 4430 910 4485 Helia
930 4431 1223 4501 postulante
1238 4472 1251 4495 ,
1268 4431 1322 4483 in
1343 4429 1433 4483 illo
1456 4427 1935 4498 Pseudopropheta.

2031 1827 2184 1882 rimis
2215 1828 2555 1884 exhibeatur.
2580 1829 2806 1885 Difficile
2836 1830 2980 1886 enim
3011 1840 3095 1886 est
3122 1832 3639 1891 creditutotexem-

2032 1918 2198 1987 plaria
2225 1960 2240 1983 ,
2278 1936 2382 1972 non
2410 1936 2519 1975 uno
2548 1920 2667 1976 loco
2690 1961 2705 1987 ,
2739 1936 2802 1976 ac
2830 1930 3073 1991 tempore
3093 1938 3214 1979 cum
3237 1924 3304 1979 ab
3318 1925 3639 1995 antiquariis

2032 2011 2096 2066 ad
2123 2013 2390 2081 publicum
2422 2028 2575 2067 usum
2600 2056 2614 2079 ,
2651 2023 2761 2085 tum
2805 2030 2835 2068 a
2886 2014 3212 2082 privatorum
3241 2016 3486 2085 pluribus
3529 2018 3635 2074 sibi

2031 2104 2165 2172 ipsis
2206 2114 2389 2174 parata
2410 2145 2425 2170 ,
2452 2121 2483 2161 e
2503 2115 2760 2179 corrupto
2811 2106 3066 2178 quopiam
3096 2107 3307 2179 singula
3366 2109 3636 2179 prodiisse

2031 2199 2174 2270 quod
2232 2216 2263 2255 e
2304 2210 2490 2255 contra
2549 2201 2731 2267 paucis
2777 2201 3024 2256 accidere
3074 2201 3329 2258 facillime
3379 2212 3631 2274 poterat;

2031 2299 2142 2345 tum
2168 2292 2365 2363 Syrum
2386 2335 2400 2359 ,
2451 2292 2684 2357 Arabem
2712 2335 2726 2359 ,
2758 2292 3069 2367 Ethiopem
3094 2335 3108 2360 ,
3139 2294 3425 2351 Gothicam
3468 2296 3637 2365 inter-

2032 2384 2267 2453 polatis,
2318 2383 2403 2439 hic
2444 2383 2545 2439 loci
2577 2426 2592 2449 ,
2644 2400 2835 2440 omnes
2902 2386 3234 2457 antigraphis
3281 2402 3426 2459 usos.
3480 2388 3634 2445 Adde

2032 2476 2218 2531 Graeca
2244 2476 2413 2531 ferme
2442 2476 2644 2541 omnia,
2672 2476 2875 2532 fatente
2892 2477 3081 2543 Millio,
3105 2477 3182 2532 sic
3205 2478 3411 2548 legere,
3436 2480 3634 2551 quibus

2035 2577 2213 2623 tamen
2265 2569 2330 2621 ab
2378 2568 2652 2621 adnotalis
2705 2584 2732 2620 a
2767 2568 3143 2636 Tertulliano,
3176 2570 3406 2645 aliisve,
3458 2589 3555 2629 seu
3600 2588 3636 2630 ει

2032 2652 2237 2729 Latinis
2292 2658 2693 2739 exemplaribus
2764 2658 3041 2715 vcrbailla
3095 2661 3421 2731 irrepsisse,
3475 2666 3636 2736 pauci

2032 2751 2135 2805 sibi
2176 2751 2549 2819 persuadeant.
2585 2752 2757 2806 Rarus
2784 2754 2927 2809 etaim
2953 2794 2969 2822 ,
2998 2770 3120 2811 cum
3181 2756 3383 2812 Latinae
3413 2759 3633 2831 linguae,

2034 2851 2145 2897 tum
2176 2844 2287 2897 Afri
2314 2844 2456 2929 illius
2483 2887 2497 2909 ,
2522 2844 2862 2923 aliorumque
2879 2864 2908 2902 e
2932 2850 3132 2906 nostris
3152 2851 3477 2923 scriptorum
3501 2870 3633 2913 usus

2032 2937 2172 3009 apud
2220 2936 2521 3015 Orientales
2554 2947 2682 3021 tunc
2716 2942 2971 3010 temporis
3003 2942 3119 3013 fuit.
3178 2930 3373 3002 Rarior
3418 2946 3635 3021 Vulgali

2035 3030 2346 3113 interpretis
2376 3072 2390 3096 ,
2418 3041 2510 3109 aut
2537 3032 2717 3111 verius
2754 3033 2935 3089 nullus
2961 3075 2975 3102 ,
2999 3050 3106 3111 (ιμο
3157 3038 3378 3093 minime
3426 3039 3637 3113 indige-

2110 3218 2205 3269 Ast
2232 3256 2248 3281 ,
2278 3216 2420 3285 quod
2470 3232 2555 3271 me
2586 3217 2755 3295 magis
2786 3217 2995 3295 inducit
3024 3230 3079 3277 ut
3104 3219 3320 3295 credam
3348 3264 3363 3291 ,
3393 3222 3465 3278 ita
3493 3222 3635 3279 anti-

2038 3306 2221 3377 quitus
2254 3296 2451 3362 lectum
2478 3351 2492 3374 ,
2522 3292 2611 3364 est
2634 3310 2754 3364 facti
2784 3292 2950 3381 ipsius
2972 3312 3188 3389 raritas,
3217 3329 3279 3369 ac
3300 3292 3636 3387 magnitudo.

2039 3398 2219 3468 Ignem
2268 3400 2470 3455 scilicet
2496 3400 2563 3455 dc
2614 3400 2754 3456 caelo
2786 3402 2837 3457 in
2870 3405 3320 3485 contumeliosum
3375 3408 3635 3481 oppidum

2040 3493 2244 3560 precari
2274 3495 2548 3562 apostolos
2575 3494 2714 3549 velle
2745 3536 2759 3560 ,
2783 3497 3033 3566 exemplo
3061 3498 3209 3552 nullo
3239 3509 3533 3568 praeeunte.
3558 3502 3639 3558 Ac

2041 3595 2323 3654 pr0pterea
2370 3598 2499 3639 vero
2528 3585 2858 3639 simillimum
2892 3598 3009 3652 est,
3044 3587 3172 3642 Elite
3218 3588 3391 3654 illud",
3450 3602 3641 3661 utpote

2040 3677 2252 3746 insigne
2282 3676 2418 3731 adeo
2443 3719 2459 3744 ,
2492 3688 2657 3748 atque
2708 3680 2848 3735 inter
2875 3679 3092 3736 Iudaeos
3124 3685 3391 3739 notorium
3420 3687 3640 3745 Christo

2039 3768 2329 3826 adduxisse
2357 3813 2371 3836 ,
2403 3778 2460 3825 ut
2487 3770 2733 3827 eamdem
2761 3813 2776 3838 ,
2827 3789 2947 3844 qua:
2970 3774 3097 3829 olim
3150 3777 3427 3848 propheta:
3471 3778 3637 3851 data,

2046 3871 2368 3933 potestatem
2401 3863 2649 3934 ipsismet
2671 3862 2892 3920 faceret.

2110 3954 2263 4022 Quod
2294 3969 2457 4024 supra
2502 3953 2815 4011 dicebamus
2841 3998 2855 4023 ,
2914 3956 3063 4036 plura
3092 3959 3161 4013 ab
3209 3961 3638 4034 exscriptoribus

2042 4048 2140 4103 hac
2173 4047 2334 4103 illhac
2356 4049 2694 4119 praetermitti
2735 4048 2993 4120 potuisse,
3032 4054 3239 4123 monuit
3266 4072 3353 4111 me
3382 4056 3483 4113 loci
3508 4058 3644 4116 alte-

2041 4139 2153 4194 rius
2173 4139 2331 4193 Lucu:
2358 4154 2429 4204 vt,
2459 4140 2529 4195 26
2552 4183 2565 4206 ,
2591 4138 2681 4195 ubi
2711 4140 2931 4212 Vulgata
2958 4158 3078 4198 cum
3104 4144 3308 4202 Graecis
3325 4145 3497 4204 ferme
3521 4167 3641 4206 om-

2041 4229 2201 4286 nibus
2235 4247 2247 4284 :
2278 4231 2577 4287 Secundum
2601 4231 2711 4287 lucc
2735 4234 2871 4287 enim
2902 4234 3160 4303 faciebant
3185 4238 3644 4314 pseudoprOphetis

2042 4335 2212 4394 patres
2237 4341 2448 4392 eorum,
2476 4327 2753 4395 exemplar
2776 4338 3017 4383 nostrum
3036 4371 3050 4393 ,
3075 4330 3330 4399 faciebant
3358 4343 3408 4388 et
3421 4337 3648 4407 prophe-

2041 4418 2125 4471 tis.
2175 4417 2239 4472 Et
2288 4418 2366 4473 sic
2422 4417 2639 4473 codices
2670 4420 2831 4490 aliqui
2878 4432 3002 4477 ante
3052 4422 3473 4497 Hieronymum,
3508 4437 3647 4487 teste

322 4528 565 4597 Agnosce
579 4524 781 4592 judicis
809 4524 1139 4578 seueritatem.
1165 4520 1215 4575 Ε
1243 4531 1423 4575 contra
1453 4519 1644 4575 Christi
1675 4521 1928 4574 lenitatem
1956 4516 2009 4576 D
2034 4510 2219 4566 ΜῘΙΙῙοο
2267 4511 2334 4567 Et
2380 4512 2458 4568 sic
2513 4513 2724 4584 legebat
2790 4513 3156 4573 Tertullianus
3198 4520 3220 4593 (
3246 4520 3363 4577 Lib.
3403 4540 3458 4580 tv
3525 4529 3646 4581 adv.

319 4615 645 4685 increpantis
668 4613 896 4668 eamdem
922 4613 1414 4667 animadversionem
1444 4610 1755 4665 destinantes
1777 4610 1935 4663 disci-

320 4707 478 4777 pulos
502 4722 658 4776 super
685 4703 834 4759 illum
879 4704 1103 4757 viculunt
1145 4703 1546 4757 Santaritarum.
1582 4701 1740 4755 Certe
1760 4741 1775 4767 ,
1809 4715 1931 4755 cum

318 4800 391 4855 ad
445 4798 723 4854 laudatam
754 4797 914 4852 Lucae
945 4796 1235 4866 pericopeu
1268 4795 1568 4864 reSpiceret
1604 4792 1698 4847 lib.
1726 4794 1792 4847 de
1830 4791 1931 4845 Pa-

321 4892 519 4948 tientia
543 4892 600 4952 ὅ,
630 4890 764 4945 Elia:
789 4905 893 4944 non
919 4889 1183 4943 meminit.
1208 4887 1384 4942 Verba
1409 4887 1526 4956 ejus
1550 4885 1741 4939 damus
1758 4900 1786 4937 a
1809 4884 1931 4937 Mil-

320 4984 401 5040 lio
418 5000 528 5040 non
556 4982 843 5037 observata
865 4999 877 5033 :
902 4980 1023 5035 Non
1042 4991 1329 5050 peccatores
1344 4978 1363 5051 (
1380 4979 1550 5048 inquit
1565 4978 1931 5033 Tertullianus

321 5076 397 5131 de
422 5075 651 5131 Christo
677 5075 900 5145 loquens
920 5074 958 5145 ),
989 5092 1089 5129 non
1121 5073 1431 5127 Pnblicanos
1480 5082 1783 5143 aspernatus
1833 5083 1930 5127 est.

323 5166 455 5223 Non
498 5169 579 5223 illi
618 5168 799 5222 saltem
827 5167 1051 5233 civitati,
1080 5181 1193 5235 qua:
1214 5181 1330 5219 eum
1378 5165 1604 5233 recipere
1653 5163 1889 5217 noluerat
1916 5204 1931 5229 ,

321 5263 491 5318 iratus
520 5273 595 5317 est
616 5279 636 5329 ;
661 5278 779 5315 cum
798 5262 949 5315 etiam
961 5260 1201 5329 discipuli
1232 5268 1336 5312 tant
1354 5256 1721 5312 contumelioso
1746 5256 1936 5327 Oppido

327 5346 561 5411 cmlestes
580 5359 722 5427 ignes
750 5354 1106 5424 repraesentari
1134 5352 1428 5407 uoluissent.

414 5446 679 5503 Caeterum
700 5450 860 5503 verba
895 5448 985 5501 illa
1014 5465 1042 5499 ει
1073 5445 1304 5514 quodam
1332 5443 1537 5499 codicis
1567 5443 1651 5497 sui
1704 5442 1932 5513 margini

319 5542 632 5610 adscripta,
655 5553 711 5597 ut
731 5540 1153 5603 asseritMillius,
1180 5538 1305 5593 inde
1350 5539 1401 5592 in
1426 5545 1931 5593 contextumtrans-

322 5639 459 5693 iisse
489 5655 505 5691 :
534 5647 649 5692 tum
674 5637 741 5691 ab
781 5636 904 5691 aliis
924 5636 1085 5689 etiam
1109 5676 1121 5696 ,
1141 5633 1216 5687 uti
1251 5635 1398 5703 prius
1432 5631 1795 5687 Tertulliauus
1816 5672 1831 5697 ,
1862 5630 1930 5685 ad

322 5726 507 5789 lacum
562 5730 713 5787 illum
746 5730 903 5785 Lucan
947 5736 1128 5785 notata
1155 5726 1498 5784 occasionem
1552 5726 1767 5781 dedisse
1806 5724 1932 5780 huic

2043 4603 2208 4659 Marc.
2233 4602 2273 4677 ).
2300 4605 2623 4663 observante
2640 4607 2852 4664 eodem.
2875 4608 3050 4667 Verba
3079 4613 3197 4684 ejus
3219 4624 3379 4671 sunt:
3416 4618 3507 4674 Vw
3525 4604 3644 4672 cum

2038 4697 2179 4752 vobis
2232 4698 2579 4754 benedixerint
2610 4700 2841 4758 homines
2869 4721 2887 4759 :
2913 4706 3189 4761 secundum
3243 4709 3350 4765 haec
3386 4712 3646 4782 faciebant

2039 4799 2085 4843 et
2111 4792 2371 4861 prophetis
2390 4802 2556 4862 patres
2586 4792 2813 4850 illorum.
2834 4795 2908 4850 1E
2914 4814 3009 4868 que
3032 4798 3242 4854 Creator
3282 4801 3647 4861 benedictionis

2034 4893 2082 4939 et
2107 4885 2275 4938 laudis
2304 4883 2545 4941 humana:
2574 4899 2847 4944 sectatores
2876 4891 3074 4945 incusat
3107 4909 3195 4960 per
3244 4892 3474 4949 Esaiam.
3538 4894 3648 4952 Po-

2034 4979 2186 5048 pulus
2210 4994 2351 5031 meus
2367 5020 2382 5044 ,
2406 4981 2493 5049 qui
2521 4996 2605 5035 vos
2631 4981 2801 5037 beatos
2825 4984 3027 5048 dicunt,
3051 4984 3299 5040 seducunt
3319 5003 3405 5042 vos
3423 5029 3437 5055 ,
3462 5001 3509 5044 et
3539 4992 3648 5049 vias

2036 5074 2221 5143 pedum
2249 5082 2528 5126 vestrorum
2558 5073 2848 5127 disturbant
2878 5072 3035 5146 (Esai
3062 5117 3075 5138 ,
3104 5092 3185 5144 tu,
3213 5078 3278 5141 12
3367 5078 3641 5150 Legenda,

2038 5181 2156 5235 qua:
2186 5164 2250 5217 ad
2310 5164 2453 5220 hunc
2499 5166 2677 5220 locum
2709 5165 2929 5221 adducit
2966 5168 3201 5235 Millius;
3253 5180 3363 5226 tum
3424 5172 3645 5229 Erasmi

2035 5258 2294 5329 judicium
2322 5300 2336 5321 ,
2365 5259 2454 5328 qui
2488 5259 2709 5327 putabat
2747 5259 3114 5333 diversitatem
3173 5264 3309 5320 hanc
3340 5266 3409 5321 ab
3461 5265 3643 5322 crudi-

2035 5350 2146 5405 tulo
2173 5349 2404 5420 quodam
2447 5350 2499 5403 in
2528 5350 2743 5407 codices
2770 5350 3019 5419 primitus
3049 5346 3353 5426 irrepsisse.
3387 5357 3497 5426 Ego
3530 5374 3644 5416 non

2035 5443 2253 5508 dubito,
2285 5442 2543 5513 quidquid
2585 5454 2863 5513 peccaturo
2908 5446 2978 5502 sit
3000 5447 3221 5504 librario
3275 5449 3497 5516 deberi,
3549 5454 3644 5525 qui

2034 5552 2156 5591 cum
2191 5536 2517 5607 prtecedcnti
2563 5547 2833 5594 commate
2857 5538 2929 5593 ‘25
2950 5582 2964 5606 ,
2994 5539 3183 5595 eadem
3232 5541 3454 5597 omnino
3477 5546 3644 5602 verba

2036 5628 2292 5699 legisset,
2325 5638 2418 5683 aut
2458 5628 2545 5684 hic
2571 5629 2675 5685 loci
2704 5630 2983 5686 retinenda
3033 5631 3276 5698 censuit,
3310 5633 3497 5706 sicque
3536 5637 3645 5707 pri-

2038 5739 2152 5781 mas
2182 5724 2418 5796 syllabas
2464 5724 2517 5779 in
2564 5723 3016 5795 pseudopmpltetis
3046 5726 3339 5797 praeteriit;
3373 5737 3502 5799 aut,
3546 5730 3647 5788 falo
3707 5711 3713 5717 ’
