4054 6198
393 223 465 281 39
1742 202 2294 275 PROLEGOMENA.
3630 190 3702 244 40

394 340 631 397 lentibus
657 340 1093 402 oculis,comma
1121 332 1250 388 illud
1279 345 1379 402 pro
1407 330 1579 385 altero
1604 328 1798 383 iterum
1843 324 1990 393 legit.
2024 325 2071 383 Α
2100 330 2210 390 pta,
2242 317 2365 387 quia
2410 316 2462 369 in
2512 312 2766 368 Africana
2809 307 3057 366 Ecclesia
3101 306 3205 362 soli
3256 304 3477 361 codices
3524 302 3703 359 Latini

395 430 559 488 Certe
587 431 655 484 ad
702 429 976 484 laudatum
1009 427 1183 481 Esaia:
1232 426 1411 479 locum
1438 420 1743 489 respexisse
1791 417 2001 471 videtur

396 523 648 580 Salvator
678 534 884 577 noster.
931 520 1001 574 Et
1028 518 1175 589 quod
1222 517 1353 570 olim
1384 512 1872 585 pseudopropheta:
1902 509 1999 571 illi,

398 618 491 687 qui
523 616 706 671 videre
728 615 859 669 falsa
881 655 896 678 ,
921 624 976 668 et
1002 610 1247 666 divinare
1268 608 1468 679 populo
1491 606 1831 661 mendacium
1858 602 2004 656 dice-

400 709 599 765 bantur
617 751 633 773 ,
663 709 735 763 ita
760 708 924 762 etiam
946 721 1054 760 non
1084 704 1386 766 defuturos,
1410 700 1499 771 qui
1523 744 1538 767 ,
1569 699 1635 753 ad
1659 707 2005 753 contumaces

403 803 718 859 Judatorum
747 800 957 853 animos
1001 795 1401 859 obﬁrmandos,
1452 793 1589 847 bona
1616 800 1672 846 et
1722 790 1893 843 fausta
1940 788 2006 843 iis

403 913 666 969 oggerere
693 911 801 950 non
828 894 1173 955 desinerent;
1204 905 1342 961 quos
1368 896 1651 957 propterea
1676 882 2007 954 pseud0pro-

407 991 585 1063 phetis
625 987 966 1045 assimilavit.
1000 986 1069 1040 Et
1096 999 1262 1049 sane,
1294 982 1399 1036 nisi
1445 980 1687 1035 obstaret
1712 987 2009 1031 consensus

406 1085 649 1140 omnium
681 1084 961 1150 hucusque
1008 1064 1263 1133 codicum
1292 1114 1307 1138 ,
1342 1071 1629 1143 legendqu
1684 1068 1959 1121 videretur
1990 1105 2007 1128 ,

408 1175 706 1230 Secundum
738 1174 847 1226 haec
866 1172 999 1225 enim
1022 1169 1275 1241 faciebant
1296 1162 1753 1237 pseudOprOpheta:
1783 1159 2011 1231 patribus

408 1270 638 1325 illorum.
668 1267 775 1323 Sed
805 1266 907 1321 hoc
930 1274 987 1319 ut
1011 1264 1379 1333 conjecturam
1408 1256 1711 1327 simplicem
1735 1254 1945 1309 damus.

483 1381 719 1451 Longior
749 1380 873 1441 sim,
902 1378 947 1431 si
975 1376 1277 1446 peculiares
1300 1371 1562 1427 lectiones
1584 1368 1721 1422 alias
1750 1368 1801 1419 in
1825 1364 2014 1419 codice

413 1487 600 1531 ποειῐο
625 1490 655 1527 a
685 1473 905 1541 Vulgata
937 1471 1224 1531 abeuntes,
1260 1463 1550 1519 nonnullas
1600 1461 1761 1514 etiam
1816 1457 2014 1509 frustra

414 1582 445 1621 a
496 1566 627 1620 viris
672 1564 847 1618 doctis
896 1561 1214 1615 sollicitatas
1263 1554 1574 1625 expendere
1634 1552 1721 1605 hic
1771 1564 2009 1619 pergant.

416 1655 719 1728 prazsertim
736 1670 879 1718 cum,
896 1668 1017 1723 qua:
1032 1666 1133 1705 nos
1155 1648 1367 1702 adferre
1385 1656 1687 1715 possemus,
1720 1641 1918 1694 adtulet
1935 1639 2013 1691 int

416 1753 650 1809 fortasse
699 1752 826 1817 alii,
892 1762 1120 1816 quorum
1167 1758 1335 1813 opera
1390 1740 1661 1808 inspicere
1710 1735 1865 1789 nobis
1913 1747 2019 1786 non

418 1845 590 1900 licuit.
622 1844 804 1912 Itaque
830 1840 997 1893 satius
1023 1836 1130 1892 erit
1174 1834 1241 1887 ad
1285 1828 1659 1902 hujuscemodi
1688 1824 2020 1893 exemplaria

419 1951 735 1999 conversos,
784 1932 925 1988 unde
974 1946 1042 1986 ea
1096 1930 1311 1983 demum
1366 1922 1658 1979 lectionum
1709 1919 1964 1979 varietas,
1994 1932 2023 1969 a

421 2031 642 2102 quibus,
675 2037 764 2081 aut
791 2024 1006 2096 quando
1033 2021 1214 2078 invehi
1244 2028 1445 2088 empta,
1477 2022 1739 2086 quantum
1772 2009 2023 2081 equidem

422 2132 481 2180 et
507 2121 810 2177 obscuritas
848 2128 1175 2186 temporum,
1209 2122 1259 2167 et
1308 2110 1512 2181 ingenii
1544 2107 1688 2163 vires
1731 2105 2025 2175 patiuntur,

424 2216 750 2286 disquirere.

499 2332 720 2387 Certum
750 2338 851 2393 est,
887 2338 943 2380 ut
966 2335 1123 2380 antea
1154 2323 1489 2384 dicebamus,
1533 2317 1719 2372 divina
1762 2312 2034 2378 apostolo-

430 2439 550 2479 rum
606 2429 976 2483 monumenta,
1026 2428 1083 2471 ut
1127 2429 1356 2485 qumque
1407 2411 1713 2482 prodibant,
1762 2404 2035 2460 Ecclesias

429 2519 569 2582 illas,
598 2515 793 2585 quibus
824 2512 997 2581 primo
1027 2512 1396 2569 inuotuerant,
1448 2505 1504 2558 in
1551 2501 1768 2556 codices
1797 2513 1923 2552 suos
1950 2512 2037 2552 rc-

432 2610 653 2673 tulisse;
687 2616 797 2660 tum
828 2618 1014 2659 earum
1060 2599 1370 2669 apographa
1422 2593 1786 2664 pr0pioribus,
1832 2590 2038 2658 hasque

433 2706 662 2762 invicem
690 2698 811 2754 aliis
836 2698 1267 2752 communicasse
1298 2690 1571 2753 ﬁdelibus,
1607 2697 1667 2741 ut
1695 2694 1891 2756 prazsto
1916 2698 2039 2738 esse

436 2803 659 2870 possent
689 2812 703 2847 :
740 2808 802 2847 ea
834 2790 1079 2861 profecto
1107 2802 1236 2842 cura
1278 2784 1573 2852 descripta,
1603 2796 1723 2850 qua:
1752 2778 2039 2849 puritatem

436 2890 710 2947 nascentis
752 2887 1034 2950 Ecclesia,
1084 2893 1248 2953 atque
1275 2895 1402 2946 una,
1434 2878 1763 2946 scriptorum
1789 2887 2044 2928 reveren-

439 2985 593 3049 tiam,
646 2980 1068 3052 dignitatemque
1118 2975 1346 3031 decebat
1392 2990 1405 3025 :
1460 2970 1617 3036 viris,
1666 2980 1726 3023 ut
1773 2966 1920 3022 credi
1947 2981 2046 3036 par

437 3085 544 3142 est,
575 3075 641 3130 ad
672 3087 867 3130 munus
912 3070 1044 3126 illud
1093 3068 1319 3124 delec1is
1340 3108 1354 3132 ,
1386 3080 1612 3137 quorum
1640 3062 1707 3119 de
1738 3060 1843 3116 ﬁde
1874 3074 1938 3114 ac
1962 3059 2046 3113 di-

438 3168 654 3239 ligentia
684 3166 880 3235 ambigi
914 3163 1136 3218 minime
1180 3168 1400 3231 posset;
1430 3166 1486 3214 et
1524 3158 1604 3212 sic
1633 3154 1903 3225 prioribus
1931 3168 2040 3207 sa:-

441 3260 579 3316 Culis
619 3252 672 3313 in
704 3259 912 3312 illarum
944 3253 1199 3310 sacrariis
1227 3250 1531 3306 castissime
1560 3248 1765 3311 habita,
1814 3245 2044 3300 fortasse

443 3355 607 3411 etiam
634 3351 775 3423 apud
820 3350 1079 3419 privatos,
1126 3346 1216 3416 qui
1263 3345 1384 3415 pltls
1428 3356 1641 3414 sapere,
1690 3353 1851 3411 quam
1882 3351 2045 3409 opor-

446 3455 607 3514 teret,
642 3442 879 3499 nondum
906 3441 1245 3497 didicissent.

517 3563 587 3618 Et
616 3577 749 3618 sane
776 3578 882 3617 non
935 3560 1110 3614 solum
1144 3554 1287 3611 haud
1334 3553 1594 3624 proclive,
1625 3550 1721 3608 sed
1766 3565 1943 3621 neque
1968 3557 2053 3605 tu-

448 3665 561 3711 tum
595 3666 721 3712 tunc
750 3663 887 3720 erat,
921 3653 1236 3724 quidquam,
1269 3648 1412 3720 quod
1437 3648 1506 3701 ab
1528 3646 1839 3719 areltetypis
1868 3643 2055 3699 differ-

449 3758 555 3814 ret,
588 3751 640 3804 in
669 3746 976 3819 apographa
1006 3744 1285 3799 intrudere
1316 3762 1329 3794 :
1378 3741 1485 3796 illis
1512 3739 1690 3819 adhuc
1724 3738 1866 3808 apud
1900 3737 2052 3808 prin-

450 3841 601 3911 cipes
627 3817 906 3895 Ecclesias
933 3835 1299 3898 manentibus,
1330 3832 1398 3886 ad
1431 3817 1565 3901 quas
1595 3844 1897 3900 provocare
1926 3829 2057 3882 lice-

452 3941 557 3988 ret.
592 3930 746 3997 Quod
778 3927 975 3984 fecisse
1003 3927 1215 3981 videtur
1242 3923 1605 3979 Tertullianus
1653 3920 1754 3993 (De
1783 3921 2051 3993 prwscrip.

456 4023 660 4080 Παντεῖ.
691 4020 903 4090 xxxvr),
954 4027 1009 4073 et
1055 4016 1272 4088 quidem
1319 4023 1569 4070 conserta
1616 4028 1737 4069 cum
1789 4012 2059 4067 haereticis

456 4133 654 4183 manu;
683 4116 773 4187 qui
805 4114 851 4168 si
884 4112 1184 4178 fefellisset,
1235 4117 1327 4163 aut
1367 4106 1645 4162 crcdulmu
1692 4121 1813 4160 eum
1857 4103 2057 4171 ridere,

457 4220 548 4264 aut
596 4205 913 4263 mendacem
960 4201 1242 4257 traducere
1288 4207 1556 4270 poterant.
1599 4197 1689 4251 Ait
1739 4196 1883 4251 enim
1912 4213 1925 4248 :
1957 4195 2064 4265 Age

449 4304 586 4374 jam,
617 4300 704 4370 qui
731 4298 868 4353 voles
898 4296 1249 4351 curiositatem
1280 4293 1460 4346 melius
1501 4306 1739 4345 exercere
1767 4290 1821 4342 in
1862 4288 2064 4358 negotio

459 4394 642 4451 salutis
671 4405 791 4455 tuae,
824 4407 1064 4463 percurre
1095 4387 1356 4442 Ecclesias
1386 4384 1715 4455 apostolicus,
1756 4382 1900 4453 apud
1939 4397 2065 4451 quas

2107 409 2521 480 Evangeliorum
2549 406 2887 475 legebantur.

2175 504 2285 559 Cur
2311 502 2383 556 ita
2416 502 2646 556 senserit
2688 496 2951 567 Rigaltius
2981 494 3160 550 fateor
3188 507 3276 547 me
3304 508 3413 547 non
3456 490 3704 561 adsequi.

2105 596 2218 651 Nisi
2264 595 2309 649 si
2361 593 2499 648 forte
2530 592 2670 647 haud
2702 590 2815 644 ﬁeri
2846 589 3087 659 potuisse
3112 586 3498 650 arbitrabatur,
3527 592 3584 637 ut
3613 600 3706 637 ar-

2106 688 2338 758 chetypa
2369 685 2738 756 apostolorum
2784 681 2851 734 ad
2884 678 3205 735 Tertulliani
3244 691 3416 746 usque
3462 685 3704 744 tempora

2109 787 2481 850 superessent.
2516 775 2585 831 Ut
2623 773 2753 844 quid
2806 772 2949 827 enim
2994 770 3125 826 Afer
3153 771 3254 824 iste
3281 769 3350 823 ad
3380 769 3507 822 illas
3548 767 3704 821 dum-

2112 882 2257 927 taxat
2284 869 2558 926 Ecclesias
2580 874 2957 938 provocasset,
2986 865 3051 919 ad
3082 878 3217 934 quas
3239 862 3708 933 Apostolumscri—

2112 966 2288 1034 psisse
2315 970 2653 1031 compertum
2686 959 2808 1014 est?
2835 957 2919 1011 An
2950 972 3056 1011 non
3097 966 3153 1010 et
3201 954 3343 1025 apud
3391 955 3525 1009 alias
3572 968 3709 1023 apo-

2113 1061 2316 1131 grapha
2385 1057 2753 1128 Epistolarum
2806 1054 2959 1109 Pauli
3011 1051 3359 1119 authentica,
3420 1051 3467 1105 si
3521 1048 3715 1105 Grazce

2112 1152 2351 1223 scripta?

2185 1244 2480 1307 Simonius,
2531 1252 2590 1296 ut
2633 1241 2688 1295 in
2738 1241 3012 1311 plerisque
3062 1237 3199 1293 locis
3244 1235 3492 1292 historia:
3539 1235 3712 1303 illius,

2118 1354 2218 1393 nec
2261 1338 2392 1392 satis
2423 1351 2649 1407 memor,
2681 1344 2735 1389 et
2766 1349 2951 1403 parum
2985 1331 3088 1385 sibi
3135 1330 3237 1399 ipsi
3278 1340 3537 1384 constans
3586 1343 3711 1382 cum

2116 1432 2359 1499 apprime
2392 1430 2619 1483 ﬁdenter
2647 1426 2873 1481 dixisset
2914 1424 3015 1495 (II.
3056 1422 3114 1477 C.
3148 1422 3310 1477 Parte
3338 1422 3379 1487 l,
3413 1424 3478 1492 ι),
3528 1422 3718 1490 primis

2120 1523 2228 1577 illis
2258 1521 2513 1576 Ecclesia:
2545 1519 2882 1587 temporibus
2911 1516 3131 1570 difﬁcile
3175 1516 3341 1569 fuisse
3384 1530 3541 1568 veros
3586 1529 3720 1584 apo-

2118 1616 2405 1681 stolorum,
2439 1624 2525 1667 aut
2572 1612 2960 1680 discipulorum
3008 1610 3173 1663 libros
3202 1610 3269 1662 ab
3314 1607 3381 1661 iis
3408 1623 3717 1674 secernere,

2051 1720 2097 1777 Β
2125 1724 2260 1779 quos
2291 1707 2531 1761 bmretici
2561 1706 2700 1759 ﬁctis
2729 1720 2917 1758 eorum
2969 1700 3281 1755 nominibus
3328 1699 3717 1764 inscribebant,

2126 1802 2503 1857 deﬁcientibus
2567 1798 2843 1861 archivis,
2906 1796 2972 1850 ad
3022 1812 3140 1863 qua:
3189 1810 3485 1864 provocare
3533 1794 3724 1850 ﬁdeles

2128 1904 2372 1965 possent,
2421 1909 2527 1948 non
2555 1894 2736 1963 .multo
2768 1900 2953 1960 postea
3003 1888 3283 1942 intervallo
3327 1886 3619 1957 subjungit.
3666 1887 3723 1942 Si

2129 1986 2343 2056 quando
2372 1983 2635 2041 sectarius
2665 1981 2863 2052 aliquis
2890 1980 3013 2057 ﬁcta
3043 1978 3331 2048 Evangelia
3360 1976 3723 2047 opposuisset,

2131 2078 2251 2133 falsi
2278 2078 2583 2132 convictum
2614 2091 2642 2128 a
2676 2074 2947 2135 Pati-ibus,
2990 2070 3055 2124 ad
3086 2085 3208 2125 vera
3259 2070 3346 2123 illa
3384 2069 3725 2138 promicanti-

2136 2172 2256 2229 lius,
2289 2184 2409 2237 qum
2457 2170 2507 2220 in
2555 2167 2809 2221 Ecclesiis
2860 2164 3191 2233 aposmlicis,
3223 2162 3447 2231 perinde
3477 2177 3540 2216 ac
3580 2161 3628 2215 si
3676 2162 3727 2214 in

2134 2263 2392 2325 archivis,
2422 2260 2797 2315 servabantur.
2831 2255 2908 2309 Ils
2954 2257 3078 2309 l‘ont
3106 2257 3387 2309 conraincu
3419 2254 3483 2309 de
3507 2255 3557 2306 la
3584 2255 3730 2323 [aus-

2135 2360 2239 2410 seté
2264 2357 2351 2408 dcs
2380 2364 2539 2418 actes,
2564 2352 2689 2420 qn‘il
2707 2351 2997 2421 produisait
3026 2366 3153 2417 pour
3172 2349 3243 2402 les
3269 2352 3614 2413 "immunes,
3642 2348 3732 2417 qui

2137 2465 2189 2501 se
2220 2447 2568 2501 conservaieut
2606 2444 2735 2496 dans
2790 2442 2862 2495 les
2906 2440 3107 2510 Eglises
3148 2440 3514 2510 apostoliques,
3560 2447 3605 2491 et
3644 2438 3731 2505 qui

2139 2541 2361 2594 teuaimt
2385 2539 2488 2605 ficu
2518 2535 2820 2590 d’archives.
2852 2533 2989 2601 Quid
3023 2535 3197 2600 itaque
3223 2532 3339 2585 alia:
3367 2546 3473 2585 non
3506 2539 3731 2601 aposto-

2140 2634 2256 2689 lici:
2302 2634 2389 2686 ubi
2437 2647 2573 2702 Opus
2616 2630 2796 2684 esset?
2842 2628 2977 2681 Tum
3026 2626 3163 2696 quod
3196 2626 3247 2679 iu
3288 2624 3509 2687 Africae,
3546 2623 3733 2690 ltaIim,

2142 2724 2463 2788 Galliarum,
2492 2721 2720 2791 aliisque
2757 2719 3065 2775 Occidentis
3107 2716 3362 2772 Ecclesiis
3407 2718 3460 2770 in
3489 2715 3737 2770 Latinam

2143 2817 2379 2887 linguam
2428 2815 2691 2869 translata
2740 2811 3026 2884 Evangelia
3068 2812 3397 2881 legerentur,
3445 2826 3573 2865 num
3614 2825 3739 2879 pro-

2147 2920 2329 2977 pterea
2356 2926 2505 2973 vera,
2537 2920 2697 2979 atque
2722 2908 3030 2963 authentica
3050 2919 3169 2960 esse
3208 2903 3524 2959 desierant?
3548 2904 3741 2970 Quam-

2150 3006 2230 3060 vis
2278 3020 2383 3059 non
2433 3003 2500 3058 de
2550 3002 2879 3071 Evangeliis,
2929 2999 3026 3055 sed
3071 2998 3139 3054 de
3198 2996 3439 3053 Paulinis
3485 2995 3743 3068 Epistolis

2071 3094 2116 3156 C
2150 3102 2397 3170 loquatur
2426 3098 2556 3153 inibi
2584 3096 2970 3153 Tertullianus.

2219 3193 2403 3263 Itaque
2451 3201 2802 3260 superessent
2844 3188 3138 3243 etiamnum
3180 3185 3326 3239 illius
3352 3199 3469 3239 a:vo
3497 3192 3746 3254 autogra-

2150 3284 2252 3355 pha
2284 3283 2528 3353 Apostoli
2560 3283 2611 3336 in
2646 3280 2962 3336 memoratis
3015 3278 3298 3341 Ecclesiis,
3327 3292 3521 3341 necne,
3568 3276 3743 3345 profc-

2152 3386 2240 3430 cto
2264 3376 2382 3431 sine
2412 3374 2620 3430 idoneis
2652 3372 3035 3436 monumentis,
3069 3372 3122 3426 in
3153 3386 3211 3427 re
3250 3370 3393 3434 facti,
3423 3380 3482 3423 ut
3508 3369 3611 3424 hoc
3639 3377 3745 3437 est,

2153 3483 2313 3524 nemo
2359 3474 2563 3523 statuat
2607 3465 2867 3536 prudens.
2918 3464 3171 3520 Attamen
3211 3462 3354 3534 quod
3403 3462 3609 3519 servari
3656 3476 3751 3532 po-

2154 3560 2375 3623 tuerint,
2428 3559 2558 3614 nihil
2606 3567 2772 3613 vetat.
2826 3558 2936 3611 lino
2979 3555 3126 3626 quod
3174 3564 3421 3621 servata,
3470 3555 3627 3624 longe
3667 3560 3753 3607 est

2156 3656 2540 3713 verosituilius.
2588 3655 2645 3711 Si
2704 3654 2846 3707 enim
2891 3661 2971 3705 tot
3008 3664 3223 3720 ectypa,
3264 3665 3361 3704 cur
3406 3665 3511 3703 non
3560 3646 3753 3702 arche-

2160 3761 2322 3822 typa,
2374 3748 2518 3803 unde
2568 3743 2953 3801 manaverant?
3006 3743 3058 3797 in
3108 3742 3303 3813 quibus
3361 3750 3417 3797 et
3460 3739 3752 3794 maximum

2162 3840 2531 3897 Ecclesiarum
2582 3837 2783 3903 decus,
2828 3836 2895 3890 ad
2941 3851 3074 3905 quas
3121 3834 3260 3888 data:
3311 3832 3569 3902 Epistola:
3619 3831 3752 3896 illze,

2160 3950 2279 4005 qua:
2304 3948 2362 3987 se
2416 3932 2485 3985 ab
2515 3929 2775 3999 Aposmlo
2820 3927 3066 3982 fundatas
3115 3925 3312 3980 merito
3353 3922 3754 3994 gloriabantur;

2163 4037 2217 4081 ct
2263 4034 2458 4096 prtcslo
2506 4038 2723 4092 semper
2766 4020 3061 4075 auctoritas
3108 4027 3297 4072 contra
3344 4024 3658 4080 novatores,
3709 4014 3755 4068 si

2163 4118 2289 4189 quid
2319 4118 2371 4172 in
2400 4116 2725 4186 apograpliis
2768 4114 2955 4168 dolose
2982 4111 3200 4175 addere,
3235 4110 3503 4172 omittere,
3539 4120 3758 4175 perver-

2167 4222 2280 4267 tere
2312 4213 2630 4266 niterentur.
2661 4207 2740 4262 Ac
2766 4216 3074 4277 propterea,
3124 4218 3233 4259 non
3259 4202 3381 4273 quia
3410 4200 3596 4255 Gra:ce
3625 4198 3758 4253 scri-

2169 4314 2271 4373 pta:
2316 4304 2368 4358 in
2416 4301 2777 4373 peculiaribus
2803 4299 2913 4353 illis
2956 4296 3236 4362 Ecclesiis,
3268 4310 3390 4348 nam
3420 4306 3571 4362 teque
3598 4291 3650 4344 in
3684 4298 3763 4344 tot

2167 4396 2312 4459 aliis,
2346 4395 2440 4450 sed
2474 4394 2614 4465 quod
2640 4393 2921 4466 ’ἱδιόχειραι
2946 4391 3076 4459 ipsa:
3103 4389 3251 4443 Pauli
3287 4384 3543 4455 Epistola:
3569 4398 3765 4453 super-

459 4489 587 4561 ipsa:
615 4486 787 4539 adhuc
814 4484 1071 4537 cathedra:
1097 4480 1449 4551 apostolorum
1477 4477 1587 4530 suis
1615 4476 1740 4529 locis
1762 4474 2062 4545 prwsident,
2091 4487 2142 4547 ι)
2170 4490 2323 4544 sules
2347 4496 2546 4551 essent,
2581 4486 2649 4540 ad
2677 4486 2773 4539 [ms
2802 4481 3174 4553 ρι-ονοωνετίι
3199 4476 3581 4534 Tertullinus.

460 4581 603 4653 apud
632 4596 755 4649 qttas
784 4578 908 4648 ipsa?
938 4587 1293 4629 Αυτιιεκτιειε
1327 4572 1512 4625 litterta
1538 4584 1717 4623 eorum
1757 4570 2058 4633 recitantur,

461 4682 699 4730 sonantes
712 4687 902 4735 vocem,
920 4678 965 4721 et
988 4675 1412 4738 repraesentantes
1440 4664 1626 4733 faciem
1641 4642 2062 4731 uniuscuiusque.

465 4766 719 4821 Proxima
766 4770 839 4817 est
889 4761 978 4815 tibi
1010 4756 1249 4812 Achaia?
1278 4758 1431 4811 habes
1480 4752 1807 4809 Corinthum.
1857 4753 1917 4806 Si
1966 4768 2067 4806 non

467 4860 616 4930 longe
641 4876 693 4913 es
720 4875 752 4912 a
796 4854 1126 4917 Macedonia,
1156 4851 1310 4904 habes
1340 4849 1635 4920 Philippos,
1672 4849 1822 4902 habes
1847 4846 2069 4901 Thessa-

467 4954 709 5008 lonicam.
742 4952 803 5007 Si
834 4961 974 5023 potes
1004 4951 1059 5003 in
1086 4947 1262 5002 Asiam
1300 4944 1527 5009 tendere,
1577 4942 1731 4996 habes
1777 4940 2063 5010 Ephesum.

470 5044 533 5101 Si
567 5054 735 5097 autem
780 5041 950 5096 Italia:
988 5042 1222 5115 adjaces,
1256 5038 1497 5100 Romam,
1532 5035 1667 5089 unde
1696 5035 1840 5089 nobis
1868 5048 2068 5103 quoque

469 5136 748 5192 auctoritas
776 5144 959 5204 praesto
986 5143 1077 5186 est.
1110 5131 1226 5187 Non
1255 5145 1342 5185 me
1373 5128 1508 5183 latet
1533 5141 1653 5195 qua:
1684 5124 1891 5180 fuerint
1928 5121 2069 5193 apud

473 5225 763 5299 Rigaltium
795 5222 977 5295 (Notis
1004 5222 1065 5275 ab
1107 5224 1158 5275 h.
1192 5223 1274 5291 1.).
1311 5221 1530 5275 Littera:
1559 5217 1677 5274 ista:
1716 5214 2069 5281 authenticre,

472 5320 542 5376 ad
590 5333 723 5391 quas
772 5322 1031 5388 provocat
1074 5313 1465 5378 Tertullianus,
1515 5312 1694 5382 lingua
1737 5310 1947 5367 scilicet
1976 5324 2070 5364 ea-

475 5411 619 5477 dem,
653 5426 759 5482 qua
787 5410 1000 5464 fuerant
1026 5405 1094 5459 ab
1122 5404 1381 5475 apostolis
1407 5402 1752 5470 conscriptce.

550 5524 848 5591 Simonius,
902 5518 1189 5592 Rigaltium
1219 5523 1459 5582 secutus,
1491 5514 1591 5587 (11,
1622 5514 1680 5570 C.
1715 5513 1792 5568 Ν.
1826 5513 1888 5567 Τ.
1920 5513 2080 5567 Parte

479 5616 523 5673 l.
552 5616 649 5689 tv),
679 5616 820 5683 ideo,
870 5615 1064 5688 inquit,
1112 5627 1235 5668 cum
1280 5609 1348 5665 ad
1396 5607 1703 5663 authentica
1744 5605 2079 5677 exemplaria

482 5715 954 5787 provocaret,non
981 5708 1085 5764 alia
1115 5701 1480 5771 intellexisse,
1526 5714 1687 5772 quam
1720 5698 1907 5757 Grmce
1937 5698 2076 5755 scri-

2243 4581 2323 4635 Ad
2370 4579 2656 4650 Evangelia
2704 4577 2844 4647 quod
2893 4586 3123 4647 spectat,
3172 4573 3418 4644 quamvis
3466 4570 3765 4636 Simonius,

2170 4675 2291 4729 loco
2336 4671 2750 4743 supralaudato,
2797 4678 3007 4724 servata
3060 4670 3115 4722 in
3151 4666 3411 4722 Ecclesiis
3455 4663 3769 4734 apostolicis

2172 4782 2359 4823 eorum
2418 4765 2710 4834 archetypa
2758 4763 2997 4818 sensisse
3043 4761 3309 4824 videatur,
3362 4771 3522 4813 nemo
3563 4765 3765 4821 tamen,

2173 4860 2317 4930 quod
2345 4858 2537 4925 sciam,
2572 4857 2800 4927 prtecise
2828 4854 2909 4919 ad
2939 4854 3156 4909 illorum
3188 4849 3406 4921 aliquod
3436 4848 3769 4919 provocavit,

2174 4965 2371 5026 praater
2418 4954 2637 5008 Petrum
2683 4950 3109 5007 Alexandrinum
3142 4947 3195 5002 in
3227 4945 3530 5015 fragmento
3570 4942 3639 4998 de
3667 4941 3774 4995 Pa-

2176 5049 2382 5113 scbate,
2412 5047 2479 5103 de
2501 5061 2609 5117 quo
2639 5056 2848 5115 postea.

2250 5143 2471 5207 Verum,
2524 5151 2817 5210 utcumque
2865 5154 2931 5194 ex
2977 5139 3081 5192 hoc
3128 5135 3248 5205 ipso
3284 5132 3427 5203 quod
3458 5130 3775 5203 primigenia

2179 5235 2310 5291 Novi
2358 5233 2605 5290 Faedcris
2651 5239 3000 5287 monumenta
3059 5228 3113 5283 in
3157 5224 3470 5296 apostolicis
3516 5220 3780 5277 Ecclesiis

2182 5336 2549 5393 servarentur,
2582 5324 2802 5381 difﬁcile
2831 5322 2993 5378 fuerit
3020 5322 3072 5375 in
3102 5334 3291 5376 eorum
3324 5314 3654 5386 apographis
3680 5313 3782 5366 ali-

2182 5421 2311 5493 quid
2339 5425 2657 5482 immutare;
2708 5417 2837 5471 nihil
2869 5428 3046 5471 tamen
3077 5415 3213 5469 adeo
3244 5412 3433 5468 efﬁcax
3479 5409 3546 5463 ad
3593 5416 3778 5463 custo-
3846 5478 3853 5484 η

2184 5513 2432 5570 diendam
2475 5513 2688 5567 illorum
2736 5510 3097 5581 integritatem
3130 5517 3257 5562 tunc
3288 5502 3549 5574 temporis
3575 5501 3693 5566 fuit,
3723 5506 3783 5553 ιιι

2186 5622 2313 5663 cura
2342 5606 2477 5675 ipsa,
2506 5614 2559 5658 et
2584 5601 2885 5658 reverentia
2926 5616 3205 5656 sacrorum
3245 5597 3515 5662 codicum,
3556 5606 3677 5648 cum
3723 5590 3786 5644 ti-

2188 5698 2391 5757 delium
2422 5696 2767 5769 simplicitate
2793 5694 3104 5766 conjuncta.
3137 5693 3209 5750 Et
3234 5694 3333 5763 ita,
3366 5688 3615 5764 quamvis
3651 5700 3789 5746 non-
