4054 6198
326 237 396 291 ll
1114 240 1328 300 EPIST.
1372 242 1616 301 PHlLlP.
1658 240 2033 311 GARBELLI,
2074 243 2163 302 DE
2200 244 2448 307 CODICE
2487 248 2835 313 BRIXIANO.
3562 273 3632 328 42

323 346 460 404 nulli
500 346 553 403 in
579 348 697 404 suis
738 351 1138 422 exemplaribus
1165 356 1363 413 audere
1399 357 1601 428 aliquid
1628 357 1921 427 potuerint,
1953 362 2007 423 Α
2032 357 2137 413 tius
2182 362 2443 418 sumenda
2473 366 2581 419 sint
2616 365 2760 423 beati
2806 366 3099 439 Scriptoris
3137 372 3323 443 verba,
3372 376 3515 435 baud
3556 384 3628 440 ita

319 441 375 497 in
405 441 789 499 ecclesiasticis
821 452 999 503 tamen
1030 447 1083 503 id
1113 448 1229 505 fieri
1262 452 1523 520 potuisse,
1548 451 1922 508 difficillimum

317 544 477 604 puto.
508 534 617 590 Aut
641 535 787 592 enim
821 538 1071 607 privatim
1095 556 1126 596 a
1149 544 1319 598 sacris
1349 544 1608 600 duntaxat
1637 546 1918 613 ministris,

314 637 413 682 aut
443 628 657 698 publice
684 644 717 684 a
749 630 1066 698 lectoribus,
1098 642 1153 690 et
1178 636 1394 706 quidem
1424 639 1779 708 prmsentibus
1810 641 1923 697 fere

321 736 545 792 semper
567 724 840 795 episcopis
862 726 1201 798 legebantur.

386 816 441 871 Si
466 816 594 886 quid
630 829 810 875 tamen
840 820 1111 890 conjicere
1140 821 1288 890 licet,
1327 839 1434 881 non
1466 825 1670 896 primo,
1711 828 1807 883 sed
1837 828 1918 883 al-

310 916 431 963 tero
478 907 715 965 fortasse
758 911 994 977 saeculo,
1046 913 1314 970 incertum
1357 918 1802 988 praesumptione,
1849 934 1919 976 an

306 1002 670 1070 credulitate,
726 1018 1016 1074 paucorum
1071 1007 1293 1065 scholiis
1343 1012 1536 1066 tentari
1568 1022 1745 1082 coepta
1793 1028 1915 1071 cum

307 1096 647 1166 Graecorum,
684 1111 793 1154 tum
834 1100 1149 1159 Latinorum
1180 1105 1425 1161 codicum
1456 1106 1639 1163 facies.
1674 1108 1798 1163 Mox
1823 1123 1917 1164 au-

303 1201 393 1246 cta
434 1192 489 1246 in
528 1193 644 1248 dies
681 1203 737 1249 et
782 1194 1013 1263 litteris,
1053 1206 1109 1253 et
1147 1198 1346 1254 divitiis
1392 1200 1654 1267 Ecclesia,
1693 1201 1916 1259 libertas

304 1284 488 1354 major
526 1285 757 1355 gliscere
782 1285 982 1357 'cmpit.
1047 1288 1282 1346 Eruditis
1321 1291 1634 1348 Graecorum
1684 1293 1916 1362 ingeniis

299 1381 624 1447 apostolica:
676 1381 729 1436 in
788 1383 1079 1448 scribendo
1140 1370 1535 1456 simplicitatis,
1594 1388 1912 1444 Latinorum

302 1486 435 1526 vero
460 1473 631 1538 illius,
662 1489 765 1544 qua
798 1476 957 1546 primi
1000 1478 1348 1549 interpretes,
1383 1481 1447 1535 ad
1484 1483 1668 1552 populi
1694 1491 1911 1553 captum

294 1562 672 1632 ὶδιωτεῦοντες,
707 1568 788 1622 usi
822 1569 873 1623 in
919 1570 1300 1628 transferendo
1330 1573 1569 1640 fuerant,
1609 1577 1751 1633 male
1790 1594 1912 1647 pcr-

298 1656 469 1711 laesis.
499 1659 697 1715 Adhuc
729 1668 928 1726 tamen,
956 1663 1009 1716 ni
1040 1662 1221 1729 fallor,
1250 1664 1389 1719 intra
1418 1666 1747 1735 privatorum
1778 1684 1913 1724 can-

2027 451 2264 515 proclive
2299 463 2383 509 est
2413 456 2621 512 creditu
2652 458 2840 528 primis
2878 460 2986 517 illis
3026 463 3153 521 fidei
3182 471 3517 539 temporibus
3551 482 3629 531 tot

2027 543 2263 611 privatos
2310 549 2634 622 interpretes
2666 556 2865 625 passim
2903 558 3091 627 fuisse,
3136 563 3294 634 longe
3326 582 3454 623 vero
3483 569 3627 624 diffi-

2023 636 2201 705 cilius,
2225 640 2271 695 si
2297 641 2366 697 de
2381 643 2593 701 Veteris
2620 646 2969 706 lnstrumenti
2992 655 3335 713 versionibus
3360 659 3506 731 loqui
3531 678 3625 719 vo-

2022 726 2206 797 luerit,
2238 735 2380 803 quod
2405 735 2470 793 de
2504 737 2638 793 Novi
2671 742 2836 798 etiam
2870 743 3202 804 Testamenti
3234 726 3625 823 interpretibus

2020 821 2312 880 dicendum
2342 838 2493 898 puto,
2520 847 2641 888 cum
2664 876 2677 898 ,
2708 838 2797 905 qui
2828 836 2894 893 ad
2910 838 3034 895 fidei
3064 821 3461 902 sacramentum
3497 859 3625 907 tunc

2019 914 2395 988 vocabantur,
2442 924 2647 982 indocti
2684 940 2753 999 ut,
2783 931 3079 1000 plurimum
3103 978 3117 1003 ,
3163 952 3226 993 ac
3272 942 3501 1011 populus
3535 960 3623 1001 cs-

2019 1020 2159 1066 sent.
2190 1014 2267 1069 Ac
2289 1026 2575 1087 propterea
2608 1037 2712 1093 non
2739 1024 2805 1080 de
2826 1026 2999 1095 primo
3013 1033 3234 1099 smculo,
3260 1050 3324 1091 ac
3350 1042 3617 1109 sequenti,

2020 1106 2113 1161 sed
2145 1108 2212 1163 dc
2245 1110 2309 1165 iis
2340 1117 2673 1183 temporibus
2702 1119 3109 1192 intelligendum
3141 1128 3400 1184 exiSIimo
3427 1106 3619 1189 lauda;

2021 1207 2131 1253 tum
2162 1201 2263 1255 viri
2294 1206 2621 1262 sanctissimi
2651 1209 2851 1275 locum,
2879 1230 2999 1284 quae
3028 1231 3189 1287 supra
3222 1223 3513 1292 tetigimus.
3548 1225 3616 1284 Et

2016 1288 2095 1344 sic
2140 1290 2300 1347 etiam
2353 1295 2513 1351 latius
2558 1302 2852 1358 sumendos
2905 1305 3228 1377 interpretes
3288 1288 3447 1381 illos,
3504 1331 3611 1373 non

2017 1385 2171 1452 quasi
2215 1388 2493 1447 versiones
2522 1393 2762 1465 integras
2797 1398 3078 1468 cuderent,
3126 1404 3221 1459 sed
3262 1407 3425 1462 veluti
3453 1413 3611 1466 scbo~

2016 1476 2219 1545 liastas,
2253 1483 2342 1551 qui
2366 1484 2609 1541 locorum
2634 1490 2855 1560 aliquot,
2889 1502 2947 1547 ut
2976 1495 3077 1550 sibi
3101 1497 3235 1567 ipsis
3260 1501 3607 1574 videbantur,

2013 1572 2427 1641 emendatores,
2488 1589 2580 1635 aut
2636 1582 2999 1643 illustratores
3052 1602 3257 1648 essent.
3310 1594 3427 1652 Non
3486 1572 3609 1657 rare

2012 1663 2172 1719 etiam
2203 1665 2408 1725 Graeca:
2435 1670 2632 1744 lingua:
2663 1676 2930 1748 imperiti;
2977 1691 3034 1736 ut
3056 1695 3338 1755 propterea
3362 1692 3505 1748 male
3526 1692 3609 1748 in-

294 1751 466 1806 cellos
491 1753 1271 1829 coactalicentia,iutactisque
1296 1760 1689 1817 Ecclesiasticis
1716 1778 1904 1818 excm-
1933 1757 1979 1816 Β
2010 1760 2221 1817 lellccla
2250 1765 2405 1834 pejus
2446 1768 2762 1826 redderent.
2797 1772 2965 1843 Cujus
3009 1751 3085 1831 rei
3127 1780 3390 1849 liquidum
3434 1800 3612 1841 exem—

290 1844 561 1913 plaribus.
597 1849 797 1917 Donec,
848 1851 1132 1906 ruentibus
1168 1853 1219 1907 in
1259 1853 1443 1924 pejus,
1487 1864 1624 1911 teste
1664 1857 1900 1915 Eusebio

290 1937 315 2009 (
351 1938 428 1991 H.
455 1938 521 1993 E.
550 1955 665 2007 vni,
692 1941 807 2014 1),
851 1958 974 1998 cum
1002 1945 1207 2015 populi,
1242 1956 1353 2002 tum
1391 1949 1689 2005 antistitum
1732 1954 1901 2007 mori-

288 2029 412 2097 bus,
444 2031 552 2087 Deo
575 2034 657 2088 sic
683 2036 1052 2104 permittente,
1084 2038 1307 2108 ingratae
1326 2040 1497 2095 vinea:
1522 2056 1634 2097 suze
1662 2042 1899 2099 horribi-

286 2123 354 2181 lis
374 2125 465 2180 illa
497 2138 907 2197 persecuturum
941 2140 1236 2203 tempestas
1260 2133 1504 2191 incubuit
1533 2136 1620 2205 (Α.
1647 2136 1707 2191 (ἱ.
1741 2137 1893 2209 305).

361 2219 514 2276 Tunc
539 2223 737 2292 prima,
760 2231 816 2279 et
843 2225 1059 2295 quidem
1103 2226 1398 2283 luctuosior
1432 2244 1713 2285 sacrorum
1742 2231 1895 2287 codi-

286 2327 410 2367 cum
461 2314 649 2371 clades
690 2316 810 2384 fuit,
852 2316 1018 2387 jussis
1072 2318 1271 2389 ubique
1304 2323 1737 2392 magistratibus,»
1786 2339 1895 2381 non

281 2406 463 2462 solum
489 2408 766 2465 Ecclesiae
797 2410 1035 2477 diruere,
1078 2412 1172 2466 sed
1208 2428 1317 2482 prae
1348 2415 1559 2471 caeteris
1589 2415 1801 2473 divinos
1829 2417 1895 2473 li-

283 2499 412 2555 bros
439 2499 509 2555 ab
536 2501 810 2573 episcopis
837 2504 982 2573 ipsis,
1019 2518 1314 2578 eorumque
1340 2508 1604 2566 ministris
1628 2512 1894 2568 acerrime

285 2594 541 2663 quasitos
582 2594 638 2649 iu
672 2596 863 2664 plateis
903 2596 1115 2666 publice
1162 2611 1344 2655 urere.
1377 2600 1521 2668 Quot
1571 2601 1796 2670 proinde
1838 2602 1893 2657 in

288 2686 482 2753 ruinis,
506 2694 670 2742 antea
700 2688 902 2755 caelati,
938 2688 1236 2757 perierint;
1271 2692 1403 2760 quot
1428 2692 1481 2746 vi
1520 2706 1584 2747 ac
1610 2693 1895 2747 tormentis

286 2783 508 2847 extorti,
537 2790 673 2851 quot
700 2796 731 2835 a
753 2784 944 2850 servis,
971 2783 1037 2839 ab
1067 2785 1297 2850 ancillis,
1329 2799 1359 2839 a
1384 2785 1675 2855 transfugis
1700 2785 1889 2855 delati,

285 2874 437 2941 quoti
457 2872 676 2928 demum
715 2880 861 2929 metu
890 2888 920 2928 a
954 2874 1222 2943 fidelibus,
1252 2876 1359 2931 imo
1386 2892 1418 2932 a
1443 2878 1761 2947 praesidibus
1783 2879 1889 2934 Ec-

285 2966 611 3035 clesiarum,
657 2983 957 3040 eorumque
1005 2969 1270 3025 ministris
1314 2972 1621 3028 miserrime
1664 2972 1886 3043 proditi,

285 3061 426 3117 unde
456 3061 779 3117 traditorum
821 3078 1021 3119 nomen
1059 3064 1310 3135 usurpari
1346 3074 1604 3136 emptum,
1645 3067 1889 3137 quicum-

282 3167 386 3223 que
426 3153 787 3211 tristissimam
826 3154 973 3210 illam
1014 3155 1273 3212 Ecclesiae
1302 3156 1497 3214 faciem
1536 3158 1589 3213 in
1627 3157 1886 3213 Historiis

282 3252 587 3313 temporum
631 3246 854 3313 viderit,
898 3248 946 3302 is
988 3262 1172 3303 secum
1213 3257 1445 3318 reputet.
1490 3248 1619 3305 Inde
1657 3248 1881 3318 factum,

283 3335 479 3392 dirutis
507 3336 803 3407 Ecclesiis,
836 3354 1130 3411 earumque
1169 3341 1576 3413 exemplaribus
1605 3351 1699 3397 aut
1736 3357 1885 3398 com-

278 3431 456 3487 bustis
480 3441 571 3486 aut
598 3432 757 3487 aliter
778 3434 1134 3503 consumptis,
1164 3444 1411 3489 cessante
1450 3433 1665 3491 demum
1700 3448 1884 3504 perse-

278 3524 521 3589 cutione,
556 3534 610 3578 ut
638 3524 972 3595 privatorum
1000 3525 1333 3596 apograpba,
1364 3541 1590 3596 quorum
1625 3527 1879 3597 pleraque

274 3625 367 3671 aut
392 3616 563 3672 latere
592 3615 827 3683 facilius,
876 3628 967 3673 aut
1006 3618 1136 3674 ferri
1163 3620 1271 3673 alio
1298 3628 1604 3689 potuerant,
1647 3620 1699 3674 in
1732 3621 1880 3692 prio-

272 3725 397 3765 rum
424 3708 714 3764 subsidium
739 3710 975 3767 adbibita
1006 3711 1218 3766 interim
1244 3726 1275 3765 a
1296 3711 1521 3766 notariis
1541 3711 1877 3768 ecclesiasti-

268 3803 350 3858 cis
377 3802 616 3867 fuerint;
671 3813 777 3859 tum
805 3820 836 3858 a
866 3804 1108 3860 librariis
1150 3814 1206 3858 ut
1244 3804 1481 3859 fidelium
1512 3804 1695 3875 pietati
1718 3807 1875 3861 satis-

271 3895 446 3953 fieret.
500 3896 567 3951 Et
595 3896 667 3951 ita
709 3912 739 3952 a
783 3897 1040 3969 primaeva
1092 3898 1183 3953 illa
1222 3899 1469 3954 codicum
1499 3900 1732 3970 puritate
1779 3900 1875 3957 de-

272 3990 493 4058 ﬂexum,
523 3990 758 4047 Scboliis
784 3992 1037 4059 subinde,
1088 3993 1429 4049 librariorum
1455 3996 1755 4064 praesertim
1781 4004 1875 4052 aut

269 4083 591 4153 ignorantia,
612 4094 670 4139 ut
693 4085 951 4140 novitatis
982 4086 1239 4155 impulsu,
1262 4101 1403 4156 qua),
1428 4086 1655 4158 perinde
1676 4102 1739 4142 ac
1759 4102 1865 4143 ca:-

272 4180 398 4233 teris
427 4178 723 4244 mercibus,
774 4180 1004 4249 pretium
1039 4178 1195 4235 libris
1220 4194 1420 4249 augere
1447 4180 1609 4248 solet,
1657 4181 1711 4237 in
1748 4191 1868 4238 tex-

273 4279 385 4325 tum
412 4272 651 4328 adscitis.

336 4362 423 4418 Ad
450 4380 509 4419 ea
550 4364 735 4435 itaque
765 4373 1005 4434 tempora
1052 4364 1394 4422 referendum
1435 4380 1634 4422 censeo
1665 4375 1865 4422 statum

266 4456 415 4511 illum
438 4457 752 4514 Latinorum
778 4459 1190 4529 exemplarium,
1208 4461 1260 4515 in
1284 4460 1478 4531 quibus
1502 4461 1668 4515 multa
1696 4460 1865 4517 fuisse

265 4566 293 4605 ι
324 4551 534 4606 vitiosis
562 4553 950 4623 interpretibus
978 4554 1120 4608 male
1158 4554 1365 4610 reddita
1384 4597 1398 4622 ,
1447 4571 1477 4609 a
1508 4564 1866 4626 praesumpto-

263 4645 409 4701 ribus
437 4645 705 4715 imperitis
731 4646 1011 4702 emendata
1044 4648 1373 4716 perversius,
1401 4663 1430 4701 a
1462 4647 1699 4703 librariis
1737 4647 1863 4704 dor-

263 4736 577 4791 mitautibus
590 4737 678 4792 vel
706 4737 910 4803 addita,
933 4737 1020 4792 vel
1048 4745 1273 4805 mutata,
1299 4739 1464 4793 mixta
1494 4738 1713 4793 demum
1743 4754 1862 4795 om-

261 4830 343 4882 nia
372 4829 429 4883 in
458 4829 877 4899 Evangeliorum
910 4829 1049 4885 serie
1079 4831 1408 4900 querebatur
1436 4839 1628 4902 postea
1673 4831 1861 4886 lliero-

260 4936 453 4989 nvmus
501 4919 659 4992 (Ep.
705 4922 771 4976 ad
820 4921 1027 4994 Dam.),
1075 4931 1154 4978 tot
1193 4938 1353 4993 pteue
1399 4922 1565 4980 fuisse
1608 4938 1859 4980 asserens

259 5015 588 5085 exemplaria
631 5026 761 5085 quot
810 5016 1046 5072 codices.
1102 5015 1231 5071 Inde
1260 5026 1377 5072 orta
1427 5017 1611 5087 opinio
1656 5016 1747 5072 illa
1789 5016 1857 5073 de

260 5108 503 5174 pluribus
548 5107 614 5163 N.
645 5108 707 5164 Τ.
745 5108 956 5165 Latinis
984 5108 1358 5175 versionibus;
1390 5124 1550 5180 quam
1583 5109 1859 5181 promovit

257 5201 309 5256 in
355 5205 536 5273 majus
588 5204 874 5273 Augustini
905 5204 1058 5258 locus
1096 5204 1234 5259 alter
1283 5202 1403 5277 (De
1450 5202 1606 5259 Doct.
1658 5203 1853 5259 Christ.

258 5294 299 5346 ι.
325 5311 363 5349 u
386 5295 431 5367 ),
462 5295 556 5351 ubi
601 5296 699 5364 ait,
723 5298 812 5367 qui
842 5296 1151 5367 Scripturas
1191 5312 1256 5352 ex
1306 5296 1532 5353 Hebraea
1579 5297 1756 5367 lingua
1799 5298 1854 5353 in

260 5386 503 5443 Grecam
535 5399 830 5456 verterant,
862 5391 1138 5447 numerari
1170 5404 1364 5461 posse,
1422 5390 1642 5447 Latinos
1673 5399 1853 5446 autem

253 5482 581 5553 interpretes
610 5487 761 5543 nullo
801 5486 983 5542 modo.
1028 5486 1099 5542 Ut
1132 5487 1277 5542 enim
1304 5486 1521 5557 cuique,
1572 5486 1760 5556 primis
1792 5484 1856 5539 fi-

251 5576 339 5632 dei
377 5581 735 5649 temporibus,
768 5581 823 5636 in
852 5597 1046 5637 manus
1068 5589 1292 5637 venerat
1328 5580 1496 5636 codex
1525 5579 1771 5647 Graecus,
1801 5588 1857 5636 et

249 5674 651 5743 aliquantulum
683 5676 952 5733 facultatis
976 5676 1080 5731 sibi
1111 5676 1397 5747 utriusque
1424 5675 1623 5746 lingua:
1652 5674 1857 5732 habere

248 5762 564 5838 videbatur,
592 5781 784 5825 ausum
816 5766 983 5823 fuisse
1002 5766 1368 5839 interpretari.
1397 5765 1621 5837 Verum,
1647 5766 1752 5827 nisi
1778 5765 1856 5825 la-

747 5861 1023 5922 ΡΑΤιιοι..
1069 5860 1217 5922 ΧΠ.

2012 1850 2157 1921 plum
2191 1854 2341 1910 dabit
2379 1859 2530 1915 locus
2560 1866 2801 1933 argentei
2843 1866 3069 1935 codicis,
3118 1872 3205 1926 ubi
3236 1873 3481 1943 privatus
3521 1877 3612 1933 ille

2003 1956 2124 1996 cum
2149 1943 2343 2002 Latino
2369 1952 2703 2022 apographo,
2720 1958 3046 2027 exemplaris
3070 1959 3243 2017 Graeci
3266 1965 3608 2025 collationem

2004 2037 2314 2108 instituens,
2366 2044 2529 2099 verba
2590 2047 2681 2103 illa
2724 2050 2885 2107 Luca:
2932 2069 3006 2118 ιι,
3037 2056 3092 2121 4,
3121 2058 3174 2122 ἑξ
3215 2057 3352 2115 οἴκου
3396 2066 3481 2118 καὶ
3518 2073 3611 2125 τῆς

2001 2139 2228 2211 Πατριας
2258 2135 2438 2205 Δαϐὶδ,
2470 2139 2725 2205 reddidit,
2761 2146 2824 2196 de
2844 2144 2996 2199 domo
3021 2158 3066 2201 et
3098 2164 3292 2206 PATRIA
3321 2151 3513 2209 David.

2075 2226 2181 2280 Sed
2204 2242 2324 2297 quae
2347 2230 2518 2301 magis
2547 2249 2633 2289 me
2664 2249 2883 2293 movent
2910 2250 2963 2293 ul
3005 2243 3245 2309 credam,
3280 2246 3463 2315 plures
3487 2249 3608 2305 illas

1998 2313 2219 2373 Latinas
2247 2322 2528 2379 versiones
2572 2325 2706 2383 nihil
2756 2328 2897 2383 aliud
2943 2330 3131 2398 fuisse,
3181 2313 3340 2404 quam
3373 2340 3607 2407 privato-

1998 2422 2140 2475 rum,
2172 2419 2231 2464 ut
2256 2411 2513 2482 diximus,
2542 2416 2659 2484 hac,
2695 2418 2854 2475 illltac
2880 2422 2931 2475 in
2960 2423 3244 2481 codicibus
3262 2430 3373 2481 suis
3398 2430 3606 2485 addita-

1997 2510 2203 2569 menta,
2235 2504 2345 2558 duo
2377 2509 2676 2575 praesertim
2702 2521 2845 2574 sunt.
2883 2512 3055 2566 Unttm
3079 2554 3092 2578 ,
3118 2516 3229 2582 jam
3273 2518 3462 2585 primis
3492 2522 3603 2578 illis

1997 2593 2124 2648 fidei
2156 2598 2485 2667 temporibus
2524 2614 2801 2655 sacrorum
2832 2616 3328 2676 monumentorum,
3366 2623 3423 2666 ut
3450 2630 3602 2684 quae-

1996 2700 2121 2754 que,
2144 2687 2212 2739 ab
2240 2688 2629 2759 apostolorum,
2667 2701 2761 2746 aut
2790 2694 3179 2763 discipulorum
3214 2704 3463 2760 manibus
3488 2709 3602 2764 exi-

1994 2783 2206 2838 veraut,
2257 2776 2573 2834 adornatam
2620 2798 2648 2835 a
2682 2782 2941 2839 Romanae
2983 2789 3242 2848 Ecclesiae
3292 2795 3601 2867 interpreti-

1995 2865 2094 2921 bus
2139 2869 2439 2925 versionem
2482 2871 2686 2940 ltalice,
2735 2891 2798 2932 ac
2850 2880 3076 2948 proinde
3129 2884 3322 2943 vicina“:
3372 2865 3590 2961 Africae,

1992 2961 2221 3033 aliisque
2247 2965 2541 3022 occidentis
2568 2968 2822 3026 Ecclesiis
2851 2982 3047 3041 prmsto
3078 2976 3264 3047 fuisse,
3297 2984 3439 3040 unde
3462 2986 3596 3043 lide-

1992 3055 2122 3112 lium
2152 3060 2335 3127 pietati
2364 3063 2760 3120 consuleretur.
2816 3069 3056 3127 Alterum
3086 3078 3406 3150 antigrapba
3435 3098 3463 3135 e
3498 3099 3593 3139 ve-

1995 3151 2331 3217 tustioribus,
2363 3169 2484 3224 quae
2514 3165 2640 3212 ante
2680 3158 3091 3233 Hieronymum,
3138 3179 3302 3239 atque
3332 3172 3587 3245 Augusti-

1989 3257 2117 3296 num
2164 3243 2495 3314 ferebantur,
2548 3263 2836 3319 expressa;
2877 3258 2928 3309 in
2973 3258 3169 3326 quibus
3218 3243 3587 3324 additamenta

1985 3334 2076 3390 illa
2106 3337 2345 3406 quidem,
2395 3340 2490 3395 sed
2514 3340 2736 3411 fundus,
2778 3356 2940 3416 atque
2967 3348 3264 3426 ἰδιωτισμός
3304 3340 3587 3429 ειιῃηιιῆυέ

1984 3428 2123 3484 datte
2144 3433 2409 3488 versionis
2436 3436 2872 3496 manifestissime
2896 3456 3177 3513 apparent.

2055 3521 2180 3577 Dixi
2212 3524 2556 3595 interpretes.
2578 3528 2736 3597 Nam,
2766 3532 2909 3602 quod
2940 3536 3006 3590 ad
3035 3546 3085 3592 te
3111 3539 3241 3594 olim
3265 3547 3577 3615 perscripsi,

1982 3612 2123 3669 baud
2155 3632 2353 3685 unum,
2395 3620 2756 3691 eumdemque
2798 3624 2989 3693 fuisse,
3038 3642 3159 3683 cum
3195 3633 3333 3688 ratio
3372 3612 3582 3707 tempo-

1980 3724 2098 3763 rum
2128 3709 2175 3764 si
2210 3726 2238 3764 a
2278 3712 2452 3780 primo
2474 3754 2488 3778 ,
2516 3713 2749 3770 Mattbtei
2771 3757 2786 3782 ,
2820 3717 2884 3772 ad
2914 3720 3293 3790 novissimum,
3326 3727 3578 3799 Joannis,

1978 3802 2364 3875 Evangelium,
2422 3807 2511 3877 qui
2562 3808 2886 3866 effluxeraut
2936 3814 3064 3868 anni
3116 3827 3401 3885 putentur;
3462 3831 3575 3880 tum

1976 3896 2212 3952 maxime
2241 3898 2441 3953 evincit
2471 3899 2599 3972 styli
2639 3901 2941 3970 diversitas,
2994 3917 3053 3961 ut
3082 3909 3337 3966 observat
3377 3913 3575 3971 Millius

1976 3989 1994 4059 (
2024 3988 2238 4062 Proleg.
2272 4008 2311 4060 ι,
2337 3992 2404 4046 ad
2420 3992 2568 4047 Edit.
2598 3993 2695 4049 Eu.
2725 3996 2915 4051 Matth.
2937 3998 2989 4070 );
3018 4015 3049 4056 e
3071 4018 3173 4071 qua
3201 4019 3308 4060 non
3332 4008 3465 4062 satis
3490 4020 3572 4064 at-

1977 4092 2121 4139 tente
2144 4084 2517 4152 Marzianceus,
2538 4102 2645 4142 non
2672 4102 2830 4143 secus
2853 4099 3013 4159 atque
3041 4108 3072 4147 e
3097 4093 3349 4151 dissimili
3376 4102 3574 4155 sectio-

1972 4194 2124 4246 num,
2156 4190 2210 4234 et
2235 4180 2594 4251 capitulorum
2626 4182 2679 4237 in
2712 4184 2992 4241 codicibus
3024 4188 3177 4255 facie,
3207 4192 3390 4261 plures
3426 4195 3573 4251 Lati-

1972 4288 2069 4329 nas
2115 4275 2395 4330 versiones
2435 4277 2687 4331 asseruit.
2739 4277 2873 4333 Tum
2922 4291 3006 4336 est
3040 4298 3171 4338 vero
3210 4286 3468 4355 similius,
3514 4291 3570 4345 in

1971 4363 2215 4421 Ecclesia
2263 4375 2584 4422 caeterarum
2639 4369 2881 4425 omnium
2939 4373 3181 4443 principe
3234 4392 3342 4433 non
3398 4396 3568 4438 unum

1969 4457 2249 4514 dumtaxat
2300 4460 2651 4530 interpretem
2709 4460 2978 4529 ﬂoruisse,
3031 4466 3129 4522 sed
3163 4468 3383 4538 plures;
3413 4482 3489 4538 ut,
3522 4476 3571 4530 si

1970 4552 2090 4621 quis
2137 4552 2374 4619 illorum,
2417 4554 2502 4609 cui
2550 4554 2909 4610 transferendi
2956 4574 3153 4615 munus
3202 4562 3565 4635 incumberet,

1967 4654 2059 4698 aut
2086 4644 2420 4714 temporibus
2444 4646 2720 4714 exclusus,
2761 4658 2850 4702 aut
2870 4651 3189 4720 aegritudine
3212 4658 3560 4728 praepeditus,

1964 4745 2059 4791 aut
2077 4735 2294 4792 demum
2325 4747 2501 4793 morte
2532 4749 2834 4808 praeventus
2865 4757 3087 4798 vacuam
3114 4748 3449 4816 provinciam
3474 4768 3563 4807 re-

1965 4827 2234 4897 liquisset,
2270 4836 2468 4898 przesto
2510 4840 2654 4885 esset
2692 4830 2851 4899 alter,
2893 4833 2982 4903 qui
3025 4834 3271 4891 eamdem
3319 4851 3559 4898 curaret.

1962 4924 2118 4992 Nam,
2155 4926 2300 4997 quod
2323 4925 2586 4982 Valtouus
2621 4928 2853 4987 asseruit
2893 4929 3145 5001 (Proleg.
3179 4948 3235 4997 χ,
3265 4932 3292 5006 §
3330 4936 3354 4990 1
3383 4936 3427 5008 ),
3461 4938 3564 4995 La-

1960 5022 2125 5076 tinam
2159 5036 2352 5091 nempe
2396 5020 2694 5077 Ecclesiam
2745 5022 2863 5077 sine
2902 5022 3089 5078 Latina
3119 5029 3372 5085 versione
3412 5041 3562 5089 stare

1960 5130 2067 5171 non
2095 5116 2360 5186 potuisse,
2405 5116 2476 5170 ita
2511 5114 2734 5171 evidens
2759 5130 2881 5170 esse
2907 5117 3162 5183 arbitror,
3192 5133 3253 5177 ut
3280 5124 3413 5179 nihil
3446 5144 3562 5182 ma-

1959 5208 2060 5280 gis.
2095 5209 2207 5277 Qua
2238 5208 2381 5262 enim
2414 5207 2593 5276 lingua
2633 5207 2683 5261 in
2715 5208 3014 5278 synaxibus
3054 5227 3334 5272 sacrorum
3362 5217 3558 5274 Libro-

1960 5316 2079 5356 rum
2125 5299 2282 5354 lectio
2313 5297 2380 5351 ad
2417 5297 2671 5367 populum
2712 5300 2888 5367 ﬁeret,
2931 5302 3033 5357 nisi
3064 5318 3158 5369 ea,
3209 5323 3330 5377 qum
3374 5312 3560 5378 populi

1961 5392 2140 5450 esset?
2182 5391 2261 5448 Ac
2284 5399 2594 5461 propterea,
2623 5392 2765 5460 quod
2800 5406 3075 5462 praeeunte
3101 5395 3313 5465 Grotio,
3347 5403 3559 5469 putavit

1963 5488 2161 5544 Minius
2194 5486 2213 5557 (
2240 5486 2410 5540 Adnot
2443 5487 2497 5539 in
2539 5484 2705 5541 Marc.
2739 5484 2783 5559 ),
2815 5487 3049 5559 linguam
3075 5490 3281 5545 scilicet
3308 5491 3556 5555 Graecam

1964 5580 2150 5636 Romze
2176 5589 2302 5634 tunc
2329 5578 2608 5648 temporis,
2634 5589 2793 5647 atque
2819 5579 2987 5635 Italia:
3012 5579 3334 5640 familiarem
3364 5587 3555 5659 fuisse,

1962 5672 2231 5728 somnium
2262 5669 2391 5724 mihi
2419 5677 2519 5725 est;
2558 5669 2636 5724 En
2667 5669 2813 5724 illius
2844 5670 3029 5734 verba,
3061 5673 3258 5743 quibus
3284 5678 3553 5739 laudatam

1962 5763 2181 5822 Valtoni
2207 5761 2521 5834 opinionem
2552 5776 2804 5819 eversum
2836 5762 2950 5817 ivit.

2966 5855 3010 5914 2

2960 5958 2996 5985 ο
