4054 6198
385 276 458 339 ιε
760 310 767 315 .
1787 254 2323 318 ιδιιοιιιςοιιειιι.
3620 248 3691 318 tt

462 387 663 462 Nempe
697 383 840 441 haud
895 388 1161 449 natumut,
1205 378 1381 454 inquit
1416 375 1672 452 (Proleg.
1719 392 1774 431 η.
1807 373 1911 431 377
1933 372 1981 447 ),
2012 377 2060 439 Α
2090 376 2271 432 sebius
2300 373 2398 448 (Η.
2419 372 2486 429 E.
2500 372 2714 447 111,24);
2740 368 2805 429 'et
2820 371 2912 444 qui
2932 370 3169 444 Magistri
3190 370 3273 429 sui
3295 380 3566 443 praecepta
3582 373 3697 428 elo.

390 500 482 554 per
511 497 692 546 annos,
722 496 753 533 a
782 476 1083 550 fundatione
1105 473 1255 527 istius
1285 470 1554 536 Ecclesiae,
1573 469 1642 524 ad
1671 467 1992 523 constitutio-

390 593 506 632 nem
533 590 691 644 usque
714 572 922 626 canonis
954 566 1027 623 N.
1062 566 1122 621 Τ.
1151 570 1255 637 fere
1283 563 1676 635 quinquaginta,
1721 558 1992 628 nequidem

393 670 679 741 cogitatum
724 664 883 736 fuisse
911 663 973 715 de
1012 661 1217 731 scriptis
1248 657 1675 729 evangelistarum
1712 662 1758 708 et
1788 659 1993 724 aposto-

398 764 567 818 lorum
612 762 664 815 in
700 775 863 813 unum
906 755 1242 827 colligendis;
1280 754 1442 807 multo
1471 752 1641 805 minus
1669 749 1732 802 de
1772 750 1990 817 transfe-

389 855 565 911 rendis
609 853 716 906 illis
753 853 806 905 in
846 852 979 904 alias
1013 850 1259 920 linguas;
1307 858 1413 899 tum
1450 860 1568 898 vero
1611 841 1836 897 nascenti
1875 839 1993 892 huic

388 945 641 1001 Ecclesiae
665 944 961 1013 neutiquam
988 958 1117 1009 opus
1142 939 1300 1010 fuisse
1326 937 1515 991 Latina
1540 935 1787 990 versione.
1832 931 1995 985 Fide—

389 1038 524 1093 libus
550 1036 809 1101 nimirum,
833 1035 921 1105 qui
935 1038 1050 1108 jam
1075 1033 1253 1087 Romae
1270 1029 1508 1101 agebant,
1539 1026 1746 1081 advenis
1766 1024 1988 1089 Iudaeis,

388 1128 680 1202 Egyptiis,
714 1128 829 1180 aliis
860 1127 1038 1197 lingua
1063 1123 1247 1177 erca
1276 1121 1605 1191 familiariter
1630 1127 1752 1172 nota
1776 1125 1906 1181 erat,
1930 1130 1993 1168 ac

389 1222 544 1290 plane
572 1218 866 1272 vernacula.
902 1215 1056 1283 Quod
1086 1215 1223 1268 idem
1249 1220 1298 1266 et
1324 1212 1387 1266 de
1414 1208 1831 1281 provincialibus,
1863 1207 1993 1261 alia-

387 1328 602 1383 rumque
636 1309 973 1379 quarumdam
1019 1308 1155 1360 orbis
1202 1306 1429 1377 partium
1467 1301 1776 1359 Christianis
1821 1300 1997 1355 dicen-

394 1406 539 1459 dum.
573 1401 771 1457 Notum
809 1402 943 1456 illud
970 1410 1176 1473 poetis:

486 1514 628 1568 Nunc
651 1521 783 1566 totus
803 1513 969 1577 graius
994 1512 1142 1562 habet
1164 1510 1297 1561 orbis
1320 1510 1560 1577 Athenas.

1394 1572 1619 1637 (Inuera,
1645 1572 1751 1622 Sat.
1777 1572 1889 1635 xv.)

467 1684 576 1741 Sed
602 1693 653 1738 et
682 1684 1033 1754 Hieronymus
1056 1682 1120 1736 de
1160 1679 1510 1734 Orientalibus
1555 1680 1713 1734 etiam
1742 1679 1823 1734 sui
1852 1674 1947 1733 icui
1980 1688 2001 1729 :

407 1795 429 1831 ι
467 1777 720 1832 Sermone
748 1792 913 1847 greco
944 1776 1109 1830 omnis
1134 1774 1363 1839 loquitur
1394 1772 1645 1828 Oriens.»

470 1869 590 1927 Scis
620 1869 749 1940 quid
776 1868 846 1924 de
870 1866 1261 1923 constitutione
1292 1865 1382 1919 illa
1419 1862 1657 1919 Canonis
1688 1866 1953 1919 senserim
1982 1877 1998 1928 ;

400 1977 568 2033 quam
592 2003 607 2030 ,
653 1963 799 2017 nullo
833 1970 990 2024 teste,
1017 1959 1191 2014 serius
1218 1974 1376 2028 quam
1412 1973 1506 2025 par
1546 1967 1693 2024 erat,
1725 1956 2004 2012 distulisse

403 2056 631 2112 Miilium
658 2070 764 2109 non
789 2053 997 2109 dubito.
1032 2053 1206 2118 Nunc,
1233 2051 1377 2122 quod
1405 2067 1436 2106 e
1463 2066 1521 2106 re
1544 2060 1724 2106 nostra
1753 2060 1855 2113 est,
1884 2051 2005 2121 quis

397 2162 633 2217 unquam
663 2146 879 2211 credat,
905 2162 969 2199 cx
996 2145 1127 2199 solis
1148 2143 1429 2198 dumtaxat
1450 2143 1674 2207 Judacis,
1707 2142 2002 2212 IEgyptiis,

408 2239 640 2307 aliiSque
685 2238 1050 2294 Orientalibus
1092 2246 1405 2291 nascentem
1470 2236 1656 2290 Romae
1710 2235 2006 2290 Ecalesiam

402 2332 750 2388 constitisse?
780 2330 920 2399 Quid
953 2330 1025 2384 ibi
1066 2330 1320 2395 Petrum,
1352 2330 1481 2398 quid
1526 2328 1750 2383 Paulum
1792 2328 2009 2382 biennio

410 2425 525 2491 illo,
562 2440 669 2493 quo
697 2425 866 2478 libera
895 2426 947 2477 in
974 2423 1217 2477 custodia
1247 2422 1481 2487 mansit,
1514 2422 1689 2491 egisse
1725 2428 2006 2489 putemus,

407 2517 511 2574 nisi
540 2527 599 2571 ut
642 2516 933 2581 omnibus,
974 2516 1063 2584 qui
1104 2515 1171 2568 ad
1220 2514 1547 2568 audiendum
1592 2514 2004 2579 convenissent,

413 2608 753 2678 Evangelicm
788 2605 1045 2659 doctrinae
1082 2605 1261 2656 lumen
1302 2604 1681 2668 ali'underent;
1723 2605 1837 2659 sive
1859 2603 2011 2659 Grat-

402 2701 518 2765 cis,
548 2702 662 2755 sive
706 2698 986 2760 Barbaris,
1018 2696 1211 2764 quibus
1253 2709 1312 2749 se
1352 2694 1653 2749 debitorem
1701 2697 1997 2762 Apostolus

405 2792 714 2848 fatebatur?
763 2788 913 2843 Adde
943 2787 1240 2854 discipulos
1264 2829 1278 2851 ,
1313 2801 1487 2855 neque
1514 2801 1608 2841 eos
1641 2792 1841 2839 tantum
1864 2827 1881 2853 ,
1914 2785 2009 2841 sed

406 2901 437 2942 e
467 2884 730 2941 Gentibus
760 2897 952 2937 recens
976 2881 1042 2934 ad
1066 2879 1225 2935 ﬁdem
1250 2894 1567 2946 conversos,
1593 2879 1923 2950 ubicumque
1951 2893 2010 2935 se

409 2979 634 3034 offerret
654 2977 899 3042 occasio,
929 2975 1205 3039 eamdem,
1246 2974 1617 3043 apostolorum
1649 2974 1897 3042 exemplo
1917 3013 1931 3039 ,
1957 2974 2010 3028 in

408 3073 763 3129 familiaribus
788 3111 803 3135 ,
835 3067 1312 3125 contubernalibus
1332 3108 1346 3133 ,
1382 3067 1521 3121 uotis
1547 3081 1728 3121 serere
1763 3078 2007 3137 satagen-

2093 466 2334 535 quentite
2360 464 2695 519 ornamentis
2726 477 3001 534 exponere
3039 462 3158 520 οὔτε
3185 462 3409 531 istem,
3435 462 3555 529 οὔτε
3587 466 3695 520 ἱνα-

2093 560 2326 630 χείρουν.
2357 556 2456 622 Qui
2488 557 2631 611 enim
2658 555 2710 609 in
2738 555 3179 625 persuasibilibus
3202 557 3453 612 immane
3476 558 3695 625 sapien-

2098 650 2187 703 tia:
2215 651 2394 705 verbis
2438 648 2734 718 praedicare
2769 646 3050 705 Cbrismm
3076 690 3089 715 ,
3127 657 3182 704 et
3212 649 3356 704 hunc
3379 649 3695 705 crucifixum

2095 745 2399 808 nescirent,
2426 744 2623 813 quibus
2649 742 2939 812 pigmentis
2961 742 3012 798 id
3037 742 3217 799 facere
3241 743 3696 815 aggrederentur?

2096 834 2165 889 Et
2191 836 2269 889 sic
2298 834 2654 900 expediebat,
2698 836 2873 905 inquit
2906 836 3168 891 Erasmus
3200 835 3381 908 (Edit.
3415 853 3449 892 v
3469 879 3483 903 ,
3512 836 3587 891 Ν.
3613 835 3656 891 Τ
3677 878 3693 902 ,

2094 944 2181 998 ap.
2218 928 2445 982 Froben.
2491 938 2539 982 et
2576 925 2953 999 Episcopium)
2976 970 2990 993 ,
3033 931 3314 1001 apostolos
3350 946 3416 986 eo
3447 946 3699 987 sermone
3775 991 3783 997 ,

2097 1023 2207 1089 ιιιί,
2238 1023 2327 1092 qui
2362 1022 2624 1077 latissime
2670 1022 2915 1092 patebat;
2948 1031 3004 1077 et
3051 1038 3081 1078 a
3126 1024 3379 1079 litteratis
3409 1025 3609 1094 pariter
3635 1039 3700 1079 ac

2097 1114 2367 1170 illiteratis
2406 1113 2827 1185 intelligebatur.
2876 1115 3031 1182 Quod
3087 1128 3274 1185 postea
3313 1116 3381 1171 de
3430 1118 3700 1186 primicvis

2098 1207 2491 1277 interpretibus
2520 1207 2789 1273 aflirmat,
2820 1208 2963 1263 idem
2994 1209 3201 1264 scilicet
3230 1210 3298 1264 de
3324 1211 3551 1265 istorum
3576 1225 3701 1265 ora-

2097 1301 2271 1366 tione,
2312 1315 2375 1355 ac
2397 1300 2465 1355 de
2493 1314 2746 1357 sermone
2766 1302 3069 1370 apostolico
3090 1303 3307 1367 valere;
3332 1318 3496 1374 quum
3518 1318 3701 1359 sermo

2100 1392 2378 1447 Romanus
2422 1392 2599 1447 adhuc
2636 1402 2783 1448 esset
2812 1394 3134 1462 promiscuae
3175 1394 3502 1449 multitudini
3544 1409 3701 1450 com-

2101 1487 2302 1542 munis.
2334 1485 2413 1541 Λα
2438 1494 2725 1557 propterea
2754 1488 2918 1542 multa
2954 1489 3078 1543 illos
3110 1489 3163 1543 in
3197 1489 3570 1545 transferendo
3599 1491 3698 1545 tri-

2100 1578 2284 1636 buisse
2309 1580 2472 1650 vulgo
2496 1578 2805 1646 idiotarum,
2836 1581 3033 1650 quibus
3061 1596 3125 1636 ea
3152 1591 3263 1635 tum
3294 1570 3697 1638 scribebantur.

2173 1672 2327 1739 Quod
2362 1688 2493 1728 vero
2547 1689 2645 1743 pro
2709 1673 2968 1729 coronide
3018 1688 3083 1730 ex
3147 1674 3477 1746 llierOnymo
3528 1675 3706 1730 attulit

2042 1771 2091 1834 Β
2116 1763 2343 1827 Millius,
2372 1780 2403 1821 e
2433 1772 2574 1819 tanta
2617 1765 3028 1821 adnotationum
3059 1781 3257 1835 messe,
3290 1782 3452 1839 quam
3480 1783 3509 1823 a
3536 1771 3705 1838 scrip-

2107 1860 2321 1915 toribus
2364 1859 2752 1916 ecclesiasticis
2797 1874 3005 1915 summa
3054 1860 3333 1931 diligentia
3374 1862 3706 1934 collegerat,

2111 1952 2163 2007 in
2197 1961 2330 2007 aestu
2368 1952 2461 2007 illo
2491 1967 2671 2007 rerum
2718 1952 2825 2007 alio
2863 1952 3129 2023 spectanti
3156 1963 3309 2009 extra
3351 1968 3533 2010 aream
3565 1956 3711 2011 exci-

2109 2046 2255 2101 disse
2294 2046 2642 2101 manifestum
2683 2054 2786 2102 est.
2838 2046 2981 2101 Nihil
3018 2047 3162 2102 enim
3190 2048 3427 2103 Orientis
3454 2064 3575 2104 cum
3604 2050 3709 2104 0c-

2108 2138 2321 2193 cidente
2370 2139 2612 2193 instituta
2666 2139 2796 2193 inibi
2827 2142 3165 2209 comparatio
3214 2139 3281 2195 ad
3330 2140 3501 2197 hocce
3542 2156 3703 2212 argu-

2110 2239 2352 2285 mentum
2384 2230 2567 2286 facere
2594 2240 2823 2302 poterat.
2856 2230 3046 2303 Neque
3069 2233 3287 2289 obstant
3315 2249 3438 2304 qua:
3467 2244 3711 2304 postmo-

2111 2326 2238 2382 dum
2267 2328 2495 2396 adjecit;
2522 2343 2632 2383 uon
2660 2328 2843 2382 statim
2866 2344 2896 2382 a
2925 2338 3173 2398 suscepta
3209 2328 3314 2384 fide
3339 2330 3537 2384 Christi
3562 2372 3575 2396 ,
3605 2330 3701 2385 sed

2114 2428 2237 2490 post
2275 2435 2540 2474 annorum
2590 2421 2949 2490 complurium
2982 2421 3320 2477 intervallum
3350 2420 3710 2476 deliberatum

2114 2511 2185 2566 de
2216 2511 2663 2567 translationibus
2704 2512 2998 2569 Bibliorum
3025 2550 3040 2577 ,
3074 2521 3166 2566 aut
3204 2512 3397 2566 saltem
3445 2512 3710 2567 librorum

2113 2604 2321 2673 aliquot
2356 2604 2422 2659 N.
2450 2605 2512 2658 Τ.
2559 2606 2615 2660 ἱη
2656 2620 2809 2660 usum
2843 2605 3116 2677 publicum
3146 2605 3519 2660 conficiendis.
3566 2607 3713 2661 itali-

2113 2713 2233 2753 cam
2261 2712 2413 2759 vero.
2436 2712 2559 2751 cum
2589 2699 2730 2768 apud
2764 2699 2927 2753 italos
2948 2739 2963 2765 ,
2996 2706 3051 2752 et
3072 2697 3325 2766 auspiciis
3348 2737 3362 2760 ,
3390 2707 3450 2752 tit
3488 2699 3713 2753 omnino

2114 2788 2378 2845 credibile
2427 2799 2607 2859 putat,
2667 2790 2925 2844 Ecclesia:
2979 2790 3237 2843 Romanae
3286 2790 3579 2859 prodierit,
3626 2791 3712 2845 vix

2116 2898 2237 2938 esse
2269 2890 2326 2936 ut
2354 2882 2498 2938 edita
2527 2893 2811 2938 cenSeatur
2831 2888 2957 2937 ante
2981 2891 3219 2953 tempora
3250 2883 3328 2937 Pii
3359 2899 3538 2954 papae;
3570 2884 3713 2954 quod

2116 2974 2164 3030 is
2186 2985 2334 3029 esset
2356 2984 2466 3028 tum
2498 2974 2814 3029 Latinorum
2842 2974 3087 3043 primtts;
3128 2983 3184 3029 et
3204 2990 3291 3030 res
3312 2974 3571 3031 Ecclesia!
3595 2976 3717 3031 diun

2120 3069 2229 3123 tius
2278 3068 2471 3138 paulo,
2504 3083 2604 3140 per
2652 3083 2823 3124 annos
2852 3068 3061 3124 scilicet
3100 3069 3412 3139 quindecim
3460 3069 3717 3126 adminis-

415 3176 516 3222 tes.
551 3165 712 3234 Quod
758 3174 1042 3233 propterea
1066 3202 1081 3225 ,
1115 3176 1222 3215 non
1260 3176 1326 3214 ex
1371 3162 1487 3215 solo
1516 3160 1769 3226 Oriente,
1814 3160 1867 3213 in
1897 3173 2013 3213 am-
2039 3167 2084 3229 C
2118 3171 2336 3217 trasset.
2372 3163 2506 3218 Nam
2536 3166 2717 3219 caeteri
2751 3163 3055 3232 pontifices,
3095 3163 3302 3234 inquit,
3327 3178 3572 3235 eousque
3601 3165 3715 3221 fere

412 3262 659 3333 plissimo
700 3258 793 3312 illo
822 3255 1110 3311 Nationum
1156 3254 1366 3324 gurgite
1396 3254 1695 3308 cmlestium
1722 3253 2017 3307 charisma-

414 3363 529 3409 tum
562 3353 853 3424 participes
875 3346 1031 3404 facti?
1055 3350 1123 3403 At
1142 3348 1420 3419 Satyricus
1447 3346 1667 3401 dimisus
1697 3362 1794 3416 per
1815 3345 2015 3400 Orbem

418 3447 638 3503 Graecas
667 3445 874 3499 litteras
895 3440 1134 3511 scripsit.
1162 3441 1290 3494 Esto
1316 3459 1330 3494 :
1352 3440 1562 3509 poetica
1588 3439 1708 3493 licet
1733 3438 2012 3516 ὑπερϐολῇ.

418 3542 556 3598 Addi
599 3541 729 3612 quin
776 3539 937 3594 etiam
987 3544 1197 3605 poterat
1240 3534 1393 3589 locus
1440 3533 1580 3588 alter
1618 3531 1849 3605 (Satgra
1900 3533 2012 3600 v1),

412 3634 510 3690 ubi
563 3630 830 3702 putidulas
874 3627 1134 3699 quasdam
1182 3641 1276 3695 pro
1317 3626 1507 3679 nativis
1548 3625 1726 3678 anima
1772 3632 1826 3680 et
1870 3623 2016 3689 vita,

419 3724 603 3796 ψυχήν
644 3738 707 3777 ac
746 3727 863 3787 ζοήν
905 3720 1215 3774 eli'utientes
1260 3718 1485 3772 irridet:
1521 3717 1862 3772 Graecanicos
1892 3714 2020 3769 inde

423 3832 611 3873 earum
642 3813 961 3871 concubitus
982 3813 1126 3866 salse
1150 3810 1587 3864 comminiscens.
1626 3808 1695 3862 Et
1714 3815 1868 3862 erant
1897 3822 2021 3875 pro—

418 3910 565 3968 fecto
594 3908 781 3963 Romae
808 3903 1144 3975 grammatici
1177 3902 1391 3971 plures,
1437 3901 1526 3970 qui
1557 3900 1775 3955 Graecas
1812 3900 2022 3954 litteras

417 4005 697 4060 docerent.
734 4000 902 4054 Erant
930 4008 985 4052 et
1011 3997 1062 4051 in
1087 3995 1356 4065 opulentis
1380 3993 1718 4063 privatorum
1745 3991 2017 4058 domibus,

421 4114 651 4171 quorum
684 4095 839 4152 multi
892 4093 1079 4149 Graece
1125 4090 1389 4144 sciebant.
1441 4089 1641 4144 Demus
1697 4086 1799 4142 hoc
1845 4088 2019 4157 ipsum

425 4194 592 4249 italia
622 4189 867 4255 urbibus,
893 4186 1082 4241 demus
1115 4183 1326 4248 Gallias,
1361 4182 1652 4236 Britannia:
1695 4198 1707 4234 ε
1738 4182 1781 4235 si
1813 4182 2021 4250 placet,

419 4290 589 4346 etiam
638 4285 837 4341 Africae
878 4281 1088 4336 demus.
1132 4278 1270 4346 Quid
1316 4278 1465 4332 tum?
1502 4276 1571 4332 Ut
1602 4291 1701 4331 nos
1738 4275 2018 4340 Latinam,

425 4380 505 4435 sic
533 4379 656 4433 illos
684 4376 925 4432 Graecam
956 4374 1222 4442 linguam,
1256 4385 1362 4424 non
1392 4369 1693 4424 domestico
1724 4384 1844 4431 usu,
1868 4368 1961 4421 sed
1992 4381 2022 4420 a

426 4470 851 4543 praeceptoribus
879 4468 1086 4521 discere
1122 4464 1408 4533 Oportebat
1446 4484 1458 4520 :
1493 4464 1646 4533 cujus
1672 4464 1749 4517 rei
1776 4461 2021 4533 exempla

2118 3256 2292 3312 Graeci
2326 3256 2557 3311 fuerant.
2593 3257 2719 3310 Haec
2746 3258 2889 3311 enim
2912 3256 3094 3311 omnia
3138 3255 3245 3310 duo
3285 3258 3587 3326 praesertim
3624 3259 3712 3313 in-

2121 3350 2339 3404 ﬁrmant
2369 3368 2381 3402 :
2414 3365 2607 3416 unum,
2634 3350 2777 3420 quod
2808 3350 3037 3420 ipsemet
3065 3350 3374 3417 asserebat,
3410 3351 3552 3407 baud
3582 3366 3718 3421 opus

2120 3442 2292 3499 fuisse
2324 3444 2487 3498 latina
2514 3446 2803 3513 versione,
2836 3460 3011 3516 graeca
3042 3443 3243 3516 Lingua
3272 3446 3382 3516 jam
3428 3444 3614 3501 Romae
3658 3460 3719 3502 ac

2122 3536 2543 3605 provincialibus
2577 3537 2863 3602 familiari,
2899 3536 3001 3591 nisi
3032 3538 3076 3593 si
3114 3536 3254 3592 forte
3294 3536 3433 3593 hanc
3473 3538 3551 3593 Pii
3585 3546 3721 3593 tem-

2121 3628 2347 3699 poribus
2387 3630 2674 3684 evanuisse
2712 3629 3118 3686 arbitrabatur:
3148 3629 3293 3700 quod
3335 3640 3516 3685 tamen
3556 3645 3723 3700 expe-

2123 3721 2323 3777 rientia
2359 3722 2469 3792 ipsa
2500 3721 2722 3777 refellit.
2748 3722 2970 3793 Linguae
3009 3724 3154 3778 enim
3185 3724 3507 3794 populorum
3532 3739 3723 3781 omnes

2126 3812 2289 3881 longo
2329 3828 2429 3866 usu
2472 3812 2787 3877 firmantur,
2822 3828 2999 3881 neque
3051 3823 3143 3869 aut
3192 3816 3364 3870 emori
3410 3816 3562 3880 illas,
3619 3818 3723 3873 nisi

2125 3920 2319 3961 everso
2365 3904 2581 3975 penitus
2608 3920 2787 3961 rerum
2833 3915 2975 3961 statu
3002 3947 3016 3971 ,
3059 3915 3153 3962 aut
3192 3908 3448 3977 paulatim
3477 3909 3725 3966 obsoles-

2125 4011 2285 4062 oerc,
2332 3997 2433 4052 nisi
2464 4007 2773 4052 exterarum
2817 3998 3068 4054 Gentium
3108 3999 3379 4055 alluvione
3417 4000 3722 4071 contingit:

2126 4104 2358 4161 quorum
2403 4098 2653 4145 neutrum
2678 4130 2692 4155 ,
2721 4090 2949 4146 florente
2970 4130 2984 4154 ,
3014 4099 3073 4143 ut
3110 4099 3255 4158 erat,
3292 4092 3550 4163 imperio,
3581 4093 3726 4148 acci-

2126 4182 2274 4237 disse
2304 4190 2641 4251 compertum
2687 4190 2790 4238 est.
2823 4180 3100 4248 Alterum,
3146 4182 3426 4252 pontifices
3468 4184 3534 4238 ad
3568 4184 3725 4239 Pium

2128 4289 2301 4344 usque
2329 4275 2500 4329 ferme
2531 4274 2785 4339 Grateos,
2818 4285 2929 4329 tum
2963 4274 3107 4330 hunc
3143 4275 3458 4332 Latinorum
3496 4279 3727 4346 primum

2129 4367 2319 4422 fuisse.
2356 4367 2683 4422 Exciderunt
2725 4382 2919 4438 nempe
2961 4371 3079 4424 viro
3121 4370 3488 4427 eruditissimo
3526 4373 3726 4442 primus

2132 4470 2257 4530 post
2286 4459 2509 4515 Petrum
2556 4461 2756 4528 Linus,
2806 4471 2930 4531 post
2957 4461 3100 4517 hunc
3129 4462 3363 4519 fortasse
3396 4469 3557 4520 etiam
3604 4465 3728 4520 Cle-

427 4583 537 4624 non
581 4577 746 4634 pauca
778 4562 844 4615 ab
869 4560 1185 4627 antiquitate
1216 4567 1418 4626 praesto
1440 4564 1622 4609 essent
1642 4595 1654 4617 ,
1700 4556 1742 4609 si
1772 4570 1908 4624 opus
1949 4556 2023 4609 fo-
2053 4559 2106 4619 D
2133 4561 2251 4620 tus,
2272 4564 2429 4621 certe
2454 4553 2648 4609 tertius
2673 4553 2926 4609 Clemens
2956 4555 3157 4611 Latini.
3185 4556 3253 4610 Et
3280 4558 3497 4627 quidem
3535 4558 3727 4613 Linum

428 4668 535 4719 ret.
581 4660 662 4713 An
701 4655 841 4710 idem
870 4662 1154 4723 pr0pterca
1204 4650 1271 4704 de
1300 4651 1509 4705 caeteris
1549 4649 1799 4705 onmibus
1840 4649 2027 4704 dicen-

430 4754 597 4811 dum?
622 4750 760 4820 Quid
793 4751 979 4817 ingens
1012 4746 1099 4799 illa
1131 4745 1181 4798 in
1212 4745 1343 4798 urbe
1368 4784 1382 4809 ,
1414 4746 1463 4797 in
1492 4745 1632 4813 agris
1654 4786 1668 4809 ,
1699 4759 1794 4813 per
1814 4744 2022 4800 italiam

430 4861 716 4902 servorum
740 4837 1041 4897 colluvies?
1064 4838 1201 4903 Quid
1229 4837 1464 4905 propolae
1484 4880 1497 4901 ,
1531 4837 1827 4902 institores,
1858 4838 1987 4891 lanii
2007 4881 2021 4905 ,

429 4936 599 4998 fabri,
635 4936 894 4999 fullones,
941 4941 1155 4987 sutores
1200 4930 1491 5000 (ridiculus
1530 4930 1666 4993 sim,
1697 4930 1742 4983 si
1771 4937 1848 4983 tot
1880 4940 2028 4984 artes

430 5040 734 5098 Operasque
780 5024 845 5077 ad
897 5038 1117 5078 censum
1164 5035 1359 5075 vocare
1398 5020 1622 5089 velim),
1667 5035 1775 5073 uno
1816 5021 2022 5087 verbo,

432 5119 560 5191 quid
594 5125 741 5171 tanta
770 5116 1018 5168 viliorttm
1050 5115 1284 5182 Cupitum
1314 5111 1601 5167 multitudo
1628 5112 1835 5178 Romae,
1864 5114 1916 5167 in
1938 5128 2023 5169 co-

428 5212 622 5277 loniis,
672 5211 725 5264 in
756 5206 1101 5274 municipiis,
1152 5207 1380 5283 ubique;
1430 5214 1540 5260 tum
1572 5216 1628 5261 et
1678 5206 2027 5262 honestorum

430 5304 744 5364 hominum,
773 5299 970 5370 quibus
1014 5306 1158 5351 arcta
1207 5314 1293 5352 res
1324 5298 1467 5352 domi
1509 5298 1690 5353 esset?
1729 5299 1863 5354 Num
1890 5308 1945 5355 et
1975 5298 2031 5353 hi

429 5397 670 5453 dieculas
699 5398 751 5451 in
784 5394 909 5448 ludo
954 5392 1241 5453 triverunt,
1277 5407 1459 5460 graece
1496 5393 1641 5462 loqui
1674 5401 1733 5447 ut
1776 5394 2026 5450 addisce-
2090 5386 2091 5389 “

428 5490 591 5546 rem?
620 5489 684 5543 Et
711 5502 887 5543 tamen
919 5502 982 5541 ex
1013 5486 1079 5540 iis
1106 5493 1165 5537 ut
1204 5483 1493 5552 plurimum
1536 5486 1723 5553 primis
1754 5486 1861 5541 iliis
1902 5487 2028 5543 fidei

430 5579 767 5649 temporibus
795 5577 1083 5636 constabat
1123 5574 1362 5631 Ecclesia
1384 5615 1397 5638 ,
1445 5574 1658 5631 infirma
1690 5577 1876 5634 mundi
1926 5577 2027 5634 eii-

428 5681 594 5745 gente
643 5674 749 5725 Deo
788 5681 849 5726 ut
890 5670 1208 5742 sapientiam
1255 5668 1438 5724 szeculi
1471 5669 1843 5727 confunderet.
1887 5671 2025 5728 Hinc

428 5767 623 5822 merito
659 5766 932 5836 apostolos
971 5772 1060 5825 τήν
1094 5766 1323 5840 γλῶτταν
1353 5763 1710 5827 ἰδιωτεύοντας
1745 5765 1887 5823 dixit
1916 5767 2023 5823 Eu-

2134 4647 2423 4703 duodecim
2453 4647 2613 4702 annis
2650 4662 2737 4703 res
2772 4648 3034 4703 Ecclesiae
3067 4648 3478 4706 administrasse
3513 4666 3543 4704 a
3577 4661 3730 4707 vete-

2132 4742 2284 4797 ribus
2309 4741 2587 4797 diseimus.
2616 4741 2724 4797 Cur
2747 4742 2927 4811 itaque
2956 4756 3061 4795 non
3085 4743 3185 4797 sub
3213 4742 3317 4797 hoc
3337 4745 3535 4812 potius,
3566 4758 3729 4812 quam

2144 4845 2272 4906 post
2303 4847 2407 4889 tam
2438 4838 2618 4890 laxum
2654 4838 2915 4905 temporis
2934 4836 3167 4905 spatium
3206 4838 3465 4893 adornata
3505 4839 3606 4893 sub
3633 4838 3733 4894 Pio

2132 4941 2408 4982 sacrorum
2443 4928 2508 4982 N.
2537 4926 2599 4983 Τ.
2635 4928 2894 4983 librorum
2937 4928 3218 4982 translatio
3250 4928 3449 4985 fuerit?
3478 4929 3560 4985 An
3602 4930 3733 4987 dee-

2136 5032 2259 5078 rant
2288 5023 2521 5092 principi
2562 5023 2803 5077 omuium
2838 5022 3097 5077 Ecclesia:
3122 5062 3137 5086 ,
3187 5024 3241 5077 in
3292 5024 3733 5093 frequentissimo

2132 5116 2375 5185 gentium
2404 5133 2434 5169 c
2461 5117 2753 5184 provinciis
2775 5115 2985 5185 imperii
3012 5115 3077 5169 ad
3110 5114 3313 5171 Urbem
3337 5118 3564 5187 appulsu
3585 5157 3601 5183 ,
3633 5131 3731 5173 eo-

2134 5224 2255 5263 rum
2280 5248 2295 5275 ,
2342 5209 2502 5263 simul
2538 5223 2602 5263 ac
2645 5208 2991 5278 prodierant,
3020 5210 3331 5280 apograpba
3359 5250 3375 5274 ,
3408 5221 3557 5266 utne
3586 5211 3727 5266 verti

2138 5304 2487 5359 commodum
2529 5306 2792 5374 possent?
2829 5307 2908 5359 An
2952 5304 3183 5361 fortasse
3212 5320 3321 5360 non
3361 5318 3531 5373 opas,
3570 5314 3738 5361 aucto

2135 5398 2190 5453 in
2220 5398 2336 5453 dies
2374 5397 2708 5453 credentium
2756 5412 2987 5454 numero
3011 5440 3024 5463 ,
3055 5409 3115 5453 ut
3166 5399 3542 5456 verterentur?
3586 5397 3734 5454 Neu-

2135 5497 2276 5544 trum
2313 5489 2577 5559 profecto,
2602 5492 2654 5545 ni
2686 5490 2860 5545 fallor.
2904 5490 3039 5557 Quae
3065 5492 3247 5547 omnia
3274 5490 3415 5547 dicta
3440 5489 3554 5548 sint
3571 5500 3733 5562 argu-

2132 5585 2299 5639 menti
2337 5582 2495 5653 hujus
2524 5584 2727 5654 gratia;
2762 5585 2814 5637 in
2840 5583 2987 5655 quod
3012 5583 3143 5639 olim
3175 5584 3395 5657 egregia
3422 5584 3575 5642 Milli
3598 5584 3733 5640 Pro-

2131 5675 2413 5746 iegomena
2437 5677 2791 5733 observantes
2826 5692 2949 5731 cum
2979 5676 3398 5747 incidissemus,
3430 5678 3591 5734 dubia
3621 5678 3733 5749 pri—

2131 5784 2279 5830 matu
2318 5770 2495 5840 aliqua
2532 5769 2698 5827 cartis
2734 5768 3052 5837 lnlevimus;
3085 5784 3229 5828 nunc
3257 5786 3388 5829 vero
3426 5786 3457 5827 ο
3497 5784 3559 5827 re
3600 5779 3727 5827 nata
