  <div class='ocr_page' id='page_1' title='image "/cluster/home/n/w/nwhite01/storage/ocr_20150623/12/hvd.32044096580410/028.png"; bbox 0 0 2027 3099; ppageno 0'>
   <div class='ocr_carea' id='block_1_1' title="bbox 214 129 1009 170">
    <p class='ocr_par' dir='ltr' id='par_1_1' title="bbox 214 129 1009 160">
     <span class='ocr_line' id='line_1_1' title="bbox 214 129 1009 160; baseline 0 -2"><span class='ocrx_word' id='word_1_1' title='bbox 214 130 250 158; x_wconf 64' lang='grc'><strong>65</strong></span> <span class='ocrx_word' id='word_1_2' title='bbox 477 144 480 147; x_wconf 87' lang='grc'><strong>-</strong></span> <span class='ocrx_word' id='word_1_3' title='bbox 607 130 713 160; x_wconf 65' lang='grc' dir='ltr'><strong>κριετ.</strong></span> <span class='ocrx_word' id='word_1_4' title='bbox 736 131 859 159; x_wconf 84' lang='lat' dir='ltr'><strong>PHiLlP.</strong></span> <span class='ocrx_word' id='word_1_5' title='bbox 880 129 1009 160; x_wconf 76' lang='lat' dir='ltr'><strong>GARBEI</strong></span> 
     </span>
    </p>
   </div>
   <div class='ocr_carea' id='block_1_2' title="bbox 1061 129 1864 170">
    <p class='ocr_par' dir='ltr' id='par_1_2' title="bbox 1061 130 1864 170">
     <span class='ocr_line' id='line_1_2' title="bbox 1061 130 1864 170; baseline 0.012 -10"><span class='ocrx_word' id='word_1_6' title='bbox 1061 152 1063 160; x_wconf 57' lang='grc' dir='ltr'><em>ν</em></span> <span class='ocrx_word' id='word_1_7' title='bbox 1085 130 1129 159; x_wconf 71' lang='lat' dir='ltr'><strong>DE</strong></span> <span class='ocrx_word' id='word_1_8' title='bbox 1148 131 1273 161; x_wconf 76' lang='lat' dir='ltr'><strong>CODIUE</strong></span> <span class='ocrx_word' id='word_1_9' title='bbox 1293 134 1470 164; x_wconf 82' lang='lat' dir='ltr'><strong>BRIXIANO.</strong></span> <span class='ocrx_word' id='word_1_10' title='bbox 1827 144 1864 170; x_wconf 67' lang='lat' dir='ltr'><strong>ili</strong></span> 
     </span>
    </p>
   </div>
   <div class='ocr_carea' id='block_1_3' title="bbox 210 185 1862 234">
    <p class='ocr_par' dir='ltr' id='par_1_3' title="bbox 210 185 1862 234">
     <span class='ocr_line' id='line_1_3' title="bbox 210 185 1862 234; baseline 0.008 -21"><span class='ocrx_word' id='word_1_11' title='bbox 210 185 308 214; x_wconf 87' lang='lat' dir='ltr'><strong>eadem</strong></span> <span class='ocrx_word' id='word_1_12' title='bbox 325 190 502 214; x_wconf 84' lang='lat' dir='ltr'><strong>retractantes</strong></span> <span class='ocrx_word' id='word_1_13' title='bbox 525 186 605 215; x_wconf 87' lang='lat' dir='ltr'><strong>latius</strong></span> <span class='ocrx_word' id='word_1_14' title='bbox 620 188 701 223; x_wconf 87' lang='lat' dir='ltr'><strong>paulo</strong></span> <span class='ocrx_word' id='word_1_15' title='bbox 722 188 887 216; x_wconf 82' lang='lat' dir='ltr'><strong>diduximus.</strong></span> <span class='ocrx_word' id='word_1_16' title='bbox 901 187 936 215; x_wconf 88' lang='lat' dir='ltr'><strong>Et</strong></span> <span class='ocrx_word' id='word_1_17' title='bbox 951 188 1008 222; x_wconf 92' lang='lat' dir='ltr'><strong>qui-</strong></span> <span class='ocrx_word' id='word_1_18' title='bbox 1023 192 1050 223; x_wconf 79' lang='grc' dir='ltr'><strong>Α</strong></span> <span class='ocrx_word' id='word_1_19' title='bbox 1097 187 1186 216; x_wconf 86' lang='lat' dir='ltr'><strong>Locus</strong></span> <span class='ocrx_word' id='word_1_20' title='bbox 1201 189 1286 223; x_wconf 81' lang='lat' dir='ltr'><strong>alter,</strong></span> <span class='ocrx_word' id='word_1_21' title='bbox 1310 198 1389 226; x_wconf 85' lang='lat' dir='ltr'><strong>quem</strong></span> <span class='ocrx_word' id='word_1_22' title='bbox 1405 192 1438 219; x_wconf 88' lang='lat' dir='ltr'><strong>ad</strong></span> <span class='ocrx_word' id='word_1_23' title='bbox 1460 192 1582 220; x_wconf 77' lang='lat' dir='ltr'><strong>Graecam</strong></span> <span class='ocrx_word' id='word_1_24' title='bbox 1598 195 1730 230; x_wconf 81' lang='lat' dir='ltr'><strong>originem</strong></span> <span class='ocrx_word' id='word_1_25' title='bbox 1754 198 1862 234; x_wconf 81' lang='lat' dir='ltr'><strong>exigere</strong></span> 
     </span>
    </p>
   </div>
   <div class='ocr_carea' id='block_1_4' title="bbox 209 233 1012 268">
    <p class='ocr_par' dir='ltr' id='par_1_4' title="bbox 209 233 1012 268">
     <span class='ocr_line' id='line_1_4' title="bbox 209 233 1012 268; baseline 0 -8"><span class='ocrx_word' id='word_1_26' title='bbox 209 233 296 266; x_wconf 84' lang='lat' dir='ltr'><strong>dem,</strong></span> <span class='ocrx_word' id='word_1_27' title='bbox 314 241 373 260; x_wconf 90' lang='lat' dir='ltr'><strong>cum</strong></span> <span class='ocrx_word' id='word_1_28' title='bbox 408 241 440 260; x_wconf 79' lang='lat' dir='ltr'><strong>ex</strong></span> <span class='ocrx_word' id='word_1_29' title='bbox 467 234 626 268; x_wconf 92' lang='lat' dir='ltr'><strong>antiquitate</strong></span> <span class='ocrx_word' id='word_1_30' title='bbox 656 239 859 262; x_wconf 89' lang='lat' dir='ltr'><strong>monumentum</strong></span> <span class='ocrx_word' id='word_1_31' title='bbox 895 234 1012 268; x_wconf 78' lang='lat' dir='ltr'><strong>supersit</strong></span> 
     </span>
    </p>
   </div>
   <div class='ocr_carea' id='block_1_5' title="bbox 208 279 1011 316">
    <p class='ocr_par' dir='ltr' id='par_1_5' title="bbox 208 279 1011 316">
     <span class='ocr_line' id='line_1_5' title="bbox 208 279 1011 316; baseline 0.004 -10"><span class='ocrx_word' id='word_1_32' title='bbox 208 280 331 312; x_wconf 88' lang='lat' dir='ltr'><strong>nullum,</strong></span> <span class='ocrx_word' id='word_1_33' title='bbox 347 279 418 307; x_wconf 85' lang='lat' dir='ltr'><strong>unde</strong></span> <span class='ocrx_word' id='word_1_34' title='bbox 432 281 617 308; x_wconf 79' lang='lat' dir='ltr'><strong>translationis</strong></span> <span class='ocrx_word' id='word_1_35' title='bbox 629 281 701 309; x_wconf 87' lang='lat' dir='ltr'><strong>illius</strong></span> <span class='ocrx_word' id='word_1_36' title='bbox 718 286 823 316; x_wconf 84' lang='lat' dir='ltr'><strong>tempus</strong></span> <span class='ocrx_word' id='word_1_37' title='bbox 840 289 936 309; x_wconf 89' lang='lat' dir='ltr'><strong>eruere</strong></span> <span class='ocrx_word' id='word_1_38' title='bbox 949 288 1011 315; x_wconf 87' lang='lat' dir='ltr'><strong>pos-</strong></span> 
     </span>
    </p>
   </div>
   <div class='ocr_carea' id='block_1_6' title="bbox 211 327 1011 365">
    <p class='ocr_par' dir='ltr' id='par_1_6' title="bbox 211 327 1011 365">
     <span class='ocr_line' id='line_1_6' title="bbox 211 327 1011 365; baseline 0.004 -11"><span class='ocrx_word' id='word_1_39' title='bbox 211 327 316 362; x_wconf 86' lang='lat' dir='ltr'><strong>simus,</strong></span> <span class='ocrx_word' id='word_1_40' title='bbox 341 328 523 362; x_wconf 79' lang='lat' dir='ltr'><strong>coniecturis,</strong></span> <span class='ocrx_word' id='word_1_41' title='bbox 549 333 579 356; x_wconf 90' lang='lat' dir='ltr'><strong>ut</strong></span> <span class='ocrx_word' id='word_1_42' title='bbox 598 330 712 365; x_wconf 84' lang='lat' dir='ltr'><strong>ipsemet</strong></span> <span class='ocrx_word' id='word_1_43' title='bbox 738 330 853 362; x_wconf 76' lang='lat' dir='ltr'><strong>fecerat,</strong></span> <span class='ocrx_word' id='word_1_44' title='bbox 875 334 1011 357; x_wconf 78' lang='lat' dir='ltr'><strong>tentantes</strong></span> 
     </span>
    </p>
   </div>
   <div class='ocr_carea' id='block_1_7' title="bbox 208 373 1009 408">
    <p class='ocr_par' dir='ltr' id='par_1_7' title="bbox 208 373 1009 408">
     <span class='ocr_line' id='line_1_7' title="bbox 208 373 1009 408; baseline 0.001 -7"><span class='ocrx_word' id='word_1_45' title='bbox 208 374 274 407; x_wconf 87' lang='lat' dir='ltr'><strong>iter,</strong></span> <span class='ocrx_word' id='word_1_46' title='bbox 286 374 308 401; x_wconf 90' lang='lat' dir='ltr'><strong>si</strong></span> <span class='ocrx_word' id='word_1_47' title='bbox 321 374 366 408; x_wconf 86' lang='lat' dir='ltr'><strong>qui</strong></span> <span class='ocrx_word' id='word_1_48' title='bbox 383 373 451 401; x_wconf 82' lang='lat' dir='ltr'><strong>forte</strong></span> <span class='ocrx_word' id='word_1_49' title='bbox 469 374 556 402; x_wconf 84' lang='lat' dir='ltr'><strong>aditus</strong></span> <span class='ocrx_word' id='word_1_50' title='bbox 570 375 603 402; x_wconf 90' lang='lat' dir='ltr'><strong>ad</strong></span> <span class='ocrx_word' id='word_1_51' title='bbox 619 376 759 403; x_wconf 82' lang='lat' dir='ltr'><strong>veritatem</strong></span> <span class='ocrx_word' id='word_1_52' title='bbox 773 376 892 403; x_wconf 83' lang='lat' dir='ltr'><strong>daretur.</strong></span> <span class='ocrx_word' id='word_1_53' title='bbox 915 375 1009 408; x_wconf 81' lang='lat' dir='ltr'><strong>Recte,</strong></span> 
     </span>
    </p>
   </div>
   <div class='ocr_carea' id='block_1_8' title="bbox 207 421 1010 457">
    <p class='ocr_par' dir='ltr' id='par_1_8' title="bbox 207 421 1010 457">
     <span class='ocr_line' id='line_1_8' title="bbox 207 421 1010 457; baseline 0.001 -9"><span class='ocrx_word' id='word_1_54' title='bbox 207 428 243 448; x_wconf 84' lang='lat' dir='ltr'><strong>an</strong></span> <span class='ocrx_word' id='word_1_55' title='bbox 265 428 365 454; x_wconf 88' lang='lat' dir='ltr'><strong>secus,</strong></span> <span class='ocrx_word' id='word_1_56' title='bbox 381 421 449 456; x_wconf 88' lang='lat' dir='ltr'><strong>apud</strong></span> <span class='ocrx_word' id='word_1_57' title='bbox 470 429 563 456; x_wconf 78' lang='lat' dir='ltr'><strong>:equos</strong></span> <span class='ocrx_word' id='word_1_58' title='bbox 576 430 666 450; x_wconf 89' lang='lat' dir='ltr'><strong>rerum</strong></span> <span class='ocrx_word' id='word_1_59' title='bbox 683 423 863 450; x_wconf 69' lang='lat' dir='ltr'><strong>aestimatores</strong></span> <span class='ocrx_word' id='word_1_60' title='bbox 879 422 1010 457; x_wconf 89' lang='lat' dir='ltr'><strong>judicium</strong></span> 
     </span>
    </p>
   </div>
   <div class='ocr_carea' id='block_1_9' title="bbox 207 472 283 495">
    <p class='ocr_par' dir='ltr' id='par_1_9' title="bbox 207 472 283 495">
     <span class='ocr_line' id='line_1_9' title="bbox 207 472 283 495; baseline -0.026 0"><span class='ocrx_word' id='word_1_61' title='bbox 207 472 283 495; x_wconf 84' lang='lat' dir='ltr'><strong>esto.</strong></span> 
     </span>
    </p>
   </div>
   <div class='ocr_carea' id='block_1_10' title="bbox 245 512 1009 548">
    <p class='ocr_par' dir='ltr' id='par_1_10' title="bbox 245 512 1009 548">
     <span class='ocr_line' id='line_1_10' title="bbox 245 512 1009 548; baseline 0.003 -8"><span class='ocrx_word' id='word_1_62' title='bbox 245 513 338 548; x_wconf 80' lang='lat' dir='ltr'><strong>Itaque</strong></span> <span class='ocrx_word' id='word_1_63' title='bbox 350 513 384 540; x_wconf 84' lang='lat' dir='ltr'><strong>ad</strong></span> <span class='ocrx_word' id='word_1_64' title='bbox 399 512 552 541; x_wconf 83' lang='lat' dir='ltr'><strong>institutum</strong></span> <span class='ocrx_word' id='word_1_65' title='bbox 567 514 723 548; x_wconf 84' lang='lat' dir='ltr'><strong>redeuntes,</strong></span> <span class='ocrx_word' id='word_1_66' title='bbox 736 514 892 542; x_wconf 83' lang='lat' dir='ltr'><strong>dicebamus</strong></span> <span class='ocrx_word' id='word_1_67' title='bbox 912 522 949 542; x_wconf 79' lang='lat' dir='ltr'><strong>ex</strong></span> <span class='ocrx_word' id='word_1_68' title='bbox 969 515 1009 542; x_wconf 81' lang='lat' dir='ltr'><strong>al-</strong></span> 
     </span>
    </p>
   </div>
   <div class='ocr_carea' id='block_1_11' title="bbox 205 559 1009 595">
    <p class='ocr_par' dir='ltr' id='par_1_11' title="bbox 205 559 1009 595">
     <span class='ocr_line' id='line_1_11' title="bbox 205 559 1009 595; baseline 0.001 -9"><span class='ocrx_word' id='word_1_69' title='bbox 205 559 270 586; x_wconf 81' lang='lat' dir='ltr'><strong>latis</strong></span> <span class='ocrx_word' id='word_1_70' title='bbox 279 559 436 594; x_wconf 83' lang='lat' dir='ltr'><strong>Hieronymi</strong></span> <span class='ocrx_word' id='word_1_71' title='bbox 447 564 529 595; x_wconf 87' lang='lat' dir='ltr'><strong>atque</strong></span> <span class='ocrx_word' id='word_1_72' title='bbox 538 559 681 595; x_wconf 75' lang='lat' dir='ltr'><strong>Augustini</strong></span> <span class='ocrx_word' id='word_1_73' title='bbox 692 560 781 588; x_wconf 84' lang='lat' dir='ltr'><strong>verbis</strong></span> <span class='ocrx_word' id='word_1_74' title='bbox 793 560 926 588; x_wconf 82' lang='lat' dir='ltr'><strong>ﬁrmatam</strong></span> <span class='ocrx_word' id='word_1_75' title='bbox 939 560 1009 595; x_wconf 82' lang='lat' dir='ltr'><strong>apud</strong></span> 
     </span>
    </p>
   </div>
   <div class='ocr_carea' id='block_1_12' title="bbox 207 605 1011 641">
    <p class='ocr_par' dir='ltr' id='par_1_12' title="bbox 207 605 1011 641">
     <span class='ocr_line' id='line_1_12' title="bbox 207 605 1011 641; baseline 0.002 -9"><span class='ocrx_word' id='word_1_76' title='bbox 207 606 311 633; x_wconf 84' lang='lat' dir='ltr'><strong>multos</strong></span> <span class='ocrx_word' id='word_1_77' title='bbox 331 605 485 640; x_wconf 82' lang='lat' dir='ltr'><strong>opinionem</strong></span> <span class='ocrx_word' id='word_1_78' title='bbox 508 605 582 633; x_wconf 83' lang='lat' dir='ltr'><strong>illam</strong></span> <span class='ocrx_word' id='word_1_79' title='bbox 599 606 633 634; x_wconf 90' lang='lat' dir='ltr'><strong>de</strong></span> <span class='ocrx_word' id='word_1_80' title='bbox 649 607 772 641; x_wconf 83' lang='lat' dir='ltr'><strong>pluribus</strong></span> <span class='ocrx_word' id='word_1_81' title='bbox 789 608 815 634; x_wconf 94' lang='lat' dir='ltr'><strong>in</strong></span> <span class='ocrx_word' id='word_1_82' title='bbox 834 607 929 634; x_wconf 87' lang='lat' dir='ltr'><strong>Latina</strong></span> <span class='ocrx_word' id='word_1_83' title='bbox 959 607 1011 634; x_wconf 88' lang='lat' dir='ltr'><strong>Ec-</strong></span> 
     </span>
    </p>
   </div>
   <div class='ocr_carea' id='block_1_13' title="bbox 216 651 1010 689">
    <p class='ocr_par' dir='ltr' id='par_1_13' title="bbox 216 651 1010 689">
     <span class='ocr_line' id='line_1_13' title="bbox 216 651 1010 689; baseline 0.003 -11"><span class='ocrx_word' id='word_1_84' title='bbox 216 651 302 679; x_wconf 83' lang='lat' dir='ltr'><strong>clesia</strong></span> <span class='ocrx_word' id='word_1_85' title='bbox 323 652 509 684; x_wconf 87' lang='lat' dir='ltr'><strong>versionibus;</strong></span> <span class='ocrx_word' id='word_1_86' title='bbox 531 654 653 686; x_wconf 81' lang='lat' dir='ltr'><strong>quamvis</strong></span> <span class='ocrx_word' id='word_1_87' title='bbox 675 658 767 688; x_wconf 85' lang='lat' dir='ltr'><strong>postea</strong></span> <span class='ocrx_word' id='word_1_88' title='bbox 788 654 880 689; x_wconf 82' lang='lat' dir='ltr'><strong>petitis</strong></span> <span class='ocrx_word' id='word_1_89' title='bbox 901 653 1010 680; x_wconf 77' lang='lat' dir='ltr'><strong>aliunde</strong></span> 
     </span>
    </p>
   </div>
   <div class='ocr_carea' id='block_1_14' title="bbox 208 697 1010 728">
    <p class='ocr_par' dir='ltr' id='par_1_14' title="bbox 208 697 1010 728">
     <span class='ocr_line' id='line_1_14' title="bbox 208 697 1010 728; baseline 0.004 -3"><span class='ocrx_word' id='word_1_90' title='bbox 208 698 338 726; x_wconf 81' lang='lat' dir='ltr'><strong>subsidiis</strong></span> <span class='ocrx_word' id='word_1_91' title='bbox 352 697 417 725; x_wconf 80' lang='lat' dir='ltr'><strong>fulta</strong></span> <span class='ocrx_word' id='word_1_92' title='bbox 430 707 459 726; x_wconf 87' lang='lat' dir='ltr'><strong>se</strong></span> <span class='ocrx_word' id='word_1_93' title='bbox 474 699 554 726; x_wconf 86' lang='lat' dir='ltr'><strong>latins</strong></span> <span class='ocrx_word' id='word_1_94' title='bbox 570 699 716 726; x_wconf 73' lang='lat' dir='ltr'><strong>dilluderit.</strong></span> <span class='ocrx_word' id='word_1_95' title='bbox 734 701 755 727; x_wconf 83' lang='grc' dir='ltr'>Ε</span> <span class='ocrx_word' id='word_1_96' title='bbox 774 701 888 728; x_wconf 83' lang='lat' dir='ltr'><strong>lectione</strong></span> <span class='ocrx_word' id='word_1_97' title='bbox 907 701 1010 728; x_wconf 85' lang='lat' dir='ltr'><strong>scilicet</strong></span> 
     </span>
    </p>
   </div>
   <div class='ocr_carea' id='block_1_15' title="bbox 206 744 1007 782">
    <p class='ocr_par' dir='ltr' id='par_1_15' title="bbox 206 744 1007 782">
     <span class='ocr_line' id='line_1_15' title="bbox 206 744 1007 782; baseline 0.002 -10"><span class='ocrx_word' id='word_1_98' title='bbox 206 744 331 777; x_wconf 84' lang='lat' dir='ltr'><strong>Patrum,</strong></span> <span class='ocrx_word' id='word_1_99' title='bbox 347 752 408 780; x_wconf 66' lang='lat' dir='ltr'><strong>quae</strong></span> <span class='ocrx_word' id='word_1_100' title='bbox 422 745 570 780; x_wconf 84' lang='lat' dir='ltr'><strong>plerisque,</strong></span> <span class='ocrx_word' id='word_1_101' title='bbox 583 746 666 773; x_wconf 86' lang='lat' dir='ltr'><strong>etiam</strong></span> <span class='ocrx_word' id='word_1_102' title='bbox 681 746 847 774; x_wconf 80' lang='lat' dir='ltr'><strong>doctissimis</strong></span> <span class='ocrx_word' id='word_1_103' title='bbox 869 747 1007 782; x_wconf 87' lang='lat' dir='ltr'><strong>imposuit.</strong></span> 
     </span>
    </p>
   </div>
   <div class='ocr_carea' id='block_1_16' title="bbox 206 789 1010 828">
    <p class='ocr_par' dir='ltr' id='par_1_16' title="bbox 206 789 1010 828">
     <span class='ocr_line' id='line_1_16' title="bbox 206 789 1010 828; baseline 0.004 -10"><span class='ocrx_word' id='word_1_104' title='bbox 206 789 274 818; x_wconf 87' lang='lat' dir='ltr'><strong>Cum</strong></span> <span class='ocrx_word' id='word_1_105' title='bbox 290 791 363 818; x_wconf 90' lang='lat' dir='ltr'><strong>enim</strong></span> <span class='ocrx_word' id='word_1_106' title='bbox 387 791 511 818; x_wconf 80' lang='lat' dir='ltr'><strong>viderent</strong></span> <span class='ocrx_word' id='word_1_107' title='bbox 530 792 600 819; x_wconf 86' lang='lat' dir='ltr'><strong>sacri</strong></span> <span class='ocrx_word' id='word_1_108' title='bbox 616 792 718 819; x_wconf 81' lang='lat' dir='ltr'><strong>Textus</strong></span> <span class='ocrx_word' id='word_1_109' title='bbox 734 793 875 828; x_wconf 77' lang='lat' dir='ltr'><strong>pericopas</strong></span> <span class='ocrx_word' id='word_1_110' title='bbox 895 794 1010 821; x_wconf 91' lang='lat' dir='ltr'><strong>diversi-</strong></span> 
     </span>
    </p>
   </div>
   <div class='ocr_carea' id='block_1_17' title="bbox 205 836 1007 872">
    <p class='ocr_par' dir='ltr' id='par_1_17' title="bbox 205 836 1007 872">
     <span class='ocr_line' id='line_1_17' title="bbox 205 836 1007 872; baseline 0.002 -8"><span class='ocrx_word' id='word_1_111' title='bbox 205 837 288 865; x_wconf 82' lang='lat' dir='ltr'><strong>mnde</strong></span> <span class='ocrx_word' id='word_1_112' title='bbox 307 837 341 864; x_wconf 90' lang='lat' dir='ltr'><strong>ab</strong></span> <span class='ocrx_word' id='word_1_113' title='bbox 356 837 409 864; x_wconf 88' lang='lat' dir='ltr'><strong>illis</strong></span> <span class='ocrx_word' id='word_1_114' title='bbox 422 836 529 870; x_wconf 76' lang='lat' dir='ltr'><strong>eﬂ&#39;erri;</strong></span> <span class='ocrx_word' id='word_1_115' title='bbox 546 845 618 872; x_wconf 75' lang='lat' dir='ltr'><strong>saepe</strong></span> <span class='ocrx_word' id='word_1_116' title='bbox 632 839 713 865; x_wconf 85' lang='lat' dir='ltr'><strong>etiam</strong></span> <span class='ocrx_word' id='word_1_117' title='bbox 732 839 845 866; x_wconf 84' lang='lat' dir='ltr'><strong>easdem</strong></span> <span class='ocrx_word' id='word_1_118' title='bbox 862 839 896 866; x_wconf 84' lang='lat' dir='ltr'><strong>ab</strong></span> <span class='ocrx_word' id='word_1_119' title='bbox 911 839 1007 866; x_wconf 92' lang='lat' dir='ltr'><strong>eodem</strong></span> 
     </span>
    </p>
   </div>
   <div class='ocr_carea' id='block_1_18' title="bbox 205 882 1044 920">
    <p class='ocr_par' dir='ltr' id='par_1_18' title="bbox 205 882 1044 920">
     <span class='ocr_line' id='line_1_18' title="bbox 205 882 1044 920; baseline 0.004 -10"><span class='ocrx_word' id='word_1_120' title='bbox 205 882 288 910; x_wconf 80' lang='lat' dir='ltr'><strong>aliter</strong></span> <span class='ocrx_word' id='word_1_121' title='bbox 301 903 309 914; x_wconf 85' lang='lat'><strong>,</strong></span> <span class='ocrx_word' id='word_1_122' title='bbox 335 886 417 917; x_wconf 85' lang='lat' dir='ltr'><strong>atque</strong></span> <span class='ocrx_word' id='word_1_123' title='bbox 438 883 518 910; x_wconf 87' lang='lat' dir='ltr'><strong>aliter</strong></span> <span class='ocrx_word' id='word_1_124' title='bbox 549 884 699 917; x_wconf 85' lang='lat' dir='ltr'><strong>adductas,</strong></span> <span class='ocrx_word' id='word_1_125' title='bbox 724 884 839 912; x_wconf 88' lang='lat' dir='ltr'><strong>diversis</strong></span> <span class='ocrx_word' id='word_1_126' title='bbox 861 889 1005 920; x_wconf 84' lang='lat' dir='ltr'><strong>propterea</strong></span> <span class='ocrx_word' id='word_1_127' title='bbox 1022 887 1044 917; x_wconf 87' lang='lat' dir='ltr'><strong>B</strong></span> 
     </span>
    </p>
   </div>
   <div class='ocr_carea' id='block_1_19' title="bbox 207 929 1005 966">
    <p class='ocr_par' dir='ltr' id='par_1_19' title="bbox 207 929 1005 966">
     <span class='ocr_line' id='line_1_19' title="bbox 207 929 1005 966; baseline 0.004 -11"><span class='ocrx_word' id='word_1_128' title='bbox 207 929 430 956; x_wconf 82' lang='lat' dir='ltr'><strong>translationibus</strong></span> <span class='ocrx_word' id='word_1_129' title='bbox 454 937 518 957; x_wconf 86' lang='lat' dir='ltr'><strong>usos</strong></span> <span class='ocrx_word' id='word_1_130' title='bbox 538 930 749 958; x_wconf 84' lang='lat' dir='ltr'><strong>arbitrabantur.</strong></span> <span class='ocrx_word' id='word_1_131' title='bbox 769 931 862 959; x_wconf 81' lang='lat' dir='ltr'><strong>Varias</strong></span> <span class='ocrx_word' id='word_1_132' title='bbox 883 932 1005 966; x_wconf 80' lang='lat' dir='ltr'><strong>quidem,</strong></span> 
     </span>
    </p>
   </div>
   <div class='ocr_carea' id='block_1_20' title="bbox 208 974 1006 1013">
    <p class='ocr_par' dir='ltr' id='par_1_20' title="bbox 208 974 1006 1013">
     <span class='ocr_line' id='line_1_20' title="bbox 208 974 1006 1013; baseline 0.005 -11"><span class='ocrx_word' id='word_1_133' title='bbox 208 974 298 1010; x_wconf 85' lang='lat' dir='ltr'><strong>inquit</strong></span> <span class='ocrx_word' id='word_1_134' title='bbox 314 976 425 1003; x_wconf 84' lang='lat' dir='ltr'><strong>iluetius</strong></span> <span class='ocrx_word' id='word_1_135' title='bbox 440 976 497 1011; x_wconf 90' lang='lat' dir='ltr'><strong>(De</strong></span> <span class='ocrx_word' id='word_1_136' title='bbox 511 975 594 1004; x_wconf 85' lang='lat' dir='ltr'><strong>Claris</strong></span> <span class='ocrx_word' id='word_1_137' title='bbox 608 977 709 1010; x_wconf 86' lang='lat' dir='ltr'><strong>lnterp.</strong></span> <span class='ocrx_word' id='word_1_138' title='bbox 722 978 741 1011; x_wconf 85' lang='lat'><strong>),</strong></span> <span class='ocrx_word' id='word_1_139' title='bbox 755 986 785 1004; x_wconf 85' lang='lat' dir='ltr'><strong>ac</strong></span> <span class='ocrx_word' id='word_1_140' title='bbox 800 980 875 1013; x_wconf 87' lang='lat' dir='ltr'><strong>plane</strong></span> <span class='ocrx_word' id='word_1_141' title='bbox 892 979 1006 1006; x_wconf 76' lang='lat' dir='ltr'><strong>diuersas</strong></span> 
     </span>
    </p>
   </div>
   <div class='ocr_carea' id='block_1_21' title="bbox 206 1022 1005 1060">
    <p class='ocr_par' dir='ltr' id='par_1_21' title="bbox 206 1022 1005 1060">
     <span class='ocr_line' id='line_1_21' title="bbox 206 1022 1005 1060; baseline 0.004 -12"><span class='ocrx_word' id='word_1_142' title='bbox 206 1022 276 1049; x_wconf 84' lang='lat' dir='ltr'><strong>inter</strong></span> <span class='ocrx_word' id='word_1_143' title='bbox 288 1030 315 1049; x_wconf 78' lang='lat' dir='ltr'><strong>se</strong></span> <span class='ocrx_word' id='word_1_144' title='bbox 337 1022 460 1049; x_wconf 81' lang='lat' dir='ltr'><strong>editiones</strong></span> <span class='ocrx_word' id='word_1_145' title='bbox 476 1027 574 1050; x_wconf 79' lang='lat' dir='ltr'><strong>secutos</strong></span> <span class='ocrx_word' id='word_1_146' title='bbox 595 1022 784 1050; x_wconf 84' lang='lat' dir='ltr'><strong>Tertullianum</strong></span> <span class='ocrx_word' id='word_1_147' title='bbox 795 1045 802 1056; x_wconf 94' lang='lat'><strong>,</strong></span> <span class='ocrx_word' id='word_1_148' title='bbox 827 1024 984 1060; x_wconf 83' lang='lat' dir='ltr'><strong>Cyprianum</strong></span> <span class='ocrx_word' id='word_1_149' title='bbox 997 1045 1005 1058; x_wconf 93' lang='lat'><strong>,</strong></span> 
     </span>
    </p>
   </div>
   <div class='ocr_carea' id='block_1_22' title="bbox 208 1068 1008 1107">
    <p class='ocr_par' dir='ltr' id='par_1_22' title="bbox 208 1068 1008 1107">
     <span class='ocr_line' id='line_1_22' title="bbox 208 1068 1008 1107; baseline 0.005 -13"><span class='ocrx_word' id='word_1_150' title='bbox 208 1068 383 1101; x_wconf 79' lang='lat' dir='ltr'><strong>Ambrosium,</strong></span> <span class='ocrx_word' id='word_1_151' title='bbox 400 1068 554 1103; x_wconf 86' lang='lat' dir='ltr'><strong>Latinosque</strong></span> <span class='ocrx_word' id='word_1_152' title='bbox 571 1068 663 1096; x_wconf 79' lang='lat' dir='ltr'><strong>Patres</strong></span> <span class='ocrx_word' id='word_1_153' title='bbox 687 1070 898 1107; x_wconf 72' lang='lat' dir='ltr'><strong>deme/tendetis,</strong></span> <span class='ocrx_word' id='word_1_154' title='bbox 917 1072 940 1098; x_wconf 83' lang='lat' dir='ltr'><strong>si</strong></span> <span class='ocrx_word' id='word_1_155' title='bbox 954 1079 1008 1098; x_wconf 90' lang='lat' dir='ltr'><strong>rem</strong></span> 
     </span>
    </p>
   </div>
   <div class='ocr_carea' id='block_1_23' title="bbox 208 1114 1007 1150">
    <p class='ocr_par' dir='ltr' id='par_1_23' title="bbox 208 1114 1007 1150">
     <span class='ocr_line' id='line_1_23' title="bbox 208 1114 1007 1150; baseline 0.004 -9"><span class='ocrx_word' id='word_1_156' title='bbox 208 1114 344 1147; x_wconf 66' lang='lat' dir='ltr'><strong>explorare</strong></span> <span class='ocrx_word' id='word_1_157' title='bbox 355 1115 418 1141; x_wconf 88' lang='lat' dir='ltr'><strong>tanti</strong></span> <span class='ocrx_word' id='word_1_158' title='bbox 429 1115 499 1141; x_wconf 82' lang='lat' dir='ltr'><strong>vobis</strong></span> <span class='ocrx_word' id='word_1_159' title='bbox 516 1120 563 1142; x_wconf 81' lang='lat' dir='ltr'><strong>est.</strong></span> <span class='ocrx_word' id='word_1_160' title='bbox 583 1115 679 1142; x_wconf 86' lang='lat' dir='ltr'><strong>Verum</strong></span> <span class='ocrx_word' id='word_1_161' title='bbox 693 1122 718 1142; x_wconf 88' lang='lat' dir='ltr'><strong>ut</strong></span> <span class='ocrx_word' id='word_1_162' title='bbox 730 1117 864 1150; x_wconf 87' lang='lat' dir='ltr'><strong>repentino</strong></span> <span class='ocrx_word' id='word_1_163' title='bbox 878 1116 932 1143; x_wconf 70' lang='lat' dir='ltr'><strong>illa:</strong></span> <span class='ocrx_word' id='word_1_164' title='bbox 948 1122 1007 1144; x_wconf 84' lang='lat' dir='ltr'><strong>ortu</strong></span> 
     </span>
    </p>
   </div>
   <div class='ocr_carea' id='block_1_24' title="bbox 207 1162 1008 1197">
    <p class='ocr_par' dir='ltr' id='par_1_24' title="bbox 207 1162 1008 1197">
     <span class='ocr_line' id='line_1_24' title="bbox 207 1162 1008 1197; baseline 0.004 -10"><span class='ocrx_word' id='word_1_165' title='bbox 207 1165 291 1188; x_wconf 66' lang='lat' dir='ltr'><strong>enata:</strong></span> <span class='ocrx_word' id='word_1_166' title='bbox 314 1163 431 1196; x_wconf 72' lang='lat' dir='ltr'><strong>fuerant,</strong></span> <span class='ocrx_word' id='word_1_167' title='bbox 456 1163 492 1187; x_wconf 86' lang='lat' dir='ltr'><strong>ita</strong></span> <span class='ocrx_word' id='word_1_168' title='bbox 509 1167 564 1197; x_wconf 83' lang='lat' dir='ltr'><strong>post</strong></span> <span class='ocrx_word' id='word_1_169' title='bbox 586 1162 664 1188; x_wconf 79' lang='lat' dir='ltr'><strong>vitam</strong></span> <span class='ocrx_word' id='word_1_170' title='bbox 686 1171 737 1189; x_wconf 87' lang='lat' dir='ltr'><strong>non</strong></span> <span class='ocrx_word' id='word_1_171' title='bbox 761 1163 909 1190; x_wconf 81' lang='lat' dir='ltr'><strong>diuturnam</strong></span> <span class='ocrx_word' id='word_1_172' title='bbox 924 1163 1008 1191; x_wconf 85' lang='lat' dir='ltr'><strong>subito</strong></span> 
     </span>
    </p>
   </div>
   <div class='ocr_carea' id='block_1_25' title="bbox 205 1207 1006 1244">
    <p class='ocr_par' dir='ltr' id='par_1_25' title="bbox 205 1207 1006 1244">
     <span class='ocr_line' id='line_1_25' title="bbox 205 1207 1006 1244; baseline 0.005 -11"><span class='ocrx_word' id='word_1_173' title='bbox 205 1214 299 1233; x_wconf 78' lang='lat' dir='ltr'><strong>occasu</strong></span> <span class='ocrx_word' id='word_1_174' title='bbox 312 1212 479 1233; x_wconf 74' lang='lat' dir='ltr'><strong>evanuerunt.</strong></span> <span class='ocrx_word' id='word_1_175' title='bbox 492 1207 525 1234; x_wconf 84' lang='lat' dir='ltr'><strong>In</strong></span> <span class='ocrx_word' id='word_1_176' title='bbox 536 1214 586 1242; x_wconf 87' lang='lat' dir='ltr'><strong>quo</strong></span> <span class='ocrx_word' id='word_1_177' title='bbox 601 1212 686 1235; x_wconf 81' lang='lat' dir='ltr'><strong>tamen</strong></span> <span class='ocrx_word' id='word_1_178' title='bbox 705 1209 795 1236; x_wconf 84' lang='lat' dir='ltr'><strong>Virum</strong></span> <span class='ocrx_word' id='word_1_179' title='bbox 805 1210 1006 1244; x_wconf 82' lang='lat' dir='ltr'><strong>amplissimum,</strong></span> 
     </span>
    </p>
   </div>
   <div class='ocr_carea' id='block_1_26' title="bbox 207 1254 1006 1293">
    <p class='ocr_par' dir='ltr' id='par_1_26' title="bbox 207 1254 1006 1293">
     <span class='ocr_line' id='line_1_26' title="bbox 207 1254 1006 1293; baseline 0.006 -14"><span class='ocrx_word' id='word_1_180' title='bbox 207 1262 264 1289; x_wconf 71' lang='lat' dir='ltr'><strong>quis</strong></span> <span class='ocrx_word' id='word_1_181' title='bbox 281 1254 367 1288; x_wconf 79' lang='lat' dir='ltr'><strong>prima</strong></span> <span class='ocrx_word' id='word_1_182' title='bbox 387 1262 414 1280; x_wconf 86' lang='lat' dir='ltr'><strong>se</strong></span> <span class='ocrx_word' id='word_1_183' title='bbox 435 1255 513 1281; x_wconf 87' lang='lat' dir='ltr'><strong>menti</strong></span> <span class='ocrx_word' id='word_1_184' title='bbox 527 1255 665 1289; x_wconf 84' lang='lat' dir='ltr'><strong>objccerat,</strong></span> <span class='ocrx_word' id='word_1_185' title='bbox 691 1264 776 1283; x_wconf 83' lang='lat' dir='ltr'><strong>rerum</strong></span> <span class='ocrx_word' id='word_1_186' title='bbox 790 1258 884 1292; x_wconf 61' lang='lat' dir='ltr'><strong>spacies</strong></span> <span class='ocrx_word' id='word_1_187' title='bbox 904 1258 1006 1293; x_wconf 73' lang='lat' dir='ltr'><strong>fefellit.</strong></span> 
     </span>
    </p>
   </div>
   <div class='ocr_carea' id='block_1_27' title="bbox 242 1300 1008 1335">
    <p class='ocr_par' dir='ltr' id='par_1_27' title="bbox 242 1300 1008 1335">
     <span class='ocr_line' id='line_1_27' title="bbox 242 1300 1008 1335; baseline 0.005 -9"><span class='ocrx_word' id='word_1_188' title='bbox 242 1300 379 1327; x_wconf 79' lang='lat' dir='ltr'><strong>Pamelins</strong></span> <span class='ocrx_word' id='word_1_189' title='bbox 390 1301 518 1335; x_wconf 80' lang='lat' dir='ltr'><strong>peculiari</strong></span> <span class='ocrx_word' id='word_1_190' title='bbox 533 1302 658 1329; x_wconf 79' lang='lat' dir='ltr'><strong>versione</strong></span> <span class='ocrx_word' id='word_1_191' title='bbox 669 1309 714 1329; x_wconf 71' lang='lat' dir='ltr'><strong>sua</strong></span> <span class='ocrx_word' id='word_1_192' title='bbox 726 1311 803 1329; x_wconf 79' lang='lat' dir='ltr'><strong>usum</strong></span> <span class='ocrx_word' id='word_1_193' title='bbox 814 1304 1008 1331; x_wconf 68' lang='lat' dir='ltr'><strong>Ti-rtullianum</strong></span> 
     </span>
    </p>
   </div>
   <div class='ocr_carea' id='block_1_28' title="bbox 207 1346 1010 1384">
    <p class='ocr_par' dir='ltr' id='par_1_28' title="bbox 207 1346 1010 1384">
     <span class='ocr_line' id='line_1_28' title="bbox 207 1346 1010 1384; baseline 0.004 -11"><span class='ocrx_word' id='word_1_194' title='bbox 207 1347 324 1373; x_wconf 68' lang='lat' dir='ltr'><strong>asseruit</strong></span> <span class='ocrx_word' id='word_1_195' title='bbox 337 1346 385 1380; x_wconf 84' lang='lat' dir='ltr'><strong>(In</strong></span> <span class='ocrx_word' id='word_1_196' title='bbox 404 1346 461 1373; x_wconf 88' lang='lat' dir='ltr'><strong>Vita</strong></span> <span class='ocrx_word' id='word_1_197' title='bbox 471 1347 596 1380; x_wconf 84' lang='lat' dir='ltr'><strong>Tertull.,</strong></span> <span class='ocrx_word' id='word_1_198' title='bbox 609 1348 652 1375; x_wconf 87' lang='lat' dir='ltr'><strong>ad.</strong></span> <span class='ocrx_word' id='word_1_199' title='bbox 665 1348 714 1375; x_wconf 83' lang='grc' dir='ltr'><strong>Αη.</strong></span> <span class='ocrx_word' id='word_1_200' title='bbox 728 1348 790 1375; x_wconf 81' lang='lat' dir='ltr'><strong>Chr.</strong></span> <span class='ocrx_word' id='word_1_201' title='bbox 805 1348 877 1384; x_wconf 75' lang='lat'><strong>197).</strong></span> <span class='ocrx_word' id='word_1_202' title='bbox 887 1350 1010 1383; x_wconf 72' lang='lat' dir='ltr'><strong>frequen-</strong></span> 
     </span>
    </p>
   </div>
   <div class='ocr_carea' id='block_1_29' title="bbox 208 1392 1009 1430">
    <p class='ocr_par' dir='ltr' id='par_1_29' title="bbox 208 1392 1009 1430">
     <span class='ocr_line' id='line_1_29' title="bbox 208 1392 1009 1430; baseline 0.005 -11"><span class='ocrx_word' id='word_1_203' title='bbox 208 1393 279 1420; x_wconf 73' lang='lat' dir='ltr'><strong>tibus</strong></span> <span class='ocrx_word' id='word_1_204' title='bbox 295 1392 367 1420; x_wconf 80' lang='lat' dir='ltr'><strong>illius</strong></span> <span class='ocrx_word' id='word_1_205' title='bbox 380 1394 528 1428; x_wconf 61' lang='lat' dir='ltr'><strong>grtecismis</strong></span> <span class='ocrx_word' id='word_1_206' title='bbox 540 1415 546 1426; x_wconf 91' lang='lat'><strong>,</strong></span> <span class='ocrx_word' id='word_1_207' title='bbox 559 1400 588 1421; x_wconf 90' lang='lat' dir='ltr'><strong>ut</strong></span> <span class='ocrx_word' id='word_1_208' title='bbox 601 1395 729 1427; x_wconf 84' lang='lat' dir='ltr'><strong>arbitror,</strong></span> <span class='ocrx_word' id='word_1_209' title='bbox 740 1399 845 1427; x_wconf 87' lang='lat' dir='ltr'><strong>motus;</strong></span> <span class='ocrx_word' id='word_1_210' title='bbox 868 1400 921 1422; x_wconf 90' lang='lat' dir='ltr'><strong>tum</strong></span> <span class='ocrx_word' id='word_1_211' title='bbox 938 1395 1009 1430; x_wconf 91' lang='lat' dir='ltr'><strong>quod</strong></span> 
     </span>
    </p>
   </div>
   <div class='ocr_carea' id='block_1_30' title="bbox 209 1440 1010 1477">
    <p class='ocr_par' dir='ltr' id='par_1_30' title="bbox 209 1440 1010 1477">
     <span class='ocr_line' id='line_1_30' title="bbox 209 1440 1010 1477; baseline 0.005 -10"><span class='ocrx_word' id='word_1_212' title='bbox 209 1440 307 1467; x_wconf 79' lang='lat' dir='ltr'><strong>vetusti</strong></span> <span class='ocrx_word' id='word_1_213' title='bbox 321 1441 475 1475; x_wconf 73' lang='lat' dir='ltr'><strong>interpretis</strong></span> <span class='ocrx_word' id='word_1_214' title='bbox 501 1441 576 1469; x_wconf 88' lang='lat' dir='ltr'><strong>locos</strong></span> <span class='ocrx_word' id='word_1_215' title='bbox 591 1442 623 1468; x_wconf 86' lang='lat' dir='ltr'><strong>ad</strong></span> <span class='ocrx_word' id='word_1_216' title='bbox 635 1441 758 1469; x_wconf 65' lang='lat' dir='ltr'><strong>Graecum</strong></span> <span class='ocrx_word' id='word_1_217' title='bbox 781 1443 881 1470; x_wconf 82' lang='lat' dir='ltr'><strong>fontem</strong></span> <span class='ocrx_word' id='word_1_218' title='bbox 902 1442 1010 1477; x_wconf 74' lang='lat' dir='ltr'><strong>exigere</strong></span> 
     </span>
    </p>
   </div>
   <div class='ocr_carea' id='block_1_31' title="bbox 205 1486 1006 1521">
    <p class='ocr_par' dir='ltr' id='par_1_31' title="bbox 205 1486 1006 1521">
     <span class='ocr_line' id='line_1_31' title="bbox 205 1486 1006 1521; baseline 0.005 -9"><span class='ocrx_word' id='word_1_219' title='bbox 205 1486 305 1514; x_wconf 85' lang='lat' dir='ltr'><strong>alicubi</strong></span> <span class='ocrx_word' id='word_1_220' title='bbox 316 1486 412 1517; x_wconf 76' lang='lat' dir='ltr'><strong>soleat;</strong></span> <span class='ocrx_word' id='word_1_221' title='bbox 422 1491 450 1513; x_wconf 92' lang='lat' dir='ltr'><strong>ut</strong></span> <span class='ocrx_word' id='word_1_222' title='bbox 462 1487 603 1515; x_wconf 76' lang='lat' dir='ltr'><strong>manifeste</strong></span> <span class='ocrx_word' id='word_1_223' title='bbox 617 1487 734 1515; x_wconf 75' lang='lat' dir='ltr'><strong>Mattluei</strong></span> <span class='ocrx_word' id='word_1_224' title='bbox 747 1496 775 1520; x_wconf 91' lang='lat' dir='ltr'><strong>v,</strong></span> <span class='ocrx_word' id='word_1_225' title='bbox 786 1489 818 1518; x_wconf 78' lang='grc'><strong>5,·</strong></span> <span class='ocrx_word' id='word_1_226' title='bbox 829 1492 856 1515; x_wconf 88' lang='lat' dir='ltr'><strong>et.</strong></span> <span class='ocrx_word' id='word_1_227' title='bbox 866 1488 977 1516; x_wconf 87' lang='lat' dir='ltr'><strong>Joannis</strong></span> <span class='ocrx_word' id='word_1_228' title='bbox 989 1497 1006 1521; x_wconf 93' lang='lat' dir='ltr'><strong>l,</strong></span> 
     </span>
    </p>
   </div>
   <div class='ocr_carea' id='block_1_32' title="bbox 204 1533 1008 1568">
    <p class='ocr_par' dir='ltr' id='par_1_32' title="bbox 204 1533 1008 1568">
     <span class='ocr_line' id='line_1_32' title="bbox 204 1533 1008 1568; baseline 0.004 -9"><span class='ocrx_word' id='word_1_229' title='bbox 204 1533 235 1562; x_wconf 72' lang='lat' dir='ltr'><strong>i.</strong></span> <span class='ocrx_word' id='word_1_230' title='bbox 246 1540 301 1567; x_wconf 89' lang='lat' dir='ltr'><strong>quo</strong></span> <span class='ocrx_word' id='word_1_231' title='bbox 316 1537 405 1560; x_wconf 84' lang='lat' dir='ltr'><strong>tamen</strong></span> <span class='ocrx_word' id='word_1_232' title='bbox 424 1534 575 1568; x_wconf 81' lang='lat' dir='ltr'><strong>scriptore.</strong></span> <span class='ocrx_word' id='word_1_233' title='bbox 596 1534 674 1561; x_wconf 81' lang='lat' dir='ltr'><strong>sicuti</strong></span> <span class='ocrx_word' id='word_1_234' title='bbox 691 1542 771 1561; x_wconf 86' lang='lat' dir='ltr'><strong>nemo</strong></span> <span class='ocrx_word' id='word_1_235' title='bbox 783 1534 850 1561; x_wconf 79' lang='lat' dir='ltr'><strong>alius</strong></span> <span class='ocrx_word' id='word_1_236' title='bbox 868 1539 919 1561; x_wconf 89' lang='lat' dir='ltr'><strong>tam</strong></span> <span class='ocrx_word' id='word_1_237' title='bbox 936 1535 1008 1562; x_wconf 81' lang='lat' dir='ltr'><strong>locu-</strong></span> 
     </span>
    </p>
   </div>
   <div class='ocr_carea' id='block_1_33' title="bbox 207 1579 1044 1617">
    <p class='ocr_par' dir='ltr' id='par_1_33' title="bbox 207 1579 1044 1617">
     <span class='ocr_line' id='line_1_33' title="bbox 207 1579 1044 1617; baseline 0.005 -11"><span class='ocrx_word' id='word_1_238' title='bbox 207 1579 266 1613; x_wconf 73' lang='lat' dir='ltr'><strong>ples</strong></span> <span class='ocrx_word' id='word_1_239' title='bbox 280 1580 306 1606; x_wconf 91' lang='lat' dir='ltr'><strong>iu</strong></span> <span class='ocrx_word' id='word_1_240' title='bbox 321 1579 488 1607; x_wconf 80' lang='lat' dir='ltr'><strong>adtlucendis</strong></span> <span class='ocrx_word' id='word_1_241' title='bbox 502 1588 518 1608; x_wconf 93' lang='lat' dir='ltr'><strong>e</strong></span> <span class='ocrx_word' id='word_1_242' title='bbox 533 1586 622 1609; x_wconf 78' lang='lat' dir='ltr'><strong>vetere</strong></span> <span class='ocrx_word' id='word_1_243' title='bbox 634 1581 763 1617; x_wconf 71' lang='lat' dir='ltr'><strong>Novoque</strong></span> <span class='ocrx_word' id='word_1_244' title='bbox 776 1581 956 1609; x_wconf 89' lang='lat' dir='ltr'><strong>lustrumento</strong></span> <span class='ocrx_word' id='word_1_245' title='bbox 969 1583 1009 1610; x_wconf 90' lang='lat' dir='ltr'><strong>di-</strong></span> <span class='ocrx_word' id='word_1_246' title='bbox 1022 1579 1044 1610; x_wconf 91' lang='lat' dir='ltr'>C</span> 
     </span>
    </p>
   </div>
   <div class='ocr_carea' id='block_1_34' title="bbox 206 1627 1008 1664">
    <p class='ocr_par' dir='ltr' id='par_1_34' title="bbox 206 1627 1008 1664">
     <span class='ocr_line' id='line_1_34' title="bbox 206 1627 1008 1664; baseline 0.005 -11"><span class='ocrx_word' id='word_1_247' title='bbox 206 1627 276 1654; x_wconf 78' lang='lat' dir='ltr'><strong>vinis</strong></span> <span class='ocrx_word' id='word_1_248' title='bbox 289 1627 513 1661; x_wconf 81' lang='lat' dir='ltr'><strong>auctoritatibus,</strong></span> <span class='ocrx_word' id='word_1_249' title='bbox 529 1629 564 1655; x_wconf 86' lang='lat' dir='ltr'><strong>ita</strong></span> <span class='ocrx_word' id='word_1_250' title='bbox 586 1636 665 1656; x_wconf 85' lang='lat' dir='ltr'><strong>nemo</strong></span> <span class='ocrx_word' id='word_1_251' title='bbox 678 1629 746 1656; x_wconf 88' lang='lat' dir='ltr'><strong>liber</strong></span> <span class='ocrx_word' id='word_1_252' title='bbox 762 1629 864 1664; x_wconf 80' lang='lat' dir='ltr'><strong>magis;</strong></span> <span class='ocrx_word' id='word_1_253' title='bbox 879 1634 907 1657; x_wconf 92' lang='lat' dir='ltr'><strong>et</strong></span> <span class='ocrx_word' id='word_1_254' title='bbox 920 1631 964 1664; x_wconf 88' lang='lat' dir='ltr'><strong>qui</strong></span> <span class='ocrx_word' id='word_1_255' title='bbox 976 1638 1008 1657; x_wconf 76' lang='lat' dir='ltr'><strong>ex</strong></span> 
     </span>
    </p>
   </div>
   <div class='ocr_carea' id='block_1_35' title="bbox 207 1673 1010 1710">
    <p class='ocr_par' dir='ltr' id='par_1_35' title="bbox 207 1673 1010 1710">
     <span class='ocr_line' id='line_1_35' title="bbox 207 1673 1010 1710; baseline 0.004 -11"><span class='ocrx_word' id='word_1_256' title='bbox 207 1673 300 1707; x_wconf 83' lang='lat' dir='ltr'><strong>amplo</strong></span> <span class='ocrx_word' id='word_1_257' title='bbox 311 1674 450 1701; x_wconf 70' lang='lat' dir='ltr'><strong>memoriae</strong></span> <span class='ocrx_word' id='word_1_258' title='bbox 465 1682 534 1709; x_wconf 89' lang='lat' dir='ltr'><strong>penu</strong></span> <span class='ocrx_word' id='word_1_259' title='bbox 547 1682 621 1709; x_wconf 63' lang='lat' dir='ltr'><strong>stupe</strong></span> <span class='ocrx_word' id='word_1_260' title='bbox 637 1682 683 1702; x_wconf 78' lang='lat' dir='ltr'><strong>eos</strong></span> <span class='ocrx_word' id='word_1_261' title='bbox 699 1680 838 1710; x_wconf 68' lang='lat' dir='ltr'><strong>repetens,</strong></span> <span class='ocrx_word' id='word_1_262' title='bbox 859 1675 938 1703; x_wconf 86' lang='lat' dir='ltr'><strong>aliter</strong></span> <span class='ocrx_word' id='word_1_263' title='bbox 950 1683 1010 1703; x_wconf 88' lang='lat' dir='ltr'><strong>eas—</strong></span> 
     </span>
    </p>
   </div>
   <div class='ocr_carea' id='block_1_36' title="bbox 205 1720 1010 1756">
    <p class='ocr_par' dir='ltr' id='par_1_36' title="bbox 205 1720 1010 1756">
     <span class='ocr_line' id='line_1_36' title="bbox 205 1720 1010 1756; baseline 0.002 -9"><span class='ocrx_word' id='word_1_264' title='bbox 205 1720 289 1752; x_wconf 84' lang='lat' dir='ltr'><strong>dem,</strong></span> <span class='ocrx_word' id='word_1_265' title='bbox 312 1725 393 1755; x_wconf 87' lang='lat' dir='ltr'><strong>atque</strong></span> <span class='ocrx_word' id='word_1_266' title='bbox 411 1721 490 1748; x_wconf 84' lang='lat' dir='ltr'><strong>aliter</strong></span> <span class='ocrx_word' id='word_1_267' title='bbox 502 1721 612 1755; x_wconf 78' lang='lat' dir='ltr'><strong>efferat;</strong></span> <span class='ocrx_word' id='word_1_268' title='bbox 640 1722 784 1756; x_wconf 81' lang='lat' dir='ltr'><strong>aliquando</strong></span> <span class='ocrx_word' id='word_1_269' title='bbox 806 1722 904 1754; x_wconf 83' lang='lat' dir='ltr'><strong>etiam,</strong></span> <span class='ocrx_word' id='word_1_270' title='bbox 932 1722 1010 1749; x_wconf 90' lang='lat' dir='ltr'><strong>unius</strong></span> 
     </span>
    </p>
   </div>
   <div class='ocr_carea' id='block_1_37' title="bbox 207 1766 1009 1804">
    <p class='ocr_par' dir='ltr' id='par_1_37' title="bbox 207 1766 1009 1804">
     <span class='ocr_line' id='line_1_37' title="bbox 207 1766 1009 1804; baseline 0.005 -11"><span class='ocrx_word' id='word_1_271' title='bbox 207 1766 348 1801; x_wconf 81' lang='lat' dir='ltr'><strong>scriptoris</strong></span> <span class='ocrx_word' id='word_1_272' title='bbox 356 1767 447 1795; x_wconf 84' lang='lat' dir='ltr'><strong>verbis</strong></span> <span class='ocrx_word' id='word_1_273' title='bbox 459 1775 506 1802; x_wconf 91' lang='lat' dir='ltr'><strong>pro</strong></span> <span class='ocrx_word' id='word_1_274' title='bbox 518 1767 630 1795; x_wconf 87' lang='lat' dir='ltr'><strong>alterius</strong></span> <span class='ocrx_word' id='word_1_275' title='bbox 642 1769 770 1804; x_wconf 64' lang='lat' dir='ltr'><strong>acceptis,</strong></span> <span class='ocrx_word' id='word_1_276' title='bbox 779 1769 849 1803; x_wconf 85' lang='lat' dir='ltr'><strong>quod</strong></span> <span class='ocrx_word' id='word_1_277' title='bbox 865 1770 891 1796; x_wconf 93' lang='lat' dir='ltr'><strong>in</strong></span> <span class='ocrx_word' id='word_1_278' title='bbox 902 1769 1009 1797; x_wconf 86' lang='lat' dir='ltr'><strong>laudato</strong></span> 
     </span>
    </p>
   </div>
   <div class='ocr_carea' id='block_1_38' title="bbox 205 1813 1007 1851">
    <p class='ocr_par' dir='ltr' id='par_1_38' title="bbox 205 1813 1007 1851">
     <span class='ocr_line' id='line_1_38' title="bbox 205 1813 1007 1851; baseline 0.005 -10"><span class='ocrx_word' id='word_1_279' title='bbox 205 1813 326 1841; x_wconf 63' lang='lat' dir='ltr'><strong>Matthei</strong></span> <span class='ocrx_word' id='word_1_280' title='bbox 345 1818 460 1843; x_wconf 85' lang='lat' dir='ltr'><strong>constat.</strong></span> <span class='ocrx_word' id='word_1_281' title='bbox 485 1815 550 1843; x_wconf 88' lang='lat' dir='ltr'><strong>Cum</strong></span> <span class='ocrx_word' id='word_1_282' title='bbox 567 1816 638 1843; x_wconf 91' lang='lat' dir='ltr'><strong>enim</strong></span> <span class='ocrx_word' id='word_1_283' title='bbox 663 1822 754 1844; x_wconf 80' lang='lat' dir='ltr'><strong>tioium</strong></span> <span class='ocrx_word' id='word_1_284' title='bbox 770 1818 818 1849; x_wconf 87' lang='lat' dir='ltr'><strong>sit,</strong></span> <span class='ocrx_word' id='word_1_285' title='bbox 831 1817 1007 1851; x_wconf 82' lang='lat' dir='ltr'><strong>Marcioncm,</strong></span> 
     </span>
    </p>
   </div>
   <div class='ocr_carea' id='block_1_39' title="bbox 206 1859 1009 1899">
    <p class='ocr_par' dir='ltr' id='par_1_39' title="bbox 206 1859 1009 1899">
     <span class='ocr_line' id='line_1_39' title="bbox 206 1859 1009 1899; baseline 0.007 -13"><span class='ocrx_word' id='word_1_286' title='bbox 206 1859 320 1893; x_wconf 75' lang='lat' dir='ltr'><strong>reiectis</strong></span> <span class='ocrx_word' id='word_1_287' title='bbox 340 1860 412 1893; x_wconf 86' lang='lat' dir='ltr'><strong>aliis,</strong></span> <span class='ocrx_word' id='word_1_288' title='bbox 432 1861 490 1888; x_wconf 91' lang='lat' dir='ltr'><strong>solo</strong></span> <span class='ocrx_word' id='word_1_289' title='bbox 510 1861 589 1889; x_wconf 72' lang='lat' dir='ltr'><strong>ante</strong></span> <span class='ocrx_word' id='word_1_290' title='bbox 606 1862 769 1897; x_wconf 78' lang='lat' dir='ltr'><strong>Evangelio,</strong></span> <span class='ocrx_word' id='word_1_291' title='bbox 785 1868 810 1890; x_wconf 87' lang='lat' dir='ltr'><strong>et</strong></span> <span class='ocrx_word' id='word_1_292' title='bbox 825 1864 934 1899; x_wconf 86' lang='lat' dir='ltr'><strong>quidem</strong></span> <span class='ocrx_word' id='word_1_293' title='bbox 959 1872 1009 1893; x_wconf 72' lang='lat' dir='ltr'><strong>nec</strong></span> 
     </span>
    </p>
   </div>
   <div class='ocr_carea' id='block_1_40' title="bbox 205 1906 1009 1946">
    <p class='ocr_par' dir='ltr' id='par_1_40' title="bbox 205 1906 1009 1946">
     <span class='ocr_line' id='line_1_40' title="bbox 205 1906 1009 1946; baseline 0.01 -13"><span class='ocrx_word' id='word_1_294' title='bbox 205 1906 317 1942; x_wconf 75' lang='lat' dir='ltr'><strong>integro</strong></span> <span class='ocrx_word' id='word_1_295' title='bbox 339 1916 431 1940; x_wconf 86' lang='lat' dir='ltr'><strong>usum;</strong></span> <span class='ocrx_word' id='word_1_296' title='bbox 448 1916 480 1936; x_wconf 83' lang='lat' dir='ltr'><strong>ac</strong></span> <span class='ocrx_word' id='word_1_297' title='bbox 496 1914 638 1944; x_wconf 85' lang='lat' dir='ltr'><strong>propterea</strong></span> <span class='ocrx_word' id='word_1_298' title='bbox 659 1918 692 1938; x_wconf 85' lang='lat' dir='ltr'><strong>ex</strong></span> <span class='ocrx_word' id='word_1_299' title='bbox 717 1910 768 1938; x_wconf 89' lang='lat' dir='ltr'><strong>hoc</strong></span> <span class='ocrx_word' id='word_1_300' title='bbox 789 1912 848 1946; x_wconf 89' lang='lat' dir='ltr'><strong>ipso</strong></span> <span class='ocrx_word' id='word_1_301' title='bbox 863 1913 1009 1941; x_wconf 87' lang='lat' dir='ltr'><strong>convenire</strong></span> 
     </span>
    </p>
   </div>
   <div class='ocr_carea' id='block_1_41' title="bbox 206 1954 1009 1992">
    <p class='ocr_par' dir='ltr' id='par_1_41' title="bbox 206 1954 1009 1992">
     <span class='ocr_line' id='line_1_41' title="bbox 206 1954 1009 1992; baseline 0.007 -12"><span class='ocrx_word' id='word_1_302' title='bbox 206 1961 270 1981; x_wconf 90' lang='lat' dir='ltr'><strong>eum</strong></span> <span class='ocrx_word' id='word_1_303' title='bbox 285 1954 368 1981; x_wconf 87' lang='lat' dir='ltr'><strong>vellet</strong></span> <span class='ocrx_word' id='word_1_304' title='bbox 380 1954 562 1983; x_wconf 81' lang='lat' dir='ltr'><strong>Tcrtuilianus</strong></span> <span class='ocrx_word' id='word_1_305' title='bbox 577 1964 586 1983; x_wconf 88' lang='lat'><em>:</em></span> <span class='ocrx_word' id='word_1_306' title='bbox 608 1956 686 1983; x_wconf 84' lang='lat' dir='ltr'><strong>Venio</strong></span> <span class='ocrx_word' id='word_1_307' title='bbox 702 1966 783 1989; x_wconf 85' lang='lat' dir='ltr'><strong>nunc,</strong></span> <span class='ocrx_word' id='word_1_308' title='bbox 801 1957 906 1992; x_wconf 78' lang='lat' dir='ltr'><strong>inquit,</strong></span> <span class='ocrx_word' id='word_1_309' title='bbox 918 1960 953 1986; x_wconf 82' lang='lat' dir='ltr'><strong>ad</strong></span> <span class='ocrx_word' id='word_1_310' title='bbox 967 1968 1009 1986; x_wconf 89' lang='lat' dir='ltr'><strong>or-</strong></span> 
     </span>
    </p>
   </div>
   <div class='ocr_carea' id='block_1_42' title="bbox 202 1999 1009 2039">
    <p class='ocr_par' dir='ltr' id='par_1_42' title="bbox 202 1999 1009 2039">
     <span class='ocr_line' id='line_1_42' title="bbox 202 1999 1009 2039; baseline 0.009 -13"><span class='ocrx_word' id='word_1_311' title='bbox 202 1999 322 2026; x_wconf 79' lang='lat' dir='ltr'><strong>dinarias</strong></span> <span class='ocrx_word' id='word_1_312' title='bbox 332 2001 469 2027; x_wconf 74' lang='lat' dir='ltr'><strong>sententias</strong></span> <span class='ocrx_word' id='word_1_313' title='bbox 479 2003 546 2037; x_wconf 82' lang='lat' dir='ltr'><strong>ejus,</strong></span> <span class='ocrx_word' id='word_1_314' title='bbox 556 2011 602 2037; x_wconf 80' lang='lat' dir='ltr'><strong>per</strong></span> <span class='ocrx_word' id='word_1_315' title='bbox 610 2011 673 2038; x_wconf 85' lang='lat' dir='ltr'><strong>quas</strong></span> <span class='ocrx_word' id='word_1_316' title='bbox 683 2004 868 2039; x_wconf 84' lang='lat' dir='ltr'><strong>proprietatem</strong></span> <span class='ocrx_word' id='word_1_317' title='bbox 884 2006 1009 2033; x_wconf 75' lang='lat' dir='ltr'><strong>doctrina:</strong></span> 
     </span>
    </p>
   </div>
   <div class='ocr_carea' id='block_1_43' title="bbox 205 2047 1009 2084">
    <p class='ocr_par' dir='ltr' id='par_1_43' title="bbox 205 2047 1009 2084">
     <span class='ocr_line' id='line_1_43' title="bbox 205 2047 1009 2084; baseline 0.007 -12"><span class='ocrx_word' id='word_1_318' title='bbox 205 2053 261 2073; x_wconf 70' lang='lat' dir='ltr'><strong>sua</strong></span> <span class='ocrx_word' id='word_1_319' title='bbox 271 2047 370 2073; x_wconf 75' lang='lat' dir='ltr'><strong>inducit</strong></span> <span class='ocrx_word' id='word_1_320' title='bbox 385 2047 420 2073; x_wconf 90' lang='lat' dir='ltr'><strong>ad</strong></span> <span class='ocrx_word' id='word_1_321' title='bbox 439 2048 550 2074; x_wconf 79' lang='lat' dir='ltr'><strong>edictdm</strong></span> <span class='ocrx_word' id='word_1_322' title='bbox 565 2048 605 2084; x_wconf 91' lang='lat' dir='ltr'><strong>(ut</strong></span> <span class='ocrx_word' id='word_1_323' title='bbox 615 2049 656 2084; x_wconf 73' lang='lat' dir='ltr'><strong>ita</strong></span> <span class='ocrx_word' id='word_1_324' title='bbox 670 2049 788 2084; x_wconf 66' lang='lat' dir='ltr'><strong>dixerim)</strong></span> <span class='ocrx_word' id='word_1_325' title='bbox 812 2050 919 2078; x_wconf 76' lang='lat' dir='ltr'><strong>Christi.</strong></span> <span class='ocrx_word' id='word_1_326' title='bbox 936 2051 1009 2079; x_wconf 81' lang='lat' dir='ltr'><strong>Beati</strong></span> 
     </span>
    </p>
   </div>
   <div class='ocr_carea' id='block_1_44' title="bbox 205 2092 1008 2131">
    <p class='ocr_par' dir='ltr' id='par_1_44' title="bbox 205 2092 1008 2131">
     <span class='ocr_line' id='line_1_44' title="bbox 205 2092 1008 2131; baseline 0.007 -13"><span class='ocrx_word' id='word_1_327' title='bbox 205 2092 318 2118; x_wconf 78' lang='lat' dir='ltr'><strong>mendici</strong></span> <span class='ocrx_word' id='word_1_328' title='bbox 333 2092 383 2129; x_wconf 74' lang='lat' dir='ltr'><strong>(sic</strong></span> <span class='ocrx_word' id='word_1_329' title='bbox 399 2093 464 2119; x_wconf 86' lang='lat' dir='ltr'><strong>enim</strong></span> <span class='ocrx_word' id='word_1_330' title='bbox 473 2094 553 2129; x_wconf 70' lang='lat' dir='ltr'><strong>exigit</strong></span> <span class='ocrx_word' id='word_1_331' title='bbox 562 2094 741 2129; x_wconf 85' lang='lat' dir='ltr'><strong>interpretatio</strong></span> <span class='ocrx_word' id='word_1_332' title='bbox 753 2096 887 2128; x_wconf 82' lang='lat' dir='ltr'><strong>vocabuli,</strong></span> <span class='ocrx_word' id='word_1_333' title='bbox 900 2097 968 2131; x_wconf 87' lang='lat' dir='ltr'><strong>quod</strong></span> <span class='ocrx_word' id='word_1_334' title='bbox 982 2098 1008 2124; x_wconf 86' lang='lat' dir='ltr'><strong>in</strong></span> 
     </span>
    </p>
   </div>
   <div class='ocr_carea' id='block_1_45' title="bbox 208 2139 1009 2178">
    <p class='ocr_par' dir='ltr' id='par_1_45' title="bbox 208 2139 1009 2178">
     <span class='ocr_line' id='line_1_45' title="bbox 208 2139 1009 2178; baseline 0.009 -15"><span class='ocrx_word' id='word_1_335' title='bbox 208 2145 291 2172; x_wconf 69' lang='lat' dir='ltr'><strong>greco</strong></span> <span class='ocrx_word' id='word_1_336' title='bbox 301 2139 350 2171; x_wconf 80' lang='lat' dir='ltr'><strong>est)</strong></span> <span class='ocrx_word' id='word_1_337' title='bbox 360 2139 480 2172; x_wconf 84' lang='lat' dir='ltr'><strong>quoniam</strong></span> <span class='ocrx_word' id='word_1_338' title='bbox 488 2139 594 2166; x_wconf 83' lang='lat' dir='ltr'><strong>illorum</strong></span> <span class='ocrx_word' id='word_1_339' title='bbox 603 2146 641 2167; x_wconf 81' lang='lat' dir='ltr'><strong>est</strong></span> <span class='ocrx_word' id='word_1_340' title='bbox 653 2149 759 2176; x_wconf 78' lang='lat' dir='ltr'><strong>regnum</strong></span> <span class='ocrx_word' id='word_1_341' title='bbox 770 2142 890 2168; x_wconf 72' lang='lat' dir='ltr'><strong>caelorum</strong></span> <span class='ocrx_word' id='word_1_342' title='bbox 899 2150 908 2174; x_wconf 84' lang='lat'><strong>,&#39;</strong></span> <span class='ocrx_word' id='word_1_343' title='bbox 919 2143 945 2169; x_wconf 92' lang='lat' dir='ltr'><strong>in</strong></span> <span class='ocrx_word' id='word_1_344' title='bbox 955 2151 1009 2178; x_wconf 87' lang='lat' dir='ltr'><strong>quo</strong></span> 
     </span>
    </p>
   </div>
   <div class='ocr_carea' id='block_1_46' title="bbox 204 2185 1009 2220">
    <p class='ocr_par' dir='ltr' id='par_1_46' title="bbox 204 2185 1009 2220">
     <span class='ocr_line' id='line_1_46' title="bbox 204 2185 1009 2220; baseline 0.006 -9"><span class='ocrx_word' id='word_1_345' title='bbox 204 2188 297 2212; x_wconf 80' lang='lat' dir='ltr'><strong>tamen</strong></span> <span class='ocrx_word' id='word_1_346' title='bbox 309 2189 337 2212; x_wconf 89' lang='lat' dir='ltr'><strong>et</strong></span> <span class='ocrx_word' id='word_1_347' title='bbox 348 2185 542 2213; x_wconf 86' lang='lat' dir='ltr'><strong>Tertullianum</strong></span> <span class='ocrx_word' id='word_1_348' title='bbox 564 2187 708 2220; x_wconf 84' lang='lat' dir='ltr'><strong>memoria,</strong></span> <span class='ocrx_word' id='word_1_349' title='bbox 730 2193 757 2215; x_wconf 93' lang='lat' dir='ltr'><strong>et</strong></span> <span class='ocrx_word' id='word_1_350' title='bbox 780 2187 927 2216; x_wconf 83' lang='lat' dir='ltr'><strong>Pamelium</strong></span> <span class='ocrx_word' id='word_1_351' title='bbox 942 2190 1009 2217; x_wconf 86' lang='lat' dir='ltr'><strong>Ter-</strong></span> 
     </span>
    </p>
   </div>
   <div class='ocr_carea' id='block_1_47' title="bbox 204 2230 1006 2270">
    <p class='ocr_par' dir='ltr' id='par_1_47' title="bbox 204 2230 1006 2270">
     <span class='ocr_line' id='line_1_47' title="bbox 204 2230 1006 2270; baseline 0.007 -13"><span class='ocrx_word' id='word_1_352' title='bbox 204 2230 335 2258; x_wconf 81' lang='lat' dir='ltr'><strong>tullianos</strong></span> <span class='ocrx_word' id='word_1_353' title='bbox 359 2231 465 2259; x_wconf 69' lang='lat' dir='ltr'><strong>fefellit.</strong></span> <span class='ocrx_word' id='word_1_354' title='bbox 486 2232 532 2259; x_wconf 81' lang='lat' dir='ltr'><strong>Ait</strong></span> <span class='ocrx_word' id='word_1_355' title='bbox 543 2233 616 2260; x_wconf 88' lang='lat' dir='ltr'><strong>enim</strong></span> <span class='ocrx_word' id='word_1_356' title='bbox 632 2235 657 2260; x_wconf 92' lang='lat' dir='ltr'><strong>in</strong></span> <span class='ocrx_word' id='word_1_357' title='bbox 672 2234 743 2261; x_wconf 90' lang='lat' dir='ltr'><strong>notis</strong></span> <span class='ocrx_word' id='word_1_358' title='bbox 766 2235 798 2261; x_wconf 88' lang='lat' dir='ltr'><strong>ad</strong></span> <span class='ocrx_word' id='word_1_359' title='bbox 812 2235 882 2262; x_wconf 92' lang='lat' dir='ltr'><strong>hunc</strong></span> <span class='ocrx_word' id='word_1_360' title='bbox 903 2236 1006 2270; x_wconf 89' lang='lat' dir='ltr'><strong>locum,</strong></span> 
     </span>
    </p>
   </div>
   <div class='ocr_carea' id='block_1_48' title="bbox 1063 234 1864 278">
    <p class='ocr_par' dir='ltr' id='par_1_48' title="bbox 1063 234 1864 278">
     <span class='ocr_line' id='line_1_48' title="bbox 1063 234 1864 278; baseline 0.015 -17"><span class='ocrx_word' id='word_1_361' title='bbox 1063 234 1182 267; x_wconf 87' lang='lat' dir='ltr'><strong>videtur,</strong></span> <span class='ocrx_word' id='word_1_362' title='bbox 1200 242 1241 263; x_wconf 88' lang='lat' dir='ltr'><strong>est</strong></span> <span class='ocrx_word' id='word_1_363' title='bbox 1254 236 1359 264; x_wconf 86' lang='lat' dir='ltr'><strong>divinus</strong></span> <span class='ocrx_word' id='word_1_364' title='bbox 1374 238 1418 265; x_wconf 92' lang='lat' dir='ltr'><strong>ille</strong></span> <span class='ocrx_word' id='word_1_365' title='bbox 1430 240 1456 265; x_wconf 71' lang='grc' dir='ltr'><strong>ἓν</strong></span> <span class='ocrx_word' id='word_1_366' title='bbox 1468 240 1542 278; x_wconf 80' lang='grc' dir='ltr'>ἀρχῇ</span> <span class='ocrx_word' id='word_1_367' title='bbox 1552 239 1582 270; x_wconf 69' lang='grc' dir='ltr'><strong>ἦν</strong></span> <span class='ocrx_word' id='word_1_368' title='bbox 1593 241 1606 268; x_wconf 78' lang='grc' dir='ltr'><strong><em>ὅ</em></strong></span> <span class='ocrx_word' id='word_1_369' title='bbox 1616 242 1699 278; x_wconf 57' lang='grc' dir='ltr'><strong>λόγος,</strong></span> <span class='ocrx_word' id='word_1_370' title='bbox 1714 251 1774 278; x_wconf 68' lang='lat' dir='ltr'><strong>quas</strong></span> <span class='ocrx_word' id='word_1_371' title='bbox 1786 250 1864 273; x_wconf 84' lang='lat' dir='ltr'><strong>vetus</strong></span> 
     </span>
    </p>
   </div>
   <div class='ocr_carea' id='block_1_49' title="bbox 1062 280 1861 320">
    <p class='ocr_par' dir='ltr' id='par_1_49' title="bbox 1062 280 1861 320">
     <span class='ocr_line' id='line_1_49' title="bbox 1062 280 1861 320; baseline 0.016 -13"><span class='ocrx_word' id='word_1_372' title='bbox 1062 280 1209 316; x_wconf 82' lang='lat' dir='ltr'><strong>interpres,</strong></span> <span class='ocrx_word' id='word_1_373' title='bbox 1221 282 1254 310; x_wconf 86' lang='lat' dir='ltr'><strong>In</strong></span> <span class='ocrx_word' id='word_1_374' title='bbox 1266 284 1392 318; x_wconf 86' lang='lat' dir='ltr'><strong>principio</strong></span> <span class='ocrx_word' id='word_1_375' title='bbox 1404 290 1459 313; x_wconf 85' lang='lat' dir='ltr'><strong>erat</strong></span> <span class='ocrx_word' id='word_1_376' title='bbox 1476 285 1594 314; x_wconf 81' lang='lat' dir='ltr'><strong>Verbum.</strong></span> <span class='ocrx_word' id='word_1_377' title='bbox 1604 288 1784 318; x_wconf 85' lang='lat' dir='ltr'><strong>Tertullianus</strong></span> <span class='ocrx_word' id='word_1_378' title='bbox 1797 299 1861 320; x_wconf 87' lang='lat' dir='ltr'><strong>vero</strong></span> 
     </span>
    </p>
   </div>
   <div class='ocr_carea' id='block_1_50' title="bbox 1062 325 1860 373">
    <p class='ocr_par' dir='ltr' id='par_1_50' title="bbox 1062 325 1860 373">
     <span class='ocr_line' id='line_1_50' title="bbox 1062 325 1860 373; baseline 0.016 -19"><span class='ocrx_word' id='word_1_379' title='bbox 1062 325 1138 363; x_wconf 77' lang='lat' dir='ltr'><strong>(Adv.</strong></span> <span class='ocrx_word' id='word_1_380' title='bbox 1154 328 1295 363; x_wconf 65' lang='lat' dir='ltr'><strong>Prazeam,</strong></span> <span class='ocrx_word' id='word_1_381' title='bbox 1309 339 1333 358; x_wconf 74' lang='grc' dir='ltr'><strong>ο.</strong></span> <span class='ocrx_word' id='word_1_382' title='bbox 1348 331 1395 366; x_wconf 73' lang='lat'><strong>20)</strong></span> <span class='ocrx_word' id='word_1_383' title='bbox 1405 353 1412 365; x_wconf 85' lang='grc'><em>,</em></span> <span class='ocrx_word' id='word_1_384' title='bbox 1425 332 1457 359; x_wconf 85' lang='lat' dir='ltr'><strong>Et</strong></span> <span class='ocrx_word' id='word_1_385' title='bbox 1467 332 1494 359; x_wconf 91' lang='lat' dir='ltr'><strong>in</strong></span> <span class='ocrx_word' id='word_1_386' title='bbox 1512 334 1602 369; x_wconf 90' lang='lat' dir='ltr'><strong>primis</strong></span> <span class='ocrx_word' id='word_1_387' title='bbox 1616 335 1674 370; x_wconf 86' lang='lat' dir='ltr'><strong>ipsa</strong></span> <span class='ocrx_word' id='word_1_388' title='bbox 1688 338 1775 365; x_wconf 80' lang='lat' dir='ltr'><strong>statim</strong></span> <span class='ocrx_word' id='word_1_389' title='bbox 1792 347 1860 373; x_wconf 74' lang='lat' dir='ltr'><strong>prai-</strong></span> 
     </span>
    </p>
   </div>
   <div class='ocr_carea' id='block_1_51' title="bbox 1061 375 1862 419">
    <p class='ocr_par' dir='ltr' id='par_1_51' title="bbox 1061 375 1862 419">
     <span class='ocr_line' id='line_1_51' title="bbox 1061 375 1862 419; baseline 0.017 -19"><span class='ocrx_word' id='word_1_390' title='bbox 1061 375 1126 409; x_wconf 88' lang='lat' dir='ltr'><strong>fatio</strong></span> <span class='ocrx_word' id='word_1_391' title='bbox 1150 375 1260 403; x_wconf 85' lang='lat' dir='ltr'><strong>Joannis</strong></span> <span class='ocrx_word' id='word_1_392' title='bbox 1273 378 1482 413; x_wconf 75' lang='lat' dir='ltr'><strong>evangelizutoris</strong></span> <span class='ocrx_word' id='word_1_393' title='bbox 1507 380 1678 417; x_wconf 74' lang='lat' dir='ltr'><strong>demonstrat,</strong></span> <span class='ocrx_word' id='word_1_394' title='bbox 1704 385 1774 419; x_wconf 86' lang='lat' dir='ltr'><strong>quod</strong></span> <span class='ocrx_word' id='word_1_395' title='bbox 1793 391 1862 414; x_wconf 76' lang='lat' dir='ltr'><strong>retro</strong></span> 
     </span>
    </p>
   </div>
   <div class='ocr_carea' id='block_1_52' title="bbox 1061 421 1859 467">
    <p class='ocr_par' dir='ltr' id='par_1_52' title="bbox 1061 421 1859 467">
     <span class='ocr_line' id='line_1_52' title="bbox 1061 421 1859 467; baseline 0.018 -20"><span class='ocrx_word' id='word_1_396' title='bbox 1061 421 1148 454; x_wconf 79' lang='lat' dir='ltr'><strong>fuerit,</strong></span> <span class='ocrx_word' id='word_1_397' title='bbox 1163 422 1207 456; x_wconf 90' lang='lat' dir='ltr'><strong>qui</strong></span> <span class='ocrx_word' id='word_1_398' title='bbox 1219 431 1278 451; x_wconf 84' lang='lat' dir='ltr'><strong>caro</strong></span> <span class='ocrx_word' id='word_1_399' title='bbox 1289 424 1345 458; x_wconf 79' lang='lat' dir='ltr'><strong>ﬁeri</strong></span> <span class='ocrx_word' id='word_1_400' title='bbox 1357 425 1484 454; x_wconf 87' lang='lat' dir='ltr'><strong>habebat:</strong></span> <span class='ocrx_word' id='word_1_401' title='bbox 1493 435 1503 454; x_wconf 81' lang='grc' dir='ltr'>ι</span> <span class='ocrx_word' id='word_1_402' title='bbox 1517 426 1531 453; x_wconf 82' lang='lat'><strong><em>1</em></strong></span> <span class='ocrx_word' id='word_1_403' title='bbox 1535 436 1551 454; x_wconf 81' lang='grc' dir='ltr'><strong>η</strong></span> <span class='ocrx_word' id='word_1_404' title='bbox 1564 430 1691 463; x_wconf 81' lang='lat' dir='ltr'><strong>principio</strong></span> <span class='ocrx_word' id='word_1_405' title='bbox 1703 436 1755 459; x_wconf 82' lang='lat' dir='ltr'><strong>erat</strong></span> <span class='ocrx_word' id='word_1_406' title='bbox 1765 441 1859 467; x_wconf 79' lang='lat' dir='ltr'><strong>sermo,</strong></span> 
     </span>
    </p>
   </div>
   <div class='ocr_carea' id='block_1_53' title="bbox 1059 470 1767 506">
    <p class='ocr_par' dir='ltr' id='par_1_53' title="bbox 1059 470 1767 506">
     <span class='ocr_line' id='line_1_53' title="bbox 1059 470 1767 506; baseline 0.016 -13"><span class='ocrx_word' id='word_1_407' title='bbox 1059 471 1084 493; x_wconf 88' lang='lat' dir='ltr'><strong>et</strong></span> <span class='ocrx_word' id='word_1_408' title='bbox 1098 475 1181 495; x_wconf 80' lang='lat' dir='ltr'><strong>sermo</strong></span> <span class='ocrx_word' id='word_1_409' title='bbox 1192 474 1246 496; x_wconf 87' lang='lat' dir='ltr'><strong>erat</strong></span> <span class='ocrx_word' id='word_1_410' title='bbox 1261 470 1332 503; x_wconf 83' lang='lat' dir='ltr'><strong>apud</strong></span> <span class='ocrx_word' id='word_1_411' title='bbox 1342 470 1441 504; x_wconf 84' lang='lat' dir='ltr'><strong>Deum,</strong></span> <span class='ocrx_word' id='word_1_412' title='bbox 1453 477 1478 500; x_wconf 88' lang='lat' dir='ltr'><strong>et</strong></span> <span class='ocrx_word' id='word_1_413' title='bbox 1491 472 1561 501; x_wconf 82' lang='lat' dir='ltr'><strong>Deus</strong></span> <span class='ocrx_word' id='word_1_414' title='bbox 1576 480 1632 504; x_wconf 82' lang='lat' dir='ltr'><strong>arat</strong></span> <span class='ocrx_word' id='word_1_415' title='bbox 1647 485 1739 506; x_wconf 81' lang='lat' dir='ltr'><strong>sermo.</strong></span> <span class='ocrx_word' id='word_1_416' title='bbox 1757 487 1767 504; x_wconf 83' lang='grc' dir='ltr'><strong><em>ι</em></strong></span> 
     </span>
    </p>
   </div>
   <div class='ocr_carea' id='block_1_54' title="bbox 1096 525 1860 569">
    <p class='ocr_par' dir='ltr' id='par_1_54' title="bbox 1096 525 1860 569">
     <span class='ocr_line' id='line_1_54' title="bbox 1096 525 1860 569; baseline 0.018 -18"><span class='ocrx_word' id='word_1_417' title='bbox 1096 525 1236 554; x_wconf 84' lang='lat' dir='ltr'><strong>Sermonis</strong></span> <span class='ocrx_word' id='word_1_418' title='bbox 1247 527 1496 564; x_wconf 83' lang='lat' dir='ltr'><strong>vocabulum,un</strong></span> <span class='ocrx_word' id='word_1_419' title='bbox 1511 530 1667 560; x_wconf 85' lang='lat' dir='ltr'><strong>Latinorum</strong></span> <span class='ocrx_word' id='word_1_420' title='bbox 1680 535 1783 569; x_wconf 92' lang='lat' dir='ltr'><strong>primus</strong></span> <span class='ocrx_word' id='word_1_421' title='bbox 1795 536 1860 565; x_wconf 74' lang='lat' dir='ltr'><strong>Afer</strong></span> 
     </span>
    </p>
   </div>
   <div class='ocr_carea' id='block_1_55' title="bbox 1060 571 1858 615">
    <p class='ocr_par' dir='ltr' id='par_1_55' title="bbox 1060 571 1858 615">
     <span class='ocr_line' id='line_1_55' title="bbox 1060 571 1858 615; baseline 0.018 -18"><span class='ocrx_word' id='word_1_422' title='bbox 1060 571 1111 598; x_wconf 88' lang='lat' dir='ltr'><strong>iste</strong></span> <span class='ocrx_word' id='word_1_423' title='bbox 1126 571 1151 598; x_wconf 92' lang='lat' dir='ltr'><strong>in</strong></span> <span class='ocrx_word' id='word_1_424' title='bbox 1168 571 1219 600; x_wconf 87' lang='lat' dir='ltr'><strong>hoc</strong></span> <span class='ocrx_word' id='word_1_425' title='bbox 1232 572 1372 602; x_wconf 87' lang='lat' dir='ltr'><strong>Commate</strong></span> <span class='ocrx_word' id='word_1_426' title='bbox 1398 582 1530 611; x_wconf 84' lang='lat' dir='ltr'><strong>usurpare</strong></span> <span class='ocrx_word' id='word_1_427' title='bbox 1554 578 1653 612; x_wconf 86' lang='lat' dir='ltr'><strong>voluit,</strong></span> <span class='ocrx_word' id='word_1_428' title='bbox 1678 582 1813 615; x_wconf 85' lang='lat' dir='ltr'><strong>quomodo</strong></span> <span class='ocrx_word' id='word_1_429' title='bbox 1825 584 1858 611; x_wconf 84' lang='lat' dir='ltr'><strong>ad</strong></span> 
     </span>
    </p>
   </div>
   <div class='ocr_carea' id='block_1_56' title="bbox 1059 615 1858 663">
    <p class='ocr_par' dir='ltr' id='par_1_56' title="bbox 1059 615 1858 663">
     <span class='ocr_line' id='line_1_56' title="bbox 1059 615 1858 663; baseline 0.02 -21"><span class='ocrx_word' id='word_1_430' title='bbox 1059 615 1160 644; x_wconf 74' lang='lat' dir='ltr'><strong>{cutem</strong></span> <span class='ocrx_word' id='word_1_431' title='bbox 1174 619 1273 653; x_wconf 80' lang='lat' dir='ltr'><strong>exigat,</strong></span> <span class='ocrx_word' id='word_1_432' title='bbox 1285 620 1397 648; x_wconf 88' lang='lat' dir='ltr'><strong>innuunt</strong></span> <span class='ocrx_word' id='word_1_433' title='bbox 1410 621 1464 650; x_wconf 92' lang='lat' dir='ltr'><strong>duo</strong></span> <span class='ocrx_word' id='word_1_434' title='bbox 1480 631 1534 657; x_wconf 79' lang='lat' dir='ltr'><strong>prae</strong></span> <span class='ocrx_word' id='word_1_435' title='bbox 1547 626 1655 652; x_wconf 74' lang='lat' dir='ltr'><strong>caeteris</strong></span> <span class='ocrx_word' id='word_1_436' title='bbox 1670 626 1732 660; x_wconf 81' lang='lat' dir='ltr'><strong>l0ei,</strong></span> <span class='ocrx_word' id='word_1_437' title='bbox 1743 636 1858 663; x_wconf 92' lang='lat' dir='ltr'><strong>quorum</strong></span> 
     </span>
    </p>
   </div>
   <div class='ocr_carea' id='block_1_57' title="bbox 1060 660 1859 709">
    <p class='ocr_par' dir='ltr' id='par_1_57' title="bbox 1060 660 1859 709">
     <span class='ocr_line' id='line_1_57' title="bbox 1060 660 1859 709; baseline 0.02 -21"><span class='ocrx_word' id='word_1_438' title='bbox 1060 662 1162 696; x_wconf 85' lang='lat' dir='ltr'><strong>primus</strong></span> <span class='ocrx_word' id='word_1_439' title='bbox 1176 664 1201 693; x_wconf 86' lang='lat' dir='ltr'><strong>in</strong></span> <span class='ocrx_word' id='word_1_440' title='bbox 1223 660 1399 701; x_wconf 63' lang='lat' dir='ltr'><strong>Apologctico</strong></span> <span class='ocrx_word' id='word_1_441' title='bbox 1413 668 1453 699; x_wconf 82' lang='lat' dir='ltr'><strong>sic</strong></span> <span class='ocrx_word' id='word_1_442' title='bbox 1466 676 1495 696; x_wconf 83' lang='lat' dir='ltr'><strong>se</strong></span> <span class='ocrx_word' id='word_1_443' title='bbox 1509 669 1591 698; x_wconf 83' lang='lat' dir='ltr'><strong>habet</strong></span> <span class='ocrx_word' id='word_1_444' title='bbox 1612 670 1682 708; x_wconf 82' lang='lat' dir='ltr'><strong>(cap.</strong></span> <span class='ocrx_word' id='word_1_445' title='bbox 1710 660 1760 709; x_wconf 58' lang='lat' dir='ltr'><strong>ﬁll</strong></span> <span class='ocrx_word' id='word_1_446' title='bbox 1773 683 1779 701; x_wconf 84' lang='lat'>:</span> <span class='ocrx_word' id='word_1_447' title='bbox 1797 675 1859 705; x_wconf 84' lang='lat' dir='ltr'><strong>.Innt</strong></span> 
     </span>
    </p>
   </div>
   <div class='ocr_carea' id='block_1_58' title="bbox 1058 709 1862 755">
    <p class='ocr_par' dir='ltr' id='par_1_58' title="bbox 1058 709 1862 755">
     <span class='ocr_line' id='line_1_58' title="bbox 1058 709 1862 755; baseline 0.02 -20"><span class='ocrx_word' id='word_1_448' title='bbox 1058 709 1199 744; x_wconf 68' lang='lat' dir='ltr'><strong>ediximus,</strong></span> <span class='ocrx_word' id='word_1_449' title='bbox 1215 711 1313 746; x_wconf 87' lang='lat' dir='ltr'><strong>inquit,</strong></span> <span class='ocrx_word' id='word_1_450' title='bbox 1325 711 1408 740; x_wconf 81' lang='lat' dir='ltr'><strong>Deum</strong></span> <span class='ocrx_word' id='word_1_451' title='bbox 1421 715 1612 744; x_wconf 70' lang='lat' dir='ltr'><strong>universitatem</strong></span> <span class='ocrx_word' id='word_1_452' title='bbox 1624 719 1692 746; x_wconf 86' lang='lat' dir='ltr'><strong>hanc</strong></span> <span class='ocrx_word' id='word_1_453' title='bbox 1713 719 1819 755; x_wconf 68' lang='lat' dir='ltr'><strong>Venno,</strong></span> <span class='ocrx_word' id='word_1_454' title='bbox 1837 727 1862 751; x_wconf 78' lang='lat' dir='ltr'><strong>et</strong></span> 
     </span>
    </p>
   </div>
   <div class='ocr_carea' id='block_1_59' title="bbox 1059 756 1859 802">
    <p class='ocr_par' dir='ltr' id='par_1_59' title="bbox 1059 756 1859 802">
     <span class='ocr_line' id='line_1_59' title="bbox 1059 756 1859 802; baseline 0.02 -21"><span class='ocrx_word' id='word_1_455' title='bbox 1059 756 1160 782; x_wconf 79' lang='lat' dir='ltr'><strong>ratione</strong></span> <span class='ocrx_word' id='word_1_456' title='bbox 1171 777 1178 789; x_wconf 87' lang='lat'><strong>,</strong></span> <span class='ocrx_word' id='word_1_457' title='bbox 1202 762 1225 783; x_wconf 85' lang='lat' dir='ltr'><strong>et</strong></span> <span class='ocrx_word' id='word_1_458' title='bbox 1247 759 1340 785; x_wconf 81' lang='lat' dir='ltr'><strong>uirtute</strong></span> <span class='ocrx_word' id='word_1_459' title='bbox 1355 760 1481 788; x_wconf 87' lang='lat' dir='ltr'><strong>molitum.</strong></span> <span class='ocrx_word' id='word_1_460' title='bbox 1497 762 1575 797; x_wconf 79' lang='lat' dir='ltr'><strong>Apud</strong></span> <span class='ocrx_word' id='word_1_461' title='bbox 1589 770 1688 793; x_wconf 81' lang='lat' dir='ltr'><strong>uestros</strong></span> <span class='ocrx_word' id='word_1_462' title='bbox 1700 775 1800 802; x_wconf 73' lang='lat' dir='ltr'><strong>quoque</strong></span> <span class='ocrx_word' id='word_1_463' title='bbox 1814 778 1859 796; x_wconf 80' lang='lat' dir='ltr'><strong>sa—</strong></span> 
     </span>
    </p>
   </div>
   <div class='ocr_carea' id='block_1_60' title="bbox 1059 802 1861 846">
    <p class='ocr_par' dir='ltr' id='par_1_60' title="bbox 1059 802 1861 846">
     <span class='ocr_line' id='line_1_60' title="bbox 1059 802 1861 846; baseline 0.019 -18"><span class='ocrx_word' id='word_1_464' title='bbox 1059 802 1155 836; x_wconf 77' lang='lat' dir='ltr'><strong>pientes</strong></span> <span class='ocrx_word' id='word_1_465' title='bbox 1170 804 1261 840; x_wconf 80' lang='grc' dir='ltr'><strong>Λόγον,</strong></span> <span class='ocrx_word' id='word_1_466' title='bbox 1274 804 1302 831; x_wconf 84' lang='lat' dir='ltr'><strong>id</strong></span> <span class='ocrx_word' id='word_1_467' title='bbox 1312 811 1348 832; x_wconf 76' lang='lat' dir='ltr'><strong>est</strong></span> <span class='ocrx_word' id='word_1_468' title='bbox 1364 806 1523 842; x_wconf 69' lang='lat' dir='ltr'><strong>Saturast-nt,</strong></span> <span class='ocrx_word' id='word_1_469' title='bbox 1540 815 1615 846; x_wconf 79' lang='lat' dir='ltr'><strong>atque</strong></span> <span class='ocrx_word' id='word_1_470' title='bbox 1627 811 1747 841; x_wconf 83' lang='lat' dir='ltr'><strong>Rationis</strong></span> <span class='ocrx_word' id='word_1_471' title='bbox 1761 821 1861 843; x_wconf 82' lang='lat' dir='ltr'><strong>constat</strong></span> 
     </span>
    </p>
   </div>
   <div class='ocr_carea' id='block_1_61' title="bbox 1058 849 1477 883">
    <p class='ocr_par' dir='ltr' id='par_1_61' title="bbox 1058 849 1477 883">
     <span class='ocr_line' id='line_1_61' title="bbox 1058 849 1477 883; baseline 0.017 -8"><span class='ocrx_word' id='word_1_472' title='bbox 1058 849 1185 883; x_wconf 82' lang='lat' dir='ltr'><strong>artiﬁcem</strong></span> <span class='ocrx_word' id='word_1_473' title='bbox 1197 851 1279 879; x_wconf 81' lang='lat' dir='ltr'><strong>videri</strong></span> <span class='ocrx_word' id='word_1_474' title='bbox 1293 852 1477 882; x_wconf 75' lang='lat' dir='ltr'><strong>universitatis.</strong></span> 
     </span>
    </p>
   </div>
   <div class='ocr_carea' id='block_1_62' title="bbox 1094 907 1860 953">
    <p class='ocr_par' dir='ltr' id='par_1_62' title="bbox 1094 907 1860 953">
     <span class='ocr_line' id='line_1_62' title="bbox 1094 907 1860 953; baseline 0.02 -19"><span class='ocrx_word' id='word_1_475' title='bbox 1094 907 1171 935; x_wconf 82' lang='lat' dir='ltr'><strong>Alter</strong></span> <span class='ocrx_word' id='word_1_476' title='bbox 1184 913 1225 936; x_wconf 89' lang='lat' dir='ltr'><strong>est</strong></span> <span class='ocrx_word' id='word_1_477' title='bbox 1238 910 1368 938; x_wconf 87' lang='lat' dir='ltr'><strong>adversus</strong></span> <span class='ocrx_word' id='word_1_478' title='bbox 1383 913 1514 941; x_wconf 80' lang='lat' dir='ltr'><strong>Praxeam</strong></span> <span class='ocrx_word' id='word_1_479' title='bbox 1531 915 1602 951; x_wconf 80' lang='lat' dir='ltr'><strong>(cap.</strong></span> <span class='ocrx_word' id='word_1_480' title='bbox 1617 917 1645 953; x_wconf 78' lang='lat'><strong>5)</strong></span> <span class='ocrx_word' id='word_1_481' title='bbox 1658 926 1664 950; x_wconf 94' lang='lat'>;</span> <span class='ocrx_word' id='word_1_482' title='bbox 1677 926 1711 946; x_wconf 89' lang='lat' dir='ltr'><strong>eo</strong></span> <span class='ocrx_word' id='word_1_483' title='bbox 1723 920 1805 948; x_wconf 87' lang='lat' dir='ltr'><strong>etiam</strong></span> <span class='ocrx_word' id='word_1_484' title='bbox 1820 921 1860 948; x_wconf 91' lang='lat' dir='ltr'><strong>in-</strong></span> 
     </span>
    </p>
   </div>
   <div class='ocr_carea' id='block_1_63' title="bbox 1059 952 1861 998">
    <p class='ocr_par' dir='ltr' id='par_1_63' title="bbox 1059 952 1861 998">
     <span class='ocr_line' id='line_1_63' title="bbox 1059 952 1861 998; baseline 0.02 -19"><span class='ocrx_word' id='word_1_485' title='bbox 1059 952 1176 988; x_wconf 77' lang='lat' dir='ltr'><strong>signior,</strong></span> <span class='ocrx_word' id='word_1_486' title='bbox 1191 956 1263 990; x_wconf 90' lang='lat' dir='ltr'><strong>quod</strong></span> <span class='ocrx_word' id='word_1_487' title='bbox 1279 957 1319 983; x_wconf 90' lang='lat' dir='ltr'><strong>vir</strong></span> <span class='ocrx_word' id='word_1_488' title='bbox 1331 962 1413 986; x_wconf 67' lang='lat' dir='ltr'><strong>aetate</strong></span> <span class='ocrx_word' id='word_1_489' title='bbox 1424 964 1515 987; x_wconf 87' lang='lat' dir='ltr'><strong>nostra</strong></span> <span class='ocrx_word' id='word_1_490' title='bbox 1531 961 1724 992; x_wconf 82' lang='lat' dir='ltr'><strong>celeberrimus</strong></span> <span class='ocrx_word' id='word_1_491' title='bbox 1735 986 1742 998; x_wconf 88' lang='lat'><strong>,</strong></span> <span class='ocrx_word' id='word_1_492' title='bbox 1767 966 1800 994; x_wconf 87' lang='lat' dir='ltr'><strong>ad</strong></span> <span class='ocrx_word' id='word_1_493' title='bbox 1815 967 1861 995; x_wconf 85' lang='lat' dir='ltr'><strong>lir-</strong></span> 
     </span>
    </p>
   </div>
   <div class='ocr_carea' id='block_1_64' title="bbox 1058 1000 1862 1047">
    <p class='ocr_par' dir='ltr' id='par_1_64' title="bbox 1058 1000 1862 1047">
     <span class='ocr_line' id='line_1_64' title="bbox 1058 1000 1862 1047; baseline 0.021 -22"><span class='ocrx_word' id='word_1_494' title='bbox 1058 1000 1167 1033; x_wconf 84' lang='lat' dir='ltr'><strong>manda,</strong></span> <span class='ocrx_word' id='word_1_495' title='bbox 1180 1009 1240 1036; x_wconf 82' lang='lat' dir='ltr'><strong>quae</strong></span> <span class='ocrx_word' id='word_1_496' title='bbox 1252 1003 1287 1030; x_wconf 86' lang='lat' dir='ltr'><strong>de</strong></span> <span class='ocrx_word' id='word_1_497' title='bbox 1300 1011 1382 1032; x_wconf 85' lang='lat' dir='ltr'><strong>sensu</strong></span> <span class='ocrx_word' id='word_1_498' title='bbox 1394 1007 1496 1034; x_wconf 68' lang='lat' dir='ltr'><strong>vocula:</strong></span> <span class='ocrx_word' id='word_1_499' title='bbox 1511 1007 1585 1035; x_wconf 85' lang='lat' dir='ltr'><strong>illius</strong></span> <span class='ocrx_word' id='word_1_500' title='bbox 1595 1009 1677 1047; x_wconf 73' lang='grc' dir='ltr'><strong>Λόγος</strong></span> <span class='ocrx_word' id='word_1_501' title='bbox 1689 1012 1760 1047; x_wconf 86' lang='lat' dir='ltr'><strong>apud</strong></span> <span class='ocrx_word' id='word_1_502' title='bbox 1773 1013 1862 1041; x_wconf 76' lang='lat' dir='ltr'><strong>Evan-</strong></span> 
     </span>
    </p>
   </div>
   <div class='ocr_carea' id='block_1_65' title="bbox 1058 1046 1857 1087">
    <p class='ocr_par' dir='ltr' id='par_1_65' title="bbox 1058 1046 1857 1087">
     <span class='ocr_line' id='line_1_65' title="bbox 1058 1046 1857 1087; baseline 0.019 -15"><span class='ocrx_word' id='word_1_503' title='bbox 1058 1046 1183 1081; x_wconf 82' lang='lat' dir='ltr'><strong>gelistam</strong></span> <span class='ocrx_word' id='word_1_504' title='bbox 1196 1056 1364 1078; x_wconf 86' lang='lat' dir='ltr'><strong>commentus</strong></span> <span class='ocrx_word' id='word_1_505' title='bbox 1378 1057 1430 1085; x_wconf 85' lang='lat' dir='ltr'><strong>est,</strong></span> <span class='ocrx_word' id='word_1_506' title='bbox 1441 1053 1605 1082; x_wconf 85' lang='lat' dir='ltr'><strong>adhibuerit.</strong></span> <span class='ocrx_word' id='word_1_507' title='bbox 1619 1046 1685 1084; x_wconf 69' lang='lat' dir='ltr'><strong>Ante</strong></span> <span class='ocrx_word' id='word_1_508' title='bbox 1699 1059 1786 1086; x_wconf 83' lang='lat' dir='ltr'><strong>omnia</strong></span> <span class='ocrx_word' id='word_1_509' title='bbox 1793 1061 1857 1087; x_wconf 70' lang='lat' dir='ltr'><strong>enitr</strong></span> 
     </span>
    </p>
   </div>
   <div class='ocr_carea' id='block_1_66' title="bbox 1059 1092 1859 1137">
    <p class='ocr_par' dir='ltr' id='par_1_66' title="bbox 1059 1092 1859 1137">
     <span class='ocr_line' id='line_1_66' title="bbox 1059 1092 1859 1137; baseline 0.019 -19"><span class='ocrx_word' id='word_1_510' title='bbox 1059 1092 1130 1120; x_wconf 82' lang='lat' dir='ltr'><strong>Deus</strong></span> <span class='ocrx_word' id='word_1_511' title='bbox 1140 1099 1193 1120; x_wconf 82' lang='lat' dir='ltr'><strong>erat</strong></span> <span class='ocrx_word' id='word_1_512' title='bbox 1206 1095 1285 1128; x_wconf 82' lang='lat' dir='ltr'><strong>solus,</strong></span> <span class='ocrx_word' id='word_1_513' title='bbox 1296 1097 1352 1131; x_wconf 80' lang='lat' dir='ltr'><strong>ipse</strong></span> <span class='ocrx_word' id='word_1_514' title='bbox 1363 1098 1412 1125; x_wconf 84' lang='lat' dir='ltr'><strong>sibi</strong></span> <span class='ocrx_word' id='word_1_515' title='bbox 1425 1104 1448 1125; x_wconf 85' lang='lat' dir='ltr'><strong>et</strong></span> <span class='ocrx_word' id='word_1_516' title='bbox 1460 1100 1583 1134; x_wconf 84' lang='lat' dir='ltr'><strong>mundus,</strong></span> <span class='ocrx_word' id='word_1_517' title='bbox 1596 1107 1620 1129; x_wconf 85' lang='lat' dir='ltr'><strong>et</strong></span> <span class='ocrx_word' id='word_1_518' title='bbox 1634 1103 1715 1137; x_wconf 82' lang='lat' dir='ltr'><strong>locus,</strong></span> <span class='ocrx_word' id='word_1_519' title='bbox 1728 1110 1751 1132; x_wconf 90' lang='lat' dir='ltr'><strong>et</strong></span> <span class='ocrx_word' id='word_1_520' title='bbox 1763 1107 1859 1134; x_wconf 87' lang='lat' dir='ltr'><strong>omnia.</strong></span> 
     </span>
    </p>
   </div>
   <div class='ocr_carea' id='block_1_67' title="bbox 1060 1138 1860 1184">
    <p class='ocr_par' dir='ltr' id='par_1_67' title="bbox 1060 1138 1860 1184">
     <span class='ocr_line' id='line_1_67' title="bbox 1060 1138 1860 1184; baseline 0.019 -20"><span class='ocrx_word' id='word_1_521' title='bbox 1060 1138 1139 1184; x_wconf 67' lang='lat' dir='ltr'><strong>Solus</strong></span> <span class='ocrx_word' id='word_1_522' title='bbox 1153 1145 1237 1166; x_wconf 80' lang='lat' dir='ltr'><strong>autent</strong></span> <span class='ocrx_word' id='word_1_523' title='bbox 1249 1162 1255 1174; x_wconf 94' lang='lat'><strong>,</strong></span> <span class='ocrx_word' id='word_1_524' title='bbox 1272 1143 1333 1177; x_wconf 83' lang='lat' dir='ltr'><strong>quia</strong></span> <span class='ocrx_word' id='word_1_525' title='bbox 1344 1144 1410 1171; x_wconf 80' lang='lat' dir='ltr'><strong>nihil</strong></span> <span class='ocrx_word' id='word_1_526' title='bbox 1419 1145 1492 1172; x_wconf 82' lang='lat' dir='ltr'><strong>aliud</strong></span> <span class='ocrx_word' id='word_1_527' title='bbox 1504 1147 1662 1175; x_wconf 73' lang='lat' dir='ltr'><strong>extrinsecus</strong></span> <span class='ocrx_word' id='word_1_528' title='bbox 1676 1152 1860 1184; x_wconf 79' lang='lat' dir='ltr'><strong>prteterillum.</strong></span> 
     </span>
    </p>
   </div>
   <div class='ocr_carea' id='block_1_68' title="bbox 1059 1183 1859 1232">
    <p class='ocr_par' dir='ltr' id='par_1_68' title="bbox 1059 1183 1859 1232">
     <span class='ocr_line' id='line_1_68' title="bbox 1059 1183 1859 1232; baseline 0.018 -21"><span class='ocrx_word' id='word_1_529' title='bbox 1059 1183 1187 1213; x_wconf 75' lang='lat' dir='ltr'><strong>Cteterum</strong></span> <span class='ocrx_word' id='word_1_530' title='bbox 1203 1196 1234 1214; x_wconf 89' lang='lat' dir='ltr'><strong>ne</strong></span> <span class='ocrx_word' id='word_1_531' title='bbox 1255 1193 1314 1216; x_wconf 81' lang='lat' dir='ltr'><strong>tunc</strong></span> <span class='ocrx_word' id='word_1_532' title='bbox 1329 1190 1433 1224; x_wconf 79' lang='lat' dir='ltr'><strong>quidem</strong></span> <span class='ocrx_word' id='word_1_533' title='bbox 1445 1192 1534 1225; x_wconf 82' lang='lat' dir='ltr'><strong>solus;</strong></span> <span class='ocrx_word' id='word_1_534' title='bbox 1555 1193 1662 1221; x_wconf 88' lang='lat' dir='ltr'><strong>habebat</strong></span> <span class='ocrx_word' id='word_1_535' title='bbox 1672 1183 1739 1223; x_wconf 64' lang='lat' dir='ltr'><strong>enim</strong></span> <span class='ocrx_word' id='word_1_536' title='bbox 1755 1206 1840 1224; x_wconf 80' lang='lat' dir='ltr'><strong>secum</strong></span> <span class='ocrx_word' id='word_1_537' title='bbox 1852 1218 1859 1232; x_wconf 93' lang='lat'><strong>,</strong></span> 
     </span>
    </p>
   </div>
   <div class='ocr_carea' id='block_1_69' title="bbox 1059 1233 1860 1272">
    <p class='ocr_par' dir='ltr' id='par_1_69' title="bbox 1059 1233 1860 1272">
     <span class='ocr_line' id='line_1_69' title="bbox 1059 1233 1860 1272; baseline 0.017 -15"><span class='ocrx_word' id='word_1_538' title='bbox 1059 1240 1137 1265; x_wconf 87' lang='lat' dir='ltr'><strong>quam</strong></span> <span class='ocrx_word' id='word_1_539' title='bbox 1151 1233 1258 1261; x_wconf 87' lang='lat' dir='ltr'><strong>habebat</strong></span> <span class='ocrx_word' id='word_1_540' title='bbox 1272 1235 1300 1271; x_wconf 75' lang='lat' dir='ltr'><strong>in</strong></span> <span class='ocrx_word' id='word_1_541' title='bbox 1315 1237 1450 1271; x_wconf 71' lang='lat' dir='ltr'><strong>semetipso</strong></span> <span class='ocrx_word' id='word_1_542' title='bbox 1460 1258 1468 1270; x_wconf 86' lang='lat'><strong>,</strong></span> <span class='ocrx_word' id='word_1_543' title='bbox 1497 1246 1633 1266; x_wconf 76' lang='lat' dir='ltr'><strong>RATIONIII</strong></span> <span class='ocrx_word' id='word_1_544' title='bbox 1658 1248 1732 1268; x_wconf 78' lang='lat' dir='ltr'><strong>suam</strong></span> <span class='ocrx_word' id='word_1_545' title='bbox 1752 1243 1860 1272; x_wconf 77' lang='lat' dir='ltr'><strong>scilicet.</strong></span> 
     </span>
    </p>
   </div>
   <div class='ocr_carea' id='block_1_70' title="bbox 1060 1276 1862 1320">
    <p class='ocr_par' dir='ltr' id='par_1_70' title="bbox 1060 1276 1862 1320">
     <span class='ocr_line' id='line_1_70' title="bbox 1060 1276 1862 1320; baseline 0.019 -18"><span class='ocrx_word' id='word_1_546' title='bbox 1060 1276 1208 1304; x_wconf 83' lang='lat' dir='ltr'><strong>Rationalis</strong></span> <span class='ocrx_word' id='word_1_547' title='bbox 1222 1280 1299 1305; x_wconf 86' lang='lat' dir='ltr'><strong>etiam</strong></span> <span class='ocrx_word' id='word_1_548' title='bbox 1312 1280 1380 1307; x_wconf 85' lang='lat' dir='ltr'><strong>Deus</strong></span> <span class='ocrx_word' id='word_1_549' title='bbox 1391 1302 1398 1312; x_wconf 92' lang='lat'><strong>,</strong></span> <span class='ocrx_word' id='word_1_550' title='bbox 1415 1286 1438 1308; x_wconf 85' lang='lat' dir='ltr'><strong>et</strong></span> <span class='ocrx_word' id='word_1_551' title='bbox 1449 1290 1528 1310; x_wconf 79' lang='lat' dir='ltr'><strong>RATIO</strong></span> <span class='ocrx_word' id='word_1_552' title='bbox 1538 1283 1564 1310; x_wconf 85' lang='lat' dir='ltr'><strong>in</strong></span> <span class='ocrx_word' id='word_1_553' title='bbox 1574 1284 1632 1318; x_wconf 81' lang='lat' dir='ltr'><strong>ipso</strong></span> <span class='ocrx_word' id='word_1_554' title='bbox 1642 1286 1730 1320; x_wconf 78' lang='lat' dir='ltr'><strong>prius,</strong></span> <span class='ocrx_word' id='word_1_555' title='bbox 1748 1293 1772 1315; x_wconf 86' lang='lat' dir='ltr'><strong>et</strong></span> <span class='ocrx_word' id='word_1_556' title='bbox 1782 1289 1818 1316; x_wconf 87' lang='lat' dir='ltr'><strong>ita</strong></span> <span class='ocrx_word' id='word_1_557' title='bbox 1829 1290 1862 1318; x_wconf 80' lang='lat' dir='ltr'><strong>ab</strong></span> 
     </span>
    </p>
   </div>
   <div class='ocr_carea' id='block_1_71' title="bbox 1059 1322 1863 1364">
    <p class='ocr_par' dir='ltr' id='par_1_71' title="bbox 1059 1322 1863 1364">
     <span class='ocr_line' id='line_1_71' title="bbox 1059 1322 1863 1364; baseline 0.02 -16"><span class='ocrx_word' id='word_1_558' title='bbox 1059 1322 1116 1356; x_wconf 77' lang='lat' dir='ltr'><strong>ipso</strong></span> <span class='ocrx_word' id='word_1_559' title='bbox 1127 1323 1221 1350; x_wconf 84' lang='lat' dir='ltr'><strong>omnia.</strong></span> <span class='ocrx_word' id='word_1_560' title='bbox 1239 1324 1304 1357; x_wconf 68' lang='lat' dir='ltr'><strong>Qua:</strong></span> <span class='ocrx_word' id='word_1_561' title='bbox 1316 1332 1397 1353; x_wconf 79' lang='lat' dir='ltr'><strong>nmo</strong></span> <span class='ocrx_word' id='word_1_562' title='bbox 1407 1335 1497 1354; x_wconf 81' lang='lat' dir='ltr'><strong>sensus</strong></span> <span class='ocrx_word' id='word_1_563' title='bbox 1516 1329 1599 1363; x_wconf 85' lang='lat' dir='ltr'><strong>ipsius</strong></span> <span class='ocrx_word' id='word_1_564' title='bbox 1613 1336 1659 1357; x_wconf 75' lang='lat' dir='ltr'><strong>est.</strong></span> <span class='ocrx_word' id='word_1_565' title='bbox 1681 1332 1755 1361; x_wconf 67' lang='lat' dir='ltr'><strong>Hauc</strong></span> <span class='ocrx_word' id='word_1_566' title='bbox 1769 1333 1863 1364; x_wconf 57' lang='lat' dir='ltr'><strong>Gaz-2m</strong></span> 
     </span>
    </p>
   </div>
   <div class='ocr_carea' id='block_1_72' title="bbox 1060 1367 1861 1415">
    <p class='ocr_par' dir='ltr' id='par_1_72' title="bbox 1060 1367 1861 1415">
     <span class='ocr_line' id='line_1_72' title="bbox 1060 1367 1861 1415; baseline 0.017 -20"><span class='ocrx_word' id='word_1_567' title='bbox 1060 1367 1141 1405; x_wconf 78' lang='grc' dir='ltr'><strong>Λόγον</strong></span> <span class='ocrx_word' id='word_1_568' title='bbox 1153 1369 1258 1402; x_wconf 78' lang='lat' dir='ltr'><strong>dicunt,</strong></span> <span class='ocrx_word' id='word_1_569' title='bbox 1279 1379 1330 1406; x_wconf 90' lang='lat' dir='ltr'><strong>quo</strong></span> <span class='ocrx_word' id='word_1_570' title='bbox 1343 1374 1468 1400; x_wconf 85' lang='lat' dir='ltr'><strong>vocabulo</strong></span> <span class='ocrx_word' id='word_1_571' title='bbox 1488 1375 1564 1401; x_wconf 78' lang='lat' dir='ltr'><strong>etiam</strong></span> <span class='ocrx_word' id='word_1_572' title='bbox 1580 1375 1726 1406; x_wconf 76' lang='lat' dir='ltr'><strong>SEIIONEI</strong></span> <span class='ocrx_word' id='word_1_573' title='bbox 1740 1382 1861 1415; x_wconf 84' lang='lat' dir='ltr'><strong>appella-</strong></span> 
     </span>
    </p>
   </div>
   <div class='ocr_carea' id='block_1_73' title="bbox 1061 1415 1863 1462">
    <p class='ocr_par' dir='ltr' id='par_1_73' title="bbox 1061 1415 1863 1462">
     <span class='ocr_line' id='line_1_73' title="bbox 1061 1415 1863 1462; baseline 0.019 -22"><span class='ocrx_word' id='word_1_574' title='bbox 1061 1422 1126 1441; x_wconf 87' lang='lat' dir='ltr'><strong>mus.</strong></span> <span class='ocrx_word' id='word_1_575' title='bbox 1142 1415 1254 1451; x_wconf 87' lang='lat' dir='ltr'><strong>ldeoque</strong></span> <span class='ocrx_word' id='word_1_576' title='bbox 1264 1418 1321 1450; x_wconf 88' lang='lat' dir='ltr'><strong>jam</strong></span> <span class='ocrx_word' id='word_1_577' title='bbox 1334 1418 1360 1444; x_wconf 88' lang='lat' dir='ltr'><strong>in</strong></span> <span class='ocrx_word' id='word_1_578' title='bbox 1375 1427 1422 1445; x_wconf 84' lang='lat' dir='ltr'><strong>usu</strong></span> <span class='ocrx_word' id='word_1_579' title='bbox 1445 1425 1482 1446; x_wconf 82' lang='lat' dir='ltr'><strong>est</strong></span> <span class='ocrx_word' id='word_1_580' title='bbox 1497 1427 1659 1455; x_wconf 83' lang='lat' dir='ltr'><strong>nostrorum,</strong></span> <span class='ocrx_word' id='word_1_581' title='bbox 1675 1433 1720 1458; x_wconf 85' lang='lat' dir='ltr'><strong>per</strong></span> <span class='ocrx_word' id='word_1_582' title='bbox 1737 1426 1863 1462; x_wconf 78' lang='lat' dir='ltr'><strong>simplici—</strong></span> 
     </span>
    </p>
   </div>
   <div class='ocr_carea' id='block_1_74' title="bbox 1061 1462 1863 1507">
    <p class='ocr_par' dir='ltr' id='par_1_74' title="bbox 1061 1462 1863 1507">
     <span class='ocr_line' id='line_1_74' title="bbox 1061 1462 1863 1507; baseline 0.016 -20"><span class='ocrx_word' id='word_1_583' title='bbox 1061 1465 1138 1488; x_wconf 82' lang='lat' dir='ltr'><strong>tatem</strong></span> <span class='ocrx_word' id='word_1_584' title='bbox 1164 1462 1383 1498; x_wconf 77' lang='lat' dir='ltr'><strong>interpretationis</strong></span> <span class='ocrx_word' id='word_1_585' title='bbox 1395 1487 1401 1496; x_wconf 81' lang='lat'><strong>,</strong></span> <span class='ocrx_word' id='word_1_586' title='bbox 1428 1465 1574 1497; x_wconf 68' lang='lat' dir='ltr'><strong>Senonum</strong></span> <span class='ocrx_word' id='word_1_587' title='bbox 1598 1469 1682 1498; x_wconf 81' lang='lat' dir='ltr'><strong>dicere</strong></span> <span class='ocrx_word' id='word_1_588' title='bbox 1696 1472 1766 1507; x_wconf 81' lang='lat' dir='ltr'><strong>apud</strong></span> <span class='ocrx_word' id='word_1_589' title='bbox 1779 1472 1863 1500; x_wconf 75' lang='lat' dir='ltr'><strong>Deum</strong></span> 
     </span>
    </p>
   </div>
   <div class='ocr_carea' id='block_1_75' title="bbox 1061 1507 1862 1552">
    <p class='ocr_par' dir='ltr' id='par_1_75' title="bbox 1061 1507 1862 1552">
     <span class='ocr_line' id='line_1_75' title="bbox 1061 1507 1862 1552; baseline 0.015 -19"><span class='ocrx_word' id='word_1_590' title='bbox 1061 1507 1149 1542; x_wconf 81' lang='lat' dir='ltr'><strong>fuisse.</strong></span> <span class='ocrx_word' id='word_1_591' title='bbox 1167 1509 1230 1535; x_wconf 87' lang='lat' dir='ltr'><strong>Cum</strong></span> <span class='ocrx_word' id='word_1_592' title='bbox 1245 1511 1326 1545; x_wconf 80' lang='lat' dir='ltr'><strong>magis</strong></span> <span class='ocrx_word' id='word_1_593' title='bbox 1344 1511 1482 1540; x_wconf 69' lang='grc' dir='ltr'><strong>ΠΑΤιοΝΕι</strong></span> <span class='ocrx_word' id='word_1_594' title='bbox 1492 1520 1619 1548; x_wconf 80' lang='lat' dir='ltr'><strong>competat</strong></span> <span class='ocrx_word' id='word_1_595' title='bbox 1629 1517 1800 1552; x_wconf 82' lang='lat' dir='ltr'><strong>antiquiorem</strong></span> <span class='ocrx_word' id='word_1_596' title='bbox 1815 1519 1862 1545; x_wconf 87' lang='lat' dir='ltr'><strong>Ita-</strong></span> 
     </span>
    </p>
   </div>
   <div class='ocr_carea' id='block_1_76' title="bbox 1062 1553 1862 1596">
    <p class='ocr_par' dir='ltr' id='par_1_76' title="bbox 1062 1553 1862 1596">
     <span class='ocr_line' id='line_1_76' title="bbox 1062 1553 1862 1596; baseline 0.019 -17"><span class='ocrx_word' id='word_1_597' title='bbox 1062 1553 1131 1586; x_wconf 88' lang='lat' dir='ltr'><strong>beri,</strong></span> <span class='ocrx_word' id='word_1_598' title='bbox 1148 1555 1208 1589; x_wconf 85' lang='lat' dir='ltr'><strong>quia</strong></span> <span class='ocrx_word' id='word_1_599' title='bbox 1217 1563 1268 1583; x_wconf 66' lang='lat' dir='ltr'><strong>non</strong></span> <span class='ocrx_word' id='word_1_600' title='bbox 1279 1559 1430 1585; x_wconf 84' lang='lat' dir='ltr'><strong>sermonolis</strong></span> <span class='ocrx_word' id='word_1_601' title='bbox 1445 1567 1461 1586; x_wconf 81' lang='grc' dir='ltr'><em>α</em></span> <span class='ocrx_word' id='word_1_602' title='bbox 1474 1560 1616 1596; x_wconf 83' lang='lat' dir='ltr'><strong>principio,</strong></span> <span class='ocrx_word' id='word_1_603' title='bbox 1638 1564 1684 1589; x_wconf 77' lang='lat' dir='ltr'><strong>sed</strong></span> <span class='ocrx_word' id='word_1_604' title='bbox 1699 1563 1862 1593; x_wconf 60' lang='lat' dir='ltr'><strong>[intonsus</strong></span> 
     </span>
    </p>
   </div>
   <div class='ocr_carea' id='block_1_77' title="bbox 1060 1599 1862 1645">
    <p class='ocr_par' dir='ltr' id='par_1_77' title="bbox 1060 1599 1862 1645">
     <span class='ocr_line' id='line_1_77' title="bbox 1060 1599 1862 1645; baseline 0.019 -19"><span class='ocrx_word' id='word_1_605' title='bbox 1060 1599 1131 1627; x_wconf 83' lang='lat' dir='ltr'><strong>Deus</strong></span> <span class='ocrx_word' id='word_1_606' title='bbox 1143 1604 1221 1628; x_wconf 82' lang='lat' dir='ltr'><strong>etiam</strong></span> <span class='ocrx_word' id='word_1_607' title='bbox 1235 1607 1294 1630; x_wconf 88' lang='lat' dir='ltr'><strong>ante</strong></span> <span class='ocrx_word' id='word_1_608' title='bbox 1308 1605 1478 1640; x_wconf 79' lang='lat' dir='ltr'><strong>principium,</strong></span> <span class='ocrx_word' id='word_1_609' title='bbox 1492 1611 1515 1634; x_wconf 89' lang='lat' dir='ltr'><strong>et</strong></span> <span class='ocrx_word' id='word_1_610' title='bbox 1524 1608 1584 1641; x_wconf 89' lang='lat' dir='ltr'><strong>quia</strong></span> <span class='ocrx_word' id='word_1_611' title='bbox 1594 1608 1650 1644; x_wconf 81' lang='lat' dir='ltr'><strong>ipse</strong></span> <span class='ocrx_word' id='word_1_612' title='bbox 1661 1618 1760 1645; x_wconf 84' lang='lat' dir='ltr'><strong>quoque</strong></span> <span class='ocrx_word' id='word_1_613' title='bbox 1770 1612 1862 1641; x_wconf 70' lang='lat' dir='ltr'><strong>Saluto</strong></span> 
     </span>
    </p>
   </div>
   <div class='ocr_carea' id='block_1_78' title="bbox 1060 1647 1862 1689">
    <p class='ocr_par' dir='ltr' id='par_1_78' title="bbox 1060 1647 1862 1689">
     <span class='ocr_line' id='line_1_78' title="bbox 1060 1647 1862 1689; baseline 0.015 -14"><span class='ocrx_word' id='word_1_614' title='bbox 1060 1647 1185 1676; x_wconf 74' lang='lat' dir='ltr'><strong>Butam;</strong></span> <span class='ocrx_word' id='word_1_615' title='bbox 1203 1656 1361 1679; x_wconf 74' lang='lat' dir='ltr'><strong>CONSISTENS</strong></span> <span class='ocrx_word' id='word_1_616' title='bbox 1376 1652 1491 1687; x_wconf 86' lang='lat' dir='ltr'><strong>priorem</strong></span> <span class='ocrx_word' id='word_1_617' title='bbox 1504 1662 1559 1682; x_wconf 87' lang='lat' dir='ltr'><strong>eam</strong></span> <span class='ocrx_word' id='word_1_618' title='bbox 1569 1675 1577 1689; x_wconf 91' lang='lat'><strong>,</strong></span> <span class='ocrx_word' id='word_1_619' title='bbox 1592 1660 1620 1683; x_wconf 90' lang='lat' dir='ltr'><strong>ut</strong></span> <span class='ocrx_word' id='word_1_620' title='bbox 1637 1656 1807 1686; x_wconf 86' lang='lat' dir='ltr'><strong>substantiam</strong></span> <span class='ocrx_word' id='word_1_621' title='bbox 1821 1667 1862 1687; x_wconf 79' lang='lat' dir='ltr'><strong>os-</strong></span> 
     </span>
    </p>
   </div>
   <div class='ocr_carea' id='block_1_79' title="bbox 1061 1694 1151 1721">
    <p class='ocr_par' dir='ltr' id='par_1_79' title="bbox 1061 1694 1151 1721">
     <span class='ocr_line' id='line_1_79' title="bbox 1061 1694 1151 1721; baseline 0.011 -1"><span class='ocrx_word' id='word_1_622' title='bbox 1061 1694 1151 1721; x_wconf 80' lang='lat' dir='ltr'><strong>tendit.</strong></span> 
     </span>
    </p>
   </div>
   <div class='ocr_carea' id='block_1_80' title="bbox 1096 1740 1862 1784">
    <p class='ocr_par' dir='ltr' id='par_1_80' title="bbox 1096 1740 1862 1784">
     <span class='ocr_line' id='line_1_80' title="bbox 1096 1740 1862 1784; baseline 0.016 -17"><span class='ocrx_word' id='word_1_623' title='bbox 1096 1740 1173 1768; x_wconf 83' lang='lat' dir='ltr'><strong>Hunc</strong></span> <span class='ocrx_word' id='word_1_624' title='bbox 1185 1741 1290 1776; x_wconf 85' lang='lat' dir='ltr'><strong>ipsum,</strong></span> <span class='ocrx_word' id='word_1_625' title='bbox 1306 1750 1386 1777; x_wconf 90' lang='lat' dir='ltr'><strong>quem</strong></span> <span class='ocrx_word' id='word_1_626' title='bbox 1399 1749 1427 1771; x_wconf 91' lang='lat' dir='ltr'><strong>et</strong></span> <span class='ocrx_word' id='word_1_627' title='bbox 1445 1744 1588 1780; x_wconf 70' lang='lat' dir='ltr'><strong>Virtutem,</strong></span> <span class='ocrx_word' id='word_1_628' title='bbox 1610 1752 1639 1775; x_wconf 83' lang='lat' dir='ltr'><strong>et</strong></span> <span class='ocrx_word' id='word_1_629' title='bbox 1663 1748 1815 1784; x_wconf 76' lang='lat' dir='ltr'><strong>Rationem,</strong></span> <span class='ocrx_word' id='word_1_630' title='bbox 1834 1754 1862 1779; x_wconf 82' lang='lat' dir='ltr'><strong>et.</strong></span> 
     </span>
    </p>
   </div>
   <div class='ocr_carea' id='block_1_81' title="bbox 1060 1785 1862 1828">
    <p class='ocr_par' dir='ltr' id='par_1_81' title="bbox 1060 1785 1862 1828">
     <span class='ocr_line' id='line_1_81' title="bbox 1060 1785 1862 1828; baseline 0.015 -16"><span class='ocrx_word' id='word_1_631' title='bbox 1060 1785 1190 1820; x_wconf 86' lang='lat' dir='ltr'><strong>Spiritum</strong></span> <span class='ocrx_word' id='word_1_632' title='bbox 1207 1787 1291 1821; x_wconf 87' lang='lat' dir='ltr'><strong>dixit,</strong></span> <span class='ocrx_word' id='word_1_633' title='bbox 1308 1788 1470 1824; x_wconf 84' lang='lat' dir='ltr'><strong>Sapientiam</strong></span> <span class='ocrx_word' id='word_1_634' title='bbox 1489 1791 1554 1819; x_wconf 85' lang='lat' dir='ltr'><strong>alibi</strong></span> <span class='ocrx_word' id='word_1_635' title='bbox 1567 1793 1685 1827; x_wconf 82' lang='lat' dir='ltr'><strong>appellat</strong></span> <span class='ocrx_word' id='word_1_636' title='bbox 1702 1794 1779 1828; x_wconf 81' lang='lat' dir='ltr'><strong>(Adv.</strong></span> <span class='ocrx_word' id='word_1_637' title='bbox 1793 1795 1862 1824; x_wconf 79' lang='lat' dir='ltr'><strong>Her-</strong></span> 
     </span>
    </p>
   </div>
   <div class='ocr_carea' id='block_1_82' title="bbox 1060 1834 1861 1878">
    <p class='ocr_par' dir='ltr' id='par_1_82' title="bbox 1060 1834 1861 1878">
     <span class='ocr_line' id='line_1_82' title="bbox 1060 1834 1861 1878; baseline 0.016 -20"><span class='ocrx_word' id='word_1_638' title='bbox 1060 1840 1141 1868; x_wconf 84' lang='lat' dir='ltr'><strong>mog.,</strong></span> <span class='ocrx_word' id='word_1_639' title='bbox 1162 1841 1221 1868; x_wconf 83' lang='lat' dir='ltr'><strong>cap.</strong></span> <span class='ocrx_word' id='word_1_640' title='bbox 1236 1834 1280 1868; x_wconf 80' lang='grc'><strong>18)</strong></span> <span class='ocrx_word' id='word_1_641' title='bbox 1296 1842 1306 1861; x_wconf 90' lang='lat'><strong><em>:</em></strong></span> <span class='ocrx_word' id='word_1_642' title='bbox 1322 1835 1352 1862; x_wconf 87' lang='lat' dir='ltr'><strong>Si</strong></span> <span class='ocrx_word' id='word_1_643' title='bbox 1364 1843 1423 1863; x_wconf 82' lang='lat' dir='ltr'><strong>vero</strong></span> <span class='ocrx_word' id='word_1_644' title='bbox 1436 1844 1529 1865; x_wconf 74' lang='lat' dir='ltr'><strong>SOPEIA</strong></span> <span class='ocrx_word' id='word_1_645' title='bbox 1544 1839 1631 1867; x_wconf 78' lang='lat' dir='ltr'><strong>cadent</strong></span> <span class='ocrx_word' id='word_1_646' title='bbox 1647 1839 1697 1867; x_wconf 84' lang='lat' dir='ltr'><strong>Dei</strong></span> <span class='ocrx_word' id='word_1_647' title='bbox 1710 1849 1796 1870; x_wconf 73' lang='lat' dir='ltr'><strong>sentio</strong></span> <span class='ocrx_word' id='word_1_648' title='bbox 1809 1848 1861 1878; x_wconf 85' lang='lat' dir='ltr'><strong>est,</strong></span> 
     </span>
    </p>
   </div>
   <div class='ocr_carea' id='block_1_83' title="bbox 1060 1883 1864 1922">
    <p class='ocr_par' dir='ltr' id='par_1_83' title="bbox 1060 1883 1864 1922">
     <span class='ocr_line' id='line_1_83' title="bbox 1060 1883 1864 1922; baseline 0.015 -16"><span class='ocrx_word' id='word_1_649' title='bbox 1060 1883 1084 1906; x_wconf 91' lang='lat' dir='ltr'><strong>et</strong></span> <span class='ocrx_word' id='word_1_650' title='bbox 1099 1888 1175 1907; x_wconf 81' lang='lat' dir='ltr'><strong>sensu</strong></span> <span class='ocrx_word' id='word_1_651' title='bbox 1195 1888 1305 1912; x_wconf 79' lang='lat' dir='ltr'><strong>SOPlﬂA;</strong></span> <span class='ocrx_word' id='word_1_652' title='bbox 1325 1887 1348 1908; x_wconf 86' lang='lat' dir='ltr'><strong>et</strong></span> <span class='ocrx_word' id='word_1_653' title='bbox 1362 1883 1417 1910; x_wconf 84' lang='lat' dir='ltr'><strong>sine</strong></span> <span class='ocrx_word' id='word_1_654' title='bbox 1428 1892 1478 1917; x_wconf 86' lang='lat' dir='ltr'><strong>quo</strong></span> <span class='ocrx_word' id='word_1_655' title='bbox 1489 1884 1588 1919; x_wconf 79' lang='lat' dir='ltr'><strong>factum</strong></span> <span class='ocrx_word' id='word_1_656' title='bbox 1608 1891 1644 1913; x_wconf 85' lang='lat' dir='ltr'><strong>est</strong></span> <span class='ocrx_word' id='word_1_657' title='bbox 1656 1887 1747 1922; x_wconf 59' lang='lat' dir='ltr'><strong>nihil,</strong></span> <span class='ocrx_word' id='word_1_658' title='bbox 1762 1890 1829 1917; x_wconf 74' lang='lat' dir='ltr'><strong>sicut</strong></span> <span class='ocrx_word' id='word_1_659' title='bbox 1839 1895 1864 1919; x_wconf 82' lang='lat' dir='ltr'><strong>et</strong></span> 
     </span>
    </p>
   </div>
   <div class='ocr_carea' id='block_1_84' title="bbox 1059 1925 1862 1969">
    <p class='ocr_par' dir='ltr' id='par_1_84' title="bbox 1059 1925 1862 1969">
     <span class='ocr_line' id='line_1_84' title="bbox 1059 1925 1862 1969; baseline 0.015 -17"><span class='ocrx_word' id='word_1_660' title='bbox 1059 1925 1211 1961; x_wconf 81' lang='lat' dir='ltr'><strong>dispositum</strong></span> <span class='ocrx_word' id='word_1_661' title='bbox 1225 1927 1279 1955; x_wconf 83' lang='lat' dir='ltr'><strong>sine</strong></span> <span class='ocrx_word' id='word_1_662' title='bbox 1291 1935 1401 1962; x_wconf 73' lang='lat' dir='ltr'><strong>SOPHIA;</strong></span> <span class='ocrx_word' id='word_1_663' title='bbox 1418 1937 1478 1964; x_wconf 67' lang='lat' dir='ltr'><strong>quae</strong></span> <span class='ocrx_word' id='word_1_664' title='bbox 1497 1931 1589 1959; x_wconf 87' lang='lat' dir='ltr'><strong>omnia</strong></span> <span class='ocrx_word' id='word_1_665' title='bbox 1596 1933 1723 1961; x_wconf 87' lang='lat' dir='ltr'><strong>vocabula</strong></span> <span class='ocrx_word' id='word_1_666' title='bbox 1737 1935 1792 1969; x_wconf 86' lang='lat' dir='ltr'><strong>jam</strong></span> <span class='ocrx_word' id='word_1_667' title='bbox 1805 1936 1862 1963; x_wconf 90' lang='lat' dir='ltr'><strong>col—</strong></span> 
     </span>
    </p>
   </div>
   <div class='ocr_carea' id='block_1_85' title="bbox 1059 1970 1862 2013">
    <p class='ocr_par' dir='ltr' id='par_1_85' title="bbox 1059 1970 1862 2013">
     <span class='ocr_line' id='line_1_85' title="bbox 1059 1970 1862 2013; baseline 0.016 -16"><span class='ocrx_word' id='word_1_668' title='bbox 1059 1970 1164 2005; x_wconf 77' lang='lat' dir='ltr'><strong>legerat</strong></span> <span class='ocrx_word' id='word_1_669' title='bbox 1178 1972 1203 1999; x_wconf 95' lang='lat' dir='ltr'><strong>in</strong></span> <span class='ocrx_word' id='word_1_670' title='bbox 1214 1973 1391 2009; x_wconf 80' lang='lat' dir='ltr'><strong>Apologetico</strong></span> <span class='ocrx_word' id='word_1_671' title='bbox 1417 1975 1489 2011; x_wconf 86' lang='lat' dir='ltr'><strong>(cup.</strong></span> <span class='ocrx_word' id='word_1_672' title='bbox 1504 1977 1550 2013; x_wconf 74' lang='grc'><strong>25)</strong></span> <span class='ocrx_word' id='word_1_673' title='bbox 1561 1999 1568 2009; x_wconf 85' lang='grc'><strong>,</strong></span> <span class='ocrx_word' id='word_1_674' title='bbox 1588 1986 1713 2008; x_wconf 85' lang='lat' dir='ltr'><strong>asserens</strong></span> <span class='ocrx_word' id='word_1_675' title='bbox 1726 1979 1862 2012; x_wconf 83' lang='lat' dir='ltr'><strong>Christum</strong></span> 
     </span>
    </p>
   </div>
   <div class='ocr_carea' id='block_1_86' title="bbox 1059 2017 1862 2060">
    <p class='ocr_par' dir='ltr' id='par_1_86' title="bbox 1059 2017 1862 2060">
     <span class='ocr_line' id='line_1_86' title="bbox 1059 2017 1862 2060; baseline 0.011 -15"><span class='ocrx_word' id='word_1_676' title='bbox 1059 2025 1075 2045; x_wconf 89' lang='lat' dir='ltr'><strong>e</strong></span> <span class='ocrx_word' id='word_1_677' title='bbox 1087 2017 1162 2046; x_wconf 52' lang='lat' dir='ltr'><strong>caelis</strong></span> <span class='ocrx_word' id='word_1_678' title='bbox 1177 2024 1319 2047; x_wconf 87' lang='lat' dir='ltr'><strong>venturum</strong></span> <span class='ocrx_word' id='word_1_679' title='bbox 1331 2028 1392 2049; x_wconf 89' lang='lat' dir='ltr'><strong>cum</strong></span> <span class='ocrx_word' id='word_1_680' title='bbox 1417 2023 1499 2050; x_wconf 89' lang='lat' dir='ltr'><strong>totius</strong></span> <span class='ocrx_word' id='word_1_681' title='bbox 1513 2024 1605 2052; x_wconf 87' lang='lat' dir='ltr'><strong>mundi</strong></span> <span class='ocrx_word' id='word_1_682' title='bbox 1621 2031 1711 2060; x_wconf 88' lang='lat' dir='ltr'><strong>motu,</strong></span> <span class='ocrx_word' id='word_1_683' title='bbox 1725 2035 1785 2055; x_wconf 85' lang='lat' dir='ltr'><strong>Cum</strong></span> <span class='ocrx_word' id='word_1_684' title='bbox 1798 2028 1862 2057; x_wconf 66' lang='lat' dir='ltr'><strong>hor.</strong></span> 
     </span>
    </p>
   </div>
   <div class='ocr_carea' id='block_1_87' title="bbox 1060 2067 1860 2106">
    <p class='ocr_par' dir='ltr' id='par_1_87' title="bbox 1060 2067 1860 2106">
     <span class='ocr_line' id='line_1_87' title="bbox 1060 2067 1860 2106; baseline 0.014 -12"><span class='ocrx_word' id='word_1_685' title='bbox 1060 2074 1122 2095; x_wconf 86' lang='lat' dir='ltr'><strong>rore</strong></span> <span class='ocrx_word' id='word_1_686' title='bbox 1132 2067 1221 2100; x_wconf 88' lang='lat' dir='ltr'><strong>orbis,</strong></span> <span class='ocrx_word' id='word_1_687' title='bbox 1238 2077 1297 2097; x_wconf 90' lang='lat' dir='ltr'><strong>cum</strong></span> <span class='ocrx_word' id='word_1_688' title='bbox 1318 2070 1428 2103; x_wconf 89' lang='lat' dir='ltr'><strong>planctu</strong></span> <span class='ocrx_word' id='word_1_689' title='bbox 1444 2072 1582 2106; x_wconf 89' lang='lat' dir='ltr'><strong>omnium,</strong></span> <span class='ocrx_word' id='word_1_690' title='bbox 1599 2075 1646 2102; x_wconf 81' lang='lat' dir='ltr'><strong>sed</strong></span> <span class='ocrx_word' id='word_1_691' title='bbox 1663 2083 1715 2102; x_wconf 93' lang='lat' dir='ltr'><strong>non</strong></span> <span class='ocrx_word' id='word_1_692' title='bbox 1729 2076 1860 2105; x_wconf 84' lang='lat' dir='ltr'><strong>Christia-</strong></span> 
     </span>
    </p>
   </div>
   <div class='ocr_carea' id='block_1_88' title="bbox 1061 2115 1899 2156">
    <p class='ocr_par' dir='ltr' id='par_1_88' title="bbox 1061 2115 1899 2156">
     <span class='ocr_line' id='line_1_88' title="bbox 1061 2115 1899 2156; baseline 0.018 -17"><span class='ocrx_word' id='word_1_693' title='bbox 1061 2121 1155 2141; x_wconf 91' lang='lat' dir='ltr'><strong>norum</strong></span> <span class='ocrx_word' id='word_1_694' title='bbox 1169 2136 1176 2147; x_wconf 89' lang='lat'><strong>,</strong></span> <span class='ocrx_word' id='word_1_695' title='bbox 1198 2120 1227 2142; x_wconf 95' lang='lat' dir='ltr'><strong>ut</strong></span> <span class='ocrx_word' id='word_1_696' title='bbox 1248 2115 1295 2143; x_wconf 87' lang='lat' dir='ltr'><strong>Dei</strong></span> <span class='ocrx_word' id='word_1_697' title='bbox 1315 2116 1456 2151; x_wconf 86' lang='lat' dir='ltr'><strong>Virtutem,</strong></span> <span class='ocrx_word' id='word_1_698' title='bbox 1478 2124 1504 2147; x_wconf 90' lang='lat' dir='ltr'><strong>et</strong></span> <span class='ocrx_word' id='word_1_699' title='bbox 1520 2120 1566 2147; x_wconf 90' lang='lat' dir='ltr'><strong>Dei</strong></span> <span class='ocrx_word' id='word_1_700' title='bbox 1584 2121 1729 2156; x_wconf 83' lang='lat' dir='ltr'><strong>Spiritum,</strong></span> <span class='ocrx_word' id='word_1_701' title='bbox 1755 2129 1782 2152; x_wconf 90' lang='lat' dir='ltr'><strong>et</strong></span> <span class='ocrx_word' id='word_1_702' title='bbox 1797 2125 1861 2153; x_wconf 83' lang='lat' dir='ltr'><strong>Ser-</strong></span> <span class='ocrx_word' id='word_1_703' title='bbox 1893 2137 1899 2143; x_wconf 85' lang='lat'><strong>-</strong></span> 
     </span>
    </p>
   </div>
   <div class='ocr_carea' id='block_1_89' title="bbox 1060 2162 1840 2201">
    <p class='ocr_par' dir='ltr' id='par_1_89' title="bbox 1060 2162 1840 2201">
     <span class='ocr_line' id='line_1_89' title="bbox 1060 2162 1840 2201; baseline 0.014 -13"><span class='ocrx_word' id='word_1_704' title='bbox 1060 2169 1177 2196; x_wconf 75' lang='lat' dir='ltr'><strong>nionem,</strong></span> <span class='ocrx_word' id='word_1_705' title='bbox 1193 2167 1219 2190; x_wconf 92' lang='lat' dir='ltr'><strong>et</strong></span> <span class='ocrx_word' id='word_1_706' title='bbox 1234 2162 1392 2198; x_wconf 84' lang='lat' dir='ltr'><strong>Sapientiam</strong></span> <span class='ocrx_word' id='word_1_707' title='bbox 1405 2186 1412 2197; x_wconf 87' lang='lat'><strong>,</strong></span> <span class='ocrx_word' id='word_1_708' title='bbox 1424 2171 1451 2193; x_wconf 86' lang='lat' dir='ltr'><strong>et</strong></span> <span class='ocrx_word' id='word_1_709' title='bbox 1467 2165 1620 2201; x_wconf 81' lang='lat' dir='ltr'><strong>Rationem,</strong></span> <span class='ocrx_word' id='word_1_710' title='bbox 1634 2173 1661 2196; x_wconf 91' lang='lat' dir='ltr'><strong>et</strong></span> <span class='ocrx_word' id='word_1_711' title='bbox 1672 2170 1717 2197; x_wconf 84' lang='lat' dir='ltr'><strong>Dei</strong></span> <span class='ocrx_word' id='word_1_712' title='bbox 1730 2170 1840 2199; x_wconf 74' lang='lat' dir='ltr'><strong>Filium.</strong></span> 
     </span>
    </p>
   </div>
   <div class='ocr_carea' id='block_1_90' title="bbox 1094 2219 1858 2257">
    <p class='ocr_par' dir='ltr' id='par_1_90' title="bbox 1094 2219 1858 2257">
     <span class='ocr_line' id='line_1_90' title="bbox 1094 2219 1858 2257; baseline 0.013 -11"><span class='ocrx_word' id='word_1_713' title='bbox 1094 2219 1163 2246; x_wconf 89' lang='lat' dir='ltr'><strong>Num</strong></span> <span class='ocrx_word' id='word_1_714' title='bbox 1179 2228 1244 2248; x_wconf 89' lang='lat' dir='ltr'><strong>vero</strong></span> <span class='ocrx_word' id='word_1_715' title='bbox 1257 2225 1385 2249; x_wconf 86' lang='lat' dir='ltr'><strong>constans</strong></span> <span class='ocrx_word' id='word_1_716' title='bbox 1404 2222 1455 2251; x_wconf 85' lang='lat' dir='ltr'><strong>sibi</strong></span> <span class='ocrx_word' id='word_1_717' title='bbox 1473 2223 1592 2252; x_wconf 85' lang='lat' dir='ltr'><strong>Nouator</strong></span> <span class='ocrx_word' id='word_1_718' title='bbox 1614 2226 1662 2253; x_wconf 85' lang='lat' dir='ltr'><strong>iste</strong></span> <span class='ocrx_word' id='word_1_719' title='bbox 1677 2227 1858 2257; x_wconf 68' lang='lat' dir='ltr'><strong>vocabulorum</strong></span> 
     </span>
    </p>
   </div>
   <div class='ocr_carea' id='block_1_91' title="bbox 206 2265 1009 2318">
    <p class='ocr_par' dir='ltr' id='par_1_91' title="bbox 206 2277 1007 2318">
     <span class='ocr_line' id='line_1_91' title="bbox 206 2277 1007 2318; baseline 0.005 -13"><span class='ocrx_word' id='word_1_720' title='bbox 206 2277 297 2305; x_wconf 74' lang='lat' dir='ltr'><strong>Gra’ce</strong></span> <span class='ocrx_word' id='word_1_721' title='bbox 311 2284 348 2305; x_wconf 80' lang='lat' dir='ltr'><strong>est</strong></span> <span class='ocrx_word' id='word_1_722' title='bbox 364 2278 441 2305; x_wconf 78' lang='lat' dir='ltr'><strong>Luca:</strong></span> <span class='ocrx_word' id='word_1_723' title='bbox 453 2281 645 2315; x_wconf 76' lang='grc' dir='ltr'><strong>πτωχοὶ,ᾳιιοίι</strong></span> <span class='ocrx_word' id='word_1_724' title='bbox 652 2282 757 2315; x_wconf 85' lang='lat' dir='ltr'><strong>proprie</strong></span> <span class='ocrx_word' id='word_1_725' title='bbox 768 2282 897 2309; x_wconf 82' lang='lat' dir='ltr'><strong>mendicos</strong></span> <span class='ocrx_word' id='word_1_726' title='bbox 910 2283 1007 2318; x_wconf 79' lang='lat' dir='ltr'><strong>signiﬁ-</strong></span> 
     </span>
    </p>
   </div>
   <div class='ocr_carea' id='block_1_92' title="bbox 1061 2265 1859 2318">
    <p class='ocr_par' dir='ltr' id='par_1_92' title="bbox 1061 2265 1859 2309">
     <span class='ocr_line' id='line_1_92' title="bbox 1061 2265 1859 2309; baseline 0.014 -18"><span class='ocrx_word' id='word_1_727' title='bbox 1061 2265 1100 2300; x_wconf 88' lang='lat' dir='ltr'><strong>(ut</strong></span> <span class='ocrx_word' id='word_1_728' title='bbox 1115 2266 1212 2293; x_wconf 90' lang='lat' dir='ltr'><strong>merito</strong></span> <span class='ocrx_word' id='word_1_729' title='bbox 1228 2266 1306 2305; x_wconf 81' lang='lat' dir='ltr'><strong>illum</strong></span> <span class='ocrx_word' id='word_1_730' title='bbox 1329 2273 1408 2295; x_wconf 86' lang='lat' dir='ltr'><strong>vocat</strong></span> <span class='ocrx_word' id='word_1_731' title='bbox 1420 2269 1567 2306; x_wconf 85' lang='lat' dir='ltr'><strong>Pamelins)</strong></span> <span class='ocrx_word' id='word_1_732' title='bbox 1583 2279 1661 2305; x_wconf 86' lang='lat' dir='ltr'><strong>cum,</strong></span> <span class='ocrx_word' id='word_1_733' title='bbox 1677 2274 1791 2308; x_wconf 75' lang='lat' dir='ltr'><strong>Sa-posiui</strong></span> <span class='ocrx_word' id='word_1_734' title='bbox 1803 2275 1859 2309; x_wconf 85' lang='lat' dir='ltr'><strong>pri-</strong></span> 
     </span>
    </p>
   </div>
   <div class='ocr_carea' id='block_1_93' title="bbox 204 2325 1005 2363">
    <p class='ocr_par' dir='ltr' id='par_1_93' title="bbox 204 2325 1005 2363">
     <span class='ocr_line' id='line_1_93' title="bbox 204 2325 1005 2363; baseline 0.006 -13"><span class='ocrx_word' id='word_1_735' title='bbox 204 2329 258 2351; x_wconf 74' lang='lat' dir='ltr'><strong>eat.</strong></span> <span class='ocrx_word' id='word_1_736' title='bbox 271 2325 319 2351; x_wconf 76' lang='lat' dir='ltr'><strong>Ast</strong></span> <span class='ocrx_word' id='word_1_737' title='bbox 333 2332 386 2351; x_wconf 82' lang='lat' dir='ltr'><strong>non</strong></span> <span class='ocrx_word' id='word_1_738' title='bbox 397 2330 459 2352; x_wconf 91' lang='lat' dir='ltr'><strong>sunt</strong></span> <span class='ocrx_word' id='word_1_739' title='bbox 467 2333 497 2352; x_wconf 81' lang='lat' dir='ltr'><strong>ea</strong></span> <span class='ocrx_word' id='word_1_740' title='bbox 508 2325 586 2353; x_wconf 64' lang='lat' dir='ltr'><strong>Luem</strong></span> <span class='ocrx_word' id='word_1_741' title='bbox 595 2347 602 2358; x_wconf 92' lang='lat'><strong>,</strong></span> <span class='ocrx_word' id='word_1_742' title='bbox 617 2326 663 2353; x_wconf 87' lang='lat' dir='ltr'><strong>sed</strong></span> <span class='ocrx_word' id='word_1_743' title='bbox 677 2326 793 2354; x_wconf 61' lang='lat' dir='ltr'><strong>Matthxi</strong></span> <span class='ocrx_word' id='word_1_744' title='bbox 803 2336 810 2359; x_wconf 87' lang='lat'><strong>;</strong></span> <span class='ocrx_word' id='word_1_745' title='bbox 822 2328 847 2354; x_wconf 93' lang='lat' dir='ltr'><strong>in</strong></span> <span class='ocrx_word' id='word_1_746' title='bbox 859 2336 1005 2363; x_wconf 78' lang='lat' dir='ltr'><strong>quon-quc,</strong></span> 
     </span>
    </p>
   </div>
   <div class='ocr_carea' id='block_1_94' title="bbox 203 2371 1007 2412">
    <p class='ocr_par' dir='ltr' id='par_1_94' title="bbox 203 2371 1007 2412">
     <span class='ocr_line' id='line_1_94' title="bbox 203 2371 1007 2412; baseline 0.006 -14"><span class='ocrx_word' id='word_1_747' title='bbox 203 2378 239 2398; x_wconf 82' lang='lat' dir='ltr'><strong>ac</strong></span> <span class='ocrx_word' id='word_1_748' title='bbox 252 2371 278 2398; x_wconf 92' lang='lat' dir='ltr'><strong>in</strong></span> <span class='ocrx_word' id='word_1_749' title='bbox 292 2371 341 2398; x_wconf 84' lang='lat' dir='ltr'><strong>illo</strong></span> <span class='ocrx_word' id='word_1_750' title='bbox 356 2372 425 2399; x_wconf 90' lang='lat' dir='ltr'><strong>idem</strong></span> <span class='ocrx_word' id='word_1_751' title='bbox 439 2372 561 2407; x_wconf 79' lang='lat' dir='ltr'><strong>profecto</strong></span> <span class='ocrx_word' id='word_1_752' title='bbox 575 2374 717 2400; x_wconf 83' lang='lat' dir='ltr'><strong>enmmatis</strong></span> <span class='ocrx_word' id='word_1_753' title='bbox 732 2374 837 2401; x_wconf 93' lang='lat' dir='ltr'><strong>initium</strong></span> <span class='ocrx_word' id='word_1_754' title='bbox 853 2376 972 2412; x_wconf 75' lang='grc' dir='ltr'><strong>μακάριοι</strong></span> <span class='ocrx_word' id='word_1_755' title='bbox 983 2376 1007 2403; x_wconf 79' lang='grc' dir='ltr'>οἱ</span> 
     </span>
    </p>
   </div>
   <div class='ocr_carea' id='block_1_95' title="bbox 204 2418 1005 2454">
    <p class='ocr_par' dir='ltr' id='par_1_95' title="bbox 204 2418 1005 2454">
     <span class='ocr_line' id='line_1_95' title="bbox 204 2418 1005 2454; baseline 0.005 -10"><span class='ocrx_word' id='word_1_756' title='bbox 204 2418 427 2452; x_wconf 70' lang='grc' dir='ltr'><strong>πτωχοὶ,νετυιη</strong></span> <span class='ocrx_word' id='word_1_757' title='bbox 439 2426 491 2445; x_wconf 91' lang='lat' dir='ltr'><strong>non</strong></span> <span class='ocrx_word' id='word_1_758' title='bbox 507 2418 602 2445; x_wconf 88' lang='lat' dir='ltr'><strong>eadem</strong></span> <span class='ocrx_word' id='word_1_759' title='bbox 618 2427 678 2454; x_wconf 66' lang='lat' dir='ltr'><strong>qua!</strong></span> <span class='ocrx_word' id='word_1_760' title='bbox 692 2425 850 2454; x_wconf 85' lang='lat' dir='ltr'><strong>sequuntur.</strong></span> <span class='ocrx_word' id='word_1_761' title='bbox 869 2421 900 2447; x_wconf 81' lang='lat' dir='ltr'><strong>Et</strong></span> <span class='ocrx_word' id='word_1_762' title='bbox 917 2427 1005 2448; x_wconf 84' lang='lat' dir='ltr'><strong>tamen</strong></span> 
     </span>
    </p>
   </div>
   <div class='ocr_carea' id='block_1_96' title="bbox 203 2464 1007 2501">
    <p class='ocr_par' dir='ltr' id='par_1_96' title="bbox 203 2464 1007 2501">
     <span class='ocr_line' id='line_1_96' title="bbox 203 2464 1007 2501; baseline 0.006 -11"><span class='ocrx_word' id='word_1_763' title='bbox 203 2465 336 2499; x_wconf 73' lang='grc' dir='ltr'><strong>πτωχοὺς</strong></span> <span class='ocrx_word' id='word_1_764' title='bbox 349 2464 420 2497; x_wconf 83' lang='lat' dir='ltr'><strong>illos,</strong></span> <span class='ocrx_word' id='word_1_765' title='bbox 431 2470 498 2498; x_wconf 81' lang='lat' dir='ltr'><strong>quos</strong></span> <span class='ocrx_word' id='word_1_766' title='bbox 512 2465 575 2492; x_wconf 89' lang='lat' dir='ltr'><strong>inibi</strong></span> <span class='ocrx_word' id='word_1_767' title='bbox 593 2465 728 2493; x_wconf 80' lang='lat' dir='ltr'><strong>Mendicos</strong></span> <span class='ocrx_word' id='word_1_768' title='bbox 744 2467 812 2494; x_wconf 89' lang='lat' dir='ltr'><strong>verti</strong></span> <span class='ocrx_word' id='word_1_769' title='bbox 824 2467 889 2499; x_wconf 86' lang='lat' dir='ltr'><strong>vult,</strong></span> <span class='ocrx_word' id='word_1_770' title='bbox 902 2468 1007 2501; x_wconf 83' lang='lat' dir='ltr'><strong>Egenos</strong></span> 
     </span>
    </p>
   </div>
   <div class='ocr_carea' id='block_1_97' title="bbox 204 2509 1006 2547">
    <p class='ocr_par' dir='ltr' id='par_1_97' title="bbox 204 2509 1006 2547">
     <span class='ocr_line' id='line_1_97' title="bbox 204 2509 1006 2547; baseline 0.006 -11"><span class='ocrx_word' id='word_1_771' title='bbox 204 2509 272 2537; x_wconf 68' lang='lat' dir='ltr'><strong>alibi</strong></span> <span class='ocrx_word' id='word_1_772' title='bbox 284 2510 422 2544; x_wconf 80' lang='lat' dir='ltr'><strong>appellat,</strong></span> <span class='ocrx_word' id='word_1_773' title='bbox 444 2515 476 2537; x_wconf 89' lang='lat' dir='ltr'><strong>nt</strong></span> <span class='ocrx_word' id='word_1_774' title='bbox 487 2511 640 2538; x_wconf 84' lang='lat' dir='ltr'><strong>observavit</strong></span> <span class='ocrx_word' id='word_1_775' title='bbox 654 2512 791 2540; x_wconf 89' lang='lat' dir='ltr'><strong>Pamelins</strong></span> <span class='ocrx_word' id='word_1_776' title='bbox 803 2514 859 2547; x_wconf 86' lang='lat' dir='ltr'><strong>ipse</strong></span> <span class='ocrx_word' id='word_1_777' title='bbox 871 2535 877 2546; x_wconf 85' lang='lat'><strong>,</strong></span> <span class='ocrx_word' id='word_1_778' title='bbox 890 2514 1006 2542; x_wconf 86' lang='lat' dir='ltr'><strong>adducto</strong></span> 
     </span>
    </p>
   </div>
   <div class='ocr_carea' id='block_1_98' title="bbox 206 2555 1007 2594">
    <p class='ocr_par' dir='ltr' id='par_1_98' title="bbox 206 2555 1007 2594">
     <span class='ocr_line' id='line_1_98' title="bbox 206 2555 1007 2594; baseline 0.005 -11"><span class='ocrx_word' id='word_1_779' title='bbox 206 2555 268 2583; x_wconf 85' lang='lat' dir='ltr'><strong>loco</strong></span> <span class='ocrx_word' id='word_1_780' title='bbox 281 2564 314 2583; x_wconf 82' lang='lat' dir='ltr'><strong>ex</strong></span> <span class='ocrx_word' id='word_1_781' title='bbox 330 2556 375 2583; x_wconf 87' lang='lat' dir='ltr'><strong>lib.</strong></span> <span class='ocrx_word' id='word_1_782' title='bbox 388 2556 422 2583; x_wconf 84' lang='lat' dir='ltr'><strong>de</strong></span> <span class='ocrx_word' id='word_1_783' title='bbox 435 2556 587 2584; x_wconf 82' lang='lat' dir='ltr'><strong>idololatria</strong></span> <span class='ocrx_word' id='word_1_784' title='bbox 597 2566 645 2589; x_wconf 77' lang='lat' dir='ltr'><strong>xu.</strong></span> <span class='ocrx_word' id='word_1_785' title='bbox 659 2558 701 2585; x_wconf 82' lang='lat' dir='ltr'><strong>cui</strong></span> <span class='ocrx_word' id='word_1_786' title='bbox 716 2559 816 2587; x_wconf 86' lang='lat' dir='ltr'><strong>addere</strong></span> <span class='ocrx_word' id='word_1_787' title='bbox 831 2560 945 2587; x_wconf 85' lang='lat' dir='ltr'><strong>alterum</strong></span> <span class='ocrx_word' id='word_1_788' title='bbox 959 2568 1007 2594; x_wconf 89' lang='lat' dir='ltr'><strong>po-</strong></span> 
     </span>
    </p>
   </div>
   <div class='ocr_carea' id='block_1_99' title="bbox 203 2601 1006 2638">
    <p class='ocr_par' dir='ltr' id='par_1_99' title="bbox 203 2601 1006 2638">
     <span class='ocr_line' id='line_1_99' title="bbox 203 2601 1006 2638; baseline 0.007 -10"><span class='ocrx_word' id='word_1_789' title='bbox 203 2606 279 2629; x_wconf 76' lang='lat' dir='ltr'><strong>terat</strong></span> <span class='ocrx_word' id='word_1_790' title='bbox 287 2609 321 2629; x_wconf 84' lang='lat' dir='ltr'><strong>ex</strong></span> <span class='ocrx_word' id='word_1_791' title='bbox 338 2601 448 2629; x_wconf 84' lang='lat' dir='ltr'><strong>laudato</strong></span> <span class='ocrx_word' id='word_1_792' title='bbox 462 2603 592 2631; x_wconf 75' lang='lat' dir='ltr'><strong>adversus</strong></span> <span class='ocrx_word' id='word_1_793' title='bbox 608 2604 770 2632; x_wconf 84' lang='lat' dir='ltr'><strong>Marcioncm</strong></span> <span class='ocrx_word' id='word_1_794' title='bbox 782 2626 789 2638; x_wconf 88' lang='lat'><strong>,</strong></span> <span class='ocrx_word' id='word_1_795' title='bbox 803 2606 847 2633; x_wconf 89' lang='lat' dir='ltr'><strong>ubi</strong></span> <span class='ocrx_word' id='word_1_796' title='bbox 862 2611 889 2633; x_wconf 87' lang='lat' dir='ltr'><strong>et</strong></span> <span class='ocrx_word' id='word_1_797' title='bbox 904 2607 1006 2634; x_wconf 90' lang='lat' dir='ltr'><strong>mendi-</strong></span> 
     </span>
    </p>
   </div>
   <div class='ocr_carea' id='block_1_100' title="bbox 207 2649 1005 2686">
    <p class='ocr_par' dir='ltr' id='par_1_100' title="bbox 207 2649 1005 2686">
     <span class='ocr_line' id='line_1_100' title="bbox 207 2649 1005 2686; baseline 0.005 -12"><span class='ocrx_word' id='word_1_798' title='bbox 207 2654 273 2680; x_wconf 71' lang='grc' dir='ltr'><strong>ωε,</strong></span> <span class='ocrx_word' id='word_1_799' title='bbox 293 2652 323 2675; x_wconf 82' lang='lat' dir='ltr'><strong>et</strong></span> <span class='ocrx_word' id='word_1_800' title='bbox 336 2655 468 2682; x_wconf 65' lang='lat' dir='ltr'><strong>pauperes</strong></span> <span class='ocrx_word' id='word_1_801' title='bbox 483 2649 637 2684; x_wconf 81' lang='lat' dir='ltr'><strong>Egenornm</strong></span> <span class='ocrx_word' id='word_1_802' title='bbox 661 2652 770 2678; x_wconf 84' lang='lat' dir='ltr'><strong>nomine</strong></span> <span class='ocrx_word' id='word_1_803' title='bbox 792 2651 1005 2686; x_wconf 85' lang='lat' dir='ltr'><strong>comprehendit.</strong></span> 
     </span>
    </p>
   </div>
   <div class='ocr_carea' id='block_1_101' title="bbox 210 2692 1007 2732">
    <p class='ocr_par' dir='ltr' id='par_1_101' title="bbox 210 2692 1007 2732">
     <span class='ocr_line' id='line_1_101' title="bbox 210 2692 1007 2732; baseline 0.006 -13"><span class='ocrx_word' id='word_1_804' title='bbox 210 2692 345 2728; x_wconf 72' lang='lat' dir='ltr'><strong>Etpiures</strong></span> <span class='ocrx_word' id='word_1_805' title='bbox 365 2693 501 2722; x_wconf 79' lang='lat' dir='ltr'><strong>adducere</strong></span> <span class='ocrx_word' id='word_1_806' title='bbox 514 2702 669 2730; x_wconf 82' lang='lat' dir='ltr'><strong>possemus,</strong></span> <span class='ocrx_word' id='word_1_807' title='bbox 691 2697 715 2724; x_wconf 86' lang='lat' dir='ltr'><strong>si</strong></span> <span class='ocrx_word' id='word_1_808' title='bbox 735 2704 778 2724; x_wconf 90' lang='lat' dir='ltr'><strong>res</strong></span> <span class='ocrx_word' id='word_1_809' title='bbox 793 2702 927 2732; x_wconf 83' lang='lat' dir='ltr'><strong>posceret.</strong></span> <span class='ocrx_word' id='word_1_810' title='bbox 940 2698 1007 2731; x_wconf 70' lang='lat' dir='ltr'><strong>Qua:</strong></span> 
     </span>
    </p>
   </div>
   <div class='ocr_carea' id='block_1_102' title="bbox 211 2740 1005 2779">
    <p class='ocr_par' dir='ltr' id='par_1_102' title="bbox 211 2740 1005 2779">
     <span class='ocr_line' id='line_1_102' title="bbox 211 2740 1005 2779; baseline 0.008 -12"><span class='ocrx_word' id='word_1_811' title='bbox 211 2746 276 2768; x_wconf 68' lang='lat' dir='ltr'><strong>mo</strong></span> <span class='ocrx_word' id='word_1_812' title='bbox 299 2740 381 2769; x_wconf 71' lang='lat' dir='ltr'><strong>affert</strong></span> <span class='ocrx_word' id='word_1_813' title='bbox 400 2749 417 2769; x_wconf 87' lang='lat' dir='ltr'><strong>e</strong></span> <span class='ocrx_word' id='word_1_814' title='bbox 438 2742 641 2771; x_wconf 82' lang='lat' dir='ltr'><strong>Commentario</strong></span> <span class='ocrx_word' id='word_1_815' title='bbox 655 2744 681 2771; x_wconf 93' lang='lat' dir='ltr'><strong>in</strong></span> <span class='ocrx_word' id='word_1_816' title='bbox 696 2744 780 2779; x_wconf 86' lang='lat' dir='ltr'><strong>Epist.</strong></span> <span class='ocrx_word' id='word_1_817' title='bbox 802 2745 836 2772; x_wconf 87' lang='lat' dir='ltr'><strong>ad</strong></span> <span class='ocrx_word' id='word_1_818' title='bbox 850 2745 1005 2779; x_wconf 79' lang='lat' dir='ltr'><strong>Romanos,</strong></span> 
     </span>
    </p>
   </div>
   <div class='ocr_carea' id='block_1_103' title="bbox 205 2788 1009 2828">
    <p class='ocr_par' dir='ltr' id='par_1_103' title="bbox 205 2788 1009 2828">
     <span class='ocr_line' id='line_1_103' title="bbox 205 2788 1009 2828; baseline 0.007 -13"><span class='ocrx_word' id='word_1_819' title='bbox 205 2788 276 2816; x_wconf 91' lang='lat' dir='ltr'><strong>olim</strong></span> <span class='ocrx_word' id='word_1_820' title='bbox 287 2789 429 2817; x_wconf 76' lang='lat' dir='ltr'><strong>Ambrosio</strong></span> <span class='ocrx_word' id='word_1_821' title='bbox 440 2790 554 2823; x_wconf 89' lang='lat' dir='ltr'><strong>tributo,</strong></span> <span class='ocrx_word' id='word_1_822' title='bbox 570 2791 693 2827; x_wconf 75' lang='lat' dir='ltr'><strong>ambigua</strong></span> <span class='ocrx_word' id='word_1_823' title='bbox 707 2792 818 2820; x_wconf 89' lang='lat' dir='ltr'><strong>omnino</strong></span> <span class='ocrx_word' id='word_1_824' title='bbox 828 2798 906 2826; x_wconf 90' lang='lat' dir='ltr'><strong>sunt;</strong></span> <span class='ocrx_word' id='word_1_825' title='bbox 921 2801 1009 2828; x_wconf 89' lang='lat' dir='ltr'><strong>neque</strong></span> 
     </span>
    </p>
   </div>
   <div class='ocr_carea' id='block_1_104' title="bbox 205 2836 1009 2868">
    <p class='ocr_par' dir='ltr' id='par_1_104' title="bbox 205 2836 1009 2868">
     <span class='ocr_line' id='line_1_104' title="bbox 205 2836 1009 2868; baseline 0.007 -7"><span class='ocrx_word' id='word_1_826' title='bbox 205 2839 341 2862; x_wconf 75' lang='lat' dir='ltr'><strong>asset-tam</strong></span> <span class='ocrx_word' id='word_1_827' title='bbox 355 2836 516 2864; x_wconf 80' lang='lat' dir='ltr'><strong>Tertulliani</strong></span> <span class='ocrx_word' id='word_1_828' title='bbox 533 2838 684 2866; x_wconf 81' lang='lat' dir='ltr'><strong>versionem</strong></span> <span class='ocrx_word' id='word_1_829' title='bbox 709 2843 828 2867; x_wconf 67' lang='lat' dir='ltr'><strong>statuere</strong></span> <span class='ocrx_word' id='word_1_830' title='bbox 847 2839 903 2868; x_wconf 93' lang='lat' dir='ltr'><strong>ullo</strong></span> <span class='ocrx_word' id='word_1_831' title='bbox 928 2839 1009 2868; x_wconf 93' lang='lat' dir='ltr'><strong>modo</strong></span> 
     </span>
    </p>
   </div>
   <div class='ocr_carea' id='block_1_105' title="bbox 205 2886 334 2916">
    <p class='ocr_par' dir='ltr' id='par_1_105' title="bbox 205 2886 334 2916">
     <span class='ocr_line' id='line_1_105' title="bbox 205 2886 334 2916; baseline -0.016 -7"><span class='ocrx_word' id='word_1_832' title='bbox 205 2886 334 2916; x_wconf 79' lang='lat' dir='ltr'><strong>possunt.</strong></span> 
     </span>
    </p>
   </div>
   <div class='ocr_carea' id='block_1_106' title="bbox 1061 2312 1856 2355">
    <p class='ocr_par' dir='ltr' id='par_1_106' title="bbox 1061 2312 1856 2355">
     <span class='ocr_line' id='line_1_106' title="bbox 1061 2312 1856 2355; baseline 0.013 -17"><span class='ocrx_word' id='word_1_833' title='bbox 1061 2312 1138 2338; x_wconf 75' lang='lat' dir='ltr'><strong>mtevi</strong></span> <span class='ocrx_word' id='word_1_834' title='bbox 1154 2312 1309 2347; x_wconf 83' lang='lat' dir='ltr'><strong>interpretis</strong></span> <span class='ocrx_word' id='word_1_835' title='bbox 1322 2314 1464 2348; x_wconf 88' lang='lat' dir='ltr'><strong>versione,</strong></span> <span class='ocrx_word' id='word_1_836' title='bbox 1485 2324 1537 2350; x_wconf 86' lang='lat' dir='ltr'><strong>qua</strong></span> <span class='ocrx_word' id='word_1_837' title='bbox 1553 2320 1699 2353; x_wconf 69' lang='lat' dir='ltr'><strong>cteturoqui</strong></span> <span class='ocrx_word' id='word_1_838' title='bbox 1722 2320 1856 2355; x_wconf 86' lang='lat' dir='ltr'><strong>utebatur,</strong></span> 
     </span>
    </p>
   </div>
   <div class='ocr_carea' id='block_1_107' title="bbox 1059 2358 1858 2397">
    <p class='ocr_par' dir='ltr' id='par_1_107' title="bbox 1059 2358 1858 2397">
     <span class='ocr_line' id='line_1_107' title="bbox 1059 2358 1858 2397; baseline 0.014 -12"><span class='ocrx_word' id='word_1_839' title='bbox 1059 2358 1138 2394; x_wconf 72' lang='grc' dir='ltr'><strong>Λόγον</strong></span> <span class='ocrx_word' id='word_1_840' title='bbox 1153 2359 1306 2387; x_wconf 83' lang='lat' dir='ltr'><strong>Sermonem</strong></span> <span class='ocrx_word' id='word_1_841' title='bbox 1325 2361 1412 2394; x_wconf 77' lang='lat' dir='ltr'><strong>patius</strong></span> <span class='ocrx_word' id='word_1_842' title='bbox 1423 2382 1431 2395; x_wconf 90' lang='lat'><strong>,</strong></span> <span class='ocrx_word' id='word_1_843' title='bbox 1455 2370 1536 2397; x_wconf 82' lang='lat' dir='ltr'><strong>quam</strong></span> <span class='ocrx_word' id='word_1_844' title='bbox 1558 2363 1668 2392; x_wconf 82' lang='lat' dir='ltr'><strong>Verbum</strong></span> <span class='ocrx_word' id='word_1_845' title='bbox 1681 2370 1787 2394; x_wconf 87' lang='lat' dir='ltr'><strong>vertere</strong></span> <span class='ocrx_word' id='word_1_846' title='bbox 1801 2376 1858 2396; x_wconf 82' lang='lat' dir='ltr'><strong>ma-</strong></span> 
     </span>
    </p>
   </div>
   <div class='ocr_carea' id='block_1_108' title="bbox 1060 2406 1858 2452">
    <p class='ocr_par' dir='ltr' id='par_1_108' title="bbox 1060 2406 1858 2452">
     <span class='ocr_line' id='line_1_108' title="bbox 1060 2406 1858 2452; baseline 0.013 -20"><span class='ocrx_word' id='word_1_847' title='bbox 1060 2406 1128 2433; x_wconf 81' lang='lat' dir='ltr'><strong>luit?</strong></span> <span class='ocrx_word' id='word_1_848' title='bbox 1152 2408 1221 2434; x_wconf 81' lang='lat' dir='ltr'><strong>Antii</strong></span> <span class='ocrx_word' id='word_1_849' title='bbox 1248 2408 1320 2435; x_wconf 88' lang='lat' dir='ltr'><strong>illum</strong></span> <span class='ocrx_word' id='word_1_850' title='bbox 1334 2409 1414 2437; x_wconf 79' lang='lat' dir='ltr'><strong>aliter</strong></span> <span class='ocrx_word' id='word_1_851' title='bbox 1437 2418 1485 2443; x_wconf 90' lang='lat' dir='ltr'><strong>pro</strong></span> <span class='ocrx_word' id='word_1_852' title='bbox 1507 2412 1620 2438; x_wconf 85' lang='lat' dir='ltr'><strong>veritate</strong></span> <span class='ocrx_word' id='word_1_853' title='bbox 1634 2412 1789 2441; x_wconf 76' lang='lat' dir='ltr'><strong>cilerentem</strong></span> <span class='ocrx_word' id='word_1_854' title='bbox 1806 2415 1858 2452; x_wconf 83' lang='lat' dir='ltr'><strong>(De</strong></span> 
     </span>
    </p>
   </div>
   <div class='ocr_carea' id='block_1_109' title="bbox 1061 2453 1857 2496">
    <p class='ocr_par' dir='ltr' id='par_1_109' title="bbox 1061 2453 1857 2496">
     <span class='ocr_line' id='line_1_109' title="bbox 1061 2453 1857 2496; baseline 0.013 -17"><span class='ocrx_word' id='word_1_855' title='bbox 1061 2453 1212 2489; x_wconf 76' lang='lat' dir='ltr'><strong>Prwscript.</strong></span> <span class='ocrx_word' id='word_1_856' title='bbox 1228 2454 1337 2488; x_wconf 59' lang='lat' dir='ltr'><strong>liquet,</strong></span> <span class='ocrx_word' id='word_1_857' title='bbox 1359 2464 1418 2490; x_wconf 83' lang='lat' dir='ltr'><strong>cap.</strong></span> <span class='ocrx_word' id='word_1_858' title='bbox 1435 2456 1480 2491; x_wconf 69' lang='grc'><strong>15)</strong></span> <span class='ocrx_word' id='word_1_859' title='bbox 1493 2465 1501 2484; x_wconf 92' lang='lat'>:</span> <span class='ocrx_word' id='word_1_860' title='bbox 1521 2457 1621 2492; x_wconf 79' lang='lat' dir='ltr'><strong>Regula</strong></span> <span class='ocrx_word' id='word_1_861' title='bbox 1634 2464 1670 2485; x_wconf 78' lang='lat' dir='ltr'><strong>est</strong></span> <span class='ocrx_word' id='word_1_862' title='bbox 1683 2466 1768 2488; x_wconf 83' lang='lat' dir='ltr'><strong>autem</strong></span> <span class='ocrx_word' id='word_1_863' title='bbox 1778 2462 1839 2496; x_wconf 81' lang='lat' dir='ltr'><strong>ﬁdei</strong></span> <span class='ocrx_word' id='word_1_864' title='bbox 1849 2483 1857 2496; x_wconf 95' lang='lat'><strong>,</strong></span> 
     </span>
    </p>
   </div>
   <div class='ocr_carea' id='block_1_110' title="bbox 1058 2501 1857 2538">
    <p class='ocr_par' dir='ltr' id='par_1_110' title="bbox 1058 2501 1857 2538">
     <span class='ocr_line' id='line_1_110' title="bbox 1058 2501 1857 2538; baseline 0.014 -13"><span class='ocrx_word' id='word_1_865' title='bbox 1058 2504 1088 2526; x_wconf 85' lang='lat' dir='ltr'><strong>ut</strong></span> <span class='ocrx_word' id='word_1_866' title='bbox 1096 2501 1155 2536; x_wconf 88' lang='lat' dir='ltr'><strong>jam</strong></span> <span class='ocrx_word' id='word_1_867' title='bbox 1168 2501 1239 2534; x_wconf 84' lang='lat' dir='ltr'><strong>hinc,</strong></span> <span class='ocrx_word' id='word_1_868' title='bbox 1254 2501 1314 2531; x_wconf 83' lang='lat' dir='ltr'><strong>quid</strong></span> <span class='ocrx_word' id='word_1_869' title='bbox 1327 2501 1495 2537; x_wconf 79' lang='lat' dir='ltr'><strong>defendamus</strong></span> <span class='ocrx_word' id='word_1_870' title='bbox 1508 2524 1514 2535; x_wconf 87' lang='lat'><strong>,</strong></span> <span class='ocrx_word' id='word_1_871' title='bbox 1531 2504 1712 2538; x_wconf 78' lang='lat' dir='ltr'><strong>proﬁteamur,</strong></span> <span class='ocrx_word' id='word_1_872' title='bbox 1726 2507 1774 2534; x_wconf 89' lang='lat' dir='ltr'><strong>illa</strong></span> <span class='ocrx_word' id='word_1_873' title='bbox 1787 2509 1857 2535; x_wconf 83' lang='lat' dir='ltr'><strong>scili-</strong></span> 
     </span>
    </p>
   </div>
   <div class='ocr_carea' id='block_1_111' title="bbox 1058 2547 1856 2586">
    <p class='ocr_par' dir='ltr' id='par_1_111' title="bbox 1058 2547 1856 2586">
     <span class='ocr_line' id='line_1_111' title="bbox 1058 2547 1856 2586; baseline 0.013 -14"><span class='ocrx_word' id='word_1_874' title='bbox 1058 2551 1097 2573; x_wconf 86' lang='lat' dir='ltr'><strong>cet</strong></span> <span class='ocrx_word' id='word_1_875' title='bbox 1109 2567 1115 2577; x_wconf 88' lang='lat'><strong>,</strong></span> <span class='ocrx_word' id='word_1_876' title='bbox 1131 2555 1181 2581; x_wconf 86' lang='lat' dir='ltr'><strong>qua</strong></span> <span class='ocrx_word' id='word_1_877' title='bbox 1194 2547 1307 2574; x_wconf 82' lang='lat' dir='ltr'><strong>creditur</strong></span> <span class='ocrx_word' id='word_1_878' title='bbox 1319 2556 1397 2574; x_wconf 85' lang='lat' dir='ltr'><strong>unum</strong></span> <span class='ocrx_word' id='word_1_879' title='bbox 1409 2548 1511 2575; x_wconf 87' lang='lat' dir='ltr'><strong>omnino</strong></span> <span class='ocrx_word' id='word_1_880' title='bbox 1524 2548 1605 2577; x_wconf 84' lang='lat' dir='ltr'><strong>Deum</strong></span> <span class='ocrx_word' id='word_1_881' title='bbox 1620 2559 1693 2586; x_wconf 82' lang='lat' dir='ltr'><strong>esse;</strong></span> <span class='ocrx_word' id='word_1_882' title='bbox 1716 2562 1762 2580; x_wconf 77' lang='lat' dir='ltr'><strong>nec</strong></span> <span class='ocrx_word' id='word_1_883' title='bbox 1775 2554 1856 2582; x_wconf 85' lang='lat' dir='ltr'><strong>alium</strong></span> 
     </span>
    </p>
   </div>
   <div class='ocr_carea' id='block_1_112' title="bbox 1057 2592 1857 2636">
    <p class='ocr_par' dir='ltr' id='par_1_112' title="bbox 1057 2592 1857 2636">
     <span class='ocr_line' id='line_1_112' title="bbox 1057 2592 1857 2636; baseline 0.013 -17"><span class='ocrx_word' id='word_1_884' title='bbox 1057 2598 1149 2627; x_wconf 65' lang='lat' dir='ltr'><strong>preter</strong></span> <span class='ocrx_word' id='word_1_885' title='bbox 1174 2592 1268 2620; x_wconf 76' lang='lat' dir='ltr'><strong>Mundi</strong></span> <span class='ocrx_word' id='word_1_886' title='bbox 1290 2594 1461 2627; x_wconf 80' lang='lat' dir='ltr'><strong>conditorem,</strong></span> <span class='ocrx_word' id='word_1_887' title='bbox 1486 2594 1585 2624; x_wconf 84' lang='lat' dir='ltr'><strong>Filium</strong></span> <span class='ocrx_word' id='word_1_888' title='bbox 1601 2600 1657 2635; x_wconf 76' lang='lat' dir='ltr'><strong>ejus</strong></span> <span class='ocrx_word' id='word_1_889' title='bbox 1680 2601 1857 2636; x_wconf 78' lang='lat' dir='ltr'><strong>appellatum;</strong></span> 
     </span>
    </p>
   </div>
   <div class='ocr_carea' id='block_1_113' title="bbox 1057 2639 1856 2679">
    <p class='ocr_par' dir='ltr' id='par_1_113' title="bbox 1057 2639 1856 2679">
     <span class='ocr_line' id='line_1_113' title="bbox 1057 2639 1856 2679; baseline 0.016 -16"><span class='ocrx_word' id='word_1_890' title='bbox 1057 2639 1102 2672; x_wconf 85' lang='lat' dir='ltr'><strong>qui</strong></span> <span class='ocrx_word' id='word_1_891' title='bbox 1116 2639 1232 2665; x_wconf 83' lang='lat' dir='ltr'><strong>universa</strong></span> <span class='ocrx_word' id='word_1_892' title='bbox 1255 2640 1286 2666; x_wconf 86' lang='lat' dir='ltr'><strong>de</strong></span> <span class='ocrx_word' id='word_1_893' title='bbox 1298 2640 1379 2667; x_wconf 80' lang='lat' dir='ltr'><strong>nihilo</strong></span> <span class='ocrx_word' id='word_1_894' title='bbox 1407 2642 1555 2675; x_wconf 65' lang='lat' dir='ltr'><strong>produxerit</strong></span> <span class='ocrx_word' id='word_1_895' title='bbox 1577 2653 1622 2679; x_wconf 82' lang='lat' dir='ltr'><strong>per</strong></span> <span class='ocrx_word' id='word_1_896' title='bbox 1647 2645 1756 2674; x_wconf 77' lang='lat' dir='ltr'><strong>Vsmwtt</strong></span> <span class='ocrx_word' id='word_1_897' title='bbox 1780 2656 1856 2677; x_wconf 81' lang='lat' dir='ltr'><strong>suum</strong></span> 
     </span>
    </p>
   </div>
   <div class='ocr_carea' id='block_1_114' title="bbox 1059 2686 1856 2731">
    <p class='ocr_par' dir='ltr' id='par_1_114' title="bbox 1059 2686 1856 2731">
     <span class='ocr_line' id='line_1_114' title="bbox 1059 2686 1856 2731; baseline 0.015 -20"><span class='ocrx_word' id='word_1_898' title='bbox 1059 2686 1143 2720; x_wconf 74' lang='lat' dir='ltr'><strong>primo</strong></span> <span class='ocrx_word' id='word_1_899' title='bbox 1159 2686 1272 2713; x_wconf 88' lang='lat' dir='ltr'><strong>omnium</strong></span> <span class='ocrx_word' id='word_1_900' title='bbox 1284 2687 1432 2716; x_wconf 73' lang='lat' dir='ltr'><strong>demissum.</strong></span> <span class='ocrx_word' id='word_1_901' title='bbox 1449 2688 1482 2716; x_wconf 88' lang='lat' dir='ltr'><strong>Id</strong></span> <span class='ocrx_word' id='word_1_902' title='bbox 1497 2689 1618 2726; x_wconf 76' lang='lat' dir='ltr'><strong>VERBUI,</strong></span> <span class='ocrx_word' id='word_1_903' title='bbox 1641 2692 1724 2726; x_wconf 72' lang='lat' dir='ltr'><strong>ﬁlium</strong></span> <span class='ocrx_word' id='word_1_904' title='bbox 1738 2694 1792 2730; x_wconf 84' lang='lat' dir='ltr'><strong>ejus</strong></span> <span class='ocrx_word' id='word_1_905' title='bbox 1805 2704 1856 2731; x_wconf 68' lang='lat' dir='ltr'><strong>ap-</strong></span> 
     </span>
    </p>
   </div>
   <div class='ocr_carea' id='block_1_115' title="bbox 1060 2733 1847 2768">
    <p class='ocr_par' dir='ltr' id='par_1_115' title="bbox 1060 2733 1847 2768">
     <span class='ocr_line' id='line_1_115' title="bbox 1060 2733 1847 2768; baseline 0.006 -8"><span class='ocrx_word' id='word_1_906' title='bbox 1060 2733 1184 2768; x_wconf 82' lang='lat' dir='ltr'><strong>pellamus</strong></span> <span class='ocrx_word' id='word_1_907' title='bbox 1189 2753 1195 2759; x_wconf 91' lang='lat'><strong>.</strong></span> <span class='ocrx_word' id='word_1_908' title='bbox 1843 2738 1847 2741; x_wconf 85' lang='grc'><em>’</em></span> 
     </span>
    </p>
   </div>
   <div class='ocr_carea' id='block_1_116' title="bbox 1097 2792 1856 2830">
    <p class='ocr_par' dir='ltr' id='par_1_116' title="bbox 1097 2792 1856 2830">
     <span class='ocr_line' id='line_1_116' title="bbox 1097 2792 1856 2830; baseline 0.012 -10"><span class='ocrx_word' id='word_1_909' title='bbox 1097 2792 1225 2821; x_wconf 74' lang='grc' dir='ltr'><strong>Εειπιάοαι</strong></span> <span class='ocrx_word' id='word_1_910' title='bbox 1234 2800 1327 2822; x_wconf 89' lang='lat' dir='ltr'><strong>vocem</strong></span> <span class='ocrx_word' id='word_1_911' title='bbox 1335 2800 1445 2830; x_wconf 86' lang='lat' dir='ltr'><strong>usurpat</strong></span> <span class='ocrx_word' id='word_1_912' title='bbox 1458 2796 1541 2823; x_wconf 90' lang='lat' dir='ltr'><strong>semel</strong></span> <span class='ocrx_word' id='word_1_913' title='bbox 1551 2800 1578 2824; x_wconf 78' lang='lat' dir='ltr'><strong>et</strong></span> <span class='ocrx_word' id='word_1_914' title='bbox 1588 2797 1685 2825; x_wconf 91' lang='lat' dir='ltr'><strong>iterum</strong></span> <span class='ocrx_word' id='word_1_915' title='bbox 1692 2798 1739 2827; x_wconf 89' lang='lat' dir='ltr'><strong>lib.</strong></span> <span class='ocrx_word' id='word_1_916' title='bbox 1747 2800 1781 2828; x_wconf 89' lang='lat' dir='ltr'><strong>de</strong></span> <span class='ocrx_word' id='word_1_917' title='bbox 1791 2800 1856 2829; x_wconf 84' lang='lat' dir='ltr'><strong>Car-</strong></span> 
     </span>
    </p>
   </div>
   <div class='ocr_carea' id='block_1_117' title="bbox 1060 2840 1855 2883">
    <p class='ocr_par' dir='ltr' id='par_1_117' title="bbox 1060 2840 1855 2883">
     <span class='ocr_line' id='line_1_117' title="bbox 1060 2840 1855 2883; baseline 0.011 -16"><span class='ocrx_word' id='word_1_918' title='bbox 1060 2847 1095 2868; x_wconf 89' lang='lat' dir='ltr'><strong>ne</strong></span> <span class='ocrx_word' id='word_1_919' title='bbox 1107 2840 1206 2867; x_wconf 90' lang='lat' dir='ltr'><strong>Christi</strong></span> <span class='ocrx_word' id='word_1_920' title='bbox 1219 2840 1289 2876; x_wconf 73' lang='grc' dir='ltr'><strong>(ιαμ.</strong></span> <span class='ocrx_word' id='word_1_921' title='bbox 1312 2841 1357 2873; x_wconf 74' lang='grc'><strong>12,</strong></span> <span class='ocrx_word' id='word_1_922' title='bbox 1384 2840 1448 2877; x_wconf 79' lang='grc'><strong>18),</strong></span> <span class='ocrx_word' id='word_1_923' title='bbox 1473 2842 1581 2871; x_wconf 73' lang='lat' dir='ltr'><strong>Verumst</strong></span> <span class='ocrx_word' id='word_1_924' title='bbox 1598 2844 1753 2880; x_wconf 80' lang='lat' dir='ltr'><strong>frequenter</strong></span> <span class='ocrx_word' id='word_1_925' title='bbox 1764 2849 1855 2883; x_wconf 80' lang='lat' dir='ltr'><strong>appel-</strong></span> 
     </span>
    </p>
   </div>
   <div class='ocr_carea' id='block_1_118' title="bbox 1030 2885 1858 2931">
    <p class='ocr_par' dir='ltr' id='par_1_118' title="bbox 1030 2885 1858 2931">
     <span class='ocr_line' id='line_1_118' title="bbox 1030 2885 1858 2931; baseline 0.016 -18"><span class='ocrx_word' id='word_1_926' title='bbox 1030 2885 1034 2889; x_wconf 89' lang='grc'><strong>”</strong></span> <span class='ocrx_word' id='word_1_927' title='bbox 1063 2887 1132 2916; x_wconf 87' lang='lat' dir='ltr'><strong>laus.</strong></span> <span class='ocrx_word' id='word_1_928' title='bbox 1149 2887 1224 2916; x_wconf 85' lang='lat' dir='ltr'><strong>Tunc</strong></span> <span class='ocrx_word' id='word_1_929' title='bbox 1235 2887 1377 2917; x_wconf 78' lang='lat' dir='ltr'><strong>haereticos</strong></span> <span class='ocrx_word' id='word_1_930' title='bbox 1389 2894 1500 2918; x_wconf 77' lang='lat' dir='ltr'><strong>suorum</strong></span> <span class='ocrx_word' id='word_1_931' title='bbox 1512 2895 1663 2927; x_wconf 83' lang='lat' dir='ltr'><strong>temporum</strong></span> <span class='ocrx_word' id='word_1_932' title='bbox 1672 2894 1781 2931; x_wconf 77' lang='lat' dir='ltr'><strong>antiqua</strong></span> <span class='ocrx_word' id='word_1_933' title='bbox 1792 2895 1858 2926; x_wconf 79' lang='lat' dir='ltr'><strong>Vor-</strong></span> 
     </span>
    </p>
   </div>
   <div class='ocr_carea' id='block_1_119' title="bbox 1766 2945 1847 2992">
    <p class='ocr_par' dir='ltr' id='par_1_119' title="bbox 1766 2945 1847 2992">
     <span class='ocr_line' id='line_1_119' title="bbox 1766 2945 1847 2992; baseline 0 0"><span class='ocrx_word' id='word_1_934' title='bbox 1766 2945 1847 2992; x_wconf 65' lang='grc' dir='ltr'><strong>Γ</strong></span> 
     </span>
    </p>
   </div>
  </div>
