4054 6198
344 308 412 363 tr
1682 273 1683 277 ‘
1732 278 2280 342 PROLEGOMENA.
3580 271 3655 326 ss

347 425 503 481 sione
526 426 740 477 utentes
782 414 988 471 inducit
1029 410 1227 467 ibidem
1250 448 1267 477 ,
1297 407 1520 471 dicens,
1561 402 1804 475 quoniam
1835 402 1942 473 (in-
1965 402 2021 463 Α
2044 411 2179 451 rum.
2218 413 2236 447 ›
2290 391 2474 446 deinde
2516 394 2786 481 generatus
2827 386 2896 440 ad
2925 384 3184 452 e/fectum,
3225 402 3244 437 t
3282 381 3412 439 Cum
3449 393 3656 454 pararet

347 514 589 588 quiunt),
614 511 841 567 VERBUM
862 521 998 563 cano
1025 509 1220 576 factum
1247 511 1342 557 est.

419 627 528 685 Sed
550 625 738 681 nullibi
767 632 871 678 tam
895 628 1082 676 exerte
1102 618 1211 672 vim
1232 614 1439 671 voculae
1460 610 1623 684 Λόγος
1647 605 1946 678 expressit,

349 737 508 793 quam
533 717 746 773 laudato
774 729 891 783 cap.
923 712 991 766 21
1022 706 1357 781 ApOIOgetici
1379 748 1393 771 ,
1412 704 1521 760 'ubi
1549 703 1616 759 de
1641 700 1841 757 ludatis
1869 698 1953 752 lo-

350 831 567 888 quens:
622 811 785 876 Quem
826 809 1023 881 igitur,
1064 804 1270 874 inquit,
1323 795 1644 855 solummodo
1694 792 1951 847 hominem

349 911 787 983 prcesumpserant
829 904 892 955 de
932 898 1253 961 humilitate,
1300 892 1596 965 sequebatur
1623 888 1699 942 uti
1746 899 1953 983 magum

349 976 661 1057 aestimarent
710 997 774 1050 de
814 1000 1096 1064 potestate,
1144 1004 1260 1044 cum
1299 986 1388 1040 ille
1415 982 1669 1039 daemonia
1714 977 1864 1033 verbo
1890 976 1954 1030 de

350 1094 638 1149 hominibus
676 1096 968 1151 excuteret,
1017 1098 1178 1139 caecos
1218 1077 1587 1139 reluminaret,
1641 1070 1954 1143 paralyticos

349 1186 709 1254 restringeret,
744 1189 969 1233 mortuos
1001 1176 1215 1244 denique
1245 1172 1395 1225 verbo
1426 1167 1661 1222 redderet
1678 1164 1822 1225 vine,
1848 1159 1953 1214 ele—

352 1286 526 1331 menta
553 1277 667 1344 ipsa
711 1272 984 1344 famularet
1011 1310 1025 1335 ,
1057 1279 1380 1335 compescens
1412 1258 1697 1329 procellas,
1748 1263 1795 1308 et
1825 1257 1955 1321 freta

346 1372 673 1442 ingrediens;
703 1366 975 1422 ostendens
1002 1377 1110 1417 sese
1148 1358 1312 1431 Λόγον
1357 1354 1491 1421 Dei,
1539 1352 1594 1406 id
1625 1348 1955 1442 estVEnBuu

349 1440 484 1519 illud
512 1460 846 1535 primordiale
891 1454 1323 1529 primogenitum,
1368 1448 1587 1511 virtute,
1634 1452 1681 1498 et
1738 1440 1957 1496 Ratione

351 1557 648 1612 comitatum
665 1594 679 1619 ,
708 1562 755 1607 et
775 1551 962 1623 spiritu
984 1548 1196 1621 fultum.

418 1671 500 1726 Ex
524 1671 607 1725 his
626 1709 641 1736 ,
665 1682 785 1738 quae
814 1665 981 1720 fusius
1003 1662 1126 1718 data
1167 1672 1329 1729 opera
1371 1652 1654 1710 attulimus
1676 1692 1690 1716 ,
1723 1647 1854 1704 satis
1893 1644 1959 1699 li-

349 1772 516 1835 quet,
562 1776 669 1816 non
700 1759 840 1815 inter
890 1755 1277 1816 translatores,
1330 1749 1421 1820 qui
1468 1745 1776 1801 versionem
1815 1740 1956 1793 inte-

348 1832 501 1929 gram
524 1854 773 1911 cuderint
791 1894 806 1921 ,
832 1851 930 1907 sed
957 1851 1098 1905 inter
1120 1844 1437 1902 scholiastas
1455 1839 1581 1895 illos
1612 1832 1959 1892 referendum

352 1927 745 2006 Tertullianum
768 1987 783 2013 ,
831 1958 969 2015 quos
995 1956 1157 2011 supra
1204 1937 1520 1993 dicebamus
1563 1928 1759 1986 vetusti
1788 1927 1959 1981 inter-

358 2044 529 2113 pretis
569 2042 720 2096 locos
760 2038 863 2094 hac
915 2035 1042 2090 illac
1079 2032 1423 2088 sollicitasse.
1458 2026 1527 2081 Et
1564 2022 1797 2113 quidem
1812 2032 1963 2074 com—

348 2111 547 2206 pendio
566 2132 745 2197 nullo,
776 2129 880 2185 nisi
909 2124 1167 2183 novitatis
1191 2167 1205 2190 ,
1237 2135 1395 2193 quam
1428 2119 1481 2172 in
1511 2115 1676 2172 rebus
1712 2111 1832 2167 istis
1857 2124 1962 2206 sae-

352 2202 421 2297 pe
482 2224 766 2291 inutilem,
818 2237 929 2276 non
973 2233 1097 2273 raro
1142 2215 1304 2271 etiam
1362 2208 1723 2282 periculosam
1781 2202 1962 2259 exitus

352 2296 749 2389 comprobavit.
797 2314 952 2370 Adde
978 2312 1141 2369 etiam
1172 2307 1314 2363 haud
1356 2306 1489 2361 satis
1514 2298 1799 2358 commode
1842 2296 1966 2352 Ser-

358 2430 559 2468 monem
588 2426 902 2481 usurpasse.
955 2408 1073 2463 Jam
1104 2405 1250 2461 enim
1277 2417 1387 2457 non
1431 2399 1658 2453 Verbum
1685 2394 1821 2458 Dei,
1867 2390 1965 2446 sed

371 2507 533 2562 Verba
562 2511 749 2559 essent
776 2500 1128 2570 intelligenda
1162 2516 1174 2550 :
1203 2513 1265 2551 ac
1292 2502 1579 2566 propterea
1598 2533 1613 2559 ,
1639 2504 1759 2546 cum
1787 2487 1840 2542 in
1872 2484 1965 2539 ad-

356 2599 518 2655 ducto
544 2600 665 2652 loco
691 2594 954 2649 adversus
979 2592 1243 2645 Praxeam
1268 2587 1408 2656 apud
1437 2600 1568 2641 suos
1591 2582 1647 2637 in
1670 2596 1771 2636 usu
1795 2579 1963 2633 fuisse

288 2736 296 2745 .
354 2692 430 2747 ait
455 2732 469 2754 ,
503 2704 600 2761 per
629 2684 1034 2755 simplicitatem
1064 2676 1529 2749 interpretationis
1555 2676 1857 2728 Sermonem
1879 2670 1963 2723 di—

355 2801 469 2841 cere
488 2760 513 2852 ,
532 2788 684 2837 recte
703 2776 949 2834 Clericus
971 2815 987 2843 ,
1039 2771 1285 2844 quamvis
1333 2769 1442 2824 fine
1466 2766 1573 2822 alio
1592 2806 1605 2829 ,
1633 2778 1730 2835 per
1756 2760 1969 2832 imperi-

356 2879 483 2933 tiam
506 2874 724 2946 adjecit.

426 2992 483 3046 ln
523 2988 716 3045 eodem
745 2998 913 3041 censu
934 3025 948 3050 ,
971 2980 1290 3036 Latinorum
1317 2974 1455 3030 alter
1480 3013 1495 3040 ,
1525 2968 1844 3042 prazsultore
1867 2978 1967 3020 suo

359 3084 531 3140 nihilo
556 3076 910 3140 constantior,
936 3072 1108 3129 nihilo
1128 3072 1290 3126 etiam
1308 3065 1621 3137 castigatior
1652 3057 1967 3116 Lactantius

2051 488 2205 544 caelos
2231 485 2443 539 aderam
2472 482 2551 536 illi
2581 480 2757 534 simul.
2798 498 2817 531 ι

2122 580 2374 636 Nimbata
2400 586 2527 634 sunt
2558 577 2694 639 haec,
2727 583 2785 631 ut
2811 574 3070 645 pleraque
3100 573 3206 628 alia
3232 573 3455 644 hujusce
3483 573 3655 644 scrip-

2054 674 2209 739 toris,
2236 689 2355 742 quaa
2388 670 2565 726 adhuc
2602 668 2776 723 lucem
2825 673 3145 736 expeCtant:
3180 665 3303 720 diue
3327 666 3539 721 scilicet
3568 681 3662 720 na-

2052 768 2289 823 tivitates
2317 765 2423 821 illa:
2440 765 2728 830 Sermonis,
2746 760 2949 817 conditi
2978 761 3212 831 primum
3240 760 3310 817 ad
3340 763 3657 831 cogitatum,

2054 862 2178 918 dein
2224 863 2467 933 generati
2511 860 2575 914 ad
2624 857 2897 914 eliectum.
2941 857 3049 913 Sed
3093 856 3253 912 facile
3298 872 3361 912 ex
3407 857 3493 922 iis,
3540 871 3663 927 qua:

2055 955 2379 1026 praestruxit,
2414 962 2527 1008 tum
2558 969 2622 1007 ex
2654 949 3110 1021 subsequentibus
3141 949 3410 1019 castigare
3445 948 3659 1014 eadem,

2056 1056 2219 1119 atque
2246 1046 2312 1101 ad
2342 1060 2532 1115 purum
2566 1042 2888 1112 recolligere
2919 1056 3229 1111 possumus.

2130 1143 2433 1211 Antequam
2468 1136 2535 1193 ad
2565 1136 2669 1192 alia
2697 1135 2963 1191 Lactantii
2992 1148 3236 1204 pergam,
3263 1141 3345 1188 est
3366 1132 3659 1188 observato

2058 1234 2299 1305 dignum,
2330 1232 2475 1303 quod
2503 1231 2725 1301 scripsit
2753 1229 2988 1285 Hilarius
3012 1228 3156 1301 (Lib.
3180 1244 3215 1283 x
3243 1228 3306 1283 de
3337 1227 3507 1293 Trin.,
3532 1244 3660 1299 pag.

2059 1326 2166 1383 554
2190 1326 2314 1380 edit.
2344 1322 2588 1395 Veron.),
2615 1324 2993 1379 luereticorum
3026 1324 3235 1392 aliquos
3261 1321 3508 1377 volentes
3542 1319 3670 1376 Uni-

2060 1420 2302 1491 genitum
2358 1418 2550 1483 Deum,
2599 1418 2690 1488 qui
2746 1417 2803 1471 in
2853 1416 3118 1486 principio
3160 1417 3302 1486 apud
3350 1414 3519 1471 Deum
3551 1423 3671 1470 erat

2062 1513 2204 1571 Deus
2244 1510 2505 1576 Verbum,
2552 1525 2661 1565 non
2716 1509 3112 1565 substantivum
3163 1509 3353 1575 Deum,
3400 1524 3540 1573 esse,
3568 1508 3669 1564 sed

2064 1604 2366 1659 Sermonem
2418 1603 2556 1657 vocis
2599 1602 2819 1666 emissae,
2873 1612 2951 1667 ut,
3000 1601 3144 1672 quod
3198 1601 3543 1671 loquentibus
3584 1608 3672 1654 est

2065 1712 2221 1753 suum
2247 1696 2496 1763 verbum,
2530 1695 2632 1751 hoc
2651 1696 2720 1750 sit
2748 1695 2894 1750 Patri
2924 1695 3038 1750 Deo
3065 1695 3271 1760 Filius;
3300 1706 3464 1766 atque
3494 1711 3559 1750 ex
3584 1694 3671 1750 his

1988 1801 2038 1862 Β
2065 1791 2425 1861 subrepentes
2456 1830 2470 1854 ,
2523 1804 2632 1845 non
2682 1788 2853 1844 Deum
2898 1788 3131 1843 Verbum
3178 1790 3457 1845 hominem
3500 1803 3559 1844 sc
3602 1804 3671 1844 ex

2067 1893 2223 1955 partu
2274 1884 2507 1954 Virginis
2553 1883 2881 1938 efficientem
2924 1884 3191 1950 extitisse,
3225 1884 3342 1951 sed,
3374 1895 3431 1938 ut
3464 1885 3517 1938 in
3548 1899 3674 1954 pro.

2066 1978 2240 2046 phetis
2291 1976 2518 2047 spiritus
2550 1976 2871 2047 prophetiae,
2930 1977 3001 2030 ita
3053 1976 3109 2031 in
3153 1976 3282 2032 lesu
3314 1976 3546 2033 Verbum
3576 1976 3673 2031 Dei

2064 2068 2234 2124 fuisse
2269 2068 2535 2124 dicentes.
2572 2068 2709 2122 Num
2753 2083 2819 2123 ex
2861 2068 3034 2123 vocali
3066 2067 3383 2123 Tertulliani
3431 2083 3495 2123 ac
3538 2068 3674 2123 Lac-

2064 2160 2220 2215 tantii
2251 2160 2521 2227 Sermone,
2554 2175 2710 2215 suum
2754 2159 2904 2213 illum
2949 2160 3085 2214 vocis
3113 2160 3322 2230 emissa?
3349 2158 3676 2216 effinxerant

2066 2262 2353 2307 novatores
2388 2252 2522 2306 isti?
2553 2252 2673 2323 quis
2703 2251 2953 2307 divinet?

2136 2346 2242 2402 Sed
2268 2345 2335 2401 ad
2368 2344 2705 2402 Lactantium
2733 2356 2791 2401 ut
2812 2345 3053 2413 redeam,
3076 2346 3186 2401 dixi
3214 2362 3319 2402 non
3343 2346 3513 2417 magis
3531 2346 3676 2402 hunc

2067 2454 2228 2510 quam
2270 2438 2663 2494 Tertullianum
2714 2439 2819 2493 sibi
2859 2447 3131 2494 constare.
3180 2438 3493 2494 Promiscue
3523 2439 3671 2494 enim

2066 2530 2291 2586 vocibus
2345 2529 2569 2584 Verbum
2595 2538 2649 2585 et
2680 2530 2863 2585 Sermo
2907 2547 3056 2593 usus,
3088 2530 3176 2583 ubi
3215 2530 3484 2601 integrum
3509 2529 3674 2585 Joan-

2067 2626 2150 2679 nis
2176 2625 2351 2680 locum
2390 2624 2663 2680 adducere
2691 2627 2892 2680 voluit:
2943 2624 3177 2679 Joannes
3206 2640 3424 2695 quoque,
3471 2625 3568 2691 ait,
3598 2626 3675 2678 ita

2066 2720 2313 2771 tradidit:
2342 2737 2359 2770 ‹
2395 2717 2461 2771 In
2491 2719 2745 2790 principio
2785 2730 2892 2773 erat
2928 2718 3175 2783 Verbum,
3220 2728 3266 2771 et
3302 2716 3529 2771 Verbum
3567 2724 3679 2771 erat

2067 2810 2207 2881 apud
2238 2808 2427 2875 Deum,
2466 2820 2513 2864 et
2550 2808 2691 2863 Deus
2733 2820 2841 2864 erat
2879 2811 3126 2863 Verbum.
3173 2810 3245 2864 At
3286 2811 3491 2876 statim,
3524 2810 3681 2880 quasi

2069 2921 2205 2976 aqua
2237 2906 2339 2961 ista
2365 2920 2396 2961 e
2427 2906 2563 2971 rivo,
2602 2920 2712 2960 non
2736 2920 2807 2960 ex
2832 2904 2978 2959 fonte
3010 2904 3201 2959 hausta
3232 2904 3409 2959 minus
3437 2914 3678 2975 saperet,
3720 2924 3727 2927 τ

2068 2997 2456 3068 semetipsum,
2489 3006 2650 3068 atque
2678 3012 2784 3051 una
2810 2998 3161 3066 interpretem
3192 2997 3474 3067 corrigens
3496 3038 3511 3063 ,
3546 2996 3673 3051 sub-

2066 3093 2278 3162 jungit:
2310 3091 2415 3146 Sed
2444 3090 2624 3145 melius
2654 3089 2823 3144 (ἕνωοὶ
2842 3091 3001 3163 Λόγον
3031 3091 3228 3157 dicunt,
3254 3107 3406 3161 quant
3437 3106 3530 3144 nos
3554 3090 3681 3145 Ser-

361 3177 465 3232 fuit
491 3217 505 3242 ,
559 3173 653 3227 Dei
685 3170 851 3225 lilium
876 3180 1022 3221 nunc
1054 3163 1281 3218 Verbum
1302 3203 1315 3227 ,
1371 3157 1531 3213 modo
1558 3155 1965 3253 Sermonemap—

2079 3201 2297 3239 monent.
2323 3182 2485 3257 Λόγος
2517 3183 2651 3236 enim
2684 3192 2735 3237 et
2768 3182 3060 3239 Senuoneu
3090 3183 3383 3254 signiﬁcat,
3408 3193 3456 3237 et
3483 3181 3686 3237 ΒΔτιο·

355 3268 567 3339 pellans
594 3262 696 3337 (De
729 3261 865 3316 Vera
893 3256 1165 3330 Sapientia
1190 3253 1336 3320 tv,8,
1365 3251 1444 3323 9).
1468 3248 1601 3304 Cum
1629 3247 1773 3339 enim
1800 3242 1971 3339 dixis-

360 3333 465 3425 set,
499 3333 804 3414 Sermonem
834 3367 957 3409 esse
978 3349 1225 3420 spiritum
1257 3361 1380 3401 cum
1412 3358 1546 3398 voce
1566 3338 1770 3409 aliquid
1802 3333 1971 3406 signi-

362 3456 563 3510 ficante
593 3451 893 3521 prolatum;
921 3445 974 3500 in
1004 3445 1105 3498 hoc
1134 3453 1313 3496 tamen
1338 3436 1613 3507 angelicos
1639 3431 1886 3521 spiritus,
1917 3435 1974 3483 et

364 3520 607 3603 divinum
639 3543 789 3598 illum
833 3539 1156 3596 Sermonem
1186 3532 1402 3588 diﬂ'erre
1430 3530 1507 3584 ait
1528 3570 1543 3596 ,
1591 3523 1734 3597 quod
1765 3520 1972 3577 scilicet

364 3641 578 3711 spiritus
604 3636 834 3701 naribus,
855 3648 942 3689 ore
970 3646 1135 3686 sermo
1160 3624 1402 3697 procedat
1427 3639 1444 3677 :
1472 3620 1694 3691 angelos
1721 3622 1972 3687 propter-

369 3710 436 3792 ea
459 3750 524 3788 ex
553 3733 665 3787 Deo
688 3731 881 3786 tacitos
925 3725 1152 3797 spiritus
1173 3721 1371 3778 exiisse
1395 3718 1581 3789 (bene,
1609 3710 1751 3784 quod
1778 3724 1888 3765 non
1902 3721 1971 3763 ex

362 3826 587 3884 naribus
619 3823 711 3878 Dei
745 3820 969 3887 dixerit)
1000 3818 1125 3888 quia
1155 3829 1261 3868 non
1294 3811 1362 3865 ad
1387 3808 1690 3865 doctrinam
1732 3801 1827 3856 Dei
1858 3808 1969 3855 tra-

367 3917 600 3976 dendam
621 3955 637 3982 ,
671 3912 769 3969 sed
795 3911 862 3966 ad
889 3907 1252 3965 ministerium
1277 3901 1620 3958 creabantur.
1654 3895 1809 3950 lllum
1840 3906 1971 3948 vero

369 4026 493 4068 cum
517 4023 638 4064 voce
660 4020 726 4061 ac
746 4019 872 4059 sono
897 4017 963 4057 ex
987 3999 1085 4054 Dei
1131 4010 1227 4052 ore
1278 3991 1609 4065 processisse
1631 4028 1647 4054 ,
1689 3986 1811 4058 quia
1839 3998 1972 4040 voce

369 4104 490 4175 ejus
515 4101 582 4156 ad
603 4098 866 4170 populum
892 4094 1068 4150 fuerat
1102 4104 1320 4145 usurus.
1365 4084 1685 4153 Clauditque
1722 4077 1972 4175 mirabile

370 4172 477 4254 hoc
497 4193 836 4251 ratiocinium
858 4232 872 4256 ,
911 4186 1187 4259 inquiens.
1223 4201 1243 4235 ‹
1276 4178 1468 4237 Merito
1499 4176 1663 4262 igitur
1708 4172 1891 4229 Sermo
1916 4178 1973 4227 et

292 4306 299 4315 ‘
381 4290 603 4346 Verbum
628 4286 727 4343 Dei
753 4283 973 4340 dicitur.
1005 4299 1022 4331 ι

439 4402 695 4459 Vocalem
736 4399 880 4453 hunc
910 4395 1254 4456 Sermonem,
1284 4386 1443 4443 sicuti
1472 4384 1595 4451 alia,
1631 4396 1752 4453 quae
1782 4387 1969 4449 postea

368 4496 681 4561 afferemus,
733 4491 985 4545 hauserat
1032 4500 1063 4540 e
1106 4480 1475 4543 Tertulliano;
1523 4474 1677 4544 cujus
1706 4472 1969 4542 insignem

2072 3291 2203 3342 NEII,
2236 3275 2356 3345 quia
2384 3275 2476 3328 ille
2505 3284 2579 3329 est
2600 3289 2720 3340 vox,
2745 3283 2791 3328 et
2818 3274 3073 3343 sapientia
3095 3272 3214 3327 Dei.

2150 3368 2433 3422 Veteribus
2479 3366 2625 3421 hisce
2658 3365 2966 3421 scholiastis
2991 3366 3362 3421 accensendus
3388 3375 3474 3422 est
3501 3366 3671 3422 Joan-

2075 3474 2172 3516 nes
2198 3460 2461 3527 Clericus,
2500 3460 2589 3529 qui
2632 3467 2941 3530 utrumque,
2973 3460 3025 3513 in
3056 3459 3440 3515 additamentis
3468 3461 3585 3515 suis
3615 3460 3684 3514 ad

2073 3552 2280 3608 Novum
2328 3553 2549 3607 Henrici
2604 3552 2928 3607 Hammondi
2958 3552 3365 3608 Testamentum
3404 3553 3573 3624 (Edit.
3608 3554 3687 3607 al-

2074 3656 2184 3700 tera
2216 3644 2541 3717 Francofurt
2574 3643 2732 3699 1714.
2778 3662 2898 3718 pag.
2941 3644 3095 3716 591),
3126 3654 3367 3713 secutus,
3408 3660 3515 3699 non
3548 3644 3684 3698 Ver-

2074 3739 2214 3804 bum,
2254 3747 2348 3793 aut
2402 3738 2726 3806 Sermonem,
2777 3737 2873 3792 sed
2914 3737 3188 3792 Rationem
3213 3745 3428 3793 vertere
3453 3736 3682 3792 maluit:

2074 3830 2234 3887 Initio
2278 3843 2386 3887 erat
2436 3833 2626 3897 ΒΑτιο,
2682 3847 2839 3902 eaque
2882 3832 3053 3889 Βηιο
3098 3840 3204 3886 erat
3238 3834 3379 3903 apud
3419 3830 3611 3900 Deum,
3638 3838 3687 3886 et

2073 3923 2214 3980 Deus
2239 3934 2349 3980 erat
2376 3941 2437 3979 ea
2465 3924 2663 3980 RATIO.

2150 4017 2261 4072 Cur
2289 4018 2363 4072 ita
2395 4016 2632 4073 senserit
2662 4017 2743 4071 vir
2771 4017 3014 4089 profecto
3054 4018 3319 4087 eruditus,
3344 4017 3440 4074 sed
3466 4018 3639 4073 audax
3665 4058 3681 4085 ,

2073 4116 2131 4163 et
2161 4109 2263 4164 sibi
2304 4109 2407 4180 ipsi
2434 4109 2906 4181 quamsatpissime
2948 4112 3110 4167 nimis
3138 4112 3443 4183 indulgens,
3468 4110 3688 4182 aperuit

2072 4201 2304 4273 ipsemet
2341 4202 2571 4272 epistola
2592 4202 2763 4258 altera
2784 4202 2851 4257 ad
2870 4202 3149 4271 lectorem,
3176 4205 3396 4274 praeﬁxa
3424 4202 3687 4259 Animad-

2075 4294 2418 4351 versionibus
2448 4297 2561 4351 suis
2602 4296 2655 4351 in
2694 4312 2826 4352 xvm
2866 4298 3039 4367 prima
3093 4309 3364 4353 commata
3408 4296 3689 4368 Evangelii

2070 4386 2325 4455 Joannis;
2360 4388 2450 4444 ubi
2479 4397 2665 4444 tamen
2694 4389 2916 4458 fatetur,
2961 4406 3069 4446 non
3108 4390 3370 4456 defuisse,
3414 4392 3507 4461 qui
3537 4405 3687 4462 aegre

2074 4473 2298 4548 ferrent,
2355 4481 2629 4540 Rationem
2674 4499 2704 4539 a
2749 4499 2809 4540 se
2845 4485 3007 4552 verti,
3058 4501 3163 4541 non
3203 4485 3547 4556 Sermonem,
3595 4492 3692 4541 aut

365 4592 611 4665 profecto
640 4589 818 4643 locum
848 4582 1111 4637 habemus
1135 4577 1396 4631 adversus
1417 4572 1679 4665 Praxeam
1717 4567 1859 4665 (cap.
1881 4563 1970 4665 3):
2001 4574 2056 4637 ι)
2087 4573 2332 4631 Verbum.

373 4655 441 4741 iit
470 4685 711 4757 primunt,
740 4678 835 4744 ait,
876 4674 1018 4728 Deus
1043 4670 1202 4726 voluit
1232 4684 1313 4733 ea,
1339 4680 1455 4737 qua:
1482 4678 1600 4719 cum
1629 4659 1842 4757 Sophia:
1868 4655 1977 4757 Ra-

368 4752 527 4843 tione,
559 4787 605 4832 et
633 4776 882 4832 Sermone
925 4767 1251 4837 disposuerat
1276 4762 1415 4814 intra
1453 4774 1526 4824 se,
1560 4758 1617 4810 in
1636 4752 1970 4818 substantias,

364 4882 414 4929 et
454 4870 645 4940 species
690 4881 811 4920 suas
842 4861 1014 4925 edere,
1053 4859 1224 4929 ipsunt
1256 4853 1479 4923 primunt
1528 4846 1742 4917 protulit
1784 4858 1977 4940 sermo-

368 4934 507 5028 nem,
536 4959 800 5014 habentem
836 4957 891 5009 in
933 4969 987 5007 se
1023 4946 1322 5005 individuus
1347 4958 1469 4996 suas
1507 4940 1780 4995 Rationem
1805 4944 1851 4989 et
1874 4934 1976 4989 So-

365 5059 561 5133 phiant,
619 5063 671 5106 ut
710 5067 800 5123 per
826 5051 992 5121 ipsum
1020 5047 1201 5117 fierent
1231 5040 1496 5103 universa,
1530 5050 1619 5106 per
1647 5048 1798 5101 quem
1827 5037 1974 5085 erant

365 5130 609 5225 cogitata,
639 5153 791 5214 atque
829 5139 1115 5211 disposita;
1156 5137 1257 5189 imo
1304 5141 1352 5188 et
1394 5130 1531 5200 facta
1550 5130 1689 5200 jam,
1721 5131 1973 5225 quantum

362 5216 538 5299 in'Dei
558 5253 732 5294 sensu.
771 5232 883 5289 Hoc
910 5233 1043 5286 enim
1070 5231 1142 5283 eis
1173 5228 1372 5289 deerat,
1409 5231 1463 5276 ut
1493 5236 1669 5275 coram
1691 5231 1889 5289 quoque
1917 5216 1972 5269 in

363 5335 472 5390 suis
501 5330 783 5402 speciebus,
814 5334 965 5396 atque
1001 5319 1297 5375 substantiis
1337 5322 1792 5385 cognoscerentur,
1824 5319 1869 5364 et
1897 5318 1972 5362 te-

366 5433 625 5481 nerentur.
657 5421 800 5476 Tunc
818 5418 981 5491 igitur
1011 5414 1165 5468 etiam
1184 5411 1294 5479 ipse
1327 5407 1507 5461 Sermo
1529 5404 1748 5473 speciem
1766 5443 1779 5467 ,
1808 5410 1854 5454 et
1882 5417 1969 5454 or-

367 5528 547 5573 natum
573 5530 721 5569 suum
761 5489 938 5575 sumit,
963 5520 1158 5569 SONUH,
1193 5510 1241 5555 et
1272 5512 1470 5560 vocent,
1501 5510 1617 5548 cum
1643 5492 1767 5545 dicit
1802 5489 1963 5557 Deus,

368 5612 493 5669 Fiat
523 5611 632 5664 lux.
658 5606 784 5661 Hac
802 5621 898 5661 es'r
924 5612 1204 5658 ptumus
1225 5603 1503 5649 PERFECTA
1531 5584 1820 5649 Senuoms,
1846 5584 1970 5637 dum

365 5725 429 5762 ex
462 5705 567 5759 Deo
597 5700 846 5773 procedit,
872 5697 1112 5751 conditus
1141 5710 1175 5747 a
1201 5689 1312 5743 Deo
1342 5686 1565 5758 primum
1593 5680 1661 5734 ad
1688 5681 1970 5752 cogitatum

357 5805 409 5861 in
429 5804 634 5859 nomine
663 5794 895 5867 Sophite,
932 5811 951 5847 t
981 5791 1237 5850 Dominus
1258 5780 1493 5844 condidit
1520 5794 1598 5836 me
1625 5777 1829 5835 initium
1854 5778 1966 5833 via-

2155 4666 2255 4733 Qui
2288 4666 2489 4722 fuerint
2516 4668 2626 4734 isti,
2660 4676 2716 4723 et
2740 4685 2809 4726 an
2832 4669 3250 4725 vetustissimam
3279 4669 3484 4725 Latina:
3505 4669 3692 4725 Eccle-

2083 4758 2177 4814 site
2200 4759 2527 4826 versionem,
2558 4760 2777 4829 scriptis
2805 4761 2917 4816 suis
2941 4762 3426 4831 propugnaverint,
3454 4762 3691 4831 ingenue

2083 4850 2256 4906 lateor
2286 4867 2375 4907 me
2400 4854 2632 4909 nescire.
2664 4853 2720 4908 Si
2747 4853 2877 4923 quid
2920 4864 3209 4924 pr0pterea
3247 4853 3316 4909 ad
3342 4853 3509 4910 hocce
3530 4868 3695 4925 argu-

2085 4954 2323 4998 mentum
2349 4945 2600 5011 attulero,
2625 4944 2768 5016 quod
2797 4946 2947 5014 prius
2974 4947 3075 5016 ipsi
3105 4947 3468 5017 vulgaverint,
3497 4947 3692 5003 honori

2078 5035 2212 5090 mihi
2261 5046 2469 5092 vertam
2500 5037 2688 5094 eadem
2719 5026 2843 5093 cum
2875 5038 3051 5095 doctis
3077 5040 3336 5095 sensisse.
3370 5040 3466 5096 Sin
3492 5042 3655 5097 aliter
3674 5082 3689 5110 ,

2074 5142 2434 5198 quaecumque
2456 5143 2521 5183 ea
2549 5129 2767 5184 demum
2791 5131 2920 5197 sint,
2946 5147 3065 5187 mea
3094 5140 3276 5187 erunt.

2146 5220 2360 5276 Asserit
2408 5223 2591 5292 itaque
2621 5222 2859 5280 Clericus
2888 5225 3194 5295 ambiguam
3223 5239 3322 5294 per
3355 5238 3415 5279 se
3439 5237 3562 5279 esse
3595 5238 3695 5279 vo-

2071 5329 2191 5371 cem
2218 5316 2399 5389 Λόγος,
2426 5324 2482 5371 et
2508 5325 2615 5372 tam
2645 5317 2919 5373 Rationem
2963 5318 3105 5374 verti
3146 5332 3332 5387 posse,
3361 5331 3520 5386 quam
3558 5314 3693 5370 Ver-

2074 5408 2194 5462 bum
2211 5426 2229 5474 ;
2262 5408 2551 5479 statimque
2580 5411 2733 5466 addit
2757 5429 2769 5465 :
2802 5412 2865 5468 Si
2894 5413 3147 5485 posterior
3170 5412 3479 5485 signiﬁcatio
3508 5411 3563 5465 in
3592 5410 3695 5466 Oc-

2074 5503 2275 5558 cidente
2324 5504 2567 5570 obtinuit,
2620 5507 2682 5559 ob
2722 5509 2904 5561 veteris
2944 5508 3243 5577 interpretis
3273 5506 3447 5560 Latini
3475 5507 3695 5577 imperi-

2073 5596 2222 5663 tiant,
2248 5605 2336 5649 aut
2362 5598 2404 5650 si
2442 5599 2603 5652 ntavis
2638 5599 2867 5653 inooiam
2899 5600 3091 5671 lingua:
3113 5592 3354 5667 ‘Latinw,
3389 5597 3559 5655 Grarci
3586 5598 3693 5652 Pa-

2076 5695 2179 5741 tres
2208 5689 2403 5758 passim
2440 5690 2739 5753 ostendunt,
2770 5706 2887 5743 cum
2919 5691 3015 5743 hac
3045 5692 3109 5745 de
3133 5708 3191 5745 re
3217 5702 3400 5763 agunt,
3428 5708 3483 5747 se
3509 5692 3691 5747 Ratio-

2072 5797 2183 5837 nem
2214 5798 2315 5837 non
2348 5782 2537 5854 minus,
2569 5799 2725 5853 quant
2750 5781 2973 5839 VERBUII
2999 5783 3333 5839 intellexisse.
