4054 6198
401 332 476 387 49
1192 329 1409 388 EPIST.
1449 327 1700 385 PHILIP.
1743 324 2115 396 GARBELLI,
2158 327 2247 385 DE
2277 326 2528 390 CODICE
2567 334 2921 397 BRIXIANO.
3644 337 3713 396 50

473 452 530 508 Si
564 467 695 507 vera
738 454 855 509 haec
884 462 1028 518 sunt,
1064 460 1123 508 ut
1166 461 1316 507 certe
1339 450 1643 514 verissima,
1674 447 1831 520 Afr/av
1860 461 2014 516 atque
2042 451 2095 511 Α
2120 450 2348 517 patiatur
2372 468 2453 506 me
2478 470 2577 509 non
2607 457 3060 518 incommodiorem
3083 480 3355 537 usurpare,
3390 462 3452 517 ob
3477 458 3715 515 άοειξεοξ-

406 545 635 599 Verbum
671 545 999 616 significare,
1027 562 1088 600 ac
1118 545 1409 609 Rationem,
1427 551 1481 598 et
1504 542 1643 597 hanc
1666 556 1771 596 non
1802 541 2000 608 minus,

400 655 566 710 quam
594 640 718 693 illud
737 640 959 696 Greecos
984 641 1171 696 Patres
1196 640 1549 705 intellexisse,
1582 653 1701 709 quae
1729 636 2007 691 luitcausa

404 742 466 786 ut
496 741 761 786 vetustum
793 717 1143 801 interpretem
1175 732 1523 788 sollicitaret?
1570 732 1649 784 An
1681 730 1823 785 illius
1850 732 2009 801 impe-

402 824 527 877 ritia
560 824 761 892 (quam
804 839 997 899 vocem
1042 823 1256 879 Clerico
1300 823 1567 878 excidisse
1617 837 1723 876 non
1770 819 2007 892 dubito)?

400 916 554 971 Haud
601 917 888 987 equidem;
924 918 1228 973 rectissime
1258 918 1403 972 enim
1438 918 1621 983 vertit,
1656 918 1699 971 si
1730 916 2001 985 ejusdem-

399 1023 515 1067 met
544 1012 755 1066 calculo
786 1014 919 1067 verti
961 1014 1031 1066 ita
1075 1021 1304 1081 poterat.
1354 1010 1435 1066 An
1471 1010 1651 1080 inopia
1685 1010 1878 1079 lingum
1907 1008 2009 1063 La-

401 1102 573 1157 tinae?
617 1102 826 1173 Nempe
867 1105 1183 1175 mysterium
1214 1102 1411 1157 iuerint
1438 1103 1760 1157 Christianis
1792 1103 2006 1157 illorum

397 1205 707 1265 temporum
752 1196 1092 1251 inaccessum
1146 1210 1309 1250 voces
1363 1194 1514 1249 Ratio
1546 1203 1600 1248 ct
1641 1194 1912 1265 Sapientia
1940 1194 2007 1249 ab

402 1289 636 1345 ethnicis
686 1288 1047 1359 scriptoribus
1077 1289 1129 1343 in
1160 1288 1357 1343 divinis
1395 1288 1593 1357 passim
1628 1286 1905 1354 adhibitae,
1949 1296 2008 1341 ut

402 1390 688 1452 propterea
716 1382 896 1453 inopia
924 1396 1166 1452 pressus,
1198 1381 1333 1435 nihil
1370 1380 1515 1435 aliud
1558 1389 1753 1450 praeter
1786 1378 2007 1434 Verbum

395 1476 595 1531 afferre
626 1477 882 1545 potuerit.

468 1568 653 1639 Pergit
697 1568 893 1624 deinde
938 1568 1225 1639 inquiens:
1252 1567 1365 1636 Ipsi
1394 1567 1592 1635 Latini,
1633 1569 1722 1638 qui
1753 1567 2009 1638 expende-

395 1674 515 1717 runt
539 1680 713 1717 vocem
746 1661 1003 1729 Grtecam,
1037 1663 1262 1731 fatentur
1285 1664 1458 1734 potius
1484 1662 1770 1717 “meum
1792 1677 1897 1714 esse
1926 1661 2007 1713 in-

394 1756 749 1825 telligendam,
798 1771 948 1825 quant
993 1754 1130 1825 quod
1172 1753 1355 1808 Latine
1383 1753 1573 1807 dicitur
1608 1752 1861 1817 VERBUM;
1889 1768 2006 1816 cum

2107 556 2311 593 morum
2339 541 2554 599 Patrum
2579 546 2879 606 Graecorum
2906 566 3205 624 perpetuum
3237 573 3408 610 usum.
3442 553 3593 609 Sinat
3630 553 3711 604 in-

2109 641 2246 688 terea
2280 652 2362 689 me
2388 636 2525 691 illico
2560 641 2855 711 signiﬁcare
2884 662 3002 701 voce
3030 647 3225 710 RATIO,
3255 648 3391 717 quod
3416 647 3524 718 ipse
3556 659 3713 714 roga-

2108 735 2189 779 tus
2209 727 2332 796 quid
2359 727 2454 781 sibi
2481 728 2705 788 Ventum
2736 737 2873 801 velit,
2905 740 3099 811 cegitur
3120 739 3323 793 tandem
3353 754 3533 793 vocare
3552 738 3712 790 inter—

2108 834 2230 871 num
2270 820 2599 890 Sanmonsu,
2643 826 2737 879 hoc
2787 840 2891 895 est,
2940 830 3460 887 RATIOCINATIONEM.
3519 828 3711 883 Audiat

2109 910 2323 981 denique
2345 913 2745 984 Tertullianum,
2771 921 2857 988 qui
2876 922 2949 974 ita
2976 924 3219 977 adversus
3234 922 3491 977 Praxeam
3514 938 3630 990 cap.
3651 920 3707 987 5,

2110 1006 2344 1062 adducto
2376 1009 2605 1087 subinde
2636 1012 2779 1079 loco,
2810 1030 2968 1085 quem
3011 1032 3111 1072 nos
3142 1033 3303 1087 supra
3334 1017 3635 1072 retulimus.

2182 1097 2339 1154 Ludit
2364 1116 2465 1156 nos
2497 1103 2760 1173 Clericus,
2806 1121 2927 1163 cum
2971 1108 3243 1164 Rationem
3272 1120 3325 1165 et
3360 1110 3583 1164 Verbum
3614 1124 3713 1164 nu-

2111 1191 2206 1247 das
2247 1208 2407 1249 voces
2461 1198 2849 1268 expendendas
2899 1202 3161 1269 obtrudit,
3203 1219 3322 1273 quae
3374 1204 3528 1273 plura
3577 1206 3711 1259 citra

2110 1285 2466 1342 substantiam
2493 1290 2797 1359 signiﬁcare
2818 1305 3065 1364 possunt.
3093 1296 3287 1350 Divina
3310 1304 3435 1350 sunt
3461 1296 3629 1351 hocce
3658 1295 3711 1349 in

2109 1374 2250 1441 loco,
2285 1380 2480 1447 quibus
2511 1380 2577 1436 de
2621 1383 2852 1453 agimus.
2903 1386 3089 1441 Divina
3120 1388 3326 1443 scilicet
3373 1389 3548 1454 Ratio,
3593 1397 3648 1443 et
3682 1403 3714 1444 e

2111 1467 2333 1525 Ratione
2366 1471 2627 1540 Verbum;
2655 1478 2699 1530 si
2725 1480 2775 1531 ἓν
2802 1480 2948 1555 ἀρχῇ
2967 1479 3076 1549 jam
3108 1490 3395 1547 teternum,
3444 1481 3556 1550 jam
3585 1483 3713 1536 sub-

2109 1564 2305 1618 stantia
2333 1580 2364 1619 e
2391 1566 2689 1622 substantia
2720 1583 2841 1624 cum
2869 1572 3205 1627 Tertulliano
3233 1574 3391 1646 (Adv.
3426 1572 3709 1641 Praxeam,

2110 1670 2225 1725 cap.
2257 1656 2337 1728 7),
2372 1667 2426 1713 et
2449 1660 2845 1719 substantivum
2869 1680 2991 1721 cum
3020 1666 3244 1735 Hilario,
3275 1677 3329 1722 et
3351 1668 3713 1724 consubstan-

2109 1752 2237 1807 tiale
2265 1766 2387 1806 cum
2421 1753 2681 1811 Ecclesia.

395 1863 499 1899 non
525 1847 675 1921 λόγον
703 1848 1030 1923 προφορικὸν,
1058 1848 1262 1900 verbum
1299 1847 1577 1915 prolatum,
1611 1847 1699 1899 sed
1724 1844 2003 1900 ἐνδιάθετον

2182 1845 2263 1898 An
2315 1862 2446 1900 vero
2492 1848 2832 1906 incommoda
2867 1866 3000 1907 voce
3032 1868 3161 1907 usus
3212 1853 3374 1909 fuerit
3418 1855 3710 1924 interpres,

394 1940 630 2007 insitum,
681 1957 767 1993 seu
819 1941 1103 2004 internum,
1149 1956 1249 1993 non
1291 1948 1556 1995 externum
1600 1955 1654 1992 se
1698 1938 2005 1992 intellexisse

396 2033 682 2087 dixerunt:
732 2032 875 2086 Nam
930 2034 1053 2104 quid
1109 2043 1182 2086 est
1224 2032 1451 2087 VERBUM
1494 2034 1769 2099 internum,
1822 2040 2007 2101 praeter

392 2126 705 2194 Iunonem,
758 2142 847 2180 seu
896 2126 1419 2180 RATIOCINATIONEM.
1469 2124 1730 2179 Praeterea
1771 2124 2005 2178 universa

395 2217 636 2272 Ecclesia
659 2216 973 2283 Christiana,
1003 2216 1183 2271 Crteca
1214 2227 1258 2269 et
1286 2216 1495 2281 Latina,
1527 2217 1670 2289 λόγον
1697 2216 1871 2269 miscet
1889 2231 2005 2268 cum

391 2312 568 2385 σοφίᾳ,
597 2325 712 2379 quae
739 2312 913 2363 eadem
946 2319 1017 2363 est
1047 2326 1161 2362 cum
1191 2308 1457 2375 RATIONE,
1489 2308 1577 2362 sed
1609 2307 2006 2361 diversissimaa

401 2400 571 2454 Verbo
601 2402 824 2471 prolato.
857 2400 1053 2473 Igitur,
1097 2402 1327 2471 quamvis
1352 2419 1383 2454 a
1409 2400 1773 2455 consuetudine
1794 2400 2006 2455 Latino-

388 2514 508 2551 rum
558 2496 798 2551 nonnihil
843 2497 1158 2563 recesserim,
1210 2497 1277 2549 ad
1320 2513 1507 2550 sonum
1549 2495 1688 2566 quod
1734 2498 1941 2562 attinet,
1973 2512 2005 2548 α

389 2593 565 2660 τείρεα
594 2606 911 2660 nequaquam
941 2591 1064 2644 abii.
1712 2602 1715 2605 '

465 2685 695 2752 Quinam
722 2684 919 2739 iuerint
935 2683 1110 2737 Latini
1131 2682 1238 2749 isti,
1254 2684 1343 2753 qui
1363 2681 1734 2751 expenderunt
1757 2679 2002 2733 Graecam

398 2792 595 2830 vocem
626 2778 811 2848 Λόγος,
841 2776 999 2830 facile
1025 2786 1105 2829 est
1135 2777 1411 2843 conjicere
1438 2789 1505 2827 ex
1534 2772 1781 2826 adductis
1810 2786 1841 2825 e
1870 2771 2003 2824 Ter-

397 2871 650 2936 tulliano,
695 2879 855 2940 atque
918 2869 1200 2923 Lactantio
1252 2865 1687 2921 auctoritatibus.
1742 2863 2001 2932 Quamvis

394 2962 594 3016 mirum
624 2960 795 3015 videri
836 2960 1030 3030 possit,
1063 2968 1307 3014 exertam
1345 2958 1569 3026 hujusce
1603 2957 1804 3021 locum,
1838 2969 1998 3026 quem

393 3071 499 3112 nos
555 3055 901 3125 protulimus.
972 3053 1239 3109 Clericum
1294 3052 1643 3123 praeteriisse,
1692 3066 1813 3105 cum
1868 3051 2003 3105 alios

396 3150 643 3219 ejusdem
677 3150 960 3218 scriptoris
992 3164 1059 3203 ex
1092 3148 1219 3202 libb.
1252 3148 1319 3202 de
1348 3147 1428 3200 lra
1468 3145 1563 3200 Dei
1616 3154 1669 3199 et
1706 3145 1880 3199 Divin.
1914 3145 2005 3199 In-

2109 1951 2231 1991 cttm
2282 1936 2445 2011 λόγον,
2486 1956 2593 1995 non
2637 1941 2951 2009 Rationem,
3000 1944 3094 1999 sed
3130 1944 3362 2002 Verbum
3412 1946 3712 2013 transtulit,

2104 2027 2351 2099 judicent
2390 2031 2611 2086 eruditi.
2663 2033 2838 2103 Aique
2871 2035 3155 2091 Rationem
3206 2053 3268 2091 ac
3305 2038 3545 2094 Verbum
3573 2038 3714 2093 verti

2109 2122 2372 2191 potuisse,
2402 2131 2514 2178 tum
2548 2125 2651 2181 hoc
2670 2143 2778 2182 non
2810 2129 2987 2183 minus
3012 2145 3173 2199 quam
3203 2130 3346 2184 illam
3376 2130 3713 2185 intellexisse

2108 2216 2329 2273 Graecos
2357 2220 2543 2275 Patres
2572 2220 2747 2277 fassus
2790 2236 2876 2279 εει
2912 2223 3188 2290 Clericus;
3237 2240 3297 2279 ac
3330 2232 3616 2293 pr0pterea
3654 2238 3716 2278 se

2110 2313 2355 2367 nonnihil
2385 2328 2415 2367 a
2440 2314 2760 2371 Latinorum
2790 2318 3209 2384 consuetudine,
3244 2317 3311 2372 ad
3350 2331 3542 2373 sonum
3567 2316 3709 2388 quod

2108 2404 2335 2471 adtinet,
2372 2421 2477 2460 non
2512 2423 2643 2462 vero
2665 2424 2693 2463 a
2722 2425 2784 2463 re
2806 2409 2920 2479 ipsa
2945 2410 3163 2465 abiisse.

2180 2497 2335 2564 Quod
2365 2507 2551 2567 postea
2584 2500 2803 2555 Latinos
2836 2502 3113 2569 hucusque
3154 2515 3364 2562 omnes,
3396 2500 3511 2570 qui,
3542 2501 3715 2556 inter-

2108 2600 2317 2659 pretem
2360 2591 2554 2655 secuti,
2604 2592 2697 2645 Dei
2732 2591 2977 2658 Verbum,
3034 2607 3140 2646 non
3184 2592 3457 2646 Rationem
3499 2592 3708 2662 dixere,

2110 2680 2354 2735 indoctos
2385 2681 2639 2745 traducit,
2674 2696 2781 2736 non
2805 2682 2880 2735 ita
2905 2683 3229 2753 scripturum
3259 2682 3425 2739 fuisse
3457 2697 3608 2754 puto,
3639 2687 3707 2750 si,

2109 2769 2421 2825 subsidente
2448 2780 2606 2838 aestu,
2638 2781 2693 2827 et
2721 2774 3094 2843 semetipsum,
3119 2782 3175 2829 et
3203 2790 3309 2828 una
3333 2783 3414 2831 tot
3434 2784 3703 2843 veterum,

2110 2862 2581 2934 recentiorumque
2639 2863 2985 2921 doctissimos
3040 2868 3299 2922 attentius
3358 2869 3707 2938 inspexisset.

2111 2955 2223 3009 Hoc
2276 2956 2617 3010 solummodo
2664 2956 2873 3023 dicam;
2901 2958 3044 3028 quod
3084 2960 3336 3015 omnibus
3379 2960 3432 3013 in
3472 2960 3574 3016 bac
3602 2962 3708 3015 vita

2110 3052 2429 3122 degentibus
2455 3052 2724 3109 familiare
2753 3064 2859 3121 est,
2893 3054 3035 3110 idem
3076 3054 3290 3113 Clerico
3336 3056 3620 3124 accidisse,
3654 3065 3711 3110 ut

2111 3163 2256 3216 saepe
2306 3147 2529 3202 humani
2574 3146 2778 3218 aliquid
2829 3157 3123 3218 pateretur.
3180 3151 3250 3203 At
3296 3148 3469 3205 Graaci
3518 3149 3707 3204 Patres

399 3243 517 3297 stit.
550 3241 857 3297 adduxerit.
879 3239 993 3295 Nisi
1022 3243 1066 3295 si
1097 3241 1259 3306 forte,
1294 3239 1435 3311 quod
1463 3237 1685 3292 Verbum
1708 3238 2007 3314 προφορικὸν
2035 3248 2081 3312 C
2114 3254 2245 3294 voce
2274 3240 2422 3314 λόγος
2450 3253 2668 3309 semper
2700 3248 2824 3293 sunt
2852 3241 2955 3294 usi.
3006 3239 3198 3294 Mirum
3230 3253 3381 3305 sane,
3411 3254 3517 3309 qua
3549 3238 3711 3309 igitur

396 3352 473 3393 ex
526 3351 624 3390 ore
678 3336 775 3390 Dei
827 3350 949 3389 cum
983 3350 1120 3400 voce,
1170 3348 1232 3387 ac
1260 3349 1386 3387 sono
1415 3331 1799 3401 procedentem
1830 3329 2009 3383 minus

396 3436 609 3481 attente
638 3427 1034 3495 descripserat;
1064 3440 1184 3479 cum
1220 3434 1395 3479 tamen
1437 3422 1588 3492 prius
1627 3438 1655 3476 a
1687 3422 1796 3476 Deo
1824 3431 2008 3477 mente

401 3526 749 3587 conceptum,
801 3517 1046 3585 adeoque
1090 3514 1371 3571 ἐνδιάθετον
1413 3514 1658 3569 dixisset.
1701 3512 2004 3579 Czeterum,

398 3610 547 3681 quod
578 3626 682 3663 non
714 3610 934 3664 verbum
964 3610 1256 3680 prolatum,
1289 3609 1425 3673 sive,
1466 3605 1607 3676 quod
1633 3604 1912 3659 Haercticis
1941 3606 2009 3660 ab

398 3702 613 3757 Hilario
654 3703 969 3755 memoratis
1016 3710 1101 3767 est
1149 3699 1492 3770 loquentibus
1543 3713 1697 3752 suum
1744 3696 2006 3763 Verbum,

401 3795 517 3849 hoc
547 3796 617 3849 sit
641 3795 780 3848 Patri
805 3795 915 3849 Deo
945 3794 1108 3860 illius,
1143 3795 1235 3848 sed
1282 3795 1526 3859 insitum,
1562 3794 1862 3864 ingenitum
1898 3793 2009 3847 Deo

410 3887 642 3942 Verbum
682 3888 796 3958 ejus
822 3888 1182 3958 unigenitum,
1216 3896 1268 3940 et
1300 3888 1617 3956 sapientiam
1645 3886 1841 3949 Patris,
1867 3898 2010 3939 sem-

403 3999 502 4053 per
550 3982 887 4037 intellexisse
937 3991 991 4036 et
1020 3981 1265 4036 Graecam
1322 3990 1374 4034 et
1405 3980 1651 4033 Latinam
1710 3978 2007 4034 Ecclesiam

402 4076 525 4146 quis
552 4090 785 4145 unquam
816 4074 1117 4129 dubitavit?
1140 4074 1210 4127 At
1236 4072 1363 4142 quid
1393 4074 1461 4126 sit
1493 4072 1714 4126 Verbum
1737 4072 2008 4124 internum

401 4169 599 4238 quaerit
650 4167 913 4221 Clericus.
964 4165 1131 4220 Recte
1177 4164 1341 4233 quod,
1391 4179 1511 4216 cum
1564 4162 1836 4216 Rationem
1889 4176 2010 4214 esse

404 4261 621 4323 dixerit,
657 4260 1005 4327 semetipsum
1040 4274 1068 4312 e
1098 4256 1321 4324 vestigio
1352 4255 1694 4323 recolligens,
1736 4270 1824 4307 seu
1851 4252 2011 4306 ratio-

409 4354 713 4406 cinationem
761 4352 973 4421 adjecit.
1019 4350 1184 4405 Sicuti
1222 4350 1369 4403 enim
1401 4348 1613 4401 interna
1649 4345 1885 4399 hominis
1918 4359 2006 4397 ra-

409 4448 687 4500 tiocinatio
731 4456 816 4499 est
862 4447 1109 4498 humanm
1145 4444 1345 4496 mentis
1374 4441 1625 4505 verbum,
1655 4439 1724 4493 ita
1751 4441 1873 4511 (nos
1904 4438 2008 4491 mi-

406 4542 517 4597 seri
543 4542 724 4594 divina
753 4541 876 4603 ista,
910 4548 1069 4607 atque
1099 4533 1666 4605 incomprehensibilia
1696 4532 1795 4585 nisi
1824 4530 2011 4585 huma-

2110 3333 2235 3400 alia,
2268 3334 2372 3386 nisi
2414 3332 2627 3396 Graeca,
2663 3332 2898 3387 Verbum
2930 3331 3335 3403 exprimerent?
3383 3331 3489 3388 Sed
3520 3347 3707 3402 parum

2112 3426 2290 3481 fuerat
2328 3425 2539 3481 Clerico
2588 3442 2618 3481 e
2657 3436 2926 3481 commate
2974 3426 3067 3480 illo
3102 3426 3341 3480 Verbum
3389 3426 3705 3491 extrudere,

2112 3520 2215 3574 nisi
2252 3528 2307 3574 et
2354 3533 2574 3573 sensum
2620 3519 2969 3589 evangelista:
3016 3519 3379 3573 sollicitasset.
3413 3519 3600 3590 Itaque
3642 3518 3710 3572 ad

2109 3610 2200 3664 illa
2229 3625 2347 3674 sua,
2380 3608 2545 3662 Initio
2588 3620 2697 3662 erat
2730 3608 2908 3675 Ratio,
2944 3619 3226 3679 postquam
3251 3609 3498 3672 dixisset,
3545 3609 3712 3664 verba

2111 3706 2164 3759 ἑν
2186 3706 2333 3777 ἀρχῇ
2361 3719 2467 3757 non
2507 3718 2629 3758 esse
2665 3703 2946 3758 referenda
2971 3703 3037 3757 ad
3060 3710 3434 3773 argumentum
3466 3702 3609 3757 illius
3648 3703 3712 3757 li-

2111 3796 2216 3862 bri,
2251 3796 2396 3865 quod
2427 3806 2511 3851 est
2538 3796 2914 3865 Evangeliutn.
2947 3794 3136 3849 Omnes
3168 3794 3529 3848 Grammatica:
3555 3793 3716 3848 ratio-

2112 3906 2223 3955 nes,
2246 3889 2445 3957 inquit,
2478 3889 2696 3943 suadent
2718 3890 2948 3958 proxime
2984 3888 3303 3959 sequentium
3328 3888 3595 3941 verborum
3620 3904 3715 3957 po-

2114 3990 2368 4045 testatem,
2411 3988 2455 4033 et
2486 3981 2671 4034 seriem
2701 3980 2924 4047 spectari
2949 3981 3118 4050 potius
3158 3988 3412 4050 oportere.
3451 3977 3552 4031 Hic
3592 3995 3712 4032 vero

2115 4072 2339 4140 sequitur
2369 4071 2535 4144 λόγος,
2567 4081 2613 4125 et
2640 4071 2812 4124 omnia
2840 4071 2901 4123 ab
2929 4087 2987 4125 eo
3016 4074 3173 4141 facta,
3208 4080 3256 4125 et
3286 4072 3530 4123 ntundunt
3561 4070 3624 4122 ab
3653 4085 3710 4123 eo

2113 4165 2303 4233 factum
2335 4165 2408 4217 ait
2453 4164 2786 4235 evangelista,
2815 4179 2930 4233 qua:
2975 4164 3247 4217 ostendunt
3270 4163 3353 4234 agi
3394 4162 3457 4216 de
3485 4164 3712 4216 omnium

2112 4274 2285 4311 rerum
2312 4271 2503 4323 mmo,
2534 4274 2625 4310 seu
2666 4257 2730 4309 de
2758 4257 3013 4309 creatione
3041 4256 3247 4309 Mundi.
3287 4254 3458 4323 Hujus
3487 4254 3708 4309 ratioci-

2117 4351 2188 4403 nii
2228 4348 2937 4403 fundumcommodaverat
2976 4348 3053 4402 illi
3098 4347 3317 4403 Grotius
3346 4348 3451 4417 (Ad
3477 4346 3634 4400 Joan.
3667 4363 3706 4413 ι,

2114 4440 2193 4512 1),
2242 4442 2396 4510 cujus
2449 4440 2611 4496 verba
2667 4450 2792 4494 sunt
2840 4459 2850 4494 :
2894 4440 2968 4495 Ἐν
3032 4443 3196 4519 ἀρχῇ,
3264 4441 3589 4509 desumptum
3646 4455 3711 4493 ea:

2117 4531 2296 4586 Graeco
2341 4530 2613 4586 Geneseos.
2676 4531 2880 4585 Deinde
2926 4542 3045 4600 post
3091 4533 3240 4600 plura
3269 4573 3283 4597 ,
3329 4547 3452 4601 qum
3499 4530 3710 4586 erudite

408 4637 495 4689 nis
540 4633 825 4688 aﬂectibus
858 4631 1035 4686 metiri
1074 4646 1178 4684 non
1211 4623 1541 4698 possumus),
1571 4626 1641 4679 ita
1672 4625 1886 4692 inquam
1916 4636 2007 4677 co-
2034 4626 2084 4686 D
2110 4625 2325 4691 adtulit,
2356 4624 2495 4678 Noto
2526 4634 2694 4678 autem
2721 4624 3010 4694 Scriptura:
3037 4625 3147 4679 loco
3174 4625 3378 4679 verbum
3405 4626 3523 4679 inde
3543 4640 3710 4694 sump-

407 4739 618 4782 aalcrua
646 4737 863 4781 (elerum
896 4723 1106 4777 Iiationi
1137 4721 1482 4776 Ratiocinatio
1511 4727 1596 4773 est
1633 4716 1851 4771 Verbum
1880 4715 2009 4769 illttd

407 4821 749 4875 Tertulliano
788 4819 1118 4891 primordiale
1141 4859 1155 4884 ,
1189 4814 1585 4887 primogenitum
1628 4820 1684 4865 et
1714 4811 1807 4865 Dei
1836 4809 2011 4879 Spiri-

409 4926 513 4979 tus,
547 4924 602 4968 et
629 4913 721 4967 Dei
760 4912 954 4975 Virtus,
981 4922 1032 4965 et
1062 4910 1352 4979 Sapientia,
1385 4916 1439 4963 et
1467 4906 1559 4961 Dei
1592 4904 1783 4959 Filius.

485 5008 687 5061 Verum
718 5008 768 5058 in
799 5005 882 5069 iis,
915 5020 1033 5073 qua:
1063 5019 1159 5073 pro
1190 5002 1450 5056 coronide
1483 5000 1721 5070 epistola.-
1752 4999 1893 5053 illius
1930 5007 2013 5052 at-

412 5098 534 5152 tulit
563 5095 826 5160 Clericus,
858 5096 1063 5165 (pareat
1094 5094 1221 5148 mihi
1270 5093 1527 5147 memoria
1561 5092 1815 5157 hominis,
1842 5105 1870 5143 a
1905 5105 2013 5159 quo

416 5192 675 5245 nonnulla
707 5189 963 5243 didicisse
991 5202 1077 5242 me
1101 5186 1297 5255 fateor)
1331 5186 1589 5255 majorem
1616 5184 1875 5254 profecto,
1906 5199 2010 5237 non

417 5284 592 5338 dicam
621 5282 1035 5347 humanitatem,
1083 5289 1173 5333 aut
1203 5279 1604 5341 verecundiam,
1657 5277 1751 5332 sed
1796 5277 2013 5331 modes-

426 5379 547 5431 tiam
579 5377 877 5431 desideres.
912 5374 1089 5441 Pergit
1122 5371 1263 5427 enim
1295 5372 1481 5426 dicens
1516 5393 1527 5426 :
1559 5370 1620 5425 Si
1646 5371 1758 5440 quis
1785 5368 2013 5442 objiciet,

426 5484 544 5523 voce
566 5484 727 5523 nmo
746 5468 1043 5537 qualitatent
1064 5466 1399 5536 potiusquam
1418 5480 1522 5517 rem
1544 5465 1763 5532 signari,
1783 5462 2020 5516 ostendat

425 5575 598 5613 vocem
626 5561 848 5614 Venena
875 5558 1122 5627 aptiorem
1152 5571 1256 5609 esse
1277 5554 1343 5608 ad
1366 5554 1759 5625 signiﬁcandam
1787 5553 2021 5606 substan-

421 5654 576 5716 tiam,
606 5663 651 5707 et
678 5653 907 5723 spondeo
936 5666 1033 5715 me,
1064 5664 1371 5719 qtttecunque
1392 5648 1523 5712 dixi,
1555 5647 1727 5717 palam
1758 5656 2019 5700 revocatu-

416 5763 539 5801 rum
562 5764 581 5812 ;
613 5755 700 5798 aut
734 5746 779 5799 si
798 5743 1119 5798 incommoda
1148 5758 1267 5795 voce
1292 5742 1365 5793 uti
1406 5740 1500 5793 sibi
1531 5740 1683 5794 licere
1712 5750 1929 5804 censeat,
1957 5741 2019 5794 ob

417 5839 787 5903 LATINOBUI,
836 5851 1117 5898 εοιιυιιρυε
1175 5848 1513 5889 Innocrouun
1567 5834 2021 5897 consuetudinem;

2114 4728 2221 4771 tum
2262 4734 2324 4771 ea:
2363 4719 2613 4771 sententia
2658 4718 2801 4770 illius
2844 4718 2942 4770 loci
2973 4717 3365 4790 intelligendum
3406 4725 3506 4770 est.
3544 4714 3707 4768 Mosi:

2115 4808 2216 4862 loci
2258 4811 2505 4862 sententia
2532 4808 2641 4862 [nec
2670 4818 2784 4862 est:
2811 4826 2925 4862 cum
2958 4813 3180 4877 primum
3229 4809 3415 4863 creavit
3447 4806 3587 4863 Deus
3613 4824 3711 4863 cte-

2116 4900 2243 4968 lum,
2267 4909 2315 4954 et
2339 4909 2548 4968 terram,
2586 4909 2723 4954 terra
2754 4911 2885 4967 erat,
2914 4912 3020 4956 etc.
3052 4900 3191 4971 Ergo
3229 4902 3279 4954 ἓν
3306 4902 3452 4976 ἀρχῇ
3484 4910 3577 4965 est,
3601 4915 3715 4953 cum

2116 4997 2343 5063 primunt
2375 5010 2549 5047 rerum
2571 4995 2875 5047 universitas
2902 4996 3048 5064 coepit
3074 4993 3257 5045 creari.

2190 5088 2405 5142 Divinat
2439 5087 2662 5144 Grotius
2691 5102 2812 5141 cum
2842 5086 3006 5140 verba
3046 5089 3096 5140 ἐν
3126 5088 3273 5163 ἀρχῇ
3313 5102 3344 5141 e
3386 5086 3587 5142 Genesi
3623 5086 3717 5139 de-

2118 5190 2332 5249 sumpta
2380 5181 2576 5234 idoneo
2624 5188 2765 5234 teste
2814 5178 2963 5234 nullo
3021 5182 3337 5249 pronuntiat
3371 5197 3383 5232 :
3415 5180 3590 5249 quasi,
3624 5193 3718 5230 vo-

2116 5273 2233 5327 leus
2258 5272 2599 5341 Evangelista
2624 5279 2883 5324 aiternant
2915 5270 3076 5327 Verbi
3102 5274 3505 5340 generationem
3531 5277 3715 5323 osten-

2121 5364 2271 5427 dere,
2312 5362 2505 5417 alienis
2551 5360 2620 5416 ad
2664 5362 2768 5417 hoc
2825 5363 3009 5417 verbis
3060 5362 3343 5432 indigeret.
3388 5361 3523 5427 Quid
3571 5362 3716 5416 enim

2122 5456 2440 5529 proclivius,
2483 5456 2528 5510 si
2568 5457 2621 5511 in
2665 5456 2935 5526 principio
2974 5459 3214 5531 existens
3260 5454 3439 5508 dicere
3480 5455 3719 5521 volebat,

2123 5568 2283 5623 quam
2349 5554 2398 5607 ἓν
2428 5555 2576 5629 ἀρχῇ
2605 5549 2729 5608 ὄντα
2757 5551 2888 5605 illud
2929 5548 3209 5605 asserere?
3238 5545 3391 5613 Quod
3418 5562 3565 5611 vero,
3609 5564 3721 5603 non

2126 5650 2193 5703 de
2223 5647 2411 5702 mundi
2437 5648 2750 5715 creatione,
2777 5645 2870 5700 sed
2911 5644 2979 5698 de
3016 5640 3363 5712 generatione
3393 5641 3553 5697 Verbi
3597 5652 3723 5713 agat

2128 5740 2534 5805 inibiJoannes,
2567 5739 2639 5793 ita
2677 5737 2903 5793 evidens
2934 5743 3038 5798 est,
3081 5743 3138 5787 ut
3180 5733 3374 5788 mirum
3404 5733 3571 5788 videri
3596 5738 3724 5804 pes:

2128 5835 2197 5888 sit
2226 5834 2398 5886 virum
2441 5841 2634 5886 uetera
2665 5829 2885 5883 doclttm
2929 5827 3097 5883 hocce
3139 5828 3191 5883 in
3233 5827 3354 5884 loco
3383 5838 3537 5883 extra
3579 5823 3730 5880 oleas
