4054 6198
394 309 459 364 si
1811 256 2344 360 eitOLscousNA.
3636 298 3706 357 se

396 422 600 494 vagari.
625 421 811 492 Neque
837 421 980 476 enim
1011 417 1144 473 satis
1170 416 1470 472 fuitdivino
1491 417 1760 486 Scriptori
1787 417 1992 481 dicere,
2025 421 2072 478 Α
2103 415 2402 486 exemplar,
2454 413 2547 470 sed
2583 413 2732 484 plura
2785 427 2894 483 prae
2937 413 3183 468 manibus
3230 412 3486 469 habuisse
3521 416 3706 470 dicen-

398 517 450 570 in
482 516 749 585 principio
785 512 1020 570 Verbum
1050 511 1248 576 fuisse;
1296 520 1350 565 et
1397 510 1538 580 apud
1570 511 1760 577 Deum,
1790 517 1845 564 et
1872 523 1996 563 cum

399 613 510 666 Deo
540 611 728 666 Deum.
783 607 888 663 Sed
918 621 1106 662 rursus
1133 605 1396 660 inculcat:
1425 604 1540 658 Hoc
1574 613 1680 658 erat
1719 605 1773 657 in
1804 603 1998 672 princi—

395 705 486 774 pio
510 702 650 770 apud
671 702 859 769 Deum,
886 699 1027 770 quod
1055 699 1258 769 pariter
1289 697 1486 767 repetit
1517 699 1686 768 Epist.
1716 695 1758 762 Ι,
1789 711 1829 762 ι,
1851 694 1910 749 '0
1937 692 1996 754 ἦν

397 801 486 856 ἀπ’
509 803 702 876 ἀρχῆς.
735 798 815 852 Ac
852 808 1164 868 propterea,
1195 794 1337 864 quod
1367 792 1548 848 dicere
1583 793 1780 862 pergit,
1809 790 1997 845 omnia

399 908 498 962 per
527 892 703 959 ipsum
752 891 913 955 laeta,
958 896 1012 943 et
1054 888 1170 942 sine
1216 887 1335 957 ipso
1380 885 1513 940 nihil
1552 899 1739 940 eorum
1773 882 1995 950 factum,

396 998 518 1054 quae
546 995 691 1047 sunt,
719 997 747 1036 a
780 983 950 1053 prima
980 981 1096 1045 illa,
1139 994 1298 1050 quam
1343 988 1608 1032 assertum
1635 977 1824 1041 voluit,
1855 975 1996 1030 veri-

396 1084 526 1140 tate,
562 1075 714 1144 quasi
744 1089 773 1128 a
804 1072 950 1128 fume
979 1074 1146 1138 rivus,
1177 1081 1418 1126 emanat.
1463 1068 1571 1124 Sed
1607 1083 1769 1122 nemo
1800 1067 1995 1122 melius

396 1166 687 1243 παράδοξον
717 1165 856 1220 istud
891 1164 1084 1225 Grotii,
1129 1178 1288 1232 quam
1336 1161 1554 1216 Grotius
1596 1161 1709 1238 ipse
1740 1158 1997 1214 emenda-

397 1262 490 1314 vit.
552 1261 684 1313 Cum
734 1259 878 1314 enim
925 1257 1098 1326 plura,
1145 1256 1430 1325 exquisita,
1481 1262 1538 1308 ut
1582 1267 1726 1322 saepe
1772 1254 1997 1319 assolet,

397 1351 705 1406 eruditione
753 1352 1068 1404 adnotasset
1097 1347 1164 1402 ad
1207 1348 1374 1417 prima
1427 1347 1537 1413 illa,
1571 1344 1646 1401 Ἐν
1690 1348 1837 1421 ἀρχῇ
1879 1342 1937 1404 ὗν
1969 1343 1998 1398 ὁ

394 1445 565 1521 λόγος,
617 1444 894 1499 ceucludit
939 1442 1156 1497 tandem
1205 1458 1217 1494 :
1275 1441 1531 1511 Rejicitar
1580 1439 1664 1492 ln‘c
1709 1455 1742 1490 a
1794 1436 1997 1490 Joanne

398 1535 758 1591 Gnosticorum
807 1537 1128 1609 ﬁgmentum,
1181 1537 1271 1606 qui
1320 1536 1374 1588 ἐκ
1414 1542 1506 1594 τῆς
1549 1539 1831 1612 προαρχῆς
1878 1539 1997 1600 post

398 1629 562 1683 multa
581 1629 771 1682 sozcula
797 1630 973 1682 natum
1001 1633 1115 1682 νοῦν
1143 1626 1367 1680 aiebant.
1397 1624 1598 1679 Deinde
1625 1641 1687 1678 ea;
1709 1630 1795 1678 νοῦ
1820 1633 1998 1676 natum

396 1730 656 1794 μονογενῆ,
699 1730 744 1774 et
764 1721 826 1773 ab
851 1737 909 1773 eo
929 1716 1092 1794 λόγον.
1117 1717 1238 1772 Vim
1262 1719 1505 1771 veritatis
1531 1716 1672 1770 illius
1702 1716 1872 1770 sensit
1900 1729 1995 1784 pa-

2101 511 2232 565 dum
2278 511 2368 577 sit,
2416 509 2556 563 unde
2602 507 2824 562 totidem
2865 509 3141 563 variantes
3184 508 3557 572 desumerent.
3597 508 3707 568 Sed

2099 603 2236 658 nihil
2267 603 2490 667 certius,
2523 616 2683 669 quam
2727 615 3006 655 sacrorum
3037 599 3352 669 Librorum,
3395 601 3533 657 Novi
3561 618 3704 673 prae.
3793 593 3800 597 ’

2053 747 2057 751 ,
2101 696 2284 751 sertim
2314 695 2558 752 Ftederis
2600 696 2751 750 locos
2775 695 3098 765 plerumque
3139 710 3170 750 e
3215 696 3491 751 memoriae
3536 711 3701 767 penu,

2095 789 2388 860 aliquando
2418 789 2579 844 etiam
2627 788 3003 850 tumultuario,
3039 798 3093 842 ut
3123 803 3210 843 res
3255 790 3396 859 ipsa,
3442 802 3534 844 aut
3566 799 3706 846 tem-

2102 900 2202 954 pus
2229 883 2453 950 l‘errent,
2489 883 2745 938 Ecclesiae
2777 882 2968 937 Patres
3010 881 3291 936 adtulisse.
3327 882 3440 938 Nisi
3487 883 3530 937 si
3565 883 3705 940 forte

2102 976 2168 1030 ad
2195 986 2462 1030 assertum
2501 974 2720 1044 aliquod
2752 968 3086 1042 probandum
3131 976 3355 1045 prtecisa
3397 981 3534 1030 sacri
3561 975 3703 1031 Tex-

2103 1077 2188 1123 tus
2220 1070 2542 1122 auctoritate
2570 1081 2706 1135 Opus
2739 1065 2896 1120 foret.
2934 1065 3088 1121 Tune
3114 1069 3256 1122 enim
3287 1077 3498 1133 exacte,
3527 1083 3590 1122 ac
3610 1083 3705 1137 per

2104 1170 2282 1228 partes
2312 1158 2646 1223 ell'erebant;
2679 1158 2822 1228 quod
2856 1161 2906 1212 in
2937 1158 3163 1215 laudatis
3193 1159 3462 1230 aliquibus
3493 1159 3706 1215 Tertul-

2102 1249 2229 1304 liani
2262 1250 2392 1304 locis
2431 1249 2872 1303 observabamus.

2173 1343 2243 1400 At
2265 1345 2451 1400 Latina
2475 1343 2813 1414 antigrapha,
2839 1344 3000 1398 etiam
3023 1343 3340 1411 vetustiora,
3370 1345 3424 1399 in
3454 1344 3704 1413 pluribus

2103 1437 2381 1491 diﬂ'erunt.
2433 1437 2580 1489 Esto.
2638 1434 2776 1488 Num
2825 1434 3011 1489 Graeca
3053 1435 3120 1488 ab
3163 1435 3312 1490 hisce
3356 1435 3707 1490 varietatibus

2104 1531 2310 1586 libera?
2340 1529 2490 1583 Haud
2533 1528 2804 1598 equidem.
2839 1527 3022 1599 Neque
3053 1528 3209 1583 aliter
3235 1544 3355 1582 esse
3382 1528 3590 1598 potuit;
3622 1528 3703 1594 si,

2102 1621 2380 1678 Clemente
2414 1621 2778 1678 Alexandrino
2801 1629 2958 1686 teste,
2977 1633 3033 1674 ut
3061 1620 3523 1675 observatMillius
3543 1618 3708 1690 (Pro-

2103 1717 2228 1790 leg.,
2255 1734 2306 1770 rt.
2340 1715 2500 1785 287),
2526 1715 2637 1785 jam
2668 1729 2774 1769 non
2826 1713 3111 1769 defuerant
3146 1717 3212 1770 τὰ
3244 1723 3344 1770 τῶν
3391 1713 3710 1789 Every/aliena

398 1817 530 1868 riter
563 1815 613 1866 in
638 1823 906 1867 commate
933 1813 1179 1883 sequenti
1217 1809 1368 1873 οὗτος
1397 1808 1456 1870 ἦν
1485 1813 1534 1865 ὲν
1564 1813 1710 1886 ἀρχῇ
1742 1809 1871 1882 πρὸς
1909 1809 1998 1864 τὸν

2110 1810 2472 1883 μετατιθέντες.
2505 1806 2659 1874 Quod
2692 1806 2944 1861 licentius
2977 1805 3146 1859 multo
3175 1821 3200 1857 a
3231 1805 3480 1876 pluribus
3509 1807 3707 1859 iactum

399 1909 539 1963 Θεὸν.
584 1907 782 1978 Repetit
825 1907 938 1972 hoc,
972 1905 1241 1976 inquiens,
1285 1905 1403 1973 quia
1441 1903 1609 1958 Deum
1621 1906 1736 1974 jam
1767 1902 1999 1966 vocavit;

399 2000 494 2052 Itoc
510 2000 682 2053 volens
722 2000 795 2053 ita
821 1996 988 2052 Deum
1012 2015 1119 2053 esse
1154 1997 1562 2068 intelligendum,
1591 2005 1646 2050 ut
1664 2007 1712 2050 et
1736 1995 1868 2050 illud
1896 2010 2002 2048 ma-

400 2102 540 2156 neat,
585 2093 747 2161 fuisse
782 2108 896 2145 eum
940 2092 1081 2160 apud
1134 2090 1314 2144 Deum.
1362 2089 1428 2142 Id
1469 2101 1542 2143 est
1598 2098 1652 2142 ut
1707 2104 1810 2142 non
1848 2086 2003 2157 fuerit

399 2184 426 2238 ὁ
449 2182 596 2258 λόγος
621 2201 769 2238 omne
797 2184 851 2237 id
875 2183 1013 2254 quod
1035 2195 1107 2238 est
1130 2183 1294 2238 Deus.
1327 2182 1686 2254 Hypostaseon
1709 2181 1998 2234 distinctio-

402 2293 514 2330 nem
548 2277 816 2350 Origenes,
846 2287 894 2330 et
921 2286 1039 2348 post
1066 2293 1179 2330 eum
1207 2277 1298 2330 alii
1321 2291 1581 2330 vocavere.

469 2369 525 2423 Si
573 2370 690 2424 haec
728 2371 1074 2438 expendisset
1111 2368 1378 2436 Clericus,
1411 2371 1778 2436 grammatica
1824 2367 1994 2438 leges,

401 2473 536 2530 quas
565 2461 650 2513 vel
676 2461 873 2513 invitas
901 2461 967 2514 ad
1000 2461 1179 2514 locum
1205 2460 1364 2515 istum
1394 2461 1681 2530 pertraxit,
1709 2458 2003 2531 praiteriis-

403 2563 508 2607 set.
543 2553 650 2607 Sed
683 2552 759 2604 illi
783 2561 1042 2606 statutum
1076 2562 1209 2619 erat,
1243 2555 1636 2624 evangelistam
1665 2553 1729 2607 ad
1759 2553 2004 2608 Philonis

402 2637 742 2705 aliorumque
773 2635 1171 2690 Platonicorum
1219 2641 1382 2690 verba
1428 2640 1805 2706 respicientem
1839 2639 2000 2692 indu-

403 2743 550 2783 cere.
592 2731 669 2781 An
710 2727 955 2782 lclicibus
1005 2728 1283 2797 auspiciis,
1333 2729 1577 2798 legentes
1617 2731 1853 2783 videant.
1888 2731 2005 2784 Hoc

403 2835 566 2873 unum
595 2819 812 2885 addam,
847 2819 900 2873 in
927 2820 1179 2874 versione
1221 2820 1312 2873 illa
1344 2835 1438 2873 sua
1471 2819 1756 2874 obscuram
1779 2821 2004 2875 omnino

402 2909 699 2976 Clericum,
744 2911 1070 2981 dubiamque
1113 2910 1415 2966 reddidisse
1466 2911 1840 2980 l-lypostaseon
1887 2913 2004 2967 dis-

405 3007 741 3062 tinctionem.
775 3007 839 3061 Et
862 3005 1092 3062 fortasse
1124 3007 1224 3062 hoc
1247 3007 1509 3067 sentiens,
1537 3022 1659 3059 eum
1692 3006 2001 3073 Rationem,

404 3107 462 3154 ut
483 3098 708 3154 Vsanuu
731 3099 1004 3168 explicare
1026 3100 1207 3164 vellet,
1235 3098 1714 3153 RATIOCINATIONIS
1739 3099 2004 3153 vocabulo

2104 1901 2293 1957 scribit
2340 1898 2600 1970 Origenes
2632 1898 2833 1954 Homil.
2868 1913 2961 1951 vni
2995 1897 3046 1950 in
3080 1897 3265 1952 Matth.
3301 1895 3489 1968 (cujus
3526 1896 3704 1950 locum

2106 1994 2263 2049 nobis
2294 1992 2659 2048 commodavit
2702 1991 2965 2046 Erasmus
3015 1989 3227 2044 laudata
3273 1990 3591 2060 prtefatione
3636 1987 3706 2044 ad

2105 2087 2250 2144 Edit.
2269 2104 2319 2140 v.
2343 2086 2404 2140 N.
2435 2085 2549 2158 T.).
2578 2085 2753 2142 Verba
2779 2085 2924 2140 illius
2948 2096 3074 2139 sunt
3100 2104 3114 2140 :
3144 2083 3368 2139 Multam
3394 2086 3530 2139 enim
3556 2081 3709 2151 diffe-

2105 2183 2324 2236 rentiam
2359 2181 2490 2233 inter
2513 2179 2834 2250 exemplaria
2859 2179 3142 2232 invenimus
3159 2219 3175 2244 ,
3200 2179 3303 2232 sive
3330 2194 3424 2247 per
3447 2177 3709 2250 negligen-

2105 2277 2232 2328 tiam
2261 2274 2621 2338 scribentium,
2655 2273 2760 2326 sive
2798 2287 2861 2326 ex
2886 2273 3170 2325 temeritate
3195 2269 3571 2342 quorumdam,
3604 2270 3710 2325 sive

2107 2375 2320 2437 propter
2343 2381 2463 2432 eos,
2489 2365 2574 2435 qui
2623 2364 2889 2436 negligant
2929 2362 3200 2416 emendare
3251 2362 3578 2431 Scripturas,
3631 2359 3711 2414 vel

2105 2468 2316 2532 prapter
2345 2475 2453 2523 eos,
2476 2459 2586 2528 qui,
2617 2457 2756 2527 quod
2790 2458 2918 2525 ipsis
2941 2455 3159 2522 videtur,
3189 2455 3243 2507 in
3274 2453 3709 2508 emendalidribus

2107 2552 2184 2604 vel
2219 2550 2500 2620 adjiciunt,
2537 2549 2616 2603 vel
2642 2551 2954 2603 subducunt.
2989 2547 3123 2601 Hine
3151 2545 3282 2600 nihil
3312 2544 3528 2610 mirttm,
3553 2544 3622 2609 si,
3651 2544 3707 2599 in

2107 2657 2166 2697 re
2194 2642 2418 2712 alicujus
2447 2641 2710 2695 momenti
2738 2625 3064 2695 variantibus
3105 2637 3249 2692 inter
3283 2653 3342 2692 se
3376 2635 3707 2705 exemplari-

2109 2734 2209 2787 bus
2228 2777 2242 2800 ,
2270 2735 2336 2787 ad
2363 2734 2646 2811 ἀδιόρθωτα
2672 2734 2848 2790 Grteci
2881 2734 2980 2797 ipsi
3010 2745 3303 2802 provocare
3331 2729 3610 2792 solebant;
3642 2743 3708 2783 ea

2111 2824 2359 2890 scilicet,
2383 2840 2500 2892 quzc
2527 2825 2579 2877 in
2604 2824 2742 2876 male
2776 2825 2994 2876 feriatos
3016 2822 3400 2876 emendatores
3433 2835 3538 2874 non
3575 2819 3709 2874 inci-

2107 2914 2337 2969 dissent.
2372 2915 2453 2970 Ad
2485 2915 2598 2969 haec
2630 2925 2806 2970 tamen
2829 2956 2843 2980 ,
2871 2914 3092 2970 fallente
3120 2914 3413 2979 memoria,
3461 2929 3566 2967 non
3613 2912 3709 2967 ad-

2109 3008 2265 3062 vertit
2293 3008 2530 3060 animum
2561 3008 2817 3062 Erasmus
2846 3007 2984 3074 ipse,
3013 2987 3229 3076 quando
3260 3006 3310 3058 in
3342 3003 3529 3060 eadem
3560 3019 3704 3072 prte-

2109 3099 2307 3154 fatione
2332 3101 2594 3169 su5picari
2623 3115 2682 3154 se
2714 3098 2809 3163 ait,
2835 3099 2880 3152 si
2903 3097 3030 3168 quid
3057 3108 3319 3152 mutatum
3349 3107 3434 3152 est
3470 3097 3524 3151 in
3551 3096 3706 3152 Grai-

407 3195 694 3261 expressit.
721 3192 889 3246 Immo
921 3193 972 3246 in
1002 3192 1546 3246 Animadversionum
1579 3207 1798 3246 suarum
1833 3193 2002 3247 altera
2033 3180 2078 3244 C
2111 3209 2292 3248 eorum
2341 3195 2525 3260 libris,
2559 3193 2609 3248 id
2640 3210 2670 3247 a
2701 3193 2906 3247 Latinis
2933 3192 3331 3261 exemplaribus
3375 3190 3541 3246 fuisse
3579 3205 3708 3259 pro-

410 3287 511 3340 hoc
555 3287 729 3354 ipsum
778 3286 1009 3340 adducto
1042 3286 1279 3341 Platonis
1324 3286 1442 3340 loco
1489 3301 1519 3340 e
1559 3285 1766 3340 Timaao
1810 3286 2006 3340 contir-

410 3385 548 3441 mat;
607 3377 693 3431 ubi
737 3376 1094 3450 philosophus
1139 3377 1229 3431 ille
1270 3378 1430 3451 Λόγον
1475 3377 1712 3446 appellat
1750 3385 1840 3433 τοῦ
1877 3385 2007 3433 Θεοῦ

406 3471 676 3544 λογισμὸνς
711 3471 849 3540 quod
883 3471 1020 3525 idem
1071 3481 1172 3538 est,
1217 3472 1295 3542 (ut
1319 3473 1431 3540 jam
1463 3471 1731 3544 diximus).
1772 3488 1833 3526 ac
1863 3472 2006 3526 Van-

409 3577 516 3615 BlTIl
543 3563 737 3616 divina:
783 3565 1001 3628 mentis,
1035 3580 1134 3634 per
1173 3566 1468 3620 essentiam
1516 3563 1763 3634 equidem
1806 3563 2003 3634 ΡιΑτιο,

407 3665 462 3710 at
488 3673 584 3726 per
613 3657 926 3729 hypostasin
959 3657 1206 3714 Vennun.

482 3749 662 3804 Satius
687 3751 864 3822 itaque
892 3752 1065 3806 fuerat
1103 3752 1395 3819 Clericum,
1435 3769 1558 3808 cum
1591 3753 1796 3808 Latinis
1827 3753 2007 3808 omni-

411 3840 510 3895 bus
543 3849 810 3896 vetustum
850 3844 1196 3913 interpretem
1244 3847 1416 3914 sequi.
1449 3861 1608 3916 quam
1652 3849 2000 3916 evangelistre

412 3933 612 3997 locum,
647 3948 808 3989 sensu
835 3936 950 4005 ipso
980 3936 1139 3990 aliter
1166 3936 1443 4004 exigente,
1481 3935 1560 3991 sic
1592 3948 1825 3992 vertere.

485 4027 589 4084 Sed
609 4029 719 4097 jam
757 4029 1010 4098 sepositis
1048 4029 1360 4085 scholiastis
1406 4031 1576 4095 hisce,
1632 4047 1862 4100 quorum
1909 4048 2006 4088 ne-

411 4135 515 4190 que
557 4120 798 4174 exactior
845 4135 1008 4190 opera
1064 4121 1118 4175 in
1171 4121 1461 4177 reddendis
1502 4122 1667 4176 divini
1711 4122 2009 4194 Scriptoris

413 4210 614 4274 verbis,
648 4226 822 4280 neque
850 4212 1190 4266 commodior
1237 4214 1428 4277 evasit,
1461 4212 1526 4266 ad
1558 4214 1909 4282 multiplicem
1945 4213 2009 4268 il-

414 4305 517 4360 lam
564 4305 918 4374 interpretum
959 4308 1157 4361 seriem
1209 4308 1448 4371 rediens,
1499 4323 1636 4378 quos
1683 4307 1906 4363 lluetius
1954 4309 2008 4364 in

413 4396 797 4451 ecclesiasticis
843 4398 1199 4467 scriptoribus
1241 4399 1514 4454 invenisse
1559 4400 1661 4454 sibi
1696 4401 2004 4470 videbatur,

415 4505 522 4546 non
555 4489 782 4545 verebor
807 4490 1099 4555 afﬁrmare,
1131 4493 1288 4547 aliter
1316 4493 1466 4546 illum
1499 4508 1784 4548 sensurum
1818 4495 2004 4562 luisse,

415 4584 460 4639 si
485 4592 858 4653 argumentum
892 4584 995 4638 hoc
1018 4585 1280 4638 maturius
1305 4594 1708 4654 pertractasset.
1741 4588 1849 4657 Ego
1875 4603 2008 4644 sane

415 4691 536 4731 cum
569 4676 810 4745 argentei
839 4675 1042 4730 codicis
1070 4677 1236 4730 nostri
1269 4676 1616 4732 collationem
1645 4693 1769 4733 cum
1791 4679 2010 4734 Tertul-

415 4769 576 4833 liano,
609 4785 671 4824 ac
703 4767 974 4840 Cypriane
1019 4771 1408 4836 instituissem;
1441 4771 1583 4842 quod
1615 4773 1753 4827 inter
1784 4772 2009 4830 Latinos

416 4860 711 4927 scriptores
739 4861 804 4916 ad
834 4876 896 4916 ea
935 4862 1189 4915 Ecclesiae
1222 4872 1464 4932 tempora
1517 4864 1738 4932 prepius
1779 4865 2008 4920 accede-

417 4960 560 5013 rent,
603 4952 798 5020 quibus
827 4954 1040 5023 puriora
1073 4962 1314 5010 veterum
1352 4955 1702 5025 interpretum
1734 4957 2006 5026 exetnpla-

417 5044 496 5096 ria
525 5056 646 5097 esse
671 5043 988 5109 debuerant,
1022 5047 1156 5100 locis
1177 5045 1448 5112 omnibus,
1476 5061 1611 5114 quos
1641 5047 1720 5100 illi
1743 5064 1806 5100 ex
1833 5049 2010 5101 Evan-

416 5135 573 5206 geliis
618 5134 973 5204 adduxerant,
1024 5151 1234 5196 mature
1265 5141 1571 5212 perpensis,
1607 5142 1826 5196 fundum
1881 5143 2011 5198 mihi

417 5229 650 5299 aliquem
686 5243 905 5298 parasse
933 5232 1207 5300 putabam,
1236 5235 1378 5288 unde
1417 5235 1675 5289 lectiones
1704 5233 1830 5290 dicti
1864 5236 2013 5290 codi-

420 5321 499 5375 cis
533 5321 744 5375 illorum
792 5324 1111 5378 auctoritate
1141 5324 1356 5381 ﬁrmare
1387 5342 1622 5397 possem.
1656 5329 1754 5383 Ast
1787 5330 1874 5383 ubi
1915 5329 2014 5382 ali-

421 5415 636 5483 quando
661 5414 774 5471 dies
812 5415 917 5470 diei
949 5415 1141 5480 illuxit,
1173 5417 1363 5472 falsum
1394 5435 1500 5484 me,
1551 5431 1604 5476 et
1629 5421 1850 5475 fundum
1896 5423 2015 5477 nul-

419 5505 527 5558 lum
557 5517 762 5562 certum
793 5509 980 5564 labore
1012 5509 1104 5563 illo
1134 5511 1377 5564 mihimet
1412 5527 1758 5582 comparasse
1798 5515 2013 5571 tandem

421 5602 674 5667 cognovi.
711 5600 786 5654 Ita
817 5603 1034 5657 easdem
1063 5603 1346 5673 pericopas
1380 5603 1481 5673 (uti
1530 5603 1871 5662 observatum
1905 5607 2013 5680 est)

421 5690 560 5745 haud
591 5691 777 5745 iisdem
804 5697 1001 5760 verbis.
1039 5705 1093 5752 et
1122 5712 1263 5751 ttune
1293 5696 1561 5768 pluribus,
1605 5698 1765 5752 modo
1793 5701 2015 5770 paucio-

423 5784 594 5856 ribus,
628 5783 893 5852 eli‘erunt;
941 5800 1000 5844 ut
1026 5800 1318 5862 prepterea
1347 5805 1458 5848 non
1491 5807 1678 5862 unum,
1720 5791 2018 5854 alterumve

2109 3289 2331 3352 fectum,
2365 3298 2718 3359 posteaquam
2754 3286 2995 3341 Romana
3029 3284 3269 3341 Ecclesia
3312 3284 3479 3354 recpit
3520 3283 3708 3337 absor-

2111 3383 2237 3437 bere
2277 3382 2563 3438 Grtcciam.
2595 3381 2708 3450 Qua
2751 3380 3059 3451 suspicione
3086 3380 3215 3434 nihil
3240 3379 3481 3449 profecto
3513 3380 3703 3433 levius.

2113 3472 2279 3528 Sicuti
2312 3472 2576 3527 inﬁrmius
2616 3473 2745 3526 nihil
2779 3472 2877 3538 iis,
2912 3488 3032 3540 quzc
3083 3471 3150 3525 de
3197 3471 3415 3540 antiqua
3457 3471 3710 3524 versione

2111 3565 2311 3620 ibidem
2339 3575 2679 3620 commentus
2711 3575 2816 3629 est,
2852 3566 3100 3635 inquiens
3134 3581 3145 3618 :
3183 3564 3290 3618 Sed
3333 3564 3466 3617 hanc
3513 3564 3704 3636 recepit

2114 3659 2348 3714 Ecclesia
2380 3659 2636 3714 Romana.
2664 3657 2748 3714 Ne
2775 3660 2828 3711 id
2853 3658 3060 3729 quidem
3089 3659 3389 3729 simpliciter
3412 3673 3582 3710 verum
3612 3666 3704 3710 est.

2115 3753 2375 3820 Observet,
2406 3755 2493 3825 qui
2525 3754 2674 3817 volet,
2707 3753 2831 3822 quid
2861 3753 2996 3824 legat
3019 3753 3232 3804 ecclesia
3266 3749 3504 3804 Romana
3523 3767 3542 3815 ;
3566 3767 3706 3803 cont-

2109 3851 2269 3921 periet
2299 3848 2464 3901 multa
2490 3849 2772 3900 dissonare.
2813 3846 2939 3900 Haec
2983 3860 3215 3899 VIDE'I‘UB
3260 3859 3442 3898 FUISSE
3491 3843 3709 3897 Gumo-

2111 3955 2244 4002 nuu,
2265 3954 2397 4007 quae,
2430 3953 2586 4008 quum
2605 3938 2718 4007 jam
2741 3937 2946 3990 taederet
2974 3936 3194 4006 inﬁnin
3221 3934 3499 4002 varietatis,
3535 3935 3708 3986 locum

2111 4031 2349 4084 obtinuit.

2181 4123 2251 4178 Et
2283 4137 2468 4177 verum
2507 4119 2755 4191 equidem
2792 4127 2896 4183 est,
2924 4118 2976 4173 in
3001 4127 3080 4173 tot
3115 4115 3519 4186 exemplaribus
3545 4115 3610 4170 N.
3641 4114 3706 4171 Τ.

2110 4231 2230 4288 qua:
2260 4225 2382 4286 post
2419 4216 2691 4270 inventam
2734 4213 3144 4285 typographiam
3176 4211 3455 4283 prodiere,
3488 4208 3708 4264 dill‘erre

2110 4309 2339 4364 invicem
2392 4307 2648 4378 plurima.
2697 4305 2804 4361 Sed
2832 4322 2935 4375 qua
2977 4307 3046 4360 de
3079 4321 3240 4360 causa
3265 4346 3278 4370 ,
3319 4305 3548 4374 ipsemet
3572 4345 3587 4369 ,
3618 4303 3711 4372 qui

2111 4399 2312 4470 pluries
2340 4399 2538 4464 edidit,
2567 4398 2707 4453 scire
2751 4406 2982 4467 poterat.
3026 4395 3232 4466 Nempe
3279 4412 3347 4451 ex
3391 4395 3711 4450 diversitate

2110 4492 2377 4557 codicum,
2406 4491 2472 4546 ad
2499 4506 2728 4562 quorum
2758 4491 2915 4544 iidem
2945 4491 3315 4560 exigebantur.
3350 4490 3554 4545 Horum
3578 4505 3710 4545 vero

2034 4570 2087 4630 Π
2113 4586 2415 4650 diversitas,
2448 4602 2554 4639 non
2578 4601 2645 4640 ex
2669 4585 3022 4653 interpretum
3053 4581 3341 4649 varietate,
3367 4581 3462 4636 sed
3485 4598 3548 4636 ex
3576 4581 3702 4646 illis,

2113 4692 2249 4748 quos
2277 4676 2572 4746 Origenes,
2614 4685 2669 4732 et
2711 4685 2829 4746 post
2869 4674 3010 4730 hunc
3045 4675 3402 4746 Hieronymus
3433 4673 3710 4729 memoriae

2112 4771 2415 4842 prodidere.

2184 4864 2336 4932 Quod
2365 4874 2543 4919 autem
2575 4863 2671 4930 ait,
2700 4861 2868 4918 videri
2892 4862 3218 4927 versionem,
3251 4861 3320 4916 de
3341 4876 3442 4932 qua
3474 4858 3708 4931 agimus,

2112 4959 2281 5014 fuisse
2325 4958 2635 5023 Gallorum;
2666 4974 2801 5026 quos
2855 4958 3064 5028 praedes
3108 4958 3175 5012 de
3231 4957 3577 5026 possessione
3610 4955 3710 5010 ista

2113 5059 2408 5105 conventus
2438 5050 2696 5106 Erasmus
2735 5050 2960 5104 daturus
2988 5050 3176 5103 luisset
3213 5065 3316 5102 non
3345 5047 3525 5103 video.
3564 5046 3712 5101 Feli-

2113 5147 2262 5201 citati
2314 5145 2610 5201 Galliarum
2668 5153 3018 5201 monutnenta
3061 5145 3397 5216 antiquitatis
3448 5144 3714 5200 debemus

2117 5239 2382 5309 plurima,
2428 5238 2543 5292 haec
2578 5239 2736 5304 inter,
2765 5239 2928 5294 etiam
2980 5239 3043 5294 N.
3099 5239 3162 5294 T.
3205 5238 3541 5310 apographa,
3591 5253 3714 5307 quae

2121 5331 2432 5404 Hieronymi
2460 5340 2674 5387 artatem
2705 5341 3094 5396 antevertnnt;
3125 5332 3274 5403 plura
3305 5329 3553 5396 deblturi,
3586 5331 3715 5398 nisi,

2121 5433 2243 5495 post
2272 5427 2498 5492 primam
2533 5425 2673 5479 illam
2703 5425 2910 5481 cladem
2932 5469 2947 5491 ,
2977 5434 3055 5479 tot
3082 5425 3208 5491 alia,
3239 5439 3358 5494 qua:
3387 5423 3590 5477 servari
3619 5439 3715 5493 po-

2121 5525 2370 5581 tuerant,
2402 5515 2605 5571 tristior
2647 5516 2817 5570 altera
2863 5525 3202 5587 occupasset.
3235 5516 3365 5584 Qua:
3397 5522 3574 5569 tamen
3609 5514 3716 5568 illic

2119 5618 2428 5678 supersunt,
2451 5607 2672 5663 easdem
2697 5610 2876 5673 vices,
2911 5625 2974 5664 ac
2995 5609 3176 5665 Italica
3198 5652 3213 5676 ,
3247 5623 3404 5680 passa
3442 5618 3597 5674 sunt,
3623 5621 3716 5660 va-

2120 5702 2385 5757 riantibus
2418 5701 2630 5757 scilicet
2661 5702 2916 5757 obnoxia.
2951 5702 3220 5759 Caeterum
3250 5719 3316 5759 ex
3355 5703 3542 5759 eodem
3573 5702 3719 5761 fonte

2122 5794 2328 5862 omnia,
2357 5809 2553 5870 nempe
2574 5793 2834 5854 Romanae
2861 5795 3123 5856 Ecclesiae
3151 5796 3467 5880 primigenia
3491 5796 3576 5857 illa
3601 5811 3724 5864 ver.
