4054 6198
356 256 424 314 53
1162 249 1381 310 EPIST.
1424 249 1670 309 PHlLlP.
1714 248 2065 311 GARBELLI
2103 251 2195 312 DE
2231 251 2483 311 CODICE
2523 252 2869 313 BRIXIANO.
3584 262 3653 319 54

349 370 517 437 sione.
541 382 667 441 qua:
689 384 754 425 ex
776 365 991 438 imperii
1016 381 1080 423 ac
1100 366 1383 437 religionis
1410 366 1541 425 sede
1567 366 1621 422 in
1640 364 1952 423 Occidentis
1978 367 2031 431 Α
2058 368 2391 439 autographa
2423 368 2631 440 aliquot
2671 369 2807 427 Novi
2834 370 3081 433 Ftederis
3118 386 3469 435 monumenta
3488 418 3503 445 ,
3544 376 3651 435 alia

342 466 663 537 provincias
690 480 749 521 se
774 465 880 523 late
907 462 1214 519 diffuderat.

410 560 526 616 Cur
559 561 703 615 inter
735 575 795 615 se
822 559 1107 625 differant,
1140 573 1203 613 ex
1241 567 1390 626 parte
1428 557 1682 612 diximus.
1715 554 1953 612 Diversi-

339 664 513 713 tatem
565 658 703 713 banc
753 654 821 711 ad
861 653 1176 710 statuendas
1208 663 1286 709 tot
1314 653 1449 709 alias
1493 654 1768 709 versiones
1807 653 1949 707 haud

338 749 473 803 satis
500 763 646 813 esse,
686 763 793 803 non
826 748 945 802 sine
976 747 1218 802 veritatis
1247 745 1431 817 specie
1452 746 1806 816 conjecimus.
1842 743 1953 798 Dif-

339 839 522 895 ferunt
554 839 704 895 inter
746 854 806 895 se
853 838 1041 895 Graeca
1089 838 1371 911 profundae
1416 837 1769 908 antiquitatis.
1818 833 1949 891 Ver—

338 932 525 986 siones
556 947 626 987 ex
653 930 759 986 hoc
793 930 972 1000 plures
1004 930 1058 985 in
1085 930 1347 985 Orientali
1388 930 1628 986 Ecclesia
1666 930 1831 985 factas
1857 943 1948 984 sa-

341 1039 447 1079 nus
495 1039 661 1078 nemo
718 1022 1091 1079 altirmaverit.
1141 1023 1198 1077 Si
1246 1024 1542 1093 primorum
1590 1023 1948 1091 interpretum

338 1127 571 1186 eetypon
602 1115 822 1185 aliquod
852 1130 1046 1183 purum
1076 1114 1439 1184 intactumque
1468 1131 1528 1169 se
1555 1114 1805 1178 sisteret,
1834 1112 1948 1168 col-

345 1210 476 1264 latis
520 1210 747 1264 invicem
777 1252 791 1275 ,
825 1226 945 1279 qua:
972 1219 1302 1277 supersunt,
1333 1210 1611 1264 veritatem
1645 1209 1783 1264 hanc
1813 1208 1945 1264 faci-

338 1300 449 1358 lius
494 1302 936 1372 adsequeremur.
964 1300 1091 1356 Sed
1136 1309 1256 1370 post
1301 1300 1667 1356 infelicitatem
1716 1300 1939 1355 illorum

340 1405 681 1465 temporum,
730 1396 884 1466 cujus
936 1395 1265 1451 mentionem
1303 1395 1561 1460 fecimus,
1593 1411 1729 1450 nova
1760 1394 1945 1451 clades

335 1497 529 1559 ectypa
564 1489 780 1558 puriora
813 1488 1147 1544 intervenit.
1188 1489 1249 1543 Ι).
1300 1489 1625 1562 Hieronymo
1668 1489 1939 1557 videlicet,

335 1591 567 1649 urgente
606 1581 861 1645 Damaso,
893 1580 955 1635 N.
985 1580 1049 1635 Τ.
1082 1581 1346 1635 librorum
1386 1581 1625 1635 instituta
1653 1582 1939 1637 correctio.

336 1668 488 1725 Hanc
534 1672 738 1727 etenim
788 1672 999 1737 statim,
1052 1686 1116 1726 ac
1163 1672 1369 1741 vulgari
1419 1673 1616 1741 cmpit,
1666 1686 1790 1727 cum
1839 1671 1941 1726 viri

332 1764 529 1818 summi
582 1774 699 1819 toto
751 1764 888 1819 orbe
923 1762 1236 1819 Christiano
1266 1765 1679 1821 celeberrimum
1712 1781 1933 1832 nomen,
1965 1767 2013 1827 B

331 1872 397 1913 ac
424 1858 651 1928 proinde
680 1858 986 1929 expectatio
1009 1859 1223 1930 ingens,
1251 1868 1359 1914 tum
1394 1860 1575 1930 operis
1601 1859 1936 1931 magnitudo,

333 1959 419 2014 et,
451 1966 571 2019 qua:
623 1949 725 2005 fuit
770 1966 984 2020 semper
1012 1951 1261 2006 humanis
1293 1951 1523 2021 ingeniis
1572 1952 1729 2019 illex,
1762 1953 1938 2023 gratia

330 2041 608 2109 novitatis,
644 2043 1031 2099 commendare
1062 2045 1319 2115 primum,
1356 2044 1551 2100 deinde
1574 2060 1679 2100 non
1712 2046 1938 2115 privatis

330 2133 504 2187 solum
527 2176 541 2199 ,
573 2133 669 2189 sed
696 2135 953 2191 Eeclesiis
981 2134 1114 2205 ipsis
1145 2145 1202 2189 ut
1228 2136 1279 2190 in
1312 2138 1481 2208 pretio
1507 2146 1655 2194 esset
1693 2137 1931 2195 efficere.

334 2224 472 2294 Quid
516 2226 645 2281 inde
684 2228 963 2295 evenerit,
1019 2228 1177 2284 facile
1229 2239 1313 2284 est
1358 2229 1621 2286 divinare.
1686 2230 1935 2286 Conferri

333 2328 570 2388 coeptum
603 2335 725 2374 cum
760 2319 985 2375 vetustis
1013 2322 1415 2390 exemplaribus
1455 2337 1647 2379 recens
1677 2337 1835 2393 opus.
1867 2322 1935 2378 Et

331 2411 421 2467 alii
454 2411 674 2483 quidem
724 2413 879 2468 avide
924 2418 1201 2484 arripere,
1234 2414 1427 2470 efferre
1456 2414 1723 2482 laudibus,
1756 2416 1929 2486 sequi.

333 2504 433 2558 Alii
466 2520 597 2559 vero
619 2547 633 2569 ,
668 2506 873 2575 antiqui
908 2507 1077 2562 moris
1125 2515 1365 2571 tenaces,
1417 2506 1602 2562 mirari
1659 2507 1932 2563 hominem

332 2596 417 2664 qui
459 2595 606 2665 (ιιιοά
657 2612 721 2651 eo
773 2612 944 2668 usque
974 2599 1171 2653 lectum
1201 2599 1269 2652 ab
1300 2599 1548 2653 omnibus
1577 2600 1748 2655 fuerat
1772 2615 1933 2654 revo-

332 2702 456 2743 care
495 2689 562 2743 ad
608 2691 864 2746 incudem
906 2693 1110 2760 primus
1139 2706 1203 2746 ac
1233 2692 1498 2761 refingere
1556 2692 1740 2747 vellet.
1788 2692 1933 2747 Non-

335 2781 467 2835 nulli
490 2783 648 2837 etiam
673 2794 867 2837 contra
889 2784 1005 2848 niti,
1030 2798 1313 2852 spernere,
1344 2784 1553 2836 auctori
1584 2783 1685 2854 ipsi
1715 2784 1930 2839 obtrec-

335 2880 469 2926 tare.
505 2872 687 2945 Neque
714 2875 858 2929 enim
882 2874 1106 2930 defuere
1138 2874 1470 2945 Hieronymo
1493 2874 1885 2931 obtrectatores
1913 2893 1925 2928 :

332 2980 431 3020 nec
458 2963 695 3020 deerunt
725 2982 960 3037 unquam
994 2966 1272 3037 praeclaris
1300 2966 1552 3037 ingeniis,
1605 2981 1723 3036 quae
1768 2976 1932 3022 urunt

328 3058 623 3132 splendore
659 3076 777 3127 suo,
806 3070 1249 3133 praegravantque
1278 3072 1423 3116 artes
1453 3059 1590 3114 infra
1613 3075 1672 3115 se
1702 3062 1925 3131 positas.

2056 475 2185 515 vero
2240 477 2305 516 ex
2345 463 2691 533 autographis
2734 465 2839 533 ipsi
2885 477 3076 538 ectypa
3127 482 3337 524 summa
3396 471 3499 527 fide
3552 472 3650 527 de-

2055 553 2257 621 scripta
2288 569 2398 623 pra:
2430 556 2601 611 oculis
2622 556 2891 615 habebant
2917 560 3044 616 dum
3076 573 3376 622 verterent.
3404 566 3501 621 Ast
3527 564 3653 621 Hie-

2054 659 2331 716 ronymus,
2366 646 2491 700 dum
2526 647 2703 703 fontes
2743 653 2935 720 quierit
2956 695 2971 718 ,
3002 669 3065 707 ex
3097 669 3287 711 eorum
3336 656 3530 712 rivulis
3551 697 3564 723 ,
3595 666 3652 714 et

2052 738 2264 807 quidem
2316 740 2577 795 incertum
2621 758 2687 796 an
2722 745 2867 798 omni
2898 761 2961 800 ex
3004 757 3153 816 parte
3185 750 3356 819 puris,
3389 760 3511 821 post
3540 761 3651 807 tre-

2051 838 2258 896 cenios,
2293 838 2348 884 et
2367 831 2601 902 amplius
2629 848 2805 889 annos
2846 836 2967 891 inde
3000 839 3337 894 manantibus
3366 840 3651 911 adtingere

2050 929 2133 975 est
2160 934 2410 989 coactus;
2445 926 2585 994 quod
2626 925 2698 979 ita
2742 926 2986 983 Latinam
3024 930 3327 987 versionem
3372 934 3647 1004 corrigere

2049 1029 2108 1069 se
2131 1030 2287 1085 posse
2310 1018 2553 1073 securius
2578 1018 2956 1077 arbitraretur.

2120 1151 2201 1206 An
2234 1152 2343 1221 pari
2368 1154 2659 1210 securitate
2700 1156 2933 1225 idipsum
2960 1168 3222 1228 praestare
3253 1169 3463 1230 poterat
3494 1162 3651 1216 adhi-

2052 1246 2175 1302 bitis
2220 1248 2647 1304 Occidentalium
2677 1250 3001 1306 codicibus?
3040 1253 3209 1307 Immo
3239 1255 3452 1325 majori.
3487 1265 3542 1309 ιιι
3565 1257 3646 1310 vi-

2048 1354 2166 1392 sum
2196 1349 2279 1393 est
2309 1340 2476 1395 Millio
2499 1340 2736 1413 (Proleg.
2771 1359 2824 1396 η.
2849 1344 2973 1408 854,
3004 1354 3051 1397 et
3076 1344 3263 1416 seqq.).
3294 1346 3351 1402 Si
3381 1348 3524 1401 enim
3548 1363 3646 1402 ve-

2049 1431 2178 1485 ritas
2202 1432 2375 1485 fuerat
2400 1435 2692 1502 qumrenda
2718 1435 2785 1489 de
2824 1436 3067 1505 pluribus
3103 1479 3118 1504 ,
3176 1453 3273 1492 cur
3307 1452 3414 1493 non
3454 1439 3521 1493 ad
3547 1438 3646 1493 hos

2046 1528 2223 1595 potius
2246 1544 2409 1599 quam
2441 1529 2507 1583 ad
2533 1528 2754 1585 Grascos
2786 1546 2846 1585 se
2875 1532 3184 1598 convertit,
3235 1533 3329 1603 qui
3362 1532 3533 1588 nihilo
3564 1549 3651 1590 se-

2046 1622 2161 1677 cius
2184 1638 2245 1678 ac
2272 1623 2472 1689 Latini,
2503 1639 2598 1679 seu
2631 1635 3082 1695 praesumptorum
3130 1626 3368 1693 licentia,
3393 1642 3455 1682 ac
3480 1638 3651 1683 teme-

2046 1718 2204 1772 ritate
2229 1760 2242 1780 ,
2275 1719 2387 1773 sive
2414 1718 2761 1773 librariorum
2809 1729 2971 1789 atque
2997 1733 3283 1789 operarum
3316 1719 3525 1775 incuria
3552 1734 3648 1791 pa-

2043 1827 2159 1867 rum
2189 1812 2460 1883 castigati.
2477 1822 2533 1868 et
2554 1828 2834 1884 perperam
2854 1816 3086 1871 correcti
3117 1815 3470 1885 prodierant?
3490 1816 3645 1884 Quod

2040 1906 2184 1959 enim
2234 1906 2303 1961 de
2357 1906 2564 1961 Latinis
2613 1908 2828 1963 dicebat
2882 1908 3277 1981 Hieronymus,
3342 1918 3421 1965 tot
3471 1909 3643 1965 ferme

2040 1999 2370 2069 exemplaria
2393 1999 2561 2055 fuisse
2604 2010 2735 2071 quot
2776 2000 2991 2055 codices
3016 2041 3031 2066 ,
3078 2010 3235 2056 aucta
3283 1999 3541 2057 videlicet
3574 2004 3629 2057 in

2040 2091 2232 2160 majus,
2266 2098 2325 2145 ut
2350 2106 2457 2146 non
2487 2100 2613 2147 raro
2634 2092 2854 2157 assolet,
2884 2106 3095 2148 summa
3118 2134 3133 2158 ,
3165 2090 3270 2148 hoc
3292 2093 3358 2149 de
3388 2094 3451 2148 ita
3479 2094 3641 2149 intel-

2040 2188 2311 2257 ligendum
2338 2205 2441 2241 non
2465 2189 2675 2253 dubito,
2706 2188 2798 2258 qui
2830 2189 2990 2259 vulgo
3023 2188 3353 2245 ferebantur.
3387 2186 3521 2243 Nam
3549 2202 3643 2243 se-

2038 2294 2134 2334 cus
2163 2280 2232 2335 de
2258 2281 2650 2335 vetustioribus
2689 2280 2977 2335 dicendum
3001 2323 3016 2348 ,
3061 2281 3153 2351 qui
3183 2280 3235 2335 in
3279 2279 3493 2335 scriniis
3536 2279 3643 2334 Ec-

2038 2375 2325 2429 clesiarum
2353 2388 2643 2443 superesse
2695 2374 2873 2428 adhuc
2902 2383 3183 2444 poterant;
3233 2388 3296 2427 ea:
3320 2375 3501 2442 quibus
3523 2373 3645 2426 dili-

2036 2477 2238 2537 genter,
2272 2468 2349 2521 ait
2380 2468 2598 2532 Milllus,
2625 2468 2839 2520 invicem
2868 2467 3071 2521 collatis
3106 2466 3325 2529 restitui,
3373 2475 3422 2519 et
3445 2468 3512 2517 ad
3532 2466 3642 2535 pri-

2036 2575 2245 2612 mirvam
2291 2560 2633 2628 integritatem
2695 2558 2922 2611 reuocari
2973 2557 3219 2625 potuisset
3277 2554 3471 2609 Italica
3522 2571 3637 2609 uer-

2036 2652 2131 2704 sio.
2169 2651 2273 2705 Sed
2296 2651 2407 2719 jam
2433 2660 2624 2705 caetera
2652 2650 2798 2703 illius
2825 2649 2988 2703 verba
3020 2660 3079 2702 ut
3130 2649 3272 2703 lectu
3301 2647 3466 2719 digna
3495 2690 3511 2716 ,
3544 2664 3641 2705 ne-

2034 2757 2139 2813 que
2166 2757 2263 2796 nos
2284 2743 2492 2813 integra
2525 2742 2629 2795 huc
2673 2741 2906 2809 adferre,
2940 2757 3116 2811 neque
3154 2757 3268 2807 eos,
3302 2744 3389 2812 qui
3414 2744 3639 2813 praecla-

2034 2849 2153 2887 rum
2195 2849 2330 2903 opus
2371 2850 2477 2887 non
2520 2834 2767 2904 legerint,
2815 2834 3139 2903 espendisse
3185 2834 3407 2904 pigebit.
3454 2832 3640 2905 Pergit

2036 2924 2217 2993 itaque
2246 2925 2523 2996 inquiens:

2116 3063 2285 3117 Verbo
2337 3064 2503 3117 dicam
2533 3104 2547 3128 ,
2606 3062 2725 3117 libri
2785 3062 2874 3135 qui
2926 3062 3021 3117 hac
3096 3070 3246 3117 aetate
3296 3060 3639 3131 ferebantur,

328 3151 460 3205 Pars
481 3168 615 3207 vero
646 3153 899 3218 maxima,
933 3154 1297 3210 Ecclesiarum
1332 3154 1655 3222 praisertim,
1691 3155 1926 3210 medium
1955 3147 1999 3208 C
2034 3158 2185 3212 etiam
2246 3156 2657 3225 pra’stnntissimi
2678 3196 2693 3219 ,
2766 3157 2955 3227 quique
3022 3156 3316 3225 interpolati
3378 3165 3521 3211 erant
3577 3166 3624 3209 et

331 3244 470 3300 inter
518 3256 780 3317 utrosque
824 3257 1013 3301 tenens
1068 3250 1173 3301 iter
1212 3246 1393 3318 (quod
1436 3255 1520 3301 est
1570 3246 1818 3317 equidem
1878 3249 1928 3303 in

328 3336 490 3392 rebus
519 3337 749 3405 agendis
771 3352 914 3408 saepe
946 3338 1111 3400 utile,
1152 3353 1295 3407 srepe
1331 3346 1509 3392 tamen
1543 3338 1926 3407 periculosum,

328 3437 382 3482 et
429 3427 655 3500 fallax),
727 3445 901 3500 neque
965 3430 1258 3484 editionem
1324 3430 1584 3499 integram
1652 3429 1925 3502 amplecti,

331 3536 506 3592 neque
552 3537 775 3591 prorsus
820 3522 1089 3591 rejicere;
1133 3521 1225 3577 sed
1278 3538 1398 3592 quae
1435 3532 1525 3575 aut
1580 3522 1801 3592 purius,
1836 3534 1929 3576 aut

327 3613 549 3679 melius,
574 3624 665 3667 aut
690 3612 907 3669 demum
940 3614 1150 3684 plenius
1181 3614 1440 3667 adtulisse
1469 3614 1774 3681 videbatur,
1808 3614 1926 3670 loco

326 3706 497 3761 motis
525 3707 821 3776 primorum
869 3709 1227 3777 interpretum
1261 3708 1438 3763 verbis
1459 3748 1471 3769 ,
1504 3708 1555 3760 iu
1584 3708 1801 3763 codices
1841 3724 1925 3764 re—

325 3796 498 3853 ferre.
532 3796 667 3852 llinc
698 3798 891 3851 factum
930 3807 1013 3861 ut,
1046 3796 1170 3867 quid
1202 3812 1334 3851 nova
1357 3839 1372 3864 ,
1404 3797 1529 3867 quid
1567 3806 1721 3851 vetus
1761 3796 1926 3852 editio

326 3891 563 3956 ferrent,
596 3906 883 3948 secernere
912 3892 1135 3947 difficile
1170 3901 1291 3963 post
1318 3906 1425 3946 non
1462 3892 1684 3945 multum
1720 3901 1927 3961 tempo-

322 3984 400 4039 ris
430 3983 594 4039 fuerit
620 4001 634 4050 ;
672 4000 813 4039 nunc
844 4000 971 4038 vero
1003 3983 1164 4039 etiam
1198 3984 1543 4053 desperatum
1578 3983 1800 4061 omnino
1831 3984 1922 4038 sit.

323 4074 420 4144 Ita,
445 4075 570 4131 dum
602 4079 830 4132 vetustis
860 4078 1152 4132 novitatem
1175 4118 1191 4142 ,
1226 4076 1483 4131 obsoletis
1507 4078 1769 4141 nitorem,
1801 4092 1924 4131 om-

320 4172 476 4227 nibus
525 4171 757 4243 gratiam
800 4172 928 4227 dare
955 4186 1012 4226 se
1040 4180 1260 4242 putant,
1304 4186 1494 4225 recens
1540 4171 1668 4225 illud
1710 4170 1920 4238 viuum,

325 4278 385 4317 ac
413 4263 629 4319 fervens
650 4305 663 4329 ,
705 4270 858 4318 utres
894 4272 1104 4318 veteres
1126 4304 1140 4330 ,
1173 4262 1226 4316 in
1254 4278 1391 4332 quos
1434 4261 1767 4328 refuderant,
1801 4277 1921 4331 pes-

323 4370 441 4411 sum
475 4356 658 4421 dedit;
697 4355 997 4411 calentibus
1027 4356 1223 4424 ubique
1260 4355 1601 4410 librariorum
1633 4356 1832 4411 scholis
1865 4364 1921 4410 ut

319 4466 456 4506 nova
477 4449 811 4517 exemplaria
836 4448 1201 4520 quaerentibus
1225 4458 1422 4518 praesto
1450 4464 1571 4503 esse
1588 4459 1826 4519 possent.
1854 4450 1921 4505 Et

2031 3251 2218 3315 mixti,
2276 3266 2338 3302 ne
2381 3247 2678 3319 Origeniani
2724 3248 2969 3318 quidem,
3030 3250 3298 3319 cretei-ique
3360 3248 3628 3317 probatio—

2030 3360 2111 3398 res
2143 3385 2158 3409 ,
2202 3341 2270 3396 ad
2314 3358 2532 3411 quarunt
2579 3341 2735 3411 ﬁdem
2775 3358 2840 3395 ea:
2890 3342 3154 3395 occasione
3219 3350 3462 3411 provocat
3508 3340 3632 3395 (lie-

2032 3450 2276 3505 ronymus
2312 3476 2325 3499 ,
2357 3434 2419 3486 ab
2449 3433 2753 3488 assumentis
2792 3434 3006 3503 aliisque
3044 3434 3179 3486 vitiis
3209 3432 3474 3487 vacabant.
3519 3433 3631 3487 Soli

2033 3527 2169 3593 puri,
2202 3534 2249 3579 et
2280 3526 2594 3579 immaculati
2616 3536 2780 3591 erant,
2809 3527 2895 3592 qui
2921 3542 2983 3580 ea:
3007 3524 3342 3597 autographis
3364 3526 3623 3595 apostolo—

2029 3632 2141 3669 rum
2171 3616 2478 3670 manabant:
2533 3617 2755 3684 proximi
2784 3617 2921 3683 illis,
2982 3617 3096 3669 licet
3123 3657 3137 3681 ,
3168 3615 3309 3667 haud
3346 3618 3420 3668 ita
3461 3616 3579 3683 puri
3610 3652 3628 3683 ,

2030 3724 2156 3779 quos
2182 3709 2444 3776 aliquanto
2467 3718 2579 3779 post
2628 3707 3041 3762 constitutionem
3073 3706 3297 3760 Canonis
3335 3705 3410 3759 Ν.
3440 3704 3505 3760 Τ.
3540 3707 3629 3760 de-

2027 3801 2181 3854 scribi
2225 3801 2527 3869 contigerat.
2553 3800 2622 3853 Et
2671 3816 2735 3854 ea:
2780 3816 2958 3854 eorum
3014 3801 3187 3872 aliquo
3230 3816 3472 3868 expressa
3521 3810 3631 3854 erat

2030 3894 2195 3947 uersio
2235 3891 2437 3947 Italica.
2490 3892 2629 3945 Adeo
2669 3901 2770 3958 ut,
2825 3892 2891 3945 ad
2934 3894 3100 3964 ipsum
3144 3893 3511 3946 emendandum
3564 3908 3628 3947 ex

2030 3987 2232 4052 Graeco,
2257 3986 2555 4040 consulendi
2578 3991 2747 4054 forent
2770 3987 2991 4051 codices,
3017 3988 3061 4040 si
3086 3987 3173 4051 qui
3193 3996 3442 4051 extarent,
3484 3987 3631 4041 simi-

2028 4081 2100 4135 les
2129 4080 2256 4145 illis,
2304 4081 2372 4133 ad
2423 4096 2642 4149 quorum
2688 4089 2883 4133 textum
2920 4084 3091 4150 fuerat
3126 4080 3430 4147 composita.
3477 4078 3627 4144 Quod

2026 4182 2194 4224 autem
2220 4172 2312 4225 hos
2338 4187 2441 4223 una
2472 4187 2587 4224 cum
2632 4170 2749 4223 aliis
2777 4172 2989 4224 istorum
3020 4181 3301 4241 temporum
3349 4169 3629 4241 interpola-

2023 4267 2129 4319 rint
2160 4266 2320 4335 magis
2346 4266 2613 4335 magisque
2645 4264 2842 4317 librarii
2869 4275 2986 4316 ante
3012 4264 3259 4318 saxulum
3298 4261 3623 4334 Hieronymi,

2025 4362 2220 4429 frustra
2250 4371 2314 4413 ex
2342 4369 2627 4426 temporum
2658 4359 2997 4426 posteriorum
3046 4356 3238 4412 (ἐναίρει
3286 4357 3486 4412 institui
3514 4360 3625 4428 eius

2024 4450 2075 4503 in
2108 4451 2360 4521 integrum
2390 4450 2783 4503 restitutionem.
2826 4447 2954 4502 Cum
2994 4450 3127 4502 enim
3154 4468 3185 4503 a
3209 4449 3443 4516 lectione,
3468 4465 3625 4519 quam

319 4545 549 4612 septimo
570 4542 685 4613 jam
710 4542 909 4596 saeculo
934 4542 1132 4611 passim
1155 4540 1206 4594 in
1232 4539 1512 4595 occidente
1535 4540 1914 4606 obtinuerant;
1946 4536 1998 4596 D
2022 4544 2273 4613 referebat
2303 4543 2409 4596 lucc
2432 4542 2615 4605 versio,
2651 4542 2867 4595 abierint
2895 4540 3035 4594 haud
3072 4556 3191 4593 raro
3222 4540 3339 4596 libri
3375 4542 3625 4596 recentio-

317 4634 576 4707 sepositis
630 4635 1050 4701 vetustioribus,
1098 4649 1158 4688 ac
1197 4632 1425 4687 subinde
1474 4634 1753 4703 neglectis,
1796 4651 1918 4705 quae

318 4742 507 4800 postea
543 4730 721 4785 serior
747 4741 910 4793 tetas,
947 4739 1001 4783 ιιι
1043 4729 1327 4799 plerasque
1360 4729 1490 4781 alias
1522 4738 1762 4783 veterum
1796 4746 1916 4784 mo-

319 4832 707 4877 numentorum
738 4820 995 4891 reliquias
1014 4863 1028 4885 ,
1066 4820 1451 4873 indoctissimis
1480 4820 1710 4873 librariis
1737 4820 1801 4874 ad
1830 4836 1915 4875 re-

318 4918 532 4987 pagula,
568 4915 850 4981 fasciolas,
882 4913 1094 4970 indusia
1124 4913 1640 4983 compingendorum
1671 4914 1915 4969 codicum

315 5008 554 5080 paranda
597 5006 875 5064 deservire
915 5007 1065 5062 vidit.
1101 5007 1198 5061 Hic
1235 5004 1357 5061 finis
1383 5006 1580 5061 Italica:
1626 5007 1913 5078 versiouis,

316 5103 402 5158 hic
429 5104 613 5159 exitus
653 5102 787 5167 fuit;
842 5118 951 5156 non
995 5100 1304 5172 Hieronymi
1352 5102 1540 5170 culpa,
1578 5100 1670 5154 sed
1712 5110 1916 5170 tempo-

319 5214 431 5252 rum
463 5216 478 5252 :
509 5206 568 5252 ut
600 5210 884 5267 parcamus
931 5195 1157 5264 ingeniis
1183 5234 1197 5257 ,
1229 5209 1347 5263 quae
1379 5208 1477 5247 nec
1511 5195 1643 5248 satis
1670 5194 1911 5263 provida,

323 5301 393 5355 et,
423 5306 584 5361 quam
618 5306 717 5359 par
745 5296 911 5353 esset,
945 5286 1182 5342 faciliora
1210 5327 1225 5352 ,
1259 5302 1424 5341 novas
1454 5302 1689 5353 merces,
1720 5288 1913 5358 quibus

328 5395 470 5435 suum
501 5380 749 5453 profecto
779 5390 1051 5435 constaret
1079 5380 1331 5449 pretium,
1358 5379 1452 5434 sed
1482 5394 1601 5435 cum
1628 5381 1785 5434 avitis
1814 5384 1913 5435 mi-

327 5475 468 5530 nime
493 5474 885 5545 comparandas
909 5516 924 5540 ,
949 5474 1032 5527 ltis
1072 5474 1201 5541 ipsis
1229 5474 1548 5527 antetttlerc.
1580 5472 1731 5539 Quod
1759 5474 1909 5529 dixe-

321 5569 447 5623 rim.
484 5566 795 5637 Hieronymi
827 5564 1095 5635 egregium
1136 5573 1326 5618 caetera
1370 5579 1504 5631 0an
1544 5578 1665 5618 cum
1712 5565 1910 5619 Roma-

320 5677 402 5719 na:
442 5660 706 5718 Ecclesia:
753 5660 1105 5730 interpretum
1160 5657 1496 5728 antigrapbis
1524 5657 1664 5713 haud
1695 5675 1913 5729 compa-

320 5754 426 5823 rari
473 5769 661 5841 posse,
710 5767 889 5830 nemo,
924 5761 981 5815 ut
1006 5758 1170 5833 puto,
1197 5750 1406 5819 inficias
1440 5750 1618 5813 iverit.
1650 5751 1729 5819 Illi
1769 5752 1911 5815 enim

2019 4653 2119 4701 res,
2151 4646 2282 4689 certe
2301 4652 2403 4704 quo
2431 4636 2641 4707 prapius
2668 4636 2724 4688 in
2771 4650 2830 4687 ea
2856 4634 3166 4688 recensendo
3208 4634 3276 4687 ad
3306 4635 3397 4689 llos
3414 4632 3618 4687 accedi-

2021 4735 2121 4793 tur,
2148 4742 2206 4780 eo
2241 4729 2403 4796 magis
2445 4726 2688 4779 Italicam
2716 4742 2747 4779 a
2771 4726 3076 4797 primigenia
3102 4742 3196 4778 sua
3226 4726 3478 4793 scriptura
3504 4724 3623 4777 red-

2020 4821 2109 4875 des
2140 4820 2393 4884 alienant;
2435 4836 2525 4873 nec
2550 4819 2855 4889 reformabis
2894 4820 3062 4885 ipsam
3088 4858 3103 4883 ,
3134 4819 3222 4871 sed
3252 4818 3420 4885 potius
3452 4826 3622 4871 trans-

2022 4915 2267 4984 formabis
2302 4915 2355 4967 in
2386 4929 2564 4967 novam
2595 4915 2767 4967 nescio
2796 4930 2949 4980 quam
2973 4952 2987 4977 ,
3015 4929 3045 4965 a
3072 4912 3293 4981 genuina
3316 4921 3479 4966 uetere
3509 4909 3537 4964 Ι
3544 4922 3619 4965 ια-

2022 5007 2121 5060 lica
2144 5008 2346 5077 penitus
2373 5007 2768 5078 discrepantem.
2821 5004 2993 5060 Sensit
3035 5013 3168 5056 certe
3186 5004 3301 5071 jam
3348 5005 3402 5058 in
3440 5006 3619 5061 limine

2022 5101 2190 5168 aperis
2218 5098 2559 5169 Hieronymus
2580 5100 2826 5168 grandem
2858 5139 2871 5161 ,
2923 5095 3227 5165 Latinisque
3264 5096 3481 5151 auribus
3520 5098 3619 5151 mi-

2022 5194 2155 5246 nime
2181 5193 2466 5264 ferendam,
2501 5207 2615 5262 qua:
2643 5207 2706 5244 ea:
2734 5190 3044 5244 accuratiori
3067 5190 3135 5242 ad
3160 5191 3361 5244 codices
3390 5206 3510 5244 suos
3536 5205 3617 5244 re-

2021 5286 2259 5338 censione
2286 5285 2601 5354 contigisset,
2638 5291 2805 5337 textus
2837 5282 3011 5337 Latini
3039 5283 3415 5345 mutationem;
3445 5282 3620 5349 reique

2023 5377 2379 5447 magnitudine
2408 5418 2422 5441 ,
2451 5386 2496 5429 et
2547 5375 2775 5442 periculo
2799 5375 3095 5441 deterritus,
3127 5373 3415 5442 tempestive
3443 5375 3619 5427 retulit

2023 5472 2223 5540 pedem,
2261 5480 2304 5524 et
2335 5470 2386 5522 in
2419 5471 2572 5532 alios.
2605 5486 2789 5537 easque
2821 5468 2960 5522 haud
3008 5483 3191 5535 parum
3239 5464 3466 5519 saniores
3491 5465 3617 5518 abiit

2019 5566 2262 5620 rationes.
2300 5563 2499 5629 Nempe
2528 5564 2797 5617 emendata
2826 5580 2856 5614 α
2894 5578 2947 5617 se
2978 5557 3278 5627 Evangelia,
3304 5573 3366 5610 ne
3395 5558 3614 5610 multant

2020 5674 2049 5709 a
2069 5657 2301 5711 lectionis
2349 5655 2549 5711 Latina:
2575 5654 2942 5710 consuetudine
2971 5651 3315 5720 discreparent
3340 5690 3354 5715 ,
3386 5650 3459 5703 ita
3477 5649 3616 5702 cala-

2020 5768 2102 5813 mo
2130 5761 2432 5829 temperasse
2455 5766 2528 5823 se,
2556 5750 2647 5821 ait,
2675 5758 2731 5810 ut
2759 5747 2837 5807 his
2870 5752 3085 5816 tantum,
3110 5760 3223 5818 qua:
3248 5759 3451 5807 sensum
3474 5742 3615 5801 vide~

3558 5972 3617 6025 Γ
