4054 6198
368 287 439 342 55
1775 282 2306 342 PROLEGOMENA.
3604 298 3674 357 56

366 408 553 463 bantur
578 418 797 479 mutare,
830 409 1070 465 correcti:
1090 451 1105 474 ,
1135 407 1334 478 reliqua
1362 423 1567 463 manere
1601 415 1879 478 pateretur,
1905 413 1963 458 ut
1989 408 2043 468 Α
2067 416 2169 460 seu
2198 405 2555 475 mangonibus
2584 407 2827 465 librariis
2850 411 3217 473 clarissimum
3250 418 3401 477 Petri
3433 421 3674 479 Alexan-

397 512 579 557 uerunt
583 544 598 559 .

366 504 710 650 [natalicium
738 594 841 650 hoc
887 594 1040 650 Millii
1081 595 1329 666 quamvis
1356 594 1408 649 in
1439 593 1691 650 omnibus
1733 594 1965 664 probare

366 699 479 741 non
501 688 701 755 possim
728 686 859 759 (scis
889 686 1034 742 enim
1064 687 1191 757 quid
1220 687 1287 742 de
1322 686 1707 742 constitutione
1746 686 1835 739 illa
1865 682 1967 740 Ca-

368 782 528 836 nonis
549 780 859 850 senserim),
896 783 945 834 in
974 782 1042 836 iis
1066 790 1270 847 tamen,
1300 797 1420 852 quae
1445 780 1512 835 de
1539 779 1873 835 emendanda
1897 779 1964 834 ad

366 873 591 928 Latinos
612 873 826 929 codices
849 874 1067 946 antiqua
1084 875 1333 931 versione
1355 874 1630 939 disseruit,
1655 884 1707 929 et
1735 882 1961 941 rectum,

369 976 425 1022 et
451 967 939 1021 luculentissimum
974 977 1120 1037 puto.
1149 968 1374 1031 Verum,
1406 967 1473 1021 ad
1514 982 1668 1037 quos,
1728 966 1961 1034 inquies,

369 1060 438 1125 si,
469 1060 791 1130 Augustino,
820 1076 882 1116 ac
914 1061 1241 1132 Hieronymo
1270 1059 1517 1127 testibus,
1550 1060 1685 1114 adeo
1706 1068 1860 1113 erant
1880 1059 1964 1113 in-

368 1153 617 1221 terpolati
644 1168 855 1218 omnes,
888 1169 952 1209 ac
984 1154 1181 1209 mixti?
1211 1154 1327 1210 Non
1357 1168 1612 1224 reponam
1649 1155 1734 1208 hic
1755 1169 1875 1224 qua:
1896 1153 1962 1208 ad

366 1254 742 1313 argumentum
792 1245 935 1299 istud
964 1244 1275 1300 adtulimus.
1326 1244 1562 1313 Idipsum
1610 1243 1964 1314 questusjam

366 1335 546 1390 fuerat
572 1336 865 1406 Origenes:
899 1347 954 1393 et
1004 1346 1183 1393 tamen
1222 1354 1328 1392 non
1377 1338 1601 1392 deerant
1662 1335 1968 1405 praeceden-

366 1427 502 1483 tium
546 1428 867 1483 smculorum
921 1430 1254 1499 exemplaria
1282 1471 1296 1494 ,
1348 1429 1412 1484 ad
1462 1445 1582 1500 quae
1611 1443 1706 1484 sua
1740 1430 1967 1500 ipsemet

367 1520 567 1589 exegit.
602 1519 746 1575 Idem
775 1521 843 1576 de
870 1521 1076 1585 Latinis
1105 1521 1412 1577 dicendum.
1458 1523 1570 1578 Non
1619 1537 1739 1593 quae
1766 1522 1966 1591 passim

366 1614 437 1666 ab
466 1614 720 1669 omnibus
754 1614 1067 1670 terebantur
1087 1656 1101 1679 ,
1137 1614 1231 1670 sed
1256 1630 1319 1671 ea
1347 1624 1502 1671 erant
1526 1614 1817 1686 quazrenda
1848 1629 1967 1685 qua:

365 1720 396 1759 a
420 1706 752 1775 privatorum
784 1707 1000 1763 licentia
1028 1716 1260 1774 secreta,
1291 1724 1420 1778 pura
1468 1710 1641 1778 magis
1670 1751 1685 1775 ,
1713 1716 1768 1764 et
1807 1708 1971 1764 fonti-

2069 494 2214 552 driui
2243 512 2472 566 nomen,
2508 508 2566 555 ut
2592 502 2851 572 Splendor
2891 509 3058 564 merci
3092 551 3108 578 ,
3139 526 3202 568 ac
3257 514 3487 585 pretium
3517 529 3674 570 acce-

2077 587 2252 645 deret.

2136 682 2341 740 Auctor
2380 696 2557 744 tamcn
2601 688 2857 746 Chronici
2904 692 3256 755 Alexandrini
3308 710 3363 757 et
3392 712 3667 762 servatum

2068 774 2268 846 Ephesi
2290 793 2361 832 vn
2383 781 2603 847 sazculo,
2634 792 2689 836 et
2711 798 2738 836 a
2773 783 3021 841 fidelibus
3055 789 3107 843 in
3131 794 3483 850 veneratione
3504 795 3665 852 habi-

2069 876 2179 922 tum
2213 870 2482 939 prodidit;
2512 873 2656 944 quod
2693 875 2937 944 profecto
2970 882 3163 937 mirum
3186 926 3201 953 ,
3235 901 3330 940 seu
3365 887 3526 950 fama.
3557 891 3675 946 sive

2069 970 2148 1015 tot
2218 964 2518 1020 illustrium
2587 967 2904 1026 Graecorum
2971 979 3367 1036 consuetudine
3435 985 3678 1041 nescisse

2067 1052 2478 1128 Hieronymum.
2521 1060 2661 1115 Nihil
2709 1064 2853 1118 enim
2884 1068 3062 1123 minus
3088 1086 3139 1125 tv
3169 1088 3328 1142 quam
3352 1091 3425 1130 vtt
3462 1078 3677 1133 sarculis

2067 1157 2255 1204 notum
2307 1150 2488 1207 fuerit.
2522 1153 2819 1218 Praeterea,
2850 1158 3129 1217 Adulterze
3160 1163 3444 1222 historiam
3495 1170 3546 1224 in
3583 1186 3676 1226 ve-

2067 1242 2230 1296 tustis
2252 1243 2527 1314 plerisque
2552 1260 2676 1302 cum
2723 1249 2963 1317 Grascis,
2998 1263 3109 1307 tum
3151 1254 3357 1311 Latinis
3395 1259 3677 1319 codicibus

2068 1336 2326 1390 omissam
2352 1379 2367 1404 ,
2419 1349 2513 1393 aut
2557 1340 2731 1396 obelis
2763 1352 3002 1400 notatam
3026 1388 3041 1412 ,
3071 1362 3231 1417 quam
3264 1350 3421 1407 facile
3451 1363 3508 1408 et
3534 1355 3633 1424 ipsi
3659 1399 3673 1421 ,

2070 1435 2125 1480 et
2153 1426 2273 1481 aliis
2306 1427 2496 1484 fuisset
2526 1430 2592 1485 ad
2641 1433 2918 1507 archetypi
2953 1437 3114 1494 fidem
3144 1443 3396 1512 exigere?
3424 1445 3555 1500 Cum
3599 1457 3676 1501 ta-

2072 1534 2198 1575 men
2227 1537 2256 1575 e
2290 1532 2366 1578 tot
2394 1525 2748 1596 scriptoribus
2776 1542 2937 1599 ante,
2967 1543 3019 1587 et
3046 1544 3169 1604 post
3202 1537 3351 1592 illum
3386 1539 3439 1593 id
3485 1541 3677 1597 fecerit

2070 1629 2253 1671 nemo.

2143 1712 2407 1783 Quidquld
2439 1713 2509 1770 de
2539 1715 2639 1772 hac
2672 1732 2732 1772 re
2760 1719 2853 1785 sit,
2882 1722 3093 1779 etiamsi
3135 1727 3427 1795 pcriissent
3467 1731 3671 1788 archc-

364 1797 469 1854 bus
502 1800 756 1869 pr0piora
780 1814 903 1855 esse
930 1800 1251 1856 debuerant.
1282 1802 1394 1856 lIoc
1414 1816 1546 1857 vero
1569 1800 1711 1857 haud
1757 1800 1979 1858 difficile
2009 1804 2055 1864 Β
2085 1813 2208 1877 typa
2228 1847 2243 1871 ,
2289 1821 2399 1860 non
2440 1818 2587 1863 esset
2617 1824 2717 1865 cur
2741 1814 3086 1871 miraremur.
3118 1818 3296 1874 Pauca
3320 1831 3477 1878 erant
3501 1867 3516 1889 ,
3566 1834 3677 1881 tum

365 1889 609 1946 futurum
642 1901 759 1947 erat
799 1893 957 1949 beato
986 1894 1249 1965 Scriptori
1274 1936 1290 1961 ,
1329 1896 1374 1950 si
1407 1897 1642 1951 triennio
1682 1896 1777 1951 illo
1800 1936 1816 1964 ,
1862 1911 1970 1967 quo

365 1985 556 2040 Roma:
580 1986 851 2055 substitit,
881 1990 1133 2060 antiquos
1164 1991 1426 2061 principis
1445 1990 1707 2046 Ecclesiae
1727 1991 1963 2058 codices,

366 2077 612 2149 aliosque
640 2096 735 2151 per
763 2081 970 2138 Italiam
999 2099 1031 2139 e
1063 2084 1301 2140 tenebris
1345 2092 1532 2140 erutos
1577 2085 1845 2154 inSpicere
1874 2098 1969 2139 vo-

366 2171 580 2228 luisset.
612 2175 935 2234 Incredibile
961 2179 1107 2234 enim
1136 2179 1359 2235 omnino
1389 2189 1473 2235 est
1505 2221 1520 2246 ,
1566 2179 1620 2233 in
1664 2193 1848 2233 earum
1882 2192 1970 2233 se-

366 2267 614 2321 cretariis
633 2270 911 2339 exemplar
931 2271 1138 2326 nullum
1162 2287 1193 2328 e
1210 2270 1593 2327 vetustioribus
1613 2270 1965 2341 superfuisse.

366 2356 595 2413 Servata
625 2359 841 2416 fuerant
867 2363 935 2418 ad
987 2363 1235 2434 Origenis
1266 2379 1437 2434 usque
1482 2372 1695 2418 :etatem
1726 2358 1968 2433 superio-

363 2462 484 2502 rum
514 2457 817 2518 temporum
839 2451 1027 2510 Grieca
1052 2472 1064 2506 :
1092 2470 1189 2509 cur
1208 2470 1314 2509 non
1339 2454 1480 2525 apud
1503 2464 1717 2509 nostros
1742 2454 1968 2510 Latina?

365 2538 447 2593 An
476 2542 656 2595 minor
679 2542 910 2599 fortasse
934 2547 1265 2602 nostratibus
1313 2562 1591 2603 sacrorum
1618 2547 1964 2602 Voluminum

366 2646 519 2697 cura,
546 2647 706 2701 quam
737 2632 984 2688 Grzecis?
1013 2651 1120 2689 non
1166 2646 1314 2705 puto.
1343 2641 1413 2689 At
1455 2639 1732 2706 perierant
1781 2638 1833 2693 iu
1888 2646 1967 2693 tot

368 2724 629 2780 Ecclesia:
650 2726 1048 2782 calamitatibus
1086 2730 1377 2798 archetypa
1403 2729 1517 2798 ipsa
1543 2773 1557 2796 ,
1593 2745 1714 2799 qua:
1759 2732 1966 2798 majore

367 2816 609 2886 profecto
641 2831 769 2872 cura
820 2818 1080 2873 custodiri
1135 2834 1229 2888 par
1275 2820 1485 2874 fuerat:
1531 2831 1734 2891 quanto
1783 2821 1965 2892 itaque

362 2908 537 2979 magis
583 2920 775 2980 cetypa
817 2910 975 2980 primi
1022 2911 1311 2966 alteriusve
1357 2912 1590 2967 saeculi?
1630 2927 1804 2983 eoque
1843 2929 1961 2967 am-

361 3000 504 3070 plius
528 3043 544 3069 ,
576 3001 717 3073 quod
767 3003 887 3057 trita
906 3004 1017 3073 jam
1057 3012 1220 3075 atque
1272 3006 1514 3061 obsoleta
1553 3008 1791 3076 proclive
1845 3017 1966 3065 erat

365 3095 664 3148 recentium
693 3106 974 3151 venuSIate
1001 3097 1286 3164 vilescere,
1309 3113 1370 3153 ac
1401 3098 1736 3169 parvipendi.

2076 1896 2217 1966 apud
2248 1911 2473 1967 paucos.
2506 1899 2623 1968 Quo
2646 1911 2825 1957 autem
2859 1907 3201 1977 pretiosiora,
3231 1926 3296 1966 co
3320 1914 3483 1969 etiam
3516 1916 3568 1970 in
3603 1926 3683 1973 tot

2076 1988 2443 2045 Ecclesiarum
2473 1994 2732 2048 arrunmis
2776 1994 2881 2051 huc
2924 1997 3052 2053 illuc
3088 1999 3323 2059 fortasse
3371 2005 3631 2064 translata
3664 2027 3678 2062 :

2071 2096 2169 2136 seu
2196 2123 2213 2148 ,
2247 2092 2305 2137 ut
2328 2083 2560 2139 laterent
2589 2088 2834 2143 securius
2859 2129 2875 2156 ,
2921 2090 2972 2144 in
3014 2092 3380 2161 penitioribus
3424 2097 3559 2154 locis
3584 2099 3682 2153 ab-

2070 2189 2289 2241 sconsa,
2325 2191 2447 2231 mox
2490 2177 2603 2233 fato
2635 2180 2835 2237 functis
2861 2223 2877 2249 ,
2910 2194 3004 2239 aut
3030 2186 3136 2241 alio
3163 2188 3519 2258 migrantibus
3544 2232 3561 2260 ,
3588 2194 3681 2263 qui

2036 2268 2420 2336 ~czelaverant,
2454 2273 2734 2328 memoria:
2767 2275 3043 2332 hominum
3072 2280 3367 2350 subtracta,
3421 2287 3528 2339 situ
3561 2294 3681 2340 tau-

2071 2358 2195 2415 dem
2241 2376 2464 2432 aevoque
2507 2364 2719 2420 absumi
2764 2369 3070 2436 Oportebat.
3106 2373 3179 2428 De
3222 2376 3431 2446 ectypis
3463 2376 3677 2434 illorum

2070 2452 2283 2509 diversa
2314 2457 2527 2525 penitus
2567 2459 2724 2514 ratio.
2750 2459 2984 2517 Plurima
3017 2476 3167 2519 erant
3195 2507 3209 2531 ,
3241 2474 3296 2521 et
3320 2468 3460 2538 apud
3489 2469 3668 2539 pluri-

2070 2559 2211 2600 mos.
2239 2545 2338 2602 Ubi
2368 2555 2542 2603 cretus
2587 2549 2824 2606 fidelium
2852 2595 2865 2618 ,
2914 2554 2983 2608 ibi
3008 2555 3199 2611 divinae
3241 2557 3532 2628 Scripturae
3567 2579 3581 2615 :
3610 2562 3663 2618 in

2069 2636 2316 2692 ecclesiis
2336 2680 2351 2703 ,
2382 2638 2436 2693 in
2464 2640 2714 2697 domibus
2745 2645 3105 2714 privatorum,
3137 2648 3190 2702 in
3220 2650 3385 2718 urbe,
3420 2653 3474 2707 in
3506 2654 3672 2724 agris.

2071 2725 2343 2784 Praeterea
2358 2746 2463 2786 non
2484 2732 2622 2787 idem
2645 2735 2839 2806 ubique
2857 2740 3248 2808 persecutionis
3264 2752 3448 2812 aestus,
3465 2748 3555 2816 qui
3570 2748 3670 2803 ab-

2069 2830 2315 2876 sumeret
2347 2838 2359 2874 :
2396 2838 2570 2893 neque
2601 2824 2653 2878 in
2686 2825 2837 2880 Italia
2863 2837 2920 2881 ut
2950 2831 3001 2882 in
3025 2830 3205 2887 Africa
3229 2875 3243 2899 ,
3273 2843 3434 2905 atque
3456 2836 3677 2897 Oriente

2070 2920 2177 2965 tam
2202 2911 2439 2969 fervens.
2465 2915 2627 2971 Multo
2652 2918 2828 2974 minus
2850 2920 2905 2975 in
2919 2920 3124 2989 Galliis,
3150 2925 3566 2984 ubiChristiana
3590 2948 3678 2988 res

2066 3004 2168 3059 sub
2189 3006 2492 3062 mitissimis
2510 3010 2843 3081 principibus
2868 3011 3209 3084 Constantio,
3235 3034 3299 3074 ac
3319 3021 3677 3081 Constantino

2067 3100 2329 3167 pacatior.
2359 3101 2442 3155 Ab
2471 3101 2554 3156 his
2585 3103 2718 3158 locis
2748 3106 2976 3175 petenda
3006 3118 3165 3165 erant
3194 3112 3449 3182 primaeva
3481 3130 3675 3171 exem-

439 3185 673 3241 Periisse
703 3188 1033 3257 autographa
1062 3190 1432 3258 apostolorum
1481 3200 1824 3247 monumenta
1852 3192 1961 3261 jam
1994 3193 2036 3253 C
2071 3188 2239 3258 plaria
2271 3206 2286 3244 :
2320 3206 2427 3246 non
2476 3192 2723 3250 defutura
2751 3196 2992 3266 profecto
3014 3242 3027 3266 ,
3074 3202 3118 3255 si
3150 3203 3341 3259 sedqu
3368 3222 3680 3276 quaereren-

364 3286 491 3331 ante
517 3277 909 3349 Hieronymum
941 3321 956 3347 ,
990 3290 1082 3335 aut
1133 3281 1225 3336 ubi
1256 3282 1682 3351 delitescerent,
1725 3284 1966 3354 ignotum

365 3369 554 3435 fuisse,
582 3369 632 3423 id
665 3372 919 3427 evincere
951 3374 1164 3428 videtur
1188 3416 1204 3442 ,
1234 3374 1379 3445 quod
1411 3391 1572 3431 nemo
1599 3378 1743 3432 inter
1791 3378 1967 3433 eccle-

364 3461 616 3516 siasticos
646 3464 940 3532 scriptores
960 3473 1019 3519 ut
1045 3464 1220 3521 adhuc
1242 3468 1595 3537 superstitum
1619 3470 1963 3525 meminerit:

366 3568 528 3608 nemo
556 3555 717 3610 etiam
774 3557 840 3611 ad
884 3558 970 3612 illa
1004 3561 1377 3627 provocaverit
1415 3580 1429 3617 :
1486 3572 1713 3632 excepto
1750 3563 1969 3620 Tertul-

366 3644 533 3713 liano,
567 3663 723 3717 quem
744 3650 929 3705 saeculi
960 3652 1101 3707 tertii
1130 3653 1319 3720 initiis,
1346 3655 1608 3710 adversus
1634 3657 1963 3714 Marcionem

366 3751 487 3791 cum
512 3740 797 3807 scriberet,
829 3744 894 3795 ad
919 3743 1067 3798 Pauli
1100 3745 1370 3813 Epistolas
1396 3789 1411 3814 ,
1443 3748 1597 3817 quasi
1615 3749 1673 3803 in
1699 3748 1964 3806 Ecclesiis

369 3828 523 3898 ipsis,
552 3830 618 3884 ad
642 3847 774 3900 quas
798 3833 937 3887 datae
969 3834 1217 3903 fuerant,
1249 3847 1498 3894 extantes
1522 3843 1833 3910 respexisse
1869 3843 1967 3898 ob-

364 3922 1071 3983 servabamus.Scieutiaue
1099 3927 1245 3997 facti,
1291 3946 1357 3984 an
1404 3930 1545 3986 fama
1603 3942 1759 3989 tenus
1792 3951 1960 4000 ,'seu

364 4015 507 4085 quod
540 4018 609 4069 ita
633 4017 916 4085 crederet,
962 4020 1247 4077 incertum.
1277 4020 1410 4077 Cum
1441 4025 1660 4081 aliunde
1691 4025 1832 4081 haud
1865 4028 1966 4083 im-

364 4106 647 4175 probabile
678 4110 747 4163 sit
778 4124 961 4165 earum
991 4112 1200 4183 aliquas
1232 4155 1249 4177 ,
1300 4114 1348 4169 si
1370 4115 1547 4171 minus
1596 4133 1785 4174 omnes
1818 4163 1833 4188 ,
1867 4136 1961 4176 su-

368 4199 655 4265 perfuisse.
714 4201 963 4257 Nondum
1021 4206 1165 4260 enim
1213 4207 1264 4261 in
1315 4209 1525 4263 divinas
1575 4211 1880 4282 Scripturas
1930 4231 1963 4272 a

364 4292 808 4357 persecutoribus
835 4296 1051 4361 acriter,
1090 4304 1147 4351 ut
1180 4309 1384 4367 postea,
1417 4303 1684 4357 saevitum.

442 4381 516 4436 De
546 4383 859 4454 Evangeliis
887 4390 1148 4444 memoria
1180 4392 1322 4445 nulla
1350 4434 1366 4459 ,
1401 4393 1503 4449 nisi
1530 4396 1756 4451 incertis
1784 4414 1959 4455 rumo-

365 4471 517 4527 ribus
543 4474 717 4542 fulta,
750 4477 839 4533 ubi
886 4494 949 4534 ea
1002 4482 1169 4537 divini
1226 4484 1531 4554 Scriptores
1584 4487 1957 4559 reliquissent:

2074 3288 2183 3335 tur.
2208 3280 2376 3353 Cujus
2398 3285 2477 3341 rei
2504 3301 2877 3359 argumentum
2899 3294 3031 3348 satis
3058 3295 3280 3352 evidens
3301 3312 3426 3355 sunt
3454 3303 3671 3362 codices

2073 3374 2462 3444 vetustissimi,
2494 3380 2583 3449 qui
2615 3380 2789 3437 adhuc
2817 3394 3058 3453 perstant
3088 3403 3100 3439 :
3132 3403 3268 3458 quos
3293 3389 3437 3447 inter
3467 3393 3679 3465 Argen-

2071 3473 2191 3521 teus
2221 3477 2426 3537 noster,
2459 3472 2691 3544 aliique,
2718 3491 2951 3546 quorum
2980 3487 3114 3535 mtas
3146 3494 3452 3555 nongentos
3474 3497 3529 3541 et
3559 3504 3676 3545 am-

2071 3557 2210 3628 plius
2258 3575 2433 3616 annos
2461 3577 2762 3622 enumerat.
2800 3568 2953 3625 Unde
2979 3572 3252 3642 conjicere
3283 3586 3433 3632 certo
3476 3594 3675 3649 possu-

2068 3667 2210 3719 mus,
2246 3653 2456 3711 facilius
2480 3659 2649 3714 multo
2676 3660 2844 3716 fuisse
2871 3672 2926 3716 ut
2955 3664 3112 3731 primi
3140 3682 3203 3721 ac
3231 3669 3454 3725 secundi
3487 3674 3671 3728 Saeculi

2068 3748 2403 3817 apographa,
2437 3767 2649 3806 summa
2673 3753 2778 3808 fide
2803 3758 2821 3824 (
2842 3764 2897 3810 ut
2920 3754 3127 3813 ferebat
3152 3759 3516 3818 Ecclesiarum
3545 3774 3675 3822 tunc

2067 3840 2329 3908 temporis
2360 3841 2524 3910 cura)
2557 3857 2588 3897 a
2616 3846 2843 3901 notariis
2873 3847 3176 3921 descripta,
3210 3863 3406 3922 quarto
3436 3847 3673 3914 exeunte

2068 3943 2441 4001 superessent.
2476 3934 2543 3989 Et
2572 3936 2647 3991 ita
2690 3937 2879 3995 horum
2912 3943 3154 4000 subsidio
3185 3961 3290 4001 non
3322 3962 3383 4003 ea
3434 3956 3672 4008 tantum-

2068 4027 2233 4081 modo
2259 4044 2422 4098 quam
2455 4030 2803 4089 librariorum
2855 4038 3139 4093 oscitantia
3172 4051 3225 4095 et
3253 4041 3583 4111 privatorum
3609 4044 3674 4100 li-

2066 4120 2249 4175 bertas
2276 4135 2665 4193 corruperant,
2699 4128 3017 4198 primigenia
3047 4130 3179 4187 Novi
3208 4133 3451 4192 Ftedcris
3496 4147 3672 4194 trans-

2065 4212 2215 4279 latio,
2252 4215 2346 4269 sed
2374 4218 2571 4287 corrigi
2599 4218 2762 4274 etiam
2795 4231 3043 4290 poterant
3070 4224 3257 4281 Grarca
3290 4226 3436 4283 illius
3466 4232 3667 4299 artatis,

2065 4320 2186 4375 qua:
2209 4307 2376 4364 nihilo
2398 4310 2577 4366 secius
2605 4326 2667 4367 ac
2695 4312 2882 4368 Latina
2907 4331 2936 4369 a
2961 4316 3198 4373 fontibus
3219 4321 3486 4377 abierant.
3516 4323 3671 4381 Adde

2067 4402 2244 4457 locum
2269 4405 2380 4472 jam
2412 4406 2617 4461 nullum
2670 4417 2748 4463 tot
2782 4411 3236 4469 obtrectatoribus
3264 4416 3511 4472 relictum
3557 4420 3620 4474 iri
3650 4463 3665 4487 ,

2063 4495 2152 4565 qui
2176 4497 2569 4554 emendationis
2614 4502 2907 4558 novitatem
2940 4502 3082 4559 ferre
3111 4520 3218 4560 non
3252 4517 3535 4576 poterant,
3569 4512 3668 4567 ob-

364 4562 589 4620 Joannis
625 4568 671 4621 si
702 4568 887 4626 demas
910 4614 927 4639 ,
962 4575 1103 4643 quod
1155 4575 1353 4645 Ephesi
1402 4579 1665 4650 scriptum
1687 4622 1703 4648 ,
1759 4583 1811 4637 in
1866 4585 1954 4640 illa
1982 4581 2036 4642 D
2056 4588 2216 4659 jectis
2254 4589 2462 4646 scilicet
2494 4593 2545 4646 in
2580 4594 2769 4648 faciem
2794 4636 2808 4658 ,
2837 4610 2959 4665 quae
2984 4596 3198 4653 illorum
3226 4601 3474 4657 socordia
3504 4618 3665 4658 eous-

364 4657 527 4711 etiam
576 4658 820 4716 Ecclesia
875 4676 1148 4720 servatum
1204 4667 1370 4725 fuisse
1428 4685 1534 4726 non
1586 4672 1807 4731 dubium
1858 4686 1961 4733 est.

366 4748 659 4823 Quousque
688 4762 889 4823 tamen,
932 4759 1052 4829 quis
1080 4759 1333 4816 divinet?

436 4842 694 4911 Quamvis
723 4849 869 4904 enim
897 4848 1248 4907 Casaubonus
1273 4854 1416 4910 Petri
1443 4856 1793 4915 Alexandrini
1822 4860 1961 4933 frag-

365 4952 608 4994 mentum
638 4944 705 4998 de
729 4945 991 5002 Paschate
1020 4948 1090 5003 ab
1117 4948 1327 5005 Audrea
1352 4950 1633 5007 Termario
1659 4965 1962 5013 mercatore

366 5027 560 5086 Gra'co
589 5044 777 5088 nactus
797 5036 889 5107 (In
916 5040 1053 5095 Αηη.
1076 5040 1273 5096 Baron.
1308 5041 1494 5096 Exerc.
1528 5061 1638 5109 xvr,
1668 5047 1783 5115 12),
1811 5050 1962 5105 velut

364 5121 576 5192 insigne
621 5126 890 5193 quoddam
938 5132 1275 5188 celeberrimi
1332 5134 1475 5189 illius
1523 5136 1780 5192 Ecclesia:
1847 5142 1961 5211 epi-

362 5215 511 5284 scopi
542 5230 605 5269 ac
635 5218 887 5288 martyris
918 5235 1052 5289 opus
1104 5226 1431 5294 suspexerit,
1481 5236 1641 5299 atque
1680 5231 1752 5285 ita
1783 5246 1837 5286 tv
1860 5248 1964 5287 sae-

361 5306 486 5360 culo
520 5308 911 5377 autographum
946 5315 1292 5384 evangelista:
1323 5319 1522 5387 Ephesi
1548 5335 1825 5391 superstes
1856 5341 1953 5395 pu-

360 5399 589 5465 taverit;
622 5411 859 5457 attamen
891 5404 1065 5458 virum
1099 5408 1527 5467 eruditissimum
1559 5414 1746 5470 fefellit
1771 5429 1957 5473 auclo-

361 5488 439 5542 ris
467 5505 687 5559 nomen,
720 5495 945 5564 reliquis
989 5496 1129 5550 haud
1168 5501 1300 5554 satis
1343 5504 1637 5570 expensis:
1674 5506 1879 5562 scilicet
1928 5526 1956 5563 a

362 5581 525 5636 Petro
550 5584 718 5654 (I'ita.
748 5588 906 5644 Joan.
940 5591 1053 5645 Art.
1086 5591 1143 5663 8)
1183 5593 1415 5661 quodam
1463 5611 1513 5648 vt
1537 5608 1628 5652 aut
1655 5614 1724 5652 vn
1759 5602 1958 5657 saeculo

363 5675 769 5745 COttscriplttttl,
806 5693 864 5735 ut
917 5685 1166 5740 observat
1208 5686 1606 5745 TillemOutius.
1657 5691 1767 5747 I\'isi
1816 5694 1955 5751 forte

360 5766 886 5841 pseudepigraphum
914 5779 1299 5848 usurpantibus
1327 5780 1445 5837 sive
1489 5781 1752 5854 scriptore
1784 5786 1903 5858 ipso
1933 5830 1949 5857 ,

2069 4694 2175 4749 que
2206 4682 2451 4752 neglecta
2475 4683 2760 4753 jacueraut
2781 4727 2798 4753 ,
2830 4688 3263 4759 castigatioribus
3306 4692 3665 4765 interpretum

2068 4773 2317 4842 ectypis,
2358 4775 2425 4829 ad
2468 4790 2697 4845 quorum
2730 4778 2891 4834 fidem
2939 4794 3073 4851 opus
3114 4796 3270 4841 suum
3303 4784 3668 4860 Hieronymus

2067 4865 2358 4934 exegisset.

2142 4958 2246 5013 Sed
2280 4960 2362 5015 vir
2383 4963 2654 5019 maximus
2682 4964 2845 5020 rebus
2867 4966 3019 5024 hisce
3044 4978 3137 5025 aut
3158 4985 3267 5026 non
3292 4972 3552 5042 adtentis,
3576 4985 3670 5032 aut

2068 5050 2393 5120 posthabitis
2415 5093 2430 5117 ,
2457 5054 2792 5122 publicorum
2817 5058 2982 5113 etiam
3011 5060 3259 5117 codicum
3289 5062 3425 5120 facie
3452 5081 3667 5137 permo-

2065 5150 2170 5206 tus,
2201 5145 2342 5212 quod
2373 5147 2520 5213 paria
2550 5148 2603 5203 in
2636 5150 2889 5205 omnibus
2919 5154 3098 5208 omnia
3128 5170 3249 5210 esse
3271 5157 3663 5228 arbitraretur,

2067 5249 2131 5291 ac
2161 5248 2447 5306 pr0plerea
2484 5241 2649 5296 tutius
2678 5251 2826 5297 ratus
2857 5245 2922 5299 ad
2952 5246 3216 5318 originem
3249 5252 3484 5319 reverti,
3514 5252 3667 5308 Grae-

2066 5344 2152 5395 ca,
2186 5346 2303 5399 qua:
2328 5330 2406 5386 illi
2434 5342 2636 5403 praesto
2656 5345 2833 5400 erant,
2865 5337 3124 5395 adhibere
3141 5340 3349 5396 maluit.
3370 5342 3489 5410 Quo
3516 5359 3660 5400 com-

2065 5424 2286 5494 pendio,
2310 5440 2339 5479 e
2366 5425 2580 5481 laudata
2630 5428 2696 5483 ad
2730 5429 3017 5487 Damasum
3049 5434 3275 5503 epistola
3307 5436 3532 5508 intelligi
3563 5456 3655 5509 po-

2064 5526 2185 5571 test.
2223 5518 2487 5574 Videlicet
2512 5524 2795 5586 correctis,
2831 5540 2951 5594 qute
2979 5541 3201 5583 sensum
3232 5541 3473 5587 mutasse
3514 5535 3663 5590 vide-

2065 5608 2279 5675 bantur,
2314 5619 2508 5665 crctera
2538 5628 2642 5668 non
2672 5614 2879 5684 adtigit.
2911 5616 3098 5688 Neque
3130 5620 3288 5677 aliter
3305 5623 3553 5681 accidere
3584 5626 3659 5681 illi

2063 5710 2293 5770 poterat.
2339 5702 2720 5759 Difficillimum
2764 5707 2945 5775 enim,
2981 5725 3049 5764 ne
3095 5712 3270 5769 dicam
3321 5716 3659 5788 impossibile

2062 5800 2183 5848 erat
2206 5832 2221 5861 ,
2260 5794 2521 5852 institutis
2550 5795 2619 5851 ab
2644 5808 2712 5852 eo
2741 5796 3041 5857 rationibus
3064 5841 3078 5869 ,
3110 5804 3346 5876 antiquae
3387 5808 3658 5866 vcrsionis
