4054 6198
281 312 362 367 57
1106 304 1325 364 EPIST.
1370 304 1613 362 PHlLlP.
1654 304 2022 378 GARBELLI,
2064 306 2155 365 DE
2192 307 2439 367 CODICE
2479 309 2831 371 BRIXIANO.
3516 317 3587 373 58
3650 310 3657 315 ’

282 440 489 487 statum
538 428 607 483 ad
657 443 848 500 purum
881 427 1145 499 redigere.
1190 428 1308 485 Non
1338 428 1513 485 solum
1544 428 1668 501 quia
1698 428 1889 484 Graeca
1916 430 1968 493 Α
1994 427 2155 485 laude
2184 431 2416 487 celerius
2442 431 2694 488 absolvit.
2728 432 2798 488 Et
2820 433 3024 489 utinam
3058 448 3127 490 ne
3158 441 3369 489 mature
3390 432 3594 491 nimis:

282 526 430 598 ipsa,
460 523 657 596 quibus
687 523 960 588 utebatur,
993 522 1152 593 longo
1184 531 1261 577 tot
1292 538 1556 577 annorum
1601 519 1890 577 intervallo

282 633 316 673 a
373 618 613 673 fontibus
642 616 943 683 distracta,
991 615 1234 671 sordium
1275 615 1508 686 aliquid,
1554 622 1613 669 ut
1667 613 1891 684 putabat

281 712 524 775 Millins,
568 720 953 766 contraxerant
987 726 999 762 :
1030 708 1125 764 sed
1157 711 1318 765 etiam
1345 710 1467 779 quia
1498 723 1605 762 non
1648 705 1889 778 syntaxis

282 806 522 869 eadem,
562 820 667 858 non
699 802 1048 872 simplicitas,
1096 817 1235 869 non,
1268 817 1405 873 quos
1448 800 1717 856 delicatuli
1753 814 1888 868 pra:-

282 907 591 967 sumptores
624 905 1003 961 extruserant,
1030 894 1283 951 idiotismi
1315 896 1553 965 priorum
1585 905 1884 965 temporum

282 991 500 1047 reStitui
546 998 831 1060 poterant,
864 987 965 1043 nisi
1006 988 1184 1043 latinis
1210 1030 1223 1052 ,
1266 1004 1387 1059 qua:
1414 987 1665 1058 propiora
1716 986 1885 1041 inter-

282 1096 502 1155 pretum
526 1083 733 1137 saeculo
764 1090 987 1149 essent,
1017 1081 1297 1137 consultis.

361 1176 585 1241 Verum,
616 1176 685 1242 si,
707 1190 831 1245 qua:
864 1175 1193 1247 l’lieronymo
1219 1183 1335 1229 erat
1362 1173 1487 1227 vitae
1504 1173 1663 1240 ratio,
1696 1182 1886 1229 exacte

280 1269 678 1342 perpendimus
700 1309 716 1334 ,
745 1267 1035 1322 fatebimur
1063 1266 1394 1336 provinciam
1440 1264 1577 1319 hanc
1605 1278 1704 1319 nec
1732 1280 1882 1319 com-

283 1365 510 1420 modam
540 1363 645 1429 illi,
684 1377 859 1433 neque
903 1361 1215 1431 expeditam
1252 1370 1375 1415 tunc
1406 1359 1664 1429 temporis
1706 1358 1882 1414 conti-

277 1459 455 1529 gisse.
482 1455 607 1511 Erat
632 1456 863 1510 Damaso
900 1455 967 1507 ab
997 1454 1381 1509 ecclesiasticis
1399 1451 1646 1523 epistolis
1675 1470 1686 1506 :
1712 1452 1883 1521 iisque

278 1560 342 1605 et
372 1548 784 1618 frequentibus.
817 1555 871 1602 et
896 1546 1339 1617 gravissimarum
1368 1546 1508 1600 serie
1548 1560 1729 1600 rerum
1782 1546 1884 1600 im-

281 1643 505 1711 plicitis.
534 1642 843 1696 Eranteum
877 1640 1119 1709 pluribus
1148 1655 1289 1694 nunc
1334 1654 1517 1694 coram
1545 1681 1559 1706 ,
1590 1638 1749 1693 modo
1787 1653 1883 1708 per

277 1735 497 1791 litteras
518 1734 787 1805 implenda
819 1733 1168 1788 humanitatis
1190 1732 1389 1787 ofﬁcia.
1427 1733 1701 1787 Distentas
1742 1747 1881 1801 prac-

1992 525 2181 591 immo,
2202 524 2343 595 quod
2366 526 2701 593 dicebamus,
2726 527 3003 584 utLatinis
3027 542 3055 583 e
3075 528 3325 598 penitiori
3356 527 3590 599 antiqui-

1994 625 2103 672 tate
2145 619 2485 674 manantibus
2524 619 2850 689 apographis
2887 620 2938 677 id
2983 621 3049 677 ab
3082 622 3171 676 illo
3203 620 3584 691 praestitutum.

1990 708 2259 776 Quantum
2288 711 2487 767 Italicae
2509 713 2744 768 versioni
2770 714 2903 769 lucis
2929 730 2991 770 ac
3017 714 3161 781 lidei,
3182 722 3439 786 quantum
3463 731 3589 771 eru-

1989 802 2211 859 ditionis
2241 806 2511 874 expecmri
2546 816 2751 876 poterat
2779 849 2794 873 ,
2826 808 2872 862 si
2913 807 3188 863 obsoletos
3237 808 3589 879 interpretum

1991 898 2183 953 modos
2208 941 2222 965 ,
2248 914 2311 954 ac
2336 900 2555 969 genium
2584 900 2856 957 illustrare
2883 901 3143 957 voluisset
3167 902 3189 956 ?

2060 989 2200 1045 Num
2240 1006 2371 1047 vero
2410 992 2698 1062 desperata
2748 993 2971 1048 omnino
3010 993 3121 1063 jam
3154 992 3225 1047 sit
3255 990 3589 1063 primigenire

1989 1084 2256 1138 versionis
2294 1086 2347 1139 in
2395 1086 2659 1157 integrum
2710 1086 3004 1150 restitutio,
3050 1087 3249 1141 clamat
3296 1100 3383 1140 res
3426 1086 3584 1155 ipsa:

1988 1178 2281 1233 subtractis
2337 1178 2498 1247 longo
2547 1194 2663 1234 arvo
2714 1178 2970 1234 subsidiis
3012 1177 3158 1244 illis,
3199 1192 3429 1248 quorum
3481 1191 3584 1248 ope

1989 1275 2235 1344 prmstari
2286 1274 2337 1329 id
2393 1275 2661 1344 quondam
2722 1273 2960 1344 potuisse
3025 1289 3132 1328 non
3184 1272 3546 1327 dubitavimus

1989 1368 2392 1439 exemplaribus
2436 1367 2809 1437 scilicet,qu;e
2858 1368 3110 1437 propiora
3146 1364 3455 1437 archetypis
3500 1378 3587 1418 es-

1987 1470 2128 1515 sent.
2186 1461 2257 1515 At
2311 1470 2606 1531 supersunt
2645 1460 2937 1515 etiamnum
2980 1476 3009 1515 e
3041 1459 3427 1516 vetustioribus
3476 1472 3583 1512 non

1988 1568 2178 1623 pauca,
2214 1568 2442 1623 quorum
2467 1563 2595 1606 aetas
2625 1552 2791 1617 mille,
2821 1560 2875 1605 et
2902 1551 3136 1621 amplius
3162 1564 3337 1605 annos
3363 1562 3584 1603 enume-

1985 1654 2089 1701 rat.
2124 1646 2255 1700 Esto
2291 1664 2302 1698 :
2332 1645 2583 1715 quamvis
2614 1659 2715 1713 ego
2737 1687 2750 1711 ,
2788 1660 2893 1698 non
2944 1658 3051 1713 quo
3087 1642 3290 1698 sarculo
3320 1650 3538 1697 exarata
3566 1682 3580 1705 ,

1986 1741 2078 1797 sed
2108 1758 2137 1797 e
2169 1757 2397 1812 quorum
2450 1751 2752 1810 temporum
2798 1737 3135 1809 antigrapbis
3166 1736 3437 1806 descripta
3466 1733 3584 1791 fue-

276 1840 436 1885 terea
465 1828 815 1883 familiaribus
839 1829 1152 1899 perpetihus
1175 1828 1389 1893 studiis,
1414 1844 1444 1883 a
1473 1827 1668 1899 quibus
1696 1827 1877 1882 divelli
1910 1826 1956 1886 B
1985 1835 2113 1900 rint,
2144 1832 2542 1889 observandum
2578 1848 2684 1900 prae
2710 1830 2923 1886 caiteris
2957 1839 3160 1900 putem.
3196 1830 3295 1883 Ast
3328 1827 3445 1882 bzec
3486 1841 3583 1882 ea-

275 1923 509 1977 minime
536 1930 771 1990 poterat:
790 1930 899 1974 tum
923 1920 1154 1974 Damaso
1179 1920 1317 1990 ipso,
1334 1920 1559 1990 aliisque
1586 1920 1876 1974 identidem

274 2013 626 2085 petentibus,
670 2025 725 2067 ut
757 2011 969 2068 Veteris
998 2012 1330 2068 Testamenti
1385 2013 1531 2067 locos
1562 2022 1654 2067 aut
1681 2014 1882 2068 obscu-

271 2121 370 2163 ros
397 2107 689 2173 illustrare,
720 2115 810 2159 aut
836 2104 1125 2175 explanare
1147 2104 1396 2162 difficiles
1422 2106 1605 2161 vellet.
1633 2105 1880 2163 Accede-

276 2199 375 2254 bat
400 2199 671 2253 institutio
698 2200 988 2253 multorum
1007 2239 1023 2265 ,
1054 2213 1191 2269 quos
1216 2209 1453 2268 spectata
1485 2213 1693 2253 morum
1735 2200 1878 2254 inte-

274 2293 448 2364 gritas
476 2332 489 2355 ,
518 2291 873 2346 humanarum
922 2306 1101 2346 rerum
1144 2303 1483 2362 contemptus
1503 2334 1517 2359 ,
1550 2294 1880 2363 paupertatis

275 2401 475 2452 amor,
502 2385 845 2450 absdnentia,
880 2385 1178 2451 humilitas,
1208 2387 1549 2453 castimonia,
1583 2398 1725 2453 tum,
1759 2402 1881 2458 qua:

276 2479 494 2534 caeteris
530 2478 679 2533 illius
710 2479 996 2533 virtutibus
1046 2466 1783 2551 mandere-quodammodo,
1826 2490 1881 2536 et

280 2575 349 2629 ab
377 2574 446 2629 iis
474 2574 716 2629 vicissim
748 2572 913 2629 decus
944 2573 1177 2627 mutuari
1209 2573 1513 2637 videbatur,
1539 2574 1759 2629 scientia
1785 2589 1873 2629 re-

280 2683 401 2723 rum
442 2667 747 2721 divinarum
792 2667 1159 2721 adtraxerant.
1207 2666 1272 2721 Et
1323 2665 1537 2736 quidem
1590 2666 1781 2719 horum
1825 2666 1876 2719 in

282 2772 456 2814 censu
496 2774 526 2813 e
565 2758 900 2829 principibus
946 2756 1160 2812 familiis
1208 2757 1557 2812 nobilissimae
1605 2757 1869 2826 virgines,

281 2859 499 2920 nuptm,
547 2850 722 2905 vidua:
762 2868 773 2903 :
810 2850 897 2916 qui
933 2865 1156 2915 omnes,
1190 2849 1552 2920 pulcherrimo
1600 2849 1879 2904 charitatis

281 2942 557 3011 exemplo,
580 2944 822 2998 consiliis
848 2943 915 2997 ab
941 2943 1084 3015 ipso,
1116 2942 1607 3007 exhortationibus,
1641 2958 1879 3013 praecep-

283 3036 373 3101 tis,
405 3045 463 3091 et
487 3052 695 3103 coram,
728 3049 781 3093 et
806 3040 1007 3108 scripto
1038 3038 1105 3092 ad
1153 3037 1527 3109 perfectiorem
1569 3037 1879 3093 christiana:

277 3129 408 3183 vita
432 3138 628 3183 statum
656 3129 1098 3186 eﬂ‘ormabantur.

354 3222 633 3279 Clauserat
663 3224 879 3281 demum
909 3241 1159 3282 curarum
1183 3240 1374 3296 agmen
1408 3225 1703 3295 liberrimre
1735 3239 1873 3279 sem-

277 3333 379 3389 per
429 3318 610 3385 urbis,
642 3320 695 3373 in
727 3336 830 3389 qua
875 3320 1053 3375 aiebat
1094 3320 1365 3392 Augustus
1392 3329 1643 3390 oportere
1682 3319 1881 3375 liberas

278 3410 494 3480 linguas
526 3424 667 3475 esse,
701 3410 981 3477 dicacitas,
1004 3426 1067 3467 ac
1112 3411 1327 3466 licentia
1355 3429 1367 3463 :
1393 3411 1722 3482 Hieronymo
1752 3426 1878 3465 cor-

275 3513 474 3573 ruptos
498 3505 639 3559 illius
667 3520 867 3570 mores,
896 3520 957 3560 ac
980 3505 1209 3561 invicem
1237 3505 1654 3576 redarguentem
1688 3505 1879 3560 inolita

270 3599 390 3670 jam
436 3598 560 3653 vitia
605 3599 875 3654 hominem
929 3616 1033 3654 non
1083 3600 1399 3655 ferentibus.
1431 3601 1496 3655 Et
1524 3608 1881 3670 praecesserat

275 3689 487 3745 dudum
509 3731 526 3757 ,
561 3706 680 3759 quae
700 3734 714 3757 ,
746 3702 800 3745 ut
830 3706 1083 3761 proceras
1112 3692 1336 3747 arbores
1366 3694 1612 3763 ingentes
1642 3691 1877 3759 umbrae,

272 3782 363 3837 sic
386 3790 488 3835 aut
516 3784 739 3837 fortunae
766 3785 1094 3855 benignitate
1120 3826 1135 3851 ,
1187 3796 1275 3838 aut
1304 3785 1592 3855 splendore
1616 3786 1880 3841 virtutum

276 3875 524 3945 insignes
567 3875 708 3930 viros
753 3879 903 3947 sequi
934 3878 1072 3933 solet
1100 3919 1113 3941 ,
1152 3877 1349 3931 invidia
1380 3896 1392 3931 :
1426 3892 1546 3947 quae
1573 3876 1625 3932 in
1656 3878 1878 3932 livorem

274 3978 487 4037 postea,
521 3976 685 4036 atque
716 3969 896 4023 odium
930 3970 1125 4039 erupit.
1159 3970 1294 4024 Hinc
1316 3970 1599 4035 coitiones,
1634 3970 1879 4027 etdicte-

276 4059 362 4115 ria
419 4060 471 4113 in
501 4059 700 4130 ipsum,
732 4068 787 4115 et
853 4062 1045 4131 probra
1092 4062 1268 4123 clam,
1320 4062 1492 4132 palam
1529 4079 1543 4115 :
1575 4077 1675 4116 nec
1720 4063 1881 4133 vulgo

280 4163 535 4216 tantum,
582 4153 680 4209 sed
725 4155 1040 4225 urgentibus
1089 4165 1310 4209 strenue
1363 4170 1499 4223 opus
1529 4156 1877 4226 symmystis,

278 4262 420 4316 quos
460 4247 632 4314 pudor
664 4248 833 4319 magis
872 4263 934 4302 ac
966 4247 1240 4302 silentium
1284 4248 1585 4312 decuisset,
1618 4249 1661 4302 si
1691 4264 1881 4317 sapere

278 4340 630 4407 potuissent:
663 4354 909 4410 quosque
953 4350 1237 4411 propterea
1283 4340 1474 4395 beatus
1519 4341 1749 4410 scriptor
1782 4341 1880 4393 im-

278 4428 601 4486 mortalibus
660 4431 862 4503 ingenii
912 4433 992 4485 sui
1045 4433 1410 4488 monumentis
1474 4431 1880 4487 commendatos

278 4524 451 4578 voluit
475 4565 491 4589 ,
525 4535 585 4579 ut
642 4526 887 4595 profecto
928 4533 1256 4587 meruerant,
1294 4525 1614 4594 posteritati.

346 4618 405 4672 In
436 4618 529 4671 illo
557 4619 737 4687 itaque
760 4633 938 4672 rerum
960 4632 1317 4688 curarumque
1338 4624 1468 4669 a-stu
1488 4616 1741 4686 jactatus,
1759 4630 1881 4670 avo-

274 4718 543 4777 catusque
570 4708 781 4763 animus
807 4710 895 4779 qui
926 4719 1107 4779 posset
1134 4708 1352 4777 longum
1378 4722 1515 4777 opus
1536 4748 1549 4772 ,
1586 4709 1874 4772 minutum,

278 4804 549 4872 ingratum
582 4804 744 4857 etiam
773 4802 991 4872 adgredi
1018 4844 1033 4869 ,
1064 4818 1127 4858 ac
1168 4801 1468 4873 perficere?
1508 4800 1612 4856 Sed
1643 4816 1742 4853 nec
1766 4801 1875 4868 jam

278 4894 548 4965 integrum
576 4895 649 4948 illi
678 4904 793 4948 erat
829 4909 1007 4949 moras
1034 4901 1252 4948 nectere
1278 4893 1331 4946 in
1358 4900 1527 4958 tanta,
1558 4902 1613 4946 et
1640 4890 1872 4955 Damasi,

277 4990 365 5059 qui
399 5004 538 5057 opus
582 4988 921 5056 iniunxerat,
964 4995 1019 5042 et
1072 4986 1429 5056 complurium
1472 4985 1881 5055 expectatione,

276 5081 371 5151 qui
400 5081 663 5135 uberrimi
696 5079 893 5149 ingenii
936 5078 1144 5151 fructus
1171 5079 1258 5134 vix
1287 5078 1543 5148 quaesitos
1590 5078 1883 5146 decerpere

275 5173 551 5227 solebant.
609 5171 747 5226 Tum
793 5171 937 5241 quod
986 5171 1227 5226 maxime
1279 5181 1334 5225 et
1373 5170 1740 5226 emendatoris
1773 5211 1788 5235 ,
1829 5179 1884 5224 et

277 5263 683 5318 emendationis
726 5263 1007 5329 intererat,
1039 5272 1096 5316 ut
1124 5262 1303 5316 verbis
1330 5276 1543 5325 sensus,
1579 5262 1773 5331 hisque
1803 5262 1884 5316 in-

277 5356 462 5411 vicem
487 5365 761 5411 constaret
789 5356 1007 5423 veritas,
1043 5366 1191 5410 ratus
1217 5356 1471 5410 adhibitis
1513 5372 1543 5411 a
1576 5371 1633 5411 se
1660 5356 1872 5424 mediis,

275 5447 517 5519 perinde
556 5462 617 5502 ac
661 5447 814 5508 aliis.
846 5448 1089 5515 praestari
1137 5446 1291 5503 facile
1328 5463 1488 5519 posse
1519 5468 1531 5501 :
1561 5448 1875 5503 distractum

275 5548 577 5612 propterea
603 5556 696 5611 per
718 5550 797 5595 tot
818 5540 1208 5611 exemplarium
1241 5541 1494 5614 ambages
1520 5541 1654 5609 iter,
1690 5542 1741 5597 in
1773 5557 1880 5613 quo

274 5636 479 5689 siszcre
506 5633 818 5701 identidem,
848 5646 900 5690 et
932 5645 1203 5705 praerupta
1227 5636 1429 5691 viarum
1473 5636 1683 5690 munire
1718 5650 1880 5706 opor-

274 5727 450 5793 tebat,
482 5742 577 5795 per
602 5727 921 5796 campendia
944 5725 1257 5781 Graecorum
1285 5728 1553 5795 codicum,
1578 5728 1691 5797 pari
1723 5728 1874 5798 equi-

276 5819 404 5876 dem
436 5818 733 5890 legentium
758 5817 1006 5887 utilitate,
1039 5819 1158 5877 licet
1190 5819 1331 5877 haud
1362 5821 1477 5892 pari
1519 5821 1661 5893 apud
1691 5834 1879 5880 omnes

1908 4578 1958 4638 1)

1981 1929 2103 1984 dem
2134 1943 2239 1997 quo
2268 1929 2439 1998 magis
2469 1945 2496 1983 a
2529 1928 2766 1984 fontibus
2798 1937 3005 1983 remota
3030 1968 3044 1991 ,
3082 1941 3149 1981 eo
3176 1924 3372 1991 etiam,
3424 1923 3580 1995 plus,

1983 2023 2249 2084 minusve,
2281 2032 2367 2076 aut
2406 2038 2432 2074 a
2461 2022 2693 2077 librariis
2732 2022 2871 2076 male
2900 2018 3106 2087 habita,
3138 2029 3231 2074 aut
3258 2017 3579 2073 seholiasta-

1983 2132 2101 2170 rum
2164 2115 2437 2189 licentiam
2490 2128 2666 2183 passa.
2705 2113 2844 2180 Quid
2884 2112 3076 2183 igitur?
3113 2110 3579 2179 Compendiumne

1981 2222 2049 2262 ex
2078 2207 2142 2260 iis
2185 2206 2411 2267 nullum,
2460 2206 2562 2259 nisi
2592 2203 2823 2260 fortasse
2854 2205 3082 2275 pretium
3113 2202 3267 2271 illud,
3299 2201 3442 2273 quod
3472 2200 3577 2255 hu-

1976 2301 2278 2370 juscemodi
2312 2299 2678 2353 monumentis
2729 2298 3022 2355 conciliare
3053 2296 3346 2366 antiquitas
3396 2293 3581 2349 solet?

1982 2392 2153 2447 Immo
2178 2392 2335 2463 longe
2365 2391 2731 2461 praestantius.
2756 2388 2810 2445 Si
2841 2390 2982 2444 enim
3008 2389 3224 2459 egregie
3250 2388 3481 2442 locatam
3510 2384 3579 2439 ab

1984 2483 2212 2539 eruditis
2242 2500 2464 2553 operam
2498 2483 2771 2545 ducimus,
2802 2497 2905 2550 qua
2938 2480 3194 2550 profanos
3248 2478 3581 2545 scriptores,

1982 2588 2078 2631 seu
2111 2576 2302 2643 injuria
2333 2585 2658 2642 temporum,
2690 2576 2806 2628 sive
2847 2569 3270 2637 antiquariorum
3305 2567 3578 2639 negligen-

1984 2670 2055 2725 tia
2106 2668 2349 2737 pluribus
2385 2668 2438 2721 in
2489 2666 2622 2720 locis
2651 2680 2895 2730 mancos,
2941 2663 3284 2732 luxatosque,
3316 2676 3417 2730 ope
3445 2675 3579 2715 mss.

1982 2763 2228 2819 codicum
2276 2760 2342 2816 ad
2392 2761 2675 2832 pristinum
2728 2768 2929 2814 statum
2988 2771 3245 2813 revocare
3297 2756 3575 2820 nituntur;

1982 2865 2185 2927 quanto
2216 2853 2545 2908 laudabilius
2573 2853 2900 2921 insumptam
2933 2849 3239 2920 putabimus
3288 2862 3406 2902 eam
3432 2888 3447 2912 ,
3478 2861 3581 2916 qua

1982 2963 2265 3004 sacrorum
2316 2946 2383 3002 N.
2427 2945 2492 3001 Τ.
2547 2946 2808 3000 tibrormn
2863 2944 3113 3014 princeps
3162 2940 3344 2995 italica
3376 2938 3580 3005 versio,

1983 3042 2266 3105 adhibitis,
2286 3055 2406 3110 qute
2433 3038 2727 3094 etiamnum
2749 3038 2950 3106 vigent,
2974 3033 3321 3104 apograpliis,
3339 3032 3382 3085 si
3404 3031 3583 3086 minus

1983 3151 2051 3191 ex
2098 3135 2330 3203 integro,
2372 3140 2427 3185 at
2455 3131 2647 3186 saltem
2706 3143 2897 3197 magna
2948 3142 3013 3181 ex
3061 3134 3209 3195 parte
3239 3123 3305 3177 ad
3347 3120 3579 3177 nativam

1986 3228 2423 3298 simplicitatem,
2473 3225 2872 3294 puritatemque
2939 3217 3185 3274 revocari
3236 3216 3579 3273 commodum

1986 3319 2207 3391 potest?
2255 3319 2339 3373 An
2388 3332 2497 3373 non
2543 3316 2594 3371 id
2625 3316 2799 3386 ipsum
2852 3328 2881 3367 a
2934 3313 3063 3367 viris
3111 3311 3214 3365 illis
3254 3308 3580 3365 doctissimis

1985 3413 2309 3485 prmstitum.
2338 3412 2453 3482 qui,
2477 3419 2535 3465 ut
2562 3409 2788 3478 Vulgata
2818 3416 2999 3463 nostra
3040 3414 3299 3476 quantum
3327 3402 3577 3474 equidem

1986 3506 2106 3562 fieri
2137 3515 2346 3576 poterat
2387 3504 2575 3576 purior
2619 3503 2891 3568 ederetur,
2949 3515 3107 3554 curas
3154 3514 3368 3567 omnes,
3420 3506 3579 3567 atque

1984 3600 2305 3655 industriam
2332 3597 2649 3652 contulere?
2673 3595 2815 3651 Nihil
2842 3594 3078 3664 profecto
3103 3590 3268 3645 aliud.
3306 3590 3577 3644 Vetustio-

1982 3693 2133 3749 ribus
2187 3691 2355 3755 enim,
2404 3705 2523 3757 quae
2558 3688 2787 3741 inveniri
2837 3692 3147 3755 potuerant,
3196 3679 3531 3752 antigraphis
3560 3721 3575 3746 ,

1982 3794 2145 3855 atque
2169 3799 2272 3837 una
2324 3781 2419 3837 SS.
2446 3781 2666 3835 Patrum
2704 3779 2836 3833 locis
2859 3776 3271 3847 diligentissime
3300 3772 3575 3842 inspectis;

1983 3884 2096 3932 tum
2126 3891 2247 3931 cum
2295 3875 2498 3931 Grzecis
2530 3871 2772 3927 melioris
2805 3880 2944 3925 nota:
2994 3866 3399 3939 exemplaribus
3428 3878 3579 3919 com-

1985 3970 2265 4039 paratione
2300 3968 2457 4033 facta,
2485 3966 2625 4039 quod
2673 3966 2799 4020 olim
2846 3965 2897 4018 in
2929 3964 3226 4033 primorum
3255 3958 3575 4014 saeculorum

1984 4064 2245 4120 Ecelesiis
2279 4062 2479 4116 lectum
2528 4058 2695 4113 fuisse
2740 4057 3056 4118 videbatur,
3089 4052 3188 4108 hoc
3220 4064 3427 4104 summa
3470 4047 3578 4101 flde

1983 4157 2239 4212 exhibere
2257 4154 2432 4208 conati
2452 4160 2594 4206 sunt.
2618 4150 2841 4204 Fatente
2858 4158 3139 4218 propterea
3159 4144 3324 4198 Millio
3339 4140 3576 4213 (Proleg.

1985 4247 2199 4318 12.379),
2232 4248 2283 4300 in
2323 4247 2421 4299 hac
2476 4246 2589 4313 ipsa
2621 4242 2761 4295 haud
2793 4246 3039 4310 exiguam
3087 4238 3335 4307 genuina:
3379 4233 3578 4288 Italica:

1985 4348 2194 4409 partem
2246 4351 2554 4406 superesse.
2607 4334 2789 4401 Neque
2819 4330 3116 4395 dubitabat,
3169 4326 3318 4396 quin,
3372 4324 3577 4380 eisdem

1986 4431 2177 4487 mediis
2204 4428 2482 4492 adhibitis,
2512 4424 2640 4481 olim
2669 4424 2940 4492 expectari
2967 4420 3163 4490 aliquid
3197 4418 3429 4487 amplius
3460 4432 3584 4487 pos-

1985 4535 2087 4580 set.
2120 4523 2377 4579 lndiCatis
2403 4520 2547 4576 enim
2575 4517 2870 4589 .codicibus
2911 4516 3136 4584 aliquot,
3167 4515 3258 4583 qui
3289 4514 3340 4567 in
3370 4512 3582 4566 Britan-

1988 4620 2074 4673 nia
2106 4616 2406 4686 Galliisque
2439 4622 2741 4677 servantur,
2775 4620 2883 4664 tum
2910 4609 3137 4679 Vulgata
3170 4610 3309 4678 ipsa,
3340 4605 3582 4676 hujusce-

1986 4710 2125 4764 modi
2151 4708 2355 4778 quidem
2403 4715 2871 4765 monumentorum,
2920 4702 3116 4771 inquit,
3180 4708 3419 4753 accurate
3449 4697 3582 4749 inter

1984 4821 2060 4869 se,
2075 4813 2253 4857 etcum
2274 4811 2411 4856 textu
2428 4799 3007 4871 Grm-okomrninomm
3024 4794 3340 4849 adminiculo
3353 4790 3583 4844 revocari

1987 4898 2262 4953 etiamnum
2311 4911 2461 4966 posse
2495 4894 2695 4948 videtur
2736 4892 2965 4945 maxima
3002 4904 3066 4943 ex
3108 4894 3250 4955 parte
3291 4882 3429 4937 Itala
3475 4884 3584 4938 [iam

1988 4991 2190 5059 qualem
2219 5006 2330 5044 eam
2361 4988 2548 5042 dedere
2594 4986 2747 5056 primi
2778 4984 3111 5055 Interpretes.
3164 4983 3427 5034 Asscrcns
3456 4978 3586 5032 sub-

1989 5083 2146 5146 inde,
2210 5086 2312 5136 hoc
2358 5097 2417 5136 se
2467 5081 2653 5135 labore
2703 5076 3062 5140 adsecutum,
3115 5088 3236 5143 qua:
3283 5072 3335 5125 in
3389 5070 3585 5142 pleris-

1987 5192 2090 5247 que
2118 5174 2183 5229 Ν.
2215 5173 2279 5229 Τ.
2312 5173 2444 5228 locis
2476 5170 2675 5225 fuerint
2704 5169 2870 5239 ipsius
2919 5165 3061 5220 Itala:
3087 5164 3316 5237 genuina
3343 5180 3356 5228 ;
3391 5161 3583 5232 etqui-

1986 5269 2088 5324 bus
2117 5266 2320 5322 Graecis
2372 5264 2563 5318 Latina
2612 5263 2710 5315 ista
2761 5260 3161 5331 responderint.
3212 5258 3346 5325 Quid
3397 5264 3579 5325 postea

1985 5362 2232 5417 dicturus
2258 5358 2324 5424 si,
2358 5371 2479 5427 quae
2512 5365 2567 5409 tu
2618 5363 2966 5410 monumenta
3011 5354 3061 5407 in
3098 5354 3271 5407 lucem
3320 5352 3453 5403 hanc
3483 5362 3579 5417 pu-

1987 5455 2185 5511 blicam
2217 5450 2433 5517 efferes,
2460 5460 2569 5504 tum
2598 5464 2716 5519 quae
2764 5450 2991 5502 fortasse
3038 5445 3214 5500 adhuc
3242 5439 3575 5510 inexplorata

1985 5545 2329 5604 delitescunt,
2359 5551 2450 5597 aut
2480 5557 2645 5612 penes
2671 5542 2892 5611 ignavos
2914 5539 3172 5592 harumce
3198 5534 3574 5605 antiquitatum

1989 5636 2244 5691 dominos
2275 5636 2415 5689 inter
2438 5634 2698 5688 librorum
2724 5632 3045 5702 quisquilias
3069 5628 3372 5683 miserrime
3392 5627 3576 5698 jacent

1989 5730 2262 5795 inspicere
2318 5728 2621 5799 potuisset?
2674 5726 2786 5796 Ego
2834 5723 3077 5795 profecto
3124 5723 3379 5778 indicium
3436 5722 3576 5777 iStud

1987 5821 2282 5893 scriptoris
2326 5821 2532 5893 inclyti,
2566 5828 2727 5890 atque
2758 5821 2809 5874 in
2842 5817 3004 5875 rebus
3049 5818 3197 5878 hisce
3226 5818 3449 5876 infinita:
3472 5818 3583 5877 lec-
