4054 6198
421 273 492 334 59
991 277 1002 284 ’
1808 267 2345 331 PROLEGOMENA.
3648 271 3715 329 60

420 390 615 457 tionis,
645 388 945 462 amplector
978 389 1072 459 ita,
1107 397 1164 444 ut
1196 403 1262 445 ne
1306 387 1833 460 minimumquidem
1858 386 2015 444 dubi-
2039 388 2095 453 Α
2118 386 2313 443 mirum
2348 386 2491 458 quod
2521 387 2719 444 veteris
2747 388 2989 461 Vulgata;
3016 398 3071 449 et
3114 389 3311 447 Italica:
3356 405 3551 447 nomen
3594 400 3716 446 tan-

424 470 553 547 tem,
596 483 723 555 Quin
755 483 855 538 viri
874 480 1051 550 docti,
1105 481 1151 538 si
1197 480 1565 538 adornandum
1610 480 1751 537 hanc
1777 486 2017 553 Spartam

428 573 603 631 studia
661 591 757 632 sua
800 574 1051 632 conferre
1093 575 1387 647 aliquando
1423 578 1626 644 velint,
1673 586 1823 633 recte
1868 575 2019 632 illum

430 666 670 722 sensisse
714 668 920 737 experti
971 665 1283 724 fateantur.
1326 667 1584 737 Quamvis
1636 668 1862 725 fortasse
1910 684 2018 723 non

431 759 679 824 deerunt,
707 760 796 831 qui
847 760 1063 816 inutiles
1089 761 1200 831 jam
1247 761 1444 817 nostris
1485 760 1633 816 hisce
1664 759 2019 830 temporibus,

429 864 587 907 curas
620 852 752 908 istas
798 852 915 909 fore
963 851 1334 910 arbitrentur:
1367 870 1531 927 quum
1582 852 1795 911 scilicet
1840 852 1902 909 N.
1952 851 2017 909 Τ.

427 948 732 1001 versionem
777 946 1034 1003 Ecclesia:
1062 964 1270 1013 omnes,
1320 958 1429 1004 tum
1464 949 1678 1020 privati,
1708 948 1763 1005 in
1798 948 2023 1019 Vulgata

426 1055 539 1110 prae
569 1040 739 1094 oculis
778 1038 1027 1095 habeant.
1074 1039 1248 1113 Ignari
1295 1057 1487 1113 nempe
1533 1042 1672 1096 hanc
1702 1040 1872 1113 ipsam
1915 1055 2022 1095 non

430 1133 677 1189 dissimili
709 1150 837 1189 cura
869 1132 1202 1190 elaboratam
1239 1153 1251 1189 :
1282 1150 1347 1190 ac
1378 1146 1660 1207 propterea
1692 1134 1940 1189 relictum
1970 1134 2023 1188 in

438 1238 543 1282 tam
584 1230 763 1299 ampla
810 1245 987 1285 messe
1015 1228 1248 1293 aliquem
1280 1231 1557 1300 spicilegio
1605 1229 2026 1298 locum;neque

432 1322 499 1376 ab
528 1320 630 1377 hoc
657 1323 874 1377 exclusa
909 1325 1248 1393 sequentium
1274 1332 1489 1378 aetatum
1515 1323 1758 1394 ingenia,
1788 1337 1895 1392 quo
1924 1319 2026 1377 mi-

431 1426 552 1479 nus,
586 1414 629 1467 si
658 1426 762 1485 qua
795 1411 1027 1469 fortasse
1056 1414 1109 1469 in
1151 1417 1377 1469 vetustis
1404 1414 1681 1470 codicibus
1712 1413 2024 1479 inveniant,

434 1505 576 1560 unde
617 1506 1037 1577 pulcherrimum
1071 1522 1206 1577 opus
1252 1507 1525 1562 illustrare
1556 1505 1748 1562 alicubi
1778 1507 2025 1576 possint,

432 1600 647 1654 iuventa
676 1598 863 1656 eadem
889 1599 1085 1671 publici
1109 1601 1246 1671 juris
1270 1600 1489 1655 faciant.
1517 1601 1726 1656 Paucis.
1752 1599 1809 1655 Si
1834 1601 2031 1656 acriter

431 1694 705 1761 expensis,
744 1702 903 1763 atque
932 1692 1165 1749 invicem
1190 1703 1393 1750 attente
1420 1695 1632 1750 collatis
1662 1692 2028 1749 monumentis

2122 487 2232 533 tum
2261 478 2509 534 audiatur
2534 478 2674 552 apud
2695 496 2888 537 omnes
2916 482 3007 554 qui
3033 480 3100 538 de
3116 482 3515 552 Scripturarum
3535 492 3715 539 trans-

2120 570 2408 627 lationibus
2432 570 2636 630 Latinis
2665 589 2971 631 sermonem
3008 577 3325 642 instituunt,
3352 592 3475 632 cum
3513 577 3717 633 nullum

2120 664 2297 722 adhuc
2321 668 2601 738 exemplar
2625 667 2846 738 hujusce
2868 669 3119 724 editionis
3147 669 3403 740 prodierit
3422 672 3476 726 in
3505 671 3714 739 lucem;

2125 756 2305 813 nullus
2352 769 2591 814 veterum
2636 761 2962 830 scriptorum
3026 769 3330 816 accuratam
3374 764 3506 818 satis
3548 762 3613 818 de
3656 778 3718 817 ea

2124 854 2370 910 notitiam
2402 857 2635 925 posteris
2664 853 2970 911 tradiderit.
3002 856 3082 911 Ad
3114 857 3419 929 hujusmodi
3448 873 3576 929 ergo
3601 856 3715 913 abi-

2125 946 2326 1017 gendas
2356 948 2603 1003 tenebras
2647 948 2754 1002 duo
2795 950 3158 1004 vetustissima
3191 958 3386 1020 przesto
3426 966 3567 1006 nunc
3594 958 3720 1007 sunt

2125 1039 2484 1108 exemplaria,
2517 1054 2637 1109 qute
2675 1041 2729 1095 in
2776 1042 3122 1097 monasteriis
3164 1043 3365 1097 nostris
3402 1054 3719 1099 conservata

2128 1147 2296 1202 usque
2330 1134 2379 1186 in
2407 1126 2549 1187 diem
2582 1144 2903 1204 praesentem
2937 1135 3287 1190 delituerunt.
3331 1135 3530 1190 llorum
3568 1135 3723 1193 codi-

2128 1241 2249 1279 cum
2279 1226 2544 1293 subsidio,
2576 1227 2664 1281 vix
2709 1228 2908 1300 aliquid
2937 1229 3080 1300 quod
3107 1231 3384 1303 antiquam
3433 1242 3486 1286 et
3532 1232 3720 1286 Italam

2130 1316 2366 1373 Matthtei
2414 1318 2818 1376 translationem
2864 1330 3095 1392 spectat,
3142 1322 3310 1377 latere
3356 1339 3457 1378 nos
3501 1326 3719 1396 poterit.

2130 1410 2266 1479 Quid
2296 1411 2438 1467 enim
2470 1412 2607 1468 scire
2634 1414 2788 1469 nobis
2817 1430 2923 1469 non
2950 1413 3097 1481 licet,
3126 1414 3342 1487 quando
3372 1430 3552 1472 rerum
3584 1417 3727 1485 ipsa-

2132 1522 2251 1561 rum
2280 1518 2335 1562 et
2364 1508 2653 1562 verborum
2702 1508 2901 1563 oculati
2950 1519 3114 1565 testes
3154 1509 3497 1565 accedimus?
3524 1509 3726 1566 Verum

2132 1605 2190 1651 ut
2218 1597 2425 1652 facilior
2449 1614 2512 1653 ac
2534 1600 2836 1669 expeditior
2861 1600 2941 1655 via
2964 1610 3107 1657 esset
3130 1601 3194 1655 ad
3221 1601 3557 1673 percipienda
3582 1619 3730 1673 qua:-

2132 1707 2365 1763 cumque
2410 1694 2650 1764 ignorata
2696 1703 2822 1750 ante
2867 1694 3077 1750 fuerant
3118 1696 3261 1749 circa
3292 1704 3530 1752 veterem
3579 1696 3727 1751 itali-

432 1786 704 1850 omnibus,
738 1804 856 1859 qum
887 1796 942 1843 et
964 1788 1073 1859 jam
1103 1797 1264 1855 nota,
1299 1797 1356 1844 et
1387 1803 1527 1843 nunc
1565 1788 1795 1859 primum
1827 1802 1857 1843 e
1880 1795 2035 1843 tene-
2064 1787 2112 1848 Β
2138 1800 2365 1855 eamque
2395 1785 2825 1853 translationem,
2869 1786 3380 1858 Prolegomeuorum
3422 1799 3728 1846 nostrorum

432 1878 543 1935 bris
570 1888 724 1935 eruta
758 1880 1050 1950 prodibant
1071 1924 1086 1948 ,
1120 1897 1245 1937 mox
1274 1898 1304 1937 e
1334 1882 1562 1950 singulis
1591 1880 1801 1937 delectu
1828 1888 2035 1938 mature

436 1971 638 2040 habito,
675 1970 738 2026 Ν.
767 1970 833 2028 Τ.
867 1972 1035 2028 editio
1066 1973 1459 2040 institueretur,
1500 1991 1607 2029 non
1645 1973 1862 2040 dubito,
1904 1973 2033 2043 quin

434 2060 616 2117 Italica
646 2074 827 2119 nostra
862 2066 1055 2121 nativis
1081 2066 1331 2122 distincta
1372 2066 1648 2123 coloribus
1681 2065 1923 2137 dignosci
1958 2064 2036 2121 fa-

436 2154 635 2211 cillime
667 2165 850 2227 posset
884 2158 1063 2213 :haud
1104 2159 1355 2231 equidem
1401 2161 1590 2217 eadem
1624 2163 1845 2215 omnino
1889 2159 2037 2230 puri-

438 2256 577 2314 tate,
614 2259 777 2320 atque
829 2247 1147 2307 castimonia
1192 2252 1449 2322 przedita,
1475 2268 1578 2322 qtta
1611 2251 1737 2307 olim
1781 2251 2032 2316 incessit,

437 2336 557 2410 quis
585 2344 731 2397 enim
766 2341 867 2398 hoc
897 2354 1077 2414 speret
1097 2345 1121 2397 τ
1144 2354 1381 2399 attamen
1423 2344 1490 2411 si,
1515 2359 1650 2415 quos
1677 2345 1835 2414 longo
1865 2357 2036 2398 θωρα-

438 2432 610 2488 lorum
644 2434 876 2491 decursu
922 2439 1216 2504 contraxit,
1251 2453 1467 2507 ruet-os,
1493 2438 1868 2508 maculasque,
1886 2433 2034 2507 judi-

436 2525 579 2580 cium
604 2527 849 2582 criticum
874 2528 1138 2601 detergat,
1168 2546 1272 2586 non
1295 2530 1618 2599 deformem,
1648 2547 1752 2586 non
1780 2531 2031 2599 luridam,

440 2620 533 2674 sed
562 2631 720 2676 aetate
750 2623 865 2691 ipsa
894 2625 1284 2686 venerabilem.
1312 2640 1486 2693 neque
1511 2623 1784 2693 indignam
1817 2623 2033 2694 prima:-

440 2716 519 2769 vis
551 2715 678 2779 illis,
709 2732 739 2770 e
768 2716 960 2786 quibus
989 2718 1249 2784 manavit,
1278 2714 1541 2781 fontibus,
1569 2717 1915 2773 haberemus.
1951 2718 2037 2770 lu-

441 2813 588 2861 terea
619 2822 736 2872 nos,
768 2807 839 2861 mi
884 2807 1199 2874 Blanchine,
1233 2810 1479 2879 quamvis
1528 2808 1700 2864 serior
1728 2808 1866 2863 votis
1905 2819 2037 2864 tetas

441 2900 507 2955 ad
540 2899 707 2956 hocce
732 2900 1038 2957 convivium
1063 2902 1368 2968 adduxerit,
1396 2902 1641 2958 ltetemur
1661 2901 1748 2958 vel
1768 2902 1873 2958 hoc
1896 2904 2035 2973 ipso,

443 2999 584 3072 quod
618 3017 791 3071 neque
814 3001 1079 3074 asymboli
1107 3002 1458 3068 accessimus,
1492 3016 1589 3055 nec
1613 3000 1767 3055 vacui
1798 3007 2038 3057 reverte-

444 3112 581 3151 mur.
607 3095 908 3151 Adtulimus
938 3097 1081 3151 enim
1115 3095 1416 3150 rarissimas
1447 3093 1643 3166 dapes;
1668 3109 1841 3167 eoque
1871 3093 2034 3148 etiam

444 3190 815 3263 pretiosiores,
842 3206 948 3261 quo
973 3190 1241 3259 perituras
1271 3186 1579 3260 aliquando,
1609 3196 1842 3242 aeternas
1863 3200 2037 3254 nunc,

441 3293 493 3339 et
524 3282 588 3337 ad
631 3284 848 3338 ultimos
888 3299 1060 3354 usque
1091 3292 1345 3352 nepotes,
1393 3298 1514 3338 cum
1545 3281 1744 3338 litteris
1778 3280 1906 3351 ipsis
1929 3326 1944 3350 ,
1982 3291 2039 3337 ut

442 3391 724 3447 superesse
752 3375 983 3447 possint,
1016 3375 1314 3432 eli‘ecimus.
1350 3374 1632 3431 Laudabili
1670 3385 1953 3447 praeterea,
1985 3372 2037 3429 ni

441 3464 619 3534 fallor,
669 3470 920 3539 exemplo
972 3468 1215 3525 felicibus
1266 3479 1414 3524 trans
1462 3468 1626 3538 Alpes
1675 3468 1928 3541 ingeniis,
1984 3469 2035 3524 itt

441 3561 672 3631 idipsum
704 3569 760 3615 ut
805 3562 899 3615 niti
932 3562 1102 3616 velint
1130 3580 1142 3615 :
1168 3562 1504 3631 depromptis
1532 3578 1598 3616 ex
1628 3561 1885 3634 opulento
1924 3576 2036 3615 am-

442 3654 685 3724 plissimo
730 3669 869 3724 penu
922 3663 999 3708 tot
1040 3652 1257 3709 ferculis
1302 3653 1457 3721 aliis,
1508 3653 1650 3708 unde
1701 3651 2039 3723 splendidius

441 3745 647 3812 multo,
685 3756 848 3815 atque
896 3747 1299 3801 ornatissimum
1342 3745 1561 3818 epulum
1609 3754 1826 3815 paretur
1859 3753 2039 3815 poste-

440 3836 608 3891 ritati.
642 3836 782 3903 Quid
812 3853 939 3891 vero
990 3854 1087 3892 nos
1118 3854 1149 3893 e
1186 3839 1434 3892 convivio
1466 3838 1755 3892 redeuntes
1783 3850 2039 3904 compen-

441 3930 514 3986 dii
555 3939 794 3998 maneat,
845 3929 1018 3985 dicam
1070 3932 1258 3986 libere.
1315 3929 1740 3986 Pulcherrimum
1794 3926 2036 3983 honestis

441 4026 636 4080 animis
673 4026 976 4095 praemium,
1002 4041 1122 4078 cum
1154 4022 1355 4093 Optima
1378 4022 1677 4087 Voluntate,
1708 4018 2037 4075 conscientia

441 4126 589 4173 recte
618 4116 764 4173 facti.
801 4117 911 4173 lloc
950 4128 1195 4172 nostrum
1224 4125 1327 4171 est.
1361 4113 1553 4179 Favor,
1586 4122 1639 4170 et
1676 4114 1846 4185 gratia
1894 4115 2035 4183 apud

439 4225 624 4280 aequos
651 4208 907 4264 harumce
936 4224 1114 4263 rerum
1150 4209 1509 4263 aestimatores
1528 4248 1543 4272 ,
1576 4217 1634 4261 ut
1662 4207 1890 4279 quisque
1914 4206 2035 4265 illo-

440 4316 560 4358 rum
592 4301 848 4367 senserit,
873 4314 1055 4356 sunto.
1093 4300 1220 4357 Vale
1247 4300 1560 4372 plurimum.

513 4394 778 4451 Pontivici
801 4412 834 4451 v
861 4395 1038 4452 Nonas
1069 4396 1418 4469 Septembres
1447 4411 1590 4450 anno
1619 4393 1833 4449 Domini
1874 4391 2031 4450 1759.

578 4548 1109 4617 DISSERTATIO
1142 4554 1367 4617 JOAN.
1402 4553 1897 4653 MARTlAl‘iAY

436 4700 491 4741 IN
552 4700 851 4741 VIRSIUNEI
913 4701 1170 4742 ITALICAI
1228 4703 1512 4743 EVANGELII
1563 4701 1842 4743 SECUNDO!
1895 4702 2034 4742 ΠΑΤ-

509 4792 731 4841 ΊἮΑΒυΙ,
779 4792 1053 4833 DESCRIPTI
1094 4794 1162 4833 EX
1207 4793 1362 4836 CODD.
1419 4794 1735 4835 COBBBIENSI
1792 4794 1862 4834 ετ
1907 4793 2031 4834 SAN-

508 4886 843 4929 GBRIANENSI
872 4889 921 4927 ιιι
960 4888 1064 4928 ΙίΑο
1104 4887 1357 4928 ΕΒΙΤΙΟΝΕ
1396 4888 1465 4928 ΔΙ)
1492 4886 1821 4928 INFBRIOREI
1847 4886 2032 4933 CUJUS“

509 4978 616 5029 ουε
642 4981 848 5022 ΡΔΕΙΝΒ
879 4981 1081 5022 ιιιωυιι
1110 4979 1402 5022 111³388818.

1041 5122 1441 5168 PROOEMIUM.

515 5228 589 5283 De
637 5228 855 5298 antiqua
900 5230 1151 5285 versione
1196 5231 1420 5303 Vulgata
1475 5243 1529 5287 et
1569 5230 1751 5287 Italica
1779 5226 2035 5305 freqpens

440 5336 620 5377 sermo
649 5329 733 5376 est
752 5320 897 5401 apud
927 5322 1191 5390 eruditos,
1234 5328 1323 5395 qui
1371 5324 1675 5380 divinarum
1725 5324 2033 5396 Scriptura-

441 5431 557 5470 rnm
584 5416 763 5471 studio
785 5414 1027 5470 nonnihil
1059 5414 1408 5483 incumbunt;
1440 5419 1631 5473 crebra
1660 5433 1872 5493 quoque
1894 5414 2034 5489 apud

440 5508 681 5574 criticos,
729 5524 1005 5564 sacrarum
1053 5506 1383 5563 Litterarum
1436 5510 1818 5579 inquisitores,
1877 5507 2037 5579 hujus

444 5598 712 5657 versionis
757 5600 953 5657 Italicae
1000 5599 1239 5655 mentio:
1283 5600 1376 5655 sed
1422 5603 1586 5655 altum
1635 5601 1833 5671 ubique
1876 5601 2038 5655 silen-

442 5693 574 5750 tium
605 5691 672 5748 de
698 5694 903 5763 origine
925 5693 1192 5770 ejusdem,
1225 5692 1292 5750 de
1318 5694 1482 5770 stylo,
1522 5692 1589 5748 dc
1628 5692 1826 5750 additis
1852 5694 1902 5750 in
1949 5710 2035 5767 ea,

445 5786 531 5861 vel
561 5784 795 5864 demptis
824 5786 1025 5849 incuria
1062 5786 1374 5875 interpretis
1412 5795 1506 5853 aut.
1532 5784 1899 5853 librariorum.
1927 5784 2039 5849 Nec

2138 1882 2292 1953 quasi
2325 1881 2504 1939 claves
2533 1882 2721 1939 lectori
2753 1883 2965 1939 tradere
3011 1894 3262 1955 prompto
3308 1883 3489 1939 animo
3527 1883 3735 1941 studui—

2136 1991 2277 2033 mus.

2651 2090 2883 2149 CAPUT
2920 2090 3205 2149 PRIMUM.

2137 2219 2204 2260 DB
2230 2218 2459 2268 Αιιτιρυι
2499 2219 2746 2261 νυιωτλ
2784 2220 2852 2260 l‘l‘
2890 2219 3101 2260 ITAIJCA
3139 2217 3402 2259 VERSIONI
3439 2217 3734 2260 DIVINARUM

2721 2310 3124 2352 SCRIPTURAIUI
3135 2334 3147 2347 .

2138 2423 2178 2479 1.
2213 2421 2383 2477 Multa
2410 2423 2620 2476 nomina
2646 2421 2865 2476 obtinuit
2893 2422 3033 2494 apud
3064 2429 3251 2475 celeres
3283 2419 3486 2475 Patres.
3510 2419 3574 2475 ll.
3613 2419 3737 2474 Non

2207 2531 2340 2568 unus
2383 2513 2484 2584 fuit
2535 2522 2734 2579 auctor,
2778 2527 2866 2567 seu
2907 2513 3153 2584 interpres
3204 2512 3428 2581 antiqum
3461 2511 3733 2583 Vulgum;

2208 2608 2297 2661 scd
2345 2616 2589 2676 quotquot
2636 2615 2753 2660 sunt
2810 2607 3067 2676 anonymi.
3101 2604 3185 2659 lll.
3238 2603 3571 2677 Exemplaria
3620 2610 3737 2680 ejus

2207 2700 2383 2755 multis
2406 2699 2766 2754 additamentis
2790 2700 3039 2771 permixta
3069 2709 3232 2754 erant.

2208 2812 2249 2867 Ι.
2279 2810 2564 2883 Antiquam
2591 2823 2900 2868 sanctorum
2932 2812 3229 2867 Bibliorum
3270 2810 3516 2867 Latinam
3559 2821 3734 2867 trans-

2139 2904 2395 2958 lationem
2459 2903 2641 2959 multis
2706 2903 2978 2974 variisque
3046 2902 3355 2977 nominibus
3428 2904 3730 2976 insignitam

2139 2997 2302 3053 fuisse
2343 3014 2503 3053 nemo
2552 3008 2635 3053 est
2678 2996 2770 3069 qui
2820 2997 3062 3053 nesciat:
3098 3008 3465 3053 verumtamen
3508 2999 3730 3053 citatum

2140 3095 2338 3164 passim
2394 3091 2707 3163 Hieronymi
2761 3091 3123 3147 testimonium
3190 3091 3492 3146 Comment.
3547 3092 3597 3145 in
3661 3090 3731 3148 Is.

2065 3178 2110 3242 C
2144 3200 2193 3241 c.
2224 3200 2375 3251 xux,
2404 3194 2534 3240 toni.
2555 3200 2629 3249 tv,
2661 3198 2769 3256 quo
2804 3184 3027 3258 Vulgata
3055 3182 3211 3237 editio
3234 3182 3452 3251 dicitur,
3478 3183 3567 3237 diu
3595 3200 3622 3236 a
3649 3200 3733 3239 tne

2142 3276 2339 3332 frustra
2389 3276 2587 3332 ibidem
2632 3276 2994 3345 conquisitum
3039 3291 3103 3331 ex
3150 3274 3291 3331 libro
3320 3276 3557 3330 secundo
3586 3292 3734 3330 com-

2139 3371 2529 3426 mentariorum
2582 3368 2637 3423 in
2665 3383 2784 3439 cap.
2816 3384 2911 3425 χιιι
2961 3369 3193 3424 Matthzei
3227 3369 3479 3441 supplere
3509 3384 3735 3425 necesse

2140 3462 2324 3517 habui.
2356 3460 2485 3517 Nam
2514 3461 2600 3516 hic
2628 3461 2742 3529 loci
2784 3463 2862 3516 sic
2894 3461 3055 3518 habet
3086 3461 3447 3535 llicronymus
3474 3480 3487 3516 :
3524 3461 3649 3533 Legi
3680 3462 3733 3517 iu

2139 3555 2401 3610 nonnullis
2442 3551 2723 3619 codicibus,
2756 3562 2804 3607 et
2831 3555 3089 3607 studiosus
3135 3554 3293 3608 lector
3346 3557 3478 3624 forte
3520 3555 3735 3624 reperiet

2141 3646 2405 3717 idipsum;
2450 3646 2505 3700 in
2527 3663 2586 3700 eo
2615 3647 2726 3700 loco
2754 3644 2837 3699 ubi
2868 3662 2961 3699 nos
2991 3647 3275 3718 posuimus,
3306 3655 3352 3699 et
3382 3643 3607 3716 Vulgata
3632 3642 3731 3699 ha-

2141 3743 2220 3799 bet
2248 3744 2427 3811 editio,
2461 3752 2517 3798 ut
2563 3740 2879 3814 impleretur
2922 3743 3064 3814 quod
3108 3742 3305 3798 dictqu
3358 3752 3441 3797 est
3468 3756 3564 3813 per
3601 3738 3737 3797 Pru-

2143 3837 2357 3907 phetam
2386 3837 2679 3901 dicentem,
2712 3837 2783 3891 ibi
2811 3837 3080 3904 scriptum,
3110 3847 3215 3892 etc.
3249 3835 3527 3907 Vulgatam
3575 3835 3735 3907 igitur

2140 3932 2431 3987 editionem
2472 3930 2702 3986 Matthtci
2732 3943 2891 3987 vocat
2942 3932 3300 4002 Hieronymus
3344 3945 3459 4007 eam
3508 3930 3737 3985 transla-

2140 4022 2339 4078 tionem
2390 4021 2633 4089 latinam,
2678 4038 2798 4094 qua!
2846 4032 2971 4077 ante
3016 4039 3167 4077 suam
3196 4034 3405 4077 aetatem
3461 4021 3738 4079 obtinebat

2141 4116 2517 4170 auctoritatem
2544 4116 2594 4169 in
2641 4113 2903 4171 Ecclesiis
2945 4113 3369 4171 Occidentalium
3400 4111 3735 4169 Christiano-

2140 4222 2295 4273 rum;
2329 4223 2557 4278 quicque
2603 4218 2847 4279 tempore
2876 4206 3125 4278 Gregorii
3162 4207 3331 4279 Magni
3364 4205 3737 4261 Trauslotionis

2149 4297 2347 4354 Veteris
2376 4316 2572 4354 nomen
2617 4299 2758 4366 tulit,
2803 4309 3115 4369 comparata
3144 4315 3295 4354 novae
3326 4298 3546 4354 editioni
3573 4313 3733 4370 quam

2141 4390 2256 4461 ipse
2304 4390 2664 4463 Hieronymus
2716 4390 2973 4447 Ecclesiae
3022 4392 3410 4460 procurandam
3476 4390 3731 4460 suscepit.

2138 4483 2373 4539 Consule
2424 4485 2709 4555 epistolam
2752 4482 2996 4555 Gregorii
3056 4481 3229 4556 Magni
3278 4482 3346 4539 ad
3403 4482 3733 4549 Leandrmu,

2060 4563 2116 4628 Ι)
2138 4592 2257 4647 cap.
2288 4578 2345 4643 5,
2376 4578 2617 4649 Exposit.
2648 4575 2836 4633 Moral.
2866 4579 2918 4632 in
2947 4577 3051 4633 Job
3077 4578 3374 4649 prarfixam.

2212 4672 2415 4728 Przt-ter
2460 4673 2575 4729 hac
2621 4675 2840 4728 nomina
2894 4672 3130 4745 Vulgata:
3176 4672 3413 4728 editionis
3452 4683 3507 4729 et
3542 4671 3738 4727 Veteris

2138 4762 2542 4832 Translationis,
2571 4766 2719 4823 aliud
2747 4767 2924 4822 eidem
2956 4767 3163 4831 tribttit,
3194 4776 3249 4821 et
3283 4765 3496 4837 quidcm
3525 4766 3739 4837 insigne

2072 4856 2077 4861 “
2137 4874 2201 4914 ac
2240 4858 2497 4929 Speciale,
2541 4860 2731 4914 beatus
2757 4857 3115 4928 Augustinus,
3164 4855 3259 4913 lib.
3292 4873 3329 4912 ιι
3373 4856 3442 4914 de
3484 4855 3735 4911 Doctrina

2137 4950 2445 5007 Christiana
2474 4967 2592 5021 cap.
2626 4952 2691 5007 15
2720 4970 2731 5004 :
2764 4947 2829 5004 In
2872 4951 2997 5023 ipsis
3028 4961 3219 5019 autem,
3264 4951 3456 5021 inquit,
3488 4950 3738 5021 interpre-

2138 5043 2418 5098 tationibus
2445 5040 2583 5097 Itala
2605 5042 2801 5098 caeteris
2831 5045 3143 5114 prwferatur
3170 5056 3189 5094 :
3213 5058 3332 5094 nam
3368 5050 3441 5095 est
3471 5040 3737 5093 verborum

2139 5139 2364 5192 tenacior
2405 5153 2524 5191 cum
2554 5135 2919 5209 perspicuitate
2959 5134 3241 5193 sententiae.
3274 5131 3409 5188 Erat
3453 5132 3611 5203 igitur
3653 5131 3737 5187 itt-

2139 5229 2459 5299 terpretatio
2489 5228 2736 5300 quaedam
2768 5227 2911 5299 apud
2953 5228 3173 5282 Latinos
3200 5240 3321 5299 qua:
3348 5223 3487 5279 Itala
3515 5223 3736 5279 diceba-

2142 5330 2251 5388 tur,
2282 5320 2571 5376 verborum
2600 5331 2782 5389 tenax,
2827 5331 2882 5377 et
2920 5321 3203 5392 persiiicna
3240 5317 3557 5384 sententiis;
3585 5317 3738 5372 ideo-

2142 5430 2247 5483 que
2277 5413 2419 5467 illam
2448 5416 2664 5469 czcteris
2690 5414 3120 5484 anteponendam
3162 5420 3345 5467 censet
3383 5406 3736 5480 Augustinus.

2142 5504 2279 5575 Quid
2312 5522 2439 5560 vero
2463 5520 2639 5560 causa:
2687 5503 2848 5561 fuerit
2888 5514 2947 5560 ut
2976 5502 3117 5559 Itala
3142 5504 3438 5571 diceretur,
3471 5518 3578 5556 non
3608 5502 3737 5555 satis

2143 5604 2483 5673 exploratum
2515 5602 2811 5667 habemus;
2850 5602 2953 5657 etsi
2993 5615 3113 5657 eam
3144 5599 3247 5655 hoc
3272 5598 3491 5653 nomine
3522 5594 3738 5666 insigni-

2144 5704 2251 5750 tam
2305 5693 2468 5749 velint
2514 5691 2709 5747 eruditi
2760 5689 3036 5759 homines,
3106 5689 3248 5762 quod
3302 5690 3415 5763 ipsa
3463 5694 3741 5746 uterentur

2147 5786 2265 5850 Itali
2295 5784 2507 5863 Patres,
2538 5783 2883 5853 Ambrosium
2922 5783 3065 5859 dico,
3095 5780 3459 5849 Gaudentium
3491 5779 3742 5853 Brisien-
