4054 6198
295 280 366 338 6|
1309 276 1764 338 DISSERTATIO
1799 277 2085 338 JOANNIS
2125 280 2556 344 HAM‘IANA‘Y.
3527 291 3602 353 62

297 409 442 461 sem,
475 393 848 450 Chromatium
879 372 1318 464 Aquileiensem,
1348 397 1583 452 Leonem
1625 397 1897 466 Magnum,
1923 404 1978 464 Α
2005 395 2204 452 multos
2233 397 2400 456 fuisse
2421 399 2680 467 diximus,
2713 414 2818 458 non
2858 416 3050 473 parum
3076 400 3287 459 confert
3316 404 3597 476 multiplex

297 498 353 545 et
382 488 523 544 alios
548 487 774 554 multos,
811 488 906 559 qui
937 487 1181 542 doctrina
1231 503 1295 543 ac
1341 505 1550 546 morum
1594 489 1901 558 integritate

291 583 609 640 ﬂoruerunt
635 585 684 638 in
715 581 978 638 Ecclesiis
1005 581 1395 638 Romanorum.
1439 584 1551 638 Hoc
1591 584 1635 638 si
1676 584 1749 638 ita
1791 591 1898 649 est,

289 686 358 733 ut
393 677 844 733 verisimillimum
873 691 994 732 esse
1023 677 1108 732 vix
1136 676 1327 732 doctus
1353 676 1700 743 inliciabitur,
1723 676 1898 732 nullus

291 771 628 841 relinquitur
657 769 954 840 suspicioni
981 769 1066 824 vel
1091 767 1406 825 dubitationi
1435 769 1607 834 locus,
1647 769 1772 836 quin
1800 782 1897 838 ge-

291 863 519 916 nuinam
553 861 853 916 habeamus
886 862 939 916 in
971 862 1170 916 nostris
1199 876 1329 916 mss.
1361 860 1758 930 exemplaribus
1778 875 1899 915 ver-

291 956 509 1010 sionem
566 955 802 1020 Italam;
833 956 959 1024 quia
1000 956 1235 1011 recitatis
1279 954 1570 1024 Scripturte
1617 955 1900 1010 sententiis

297 1048 564 1117 apudjam
580 1048 756 1104 dictos
771 1047 930 1103 Italos
951 1049 1156 1115 Patres,
1170 1065 1234 1103 ex
1249 1063 1402 1118 a-quo
1415 1047 1704 1116 respondet
1723 1055 1898 1102 textus

299 1140 666 1213 Evangelicus
691 1151 1000 1196 nostrorum
1033 1140 1302 1196 codicum.
1335 1143 1401 1197 At
1429 1142 1497 1196 de
1525 1140 1610 1196 his
1640 1141 1796 1196 intra.

375 1232 644 1288 Caeterum
692 1248 757 1288 ne
801 1234 947 1304 quod
989 1234 1299 1290 suboriatur
1340 1235 1646 1305 ambiguum
1689 1250 1754 1290 ex
1800 1248 1898 1288 no-

297 1324 456 1378 mine
509 1323 775 1397 Vulgum,
825 1325 1219 1381 animadvertat
1267 1326 1432 1381 lector
1480 1326 1752 1382 studiosus
1799 1326 1900 1381 du-

294 1416 500 1486 plicem
532 1431 653 1471 e5se
685 1416 985 1472 Versionem
1021 1418 1329 1490 Vulgatam;
1366 1419 1639 1490 antiquam
1665 1420 1893 1486 scilicet,

295 1524 418 1577 quae
468 1509 834 1579 usurpabatur
874 1519 996 1565 ante
1051 1518 1264 1566 {etatem
1309 1511 1649 1583 Hieronymi;
1692 1522 1747 1566 et
1792 1511 1895 1567 ho-

292 1599 542 1654 diernatn
573 1612 837 1668 nostram,
881 1617 978 1656 usu
1020 1611 1289 1672 receptam
1338 1603 1388 1656 in
1422 1603 1659 1658 Ecclesia
1703 1603 1894 1657 catho-

303 1690 435 1746 lica.
484 1691 639 1746 Prior
682 1701 953 1746 auctorem
1001 1692 1189 1748 habuit
1234 1708 1594 1765 anonymnm;
1631 1695 1896 1762 posterior

2002 491 2130 546 illud
2152 507 2326 564 genus
2353 494 2822 564 oapitulationum,
2864 511 2928 552 ac
2977 497 3280 552 sectionum
3310 506 3597 563 contextus

2002 587 2162 652 sacri,
2195 589 2337 658 quod
2369 588 2420 644 in
2465 589 2697 645 diversis
2751 590 3043 648 Bibliorum
3080 591 3359 648 codicibus
3410 608 3598 657 manu-

2001 680 2217 748 scriptis
2241 680 2510 752 hodieque
2537 692 2807 753 superest.
2834 683 3020 754 Neque
3046 700 3174 742 vero
3202 684 3460 742 credibile
3489 693 3593 754 est,

2002 773 2253 828 eumdem
2280 776 2631 844 interpretem
2659 776 2892 832 Matthmi
2919 793 2968 832 v.
2994 793 3048 848 g.
3073 789 3304 847 quatuor
3328 788 3420 834 aut
3442 779 3600 849 quiu-

2001 882 2108 936 que
2138 869 2312 926 modis
2339 868 2568 925 diversis
2594 884 2807 924 sacrum
2839 880 3150 928 contextum
3189 871 3422 930 divisum
3465 872 3598 928 reli-

2000 961 2211 1030 quisse;
2242 971 2298 1017 et
2323 978 2465 1019 nunc
2491 965 2544 1019 in
2571 963 2642 1020 28
2669 966 2962 1032 sectiones,
2995 979 3139 1022 nunc
3192 968 3244 1022 in
3283 967 3375 1035 88,
3424 967 3508 1023 vel
3540 967 3594 1022 in

2006 1055 2105 1112 H7
2135 1065 2315 1126 partes
2345 1058 2689 1128 dispertitum
2723 1061 2980 1118 voluisse.
3031 1062 3183 1117 Sicut
3221 1078 3350 1133 ergo
3379 1062 3593 1120 diversa

1999 1158 2128 1205 sunt
2165 1165 2364 1220 genera
2405 1161 2645 1208 veterum
2689 1155 2994 1210 sectionum
3023 1155 3266 1223 ejusdem
3309 1167 3593 1214 contestus

2000 1242 2160 1307 sacri,
2193 1258 2258 1297 ac
2303 1243 2463 1312 plane
2485 1244 2703 1300 diversa
2727 1248 2946 1316 antiqua
2974 1247 3203 1318 capitula
3231 1264 3326 1303 seu
3356 1263 3596 1304 summa-

1998 1337 2077 1389 ria
2112 1325 2327 1405 priellxa
2360 1349 2671 1392 sanctorum
2715 1339 3010 1396 Bibliorutn
3057 1341 3456 1411 exemplaribus
3481 1356 3597 1398 ma-

1997 1430 2331 1500 nuscriptis;
2385 1431 2454 1487 ita
2501 1433 2680 1488 varios
2723 1447 2785 1488 ac
2827 1434 3069 1489 diversos
3115 1436 3278 1490 fuisse
3323 1435 3596 1505 interpre-

1997 1531 2080 1576 tes
2102 1521 2322 1578 Latinos
2351 1525 2683 1594 antiquiores
2705 1527 2931 1581 omnino
2957 1527 3364 1583 concedendum
3394 1537 3500 1583 est.

2069 1613 2334 1672 Praeterea
2364 1631 2469 1671 non
2491 1616 2631 1673 idea.
2655 1619 2832 1689 stylus
2854 1628 2960 1683 est,
2990 1619 3085 1674 sed
3111 1619 3400 1676 dissimiles
3431 1635 3583 1688 pror-

1996 1721 2090 1760 sus
2109 1707 2333 1776 phrases
2358 1708 2609 1778 leguntur
2635 1711 2686 1764 in
2715 1710 2832 1780 ipso
2857 1717 3108 1766 contextu
3138 1711 3372 1782 antiqua:
3398 1711 3593 1782 Vulgu-

291 1792 353 1836 ει
398 1782 658 1837 “diem”
705 1783 1014 1854 Hieronymi
1060 1785 1228 1852 il’Sius
1259 1783 1417 1840 Γωιυδ
1447 1796 1550 1851 εει.
1575 1787 1729 1855 illi“!
1759 1785 1890 1840 3113‘
1922 1805 1972 1866 Β
2001 1809 2067 1852 ttr.
2102 1817 2117 1854 :
2145 1815 2208 1854 ac
2240 1815 2649 1872 nonnumquam
2677 1803 2819 1857 inter
2842 1817 2902 1858 se
2929 1803 3068 1857 adeo
3085 1802 3302 1858 diversa
3329 1811 3455 1857 sunt
3477 1802 3599 1874 ejus

292 1883 408 1928 tam
441 1889 471 1926 a
504 1875 658 1928 nobis
691 1874 806 1943 ejus
832 1874 1251 1944 descriptionem
1285 1877 1336 1931 in
1376 1877 1772 1946 prolegomenis
1813 1877 1894 1932 di-

288 1967 438 2019 vinae
466 1965 810 2022 Bibliotheca:
837 1983 1007 2036 nuper
1031 1968 1208 2022 editas.

364 2056 434 2110 ll.
469 2057 654 2126 Neque
685 2068 861 2113 tamen
887 2075 953 2114 ex
981 2075 1048 2114 eo
1065 2061 1184 2130 quis
1207 2061 1458 2131 opinetur
1486 2061 1697 2116 unicum
1729 2061 1892 2118 fuisse

288 2154 529 2220 antiquae
558 2149 802 2222 Vulgata;
848 2162 1148 2221 auctorem,
1198 2154 1332 2208 sicut
1382 2164 1572 2210 auctor
1615 2155 1892 2211 hodierna:

287 2254 494 2296 nostrae
525 2243 715 2298 unicus
761 2252 845 2300 est
886 2246 1074 2317 (libris-
1106 2249 1378 2302 nonnullis
1402 2246 1665 2320 exceptis)
1698 2249 1890 2304 lliero-

290 2355 533 2410 nymus:
579 2340 705 2394 huic
749 2343 892 2396 enim
941 2343 1179 2411 opinioni
1227 2359 1288 2400 ea
1337 2344 1605 2399 obsistunt
1655 2361 1772 2412 qua:
1821 2345 1890 2401 de

288 2432 440 2486 rario
487 2432 996 2502 interpretationum
1047 2450 1246 2506 genere
1291 2436 1509 2505 scripsit
1539 2436 1596 2492 S.
1632 2437 1888 2508 Augusti-

289 2544 412 2592 nus,
468 2530 566 2584 lib.
619 2546 654 2584 ll
703 2529 771 2585 de
803 2531 1056 2585 Doctrina
1103 2533 1403 2587 Christiana
1450 2549 1569 2603 cap.
1609 2535 1710 2589 ll:
1785 2534 1890 2599 Qui

287 2621 444 2687 enim,
493 2621 694 2692 inquit,
743 2622 1043 2692 Scripturas
1071 2640 1135 2678 ea:
1165 2624 1385 2679 Hebrum
1424 2626 1601 2697 lingua
1646 2628 1697 2680 in
1741 2625 1889 2680 Cra:-

290 2727 401 2764 cam
421 2724 702 2780 uerterunt,
723 2716 983 2768 numerari
998 2726 1206 2784 possunt
1228 2733 1244 2779 ;
1265 2716 1441 2770 Lntini
1453 2729 1622 2772 autem
1638 2720 1886 2790 interpre-

289 2815 362 2860 tes
393 2808 538 2860 nullo
569 2809 738 2861 modo.
780 2807 851 2863 Ut
891 2809 1022 2863 enim
1065 2811 1266 2875 cuique,
1299 2812 1477 2880 primis
1525 2812 1650 2880 ﬁdei
1695 2823 1921 2882 tempa—.

286 2898 452 2961 ribus,
483 2899 534 2951 in
564 2916 748 2953 manus
794 2903 925 2954 venit
970 2901 1130 2956 codex
1158 2900 1392 2967 ercus,
1423 2912 1472 2957 et
1510 2904 1885 2974 aliquantulum

286 2988 551 3056 facultatis
592 2989 690 3043 sibi
733 2992 995 3061 utriusque
1034 2994 1226 3063 lingua:
1265 2993 1445 3048 habere
1473 2995 1758 3062 videbatur,
1791 3015 1886 3052 att-

283 3097 370 3133 sus
393 3093 469 3152 est
497 3084 847 3152 interpretari.
882 3085 1138 3139 Eamdem
1170 3086 1479 3140 Latinorum
1529 3088 1881 3159 interpretum

1998 1893 2354 1962 exemplaria;
2389 1903 2445 1948 ut
2483 1895 2689 1964 integra
2720 1895 2964 1964 quzedam
2993 1895 3248 1965 capitula,
3284 1895 3334 1949 id
3362 1904 3448 1960 est
3472 1911 3596 1965 par-

1997 1995 2079 2039 tes
2107 1984 2162 2040 in
2195 1988 2279 2042 his
2310 1987 2671 2055 inveniantur,
2700 2003 2819 2058 qua:
2845 1990 3042 2044 absunt
3066 1989 3118 2044 in
3145 1990 3287 2046 aliis.
3321 1989 3487 2059 llujus
3510 2006 3596 2044 va-

1993 2077 2199 2150 rietatis
2257 2079 2508 2148 exempla
2548 2080 2960 2135 subministrant
3009 2081 3116 2137 duo
3154 2083 3372 2137 codices
3413 2083 3591 2138 nostri

1995 2173 2343 2242 manuscripti
2396 2172 2540 2228 Italae
2571 2174 2875 2230 versionis;
2905 2175 3252 2230 Corbeiensis
3280 2175 3426 2231 enim
3459 2175 3592 2246 legit

1993 2266 2227 2336 exempli
2256 2283 2362 2336 gr.,
2408 2267 2675 2339 Numquid
2705 2269 2918 2323 minima
2945 2287 2998 2324 es
3018 2270 3045 2324 l
3071 2269 3592 2328 San-Germanensis

1993 2369 2212 2426 autem,
2266 2359 2388 2416 Non
2426 2363 2639 2416 minima
2680 2379 2752 2417 es.
2804 2363 3009 2432 Vixque
3039 2380 3141 2420 una
3175 2363 3226 2416 in
3258 2365 3336 2419 eis
3383 2364 3589 2434 pagella

1993 2452 2095 2523 legi
2143 2454 2358 2522 poterit,
2402 2455 2528 2524 quin
2559 2455 2854 2511 dissimiles
2881 2467 3164 2510 occurrant
3194 2455 3438 2522 phrases,
3469 2469 3592 2508 ver-

1993 2542 2290 2612 borumque
2340 2544 2470 2598 ordo
2499 2545 2770 2600 diversus.
2819 2543 3030 2599 Deinde
3065 2543 3453 2611 additamenta,
3487 2558 3589 2599 nec

1991 2636 2180 2690 eadem
2210 2636 2259 2689 in
2295 2636 2402 2690 illis
2449 2645 2598 2701 sunt,
2649 2651 2748 2691 nec
2798 2637 2988 2691 iisdem
3035 2637 3169 2692 locis
3217 2637 3587 2694 inveniuntur.

1993 2726 2225 2781 Matthtei
2275 2743 2394 2796 cap.
2442 2728 2534 2793 20,
2564 2739 2934 2783 assumentum
2985 2745 3050 2784 ex
3096 2729 3258 2785 Luca:
3289 2730 3586 2800 Evangelia

1990 2822 2186 2875 retinet
2229 2819 2576 2878 Corbeiensis
2607 2823 2800 2890 codex,
2836 2823 2977 2892 quod
3027 2839 3131 2879 non
3161 2832 3311 2879 extat
3356 2825 3409 2901 in
3449 2823 3586 2880 Sau-

1991 2910 2384 2986 Gertnanensi;
2437 2923 2492 2968 et
2547 2916 2665 2970 vice
2695 2930 2846 2969 versa
2877 2913 3401 2971 San-Germanensis
3431 2930 3585 2985 quie-

1989 3003 2110 3057 datu
2143 3006 2306 3061 refert
2329 3007 2397 3062 de
2430 3006 2697 3077 baptismo
2720 3007 2944 3074 Christi,
2971 3023 3094 3078 quae
3121 3023 3227 3062 non
3259 3008 3508 3078 leguntur
3532 3008 3582 3062 in

1987 3100 2321 3155 Corbeiensi.
2357 3101 2485 3168 Quae
2515 3101 2758 3172 profecto
2803 3117 2908 3157 non
2942 3118 3127 3169 unum,
3173 3102 3269 3158 sed
3312 3102 3470 3171 plane
3497 3101 3582 3171 di-

285 3177 732 3231 numerositatem
765 3181 1008 3248 agnoscit
1037 3180 1095 3234 S.
1150 3180 1523 3252 Hieronymus,
1566 3181 1652 3236 his
1700 3184 1878 3238 verbis
1906 3191 1950 3253 (ἶ
1986 3192 2423 3246 versosinnuunt
2445 3201 2716 3262 auctores,
2742 3192 3402 3264 seuinterpretcsLatinos
3419 3193 3596 3246 Evan-

285 3267 338 3320 in
366 3277 598 3336 quatuor
631 3270 921 3340 Evangelia
971 3273 1226 3340 praelatus
1260 3291 1271 3325 :
1309 3274 1368 3329 Si
1396 3274 1594 3330 Latinis
1619 3278 1884 3345 exempla-

282 3359 425 3412 ribus
472 3361 601 3428 ﬁdes
639 3371 714 3415 est
760 3363 1074 3430 adhibenda,
1130 3367 1470 3438 respondeant
1517 3368 1699 3439 quibus
1747 3385 1766 3424 :
1810 3379 1883 3425 tot

280 3451 422 3504 enim
472 3464 588 3506 sunt
637 3455 948 3526 exemplaria
989 3473 1115 3527 pene
1157 3468 1277 3522 quot
1313 3460 1530 3513 codices.
1571 3460 1668 3516 Sin
1712 3472 1883 3516 autem

280 3545 481 3597 veritas
508 3555 583 3597 est
611 3549 888 3616 qua'renda
913 3548 978 3603 de
1005 3550 1256 3620 pluribus,
1286 3569 1378 3605 cur
1405 3569 1504 3606 non
1535 3554 1604 3606 ad
1646 3552 1882 3610 ercant

281 3632 535 3706 originem
566 3649 892 3706 rerertentes,
937 3657 995 3693 ea
1013 3658 1130 3712 qua:
1178 3645 1254 3696 vel
1281 3659 1312 3696 a
1352 3645 1546 3698 vitiosis
1573 3647 1882 3718 interpreti-

281 3729 377 3782 bus
409 3730 549 3782 male
578 3730 732 3798 edita,
763 3733 839 3786 vel
867 3751 897 3787 α
927 3737 1386 3807 prwsumptoribus
1431 3738 1681 3805 imperitis
1709 3753 1882 3793 emen-

279 3823 411 3874 data
433 3824 738 3893 perversius,
769 3827 843 3879 vel
886 3844 917 3879 a
969 3826 1191 3882 librariis
1221 3829 1613 3885 dormituntibus
1653 3841 1741 3884 aut
1785 3833 1882 3886 ad-

279 3916 391 3969 dita
439 3927 579 3980 sunt,
628 3927 715 3970 aut
759 3928 989 3986 mutata,
1037 3921 1378 3992 corrigimus?
1420 3923 1586 3980 Tanta
1631 3925 1877 3981 codicum

279 4008 574 4062 diversitas
605 4009 677 4063 ab
715 4010 906 4065 eodem
937 4013 1081 4067 nasci
1113 4014 1407 4083 interprete
1436 4017 1746 4087 neutiquam
1775 4035 1878 4089 po-

280 4103 416 4166 tuit;
465 4119 634 4174 quare
685 4120 906 4161 necesse
937 4115 1021 4162 est
1051 4115 1109 4162 ut
1158 4109 1339 4177 plures
1387 4109 1586 4166 fuerint
1631 4120 1877 4169 auctores

280 4196 594 4263 hujusmodi
623 4198 1058 4264 translationum,
1091 4215 1210 4270 quae
1238 4202 1424 4271 primis
1456 4203 1708 4260 Ecclesia:
1741 4214 1877 4260 tem-

279 4286 503 4356 poribus
529 4288 1058 4345 circumferebantur
1081 4293 1222 4359 apud
1251 4291 1489 4347 Latinos.
1529 4294 1721 4349 Multos
1752 4313 1878 4363 quo-

277 4397 385 4451 que
409 4385 687 4452 conceptis
718 4383 896 4438 verbis
921 4386 1189 4453 expressit
1217 4386 1600 4459 Hieronymus,
1646 4389 1832 4444 dicens
1857 4407 1872 4444 :

279 4473 413 4540 Quae
439 4491 472 4527 α
515 4475 706 4528 vitiosis
729 4476 1085 4548 interpretibus
1117 4478 1248 4532 male
1290 4479 1426 4533 edita
1451 4489 1590 4534 sunt.
1631 4481 1799 4550 Quem
1827 4484 1872 4538 si

1983 3285 2104 3356 gelii
2135 3287 2426 3340 secundum
2452 3287 2784 3341 Matthmum.
2819 3286 2970 3354 Quod
2996 3302 3126 3340 vero
3155 3286 3224 3340 de
3255 3286 3580 3356 Evangelico

1985 3379 2256 3433 volumine
2279 3378 2534 3445 dicimus,
2562 3379 2634 3433 de
2658 3379 2787 3434 aliis
2817 3380 2976 3434 etiam
3031 3379 3187 3434 libris
3228 3379 3446 3448 intelligi
3475 3391 3578 3433 ne-

1985 3485 2138 3524 cesse
2168 3479 2282 3535 cst,
2329 3473 2480 3539 juxta
2535 3473 2782 3526 traditam
2813 3474 2882 3528 ab
2920 3472 3219 3542 Augustino
3247 3471 3581 3541 superiorem

1982 3563 2248 3630 regulam,
2273 3573 2373 3630 qua
2396 3562 2586 3615 statuit
2615 3562 2939 3632 interpretes
2953 3559 3178 3620 (ἒς-πυθοῦ
3207 3575 3365 3633 posse
3390 3575 3580 3617 nume-

1982 3654 2112 3718 rari,
2144 3653 2364 3708 Latinos
2389 3667 2570 3708 autem
2602 3669 2708 3710 non
2737 3669 2920 3725 posse.

2056 3751 2140 3806 Ill.
2173 3752 2226 3806 ld
2254 3752 2364 3822 jam
2396 3766 2684 3809 comm-une
2723 3754 2926 3809 veteris
2968 3753 3337 3810 transtulimus
3362 3751 3580 3808 codlces

1977 3846 2236 3900 habuisse
2257 3846 2507 3912 dicimus,
2535 3847 2678 3916 quod
2711 3847 2948 3901 universi
2976 3847 3169 3901 alienis
3195 3843 3578 3900 atlditameutis

1982 3939 2234 4008 permixti
2271 3940 2767 3995 circumferrentur.
2810 3940 3011 3996 Causas
3040 3951 3094 3996 et
3129 3942 3389 4011 originem
3423 3939 3580 4008 hujus

1977 4031 2402 4099 perturbationis
2432 4032 2570 4086 sacri
2597 4041 2883 4088 contextus
2919 4047 2984 4087 ac
3009 4031 3381 4103 permixtionis
3429 4030 3580 4084 lucu-

1979 4123 2156 4180 lenter
2177 4124 2443 4192 expressit
2465 4126 2826 4196 llieronytnus
2847 4124 3164 4194 praefatione
3191 4124 3258 4179 ad
3287 4125 3574 4184 Damasum

1979 4215 2202 4284 Papam,
2226 4215 2378 4285 cujus
2392 4216 2546 4284 jussu
2573 4217 2890 4287 Evangelica
2918 4215 3190 4270 volumina
3211 4214 3402 4274 Latina
3425 4212 3576 4268 Grae-

1977 4322 2056 4362 cae
2103 4307 2223 4362 ﬁdei
2278 4307 2534 4374 reddidit,
2596 4323 2663 4364 ex
2711 4308 2886 4378 iisque
2939 4309 3174 4364 resecuit
3223 4321 3578 4376 quacumque

1979 4400 2119 4454 male
2145 4400 2328 4455 addita
2355 4411 2532 4466 erant.
2561 4401 2646 4459 vel
2686 4400 2754 4456 ab
2781 4401 3190 4471 interpretibus,
3231 4408 3327 4454 aut
3355 4414 3384 4453 tl
3413 4399 3577 4455 libra-

1979 4495 2072 4548 riis
2097 4495 2354 4565 antiquis.
2385 4495 2608 4566 Magnus
2634 4495 2909 4564 siquidem,
2944 4494 3137 4563 inquit,
3170 4493 3253 4549 hic
3296 4494 3351 4546 in
3387 4493 3579 4547 nostris

275 4566 477 4636 legeris
501 4567 799 4637 aliquando
830 4569 897 4624 de
929 4569 1220 4640 interprete
1245 4569 1461 4637 Latino,
1489 4575 1638 4643 quasi
1668 4574 1736 4630 de
1768 4591 1874 4630 uno
1898 4575 1952 4639 Ι)
1977 4586 2237 4642 codicibus
2262 4604 2410 4643 uror
2438 4589 2677 4644 inolevit:
2707 4587 2854 4652 dum,
2885 4587 3022 4654 quod
3042 4588 3096 4641 in
3121 4587 3300 4640 eadem
3344 4601 3401 4639 re
3443 4585 3579 4640 alius

275 4658 662 4725 disserentem,
690 4676 794 4715 non
824 4661 1001 4716 statim
1030 4664 1128 4719 sibi
1157 4664 1257 4735 ipsi
1287 4666 1506 4721 minime
1535 4677 1871 4723 constantem

275 4764 433 4821 putes
480 4771 494 4807 :
548 4762 677 4808 tunc
717 4755 863 4809 enim
896 4771 1000 4810 non
1030 4756 1098 4810 de
1125 4758 1378 4813 omnibus
1407 4761 1702 4829 generatim
1727 4759 1876 4816 Lati-

278 4858 469 4898 norum
499 4845 778 4900 codicibus
805 4861 1105 4903 sermonem
1150 4848 1343 4915 habet;
1395 4851 1489 4906 sed
1517 4852 1586 4907 de
1616 4853 1871 4921 peculiari

278 4935 511 5005 quadam
546 4935 784 4992 editione
821 4939 1032 5004 Latina,
1063 4955 1222 5010 quam
1267 4943 1568 5012 probabant
1615 4945 1872 5001 Ecclesiae

271 5028 706 5084 Christianorum
748 5033 952 5101 multa),
989 5036 1073 5091 vel
1106 5052 1289 5105 pauca:
1330 5055 1573 5097 numero.
1601 5040 1873 5108 Quemad-

273 5122 492 5174 modum
537 5123 605 5177 de
638 5121 775 5177 Itala
800 5124 982 5181 dicere
1005 5143 1314 5198 possumus,
1346 5132 1488 5202 quod
1517 5133 1629 5187 sola
1679 5135 1730 5188 in
1773 5137 1872 5192 ali-

282 5229 389 5280 quo
417 5215 590 5282 pretio
619 5214 781 5271 fuerit
823 5217 1028 5286 Romae,
1061 5235 1123 5276 ac
1151 5223 1202 5276 in
1233 5226 1443 5278 caneris
1485 5227 1738 5282 Ecclesiis
1766 5229 1870 5285 Ita-

283 5305 392 5358 lim.
442 5306 613 5377 llnjus
658 5324 788 5364 vero
835 5311 1088 5368 editionis
1115 5314 1260 5370 Italae
1304 5333 1439 5371 unus
1484 5327 1600 5374 erat
1643 5332 1863 5388 auctor;

1980 4682 2312 4754 Euangelisu
2335 4684 2452 4752 plus
2477 4683 2631 4748 dicit,
2662 4683 2718 4746 in
2743 4684 2870 4746 alio,
2901 4684 3024 4754 quia
3066 4683 3232 4736 minus
3259 4680 3571 4750 putauerint,

1979 4776 2311 4832 addiderunt.
2361 4775 2470 4841 Vel.
2505 4777 2631 4831 dum
2651 4775 2890 4830 eumdem
2915 4790 3114 4829 sensum
3143 4774 3281 4827 alius
3305 4771 3458 4825 aliter
3484 4785 3575 4823 es-

1981 4872 2202 4940 pressit;
2225 4871 2338 4935 ille,
2361 4871 2452 4941 qui
2471 4887 2634 4926 unum
2657 4887 2686 4925 e
2703 4881 2929 4940 quatuor
2953 4870 3164 4939 legerat,
3187 4866 3254 4919 ad
3273 4870 3386 4940 ejus
3407 4881 3578 4920 mm-

1981 4963 2125 5030 plum
2152 4973 2361 5018 ceteros
2405 4979 2604 5033 quoque
2660 4963 2984 5018 testimmrit
3023 4957 3388 5013 emendandos.
3423 4955 3578 5013 Unde

1976 5055 2186 5121 accidit,
2219 5065 2272 5110 ut
2313 5056 2456 5128 apud
2485 5066 2580 5110 nos
2606 5055 2767 5108 mixta
2805 5054 2908 5109 sint
2941 5053 3114 5105 omnia
3139 5067 3160 5106 .°
3191 5060 3236 5106 et
3265 5051 3320 5106 in
3370 5050 3572 5114 Marco,

1975 5148 2126 5217 plura
2149 5147 2307 5202 Luce
2330 5159 2486 5218 atque
2510 5147 2782 5210 Matthwi;
2811 5159 3019 5199 rursum
3044 5144 3098 5198 in
3125 5143 3178 5198 Μ
3187 5145 3397 5207 att/two,
3426 5144 3577 5213 plura

1972 5240 2194 5295 Joannis
2241 5250 2292 5295 et
2343 5240 2552 5307 Marci;
2599 5250 2645 5294 et
2671 5241 2724 5294 in
2751 5241 2949 5295 cauri:
2977 5240 3293 5310 reliquorum
3317 5253 3432 5308 quas
3453 5236 3572 5290 aliis

1974 5334 2185 5404 propria
2213 5343 2352 5398 sunt,
2396 5333 2738 5388 inveniantur.
2772 5333 2942 5402 Hujus
2966 5331 3303 5388 confusionis
3328 5341 3570 5384 errorem

268 5398 519 5465 quamvis
549 5405 832 5468 permulta:
862 5406 912 5457 in
952 5408 1069 5475 ejus
1115 5411 1510 5478 exemplaribus
1551 5412 1864 5470 inveniren-
1963 5398 2184 5481 sust-um
2224 5425 2282 5482 s,
2312 5426 2526 5489 doctor,
2558 5437 2612 5482 et
2651 5398 2885 5497 singulis
2913 5426 3278 5496 Evangelistis
3300 5433 3394 5476 sua
3419 5435 3568 5490 qum-

275 5499 370 5544 tnr
407 5493 668 5550 variantes
692 5497 978 5564 lectiones,
1009 5514 1039 5554 a
1069 5501 1301 5557 librariis
1332 5504 1743 5563 dormitantibus
1769 5518 1860 5566 aut

260 5597 291 5634 a
322 5568 810 5654 priesumptoribus
842 5593 1104 5662 imperitis
1128 5595 1399 5652 derivatze.

1965 5534 2073 5588 que
2103 5523 2358 5588 restituit,
2409 5536 2531 5576 cum
2565 5521 2902 5578 Eusebianos
2929 5535 3166 5577 nationes
3205 5517 3434 5572 inseruit
3461 5514 3570 5570 La-

1965 5613 2095 5667 tinae
2122 5625 2234 5670 sure
2267 5616 2676 5686 Evangeliorum
2701 5615 3060 5671 translationi.
3091 5614 3168 5667 De
3194 5625 3301 5682 qun
3331 5611 3376 5666 si
3399 5612 3573 5667 lector

327 5675 412 5730 Αά
435 5681 902 5744 conﬁrmationem
934 5685 1176 5754 ejusdem
1205 5690 1510 5762 sententite,
1537 5708 1638 5765 qua
1661 5694 1858 5756 latinos
1958 5705 2105 5762 scire
2131 5706 2382 5775 voluerit.
2405 5675 2698 5766 editionem
2727 5717 2965 5772 nostram
2987 5705 3184 5775 divine
3215 5675 3564 5767 bibliotheca

248 5766 580 5852 interpretes
609 5775 1013 5860 Scriptor-arum
1041 5785 1241 5852 veteris
1263 5801 1328 5848 ac
1361 5787 1497 5854 Novi
1527 5789 1857 5862 Testamentl
1961 5797 2023 5865 8.
2047 5766 2378 5885 Hieronymi
2394 5802 2779 5871 cumulandum
2795 5766 3107 5872 immitti;

3501 5973 3585 6039 Γ
