4054 6198
473 313 544 372 63
1836 305 2373 365 PROLEGOMENA.
3710 315 3786 374 64

544 432 738 492 Omnia
765 433 927 504 igitur
978 428 1117 501 apud
1146 428 1370 486 Latinos
1399 428 1666 502 permixta
1715 427 1880 482 fuisse
1921 427 2074 481 testis
2100 431 2155 490 Α
2179 428 2373 499 inquit,
2403 430 2610 485 natione
2634 433 2775 502 Afer,
2808 433 3146 503 Aquileiensis
3176 436 3469 506 episcopus,
3494 437 3789 505 imperante

473 526 687 584 accedit
733 525 1127 595 Hieronymus;
1171 529 1339 577 testes
1392 534 1608 592 quoque
1656 516 1919 574 accedunt
1963 516 2072 572 duo

476 617 825 688 manuscripti
851 613 1069 671 codices
1093 613 1297 677 nostri;
1323 612 1411 667 ubi
1440 610 1623 675 Marci,
1648 625 1710 665 ac
1736 610 1894 664 Lucae
1917 609 2071 679 plura

475 712 532 769 in
579 710 832 767 Mattbteo
882 709 1248 763 inveniuntur.
1296 705 1469 775 thue
1498 718 1586 760 res
1614 704 1859 758 ﬁrmetur
1887 717 2073 757 exem-

476 804 601 877 plis,
634 801 893 858 nonnulla
922 814 1288 871 proponemus
1319 798 1435 853 loca
1467 797 1732 867 permixta
1769 797 1823 851 in
1872 796 2073 851 nostris

475 894 881 967 exemplaribus
908 894 1107 949 Italicas
1124 891 1415 948 versionis.
1441 890 1685 961 Capitulo
1732 906 1806 955 rv,
1827 890 1931 945 col.
1970 887 2076 943 162

475 992 660 1063 (hujus
682 984 872 1044 nostra:
893 984 1160 1057 editionis)
1186 994 1369 1040 monet
1398 994 1522 1039 nota
1545 982 1856 1054 marginalis
1882 980 1959 1055 (ο)
1990 996 2076 1036 as-

474 1094 781 1140 sumentum
823 1081 1095 1152 quoddam
1126 1096 1249 1137 esse
1277 1080 1597 1135 translatum
1644 1095 1673 1135 e
1712 1078 1871 1133 Lucae
1900 1077 2077 1146 capite

473 1187 649 1243 sexto,
695 1178 730 1247 ir
758 1218 770 1232 .
802 1176 893 1243 26,
932 1179 984 1231 in
1020 1175 1261 1231 codicem
1294 1172 1884 1230 San-Gerr'nanensem.
1916 1169 2070 1235 Nam,

475 1270 620 1342 quod
652 1271 830 1325 minus
855 1269 1069 1325 dixerat
1095 1268 1381 1323 Matthzeus
1404 1266 1473 1322 de
1514 1266 1789 1321 hominum
1819 1264 2073 1319 benedic~

476 1364 747 1428 tionibus,
799 1363 992 1433 quibus
1045 1362 1207 1416 etiam
1266 1358 1758 1430 pseudOpropbeta:
1805 1354 2078 1427 prosecuti

476 1465 623 1524 sunt,
652 1456 707 1510 id
731 1471 795 1510 ex
823 1454 964 1510 Luca
992 1452 1299 1509 addendum
1324 1461 1646 1523 putaverunt
1668 1452 1963 1519 scriptores
1987 1464 2077 1502 an-

480 1549 635 1619 tiqui.
657 1546 811 1603 Unde
825 1547 877 1601 in
899 1545 1151 1601 Matthan
1171 1546 1243 1601 ita
1265 1545 1368 1617 legi
1386 1545 1641 1601 volebant
1663 1561 1675 1597 :
1702 1543 1795 1600 Sic
1815 1543 1948 1597 enim
1964 1558 2080 1613 per-

480 1643 638 1697 secuti
664 1652 783 1697 sunt
813 1643 1110 1711 praphelas,
1144 1643 1229 1711 qui
1258 1651 1401 1696 erant
1441 1651 1558 1695 ante
1598 1657 1706 1697 vos.
1740 1639 1919 1694 Nolite
1945 1656 2079 1711 gau-

482 1737 622 1804 dere,
647 1754 763 1791 cum
787 1736 1136 1791 benedimerint
1158 1751 1245 1791 vos
1270 1752 1442 1791 omnes
1469 1736 1730 1802 homines;
1753 1736 1825 1789 sic
1842 1735 1975 1789 enim
1996 1739 2079 1804 fa-

2177 520 2543 592 Constantino,
2570 526 2625 579 in
2648 525 2933 598 Evangelia
2958 528 3119 581 titulis
3145 529 3416 596 ordinatis,
3445 529 3579 583 brevi
3602 540 3650 584 et
3676 546 3791 586 rus-

2180 615 2280 668 tico
2317 632 2550 671 sermone
2586 619 2793 687 scripsit
2824 621 3229 674 commentarios.
3258 620 3787 677 Commentariorum

2178 722 2309 777 ergo
2333 710 2625 779 scriptores
2652 712 2847 767 seriem
2881 714 3155 768 titulorum
3187 730 3281 769 seu
3308 717 3663 783 capitulorum
3691 731 3787 771 or-

2177 799 2505 869 dinatorum,
2547 812 2601 857 et
2642 820 2803 859 sacro
2849 809 3123 861 contextui
3158 808 3502 877 prmﬁxorum
3525 810 3787 865 observa-

2179 888 2307 945 bant
2338 892 2631 963 diligenter
2663 894 2715 950 in
2757 896 2871 951 suis
2921 899 3381 968 expositionibus;
3420 908 3480 955 ut
3509 918 3574 955 ex
3617 902 3784 958 titulis

2178 986 2493 1053 praenotatis
2535 986 2691 1041 facile
2719 990 2891 1044 lector
2922 990 3245 1059 intelligeret
3277 1002 3333 1047 et
3364 994 3629 1049 inveniret
3666 995 3783 1050 loca

2177 1076 2244 1129 ab
2268 1077 2396 1147 ipsis
2427 1079 2713 1133 illustrata.
2762 1081 2840 1135 Ex
2874 1082 2955 1136 his
2985 1082 3142 1152 plane
3168 1084 3335 1154 liquet
3356 1100 3552 1154 genera
3580 1087 3665 1140 illa
3691 1087 3780 1141 di-

2177 1184 2332 1223 versa
2372 1172 2839 1239 capitulationnm,
2874 1190 2993 1244 qua:
3034 1176 3085 1230 in
3119 1174 3301 1232 fronte
3345 1178 3444 1233 SS.
3478 1179 3780 1235 Bibliorum

2180 1267 2669 1335 manuscriptorum
2696 1268 2968 1338 leguntur,
2998 1272 3361 1325 vetustissima
3387 1287 3528 1339 esse,
3558 1288 3619 1328 ac
3641 1282 3781 1329 tem-

2179 1376 2311 1430 pore
2340 1361 2682 1417 Constantini
2713 1365 2887 1433 Magni
2920 1381 2947 1417 a
2977 1365 3159 1419 multis
3188 1366 3291 1433 iam
3316 1367 3477 1420 fuisse
3499 1377 3779 1438 usurpata,

2180 1453 2305 1507 dum
2334 1454 2498 1508 libros
2548 1456 2961 1526 Evangeliorum
3016 1457 3402 1514 describerent.
3452 1459 3602 1514 Unde
3652 1475 3781 1514 vera

2181 1559 2301 1600 esse
2328 1546 2769 1615 comprobantur,
2804 1564 2925 1617 qute
2946 1547 3014 1603 de
3037 1550 3205 1603 hocce
3232 1558 3546 1619 argumento
3576 1550 3783 1605 scribe-

2180 1636 2271 1690 bat
2297 1635 2651 1694 Cassiodorus
2675 1639 2767 1693 lib.
2799 1640 2864 1694 de
2887 1639 3121 1695 lnstitut.
3155 1641 3322 1696 divin.
3360 1642 3544 1696 Litter.
3576 1657 3695 1712 cap.
3724 1644 3777 1709 i,

2182 1729 2271 1784 ubi
2301 1730 2375 1783 ait
2407 1730 2589 1785 titulos
2619 1733 2669 1785 in
2700 1731 2852 1786 libris
2877 1734 3041 1787 sacris
3070 1750 3100 1785 (ι
3149 1733 3430 1805 majoribus
3460 1733 3646 1787 nostris
3689 1750 3779 1786 or-

480 1830 679 1886 ciebant
726 1831 1188 1902 pseudoprophetis
1215 1840 1386 1902 patre;
1432 1847 1631 1886 eorum.
1694 1829 1797 1883 Vos
1840 1830 1958 1883 esis
1999 1828 2081 1883 sal
2109 1827 2157 1887 B
2184 1822 2302 1877 dine
2337 1834 2575 1877 currente
2604 1826 2763 1895 fuisse
2801 1826 3081 1895 descriptos
3110 1842 3127 1879 :
3155 1826 3383 1896 Majores
3427 1834 3640 1881 nostros
3681 1842 3781 1880 vo-

481 1934 650 1989 teme,
676 1933 782 1981 etc.

551 2018 757 2075 Similia
807 2020 1003 2090 saepius
1047 2030 1340 2075 occurrunt
1368 2019 1755 2087 additamenta,
1790 2033 1858 2074 ex
1900 2017 2080 2073 Marco

479 2112 753 2183 praecipue
781 2112 1082 2182 desumpta,
1119 2120 1178 2167 ut
1202 2120 1286 2168 est
1318 2112 1446 2168 illud
1474 2127 1594 2182 cap.
1629 2127 1739 2178 xiv,
1769 2126 1890 2181 pag.
1934 2126 2075 2173 cxvn.

481 2207 644 2278 hujus
672 2208 831 2264 Rom.
863 2208 1011 2264 Edit.
1046 2207 1169 2262 Non
1192 2210 1327 2264 enim
1355 2208 1733 2272 intellexerant,
1765 2208 1895 2262 sicut
1914 2222 2004 2260 nec
2024 2207 2079 2260 in

480 2302 720 2372 panibus.
750 2301 880 2355 Erat
902 2302 1037 2357 enim
1062 2318 1152 2356 cor
1174 2319 1353 2358 eorum
1374 2302 1608 2357 obtusum
1637 2319 1655 2357 :
1681 2301 1825 2373 quod
1856 2316 1887 2355 e
1916 2301 2082 2356 Marci

478 2394 1021 2464 capitesexto,versu
1045 2395 1137 2461 52,
1164 2396 1217 2450 in
1248 2395 1482 2451 Mattlnei
1505 2406 1816 2451 contextum
1847 2403 2082 2449 transtu-

480 2485 658 2541 lerunt
679 2495 771 2539 aut
804 2496 1017 2541 veteres
1048 2488 1274 2553 librarii,
1300 2498 1394 2542 aut
1419 2488 1511 2542 alii
1533 2490 1848 2559 scriptores.
1879 2488 2083 2543 Przeter

482 2575 617 2641 haec,
664 2576 821 2643 plura
854 2577 1030 2632 adhuc
1069 2578 1293 2633 retinnit
1342 2579 1706 2634 additamenta
1739 2580 2083 2636 Corbeiensis

480 2666 651 2723 codex
678 2685 691 2721 :
716 2667 810 2722 sed
833 2683 900 2724 ne
923 2668 975 2722 in
999 2668 1084 2722 his
1106 2671 1453 2724 recensendis
1482 2670 1682 2725 diutius
1709 2671 2081 2737 immoremur,

480 2758 703 2813 consule
761 2758 1180 2829 subsequentem
1234 2761 1526 2815 editionem
1582 2763 1751 2815 sancti
1806 2763 2083 2831 Mattluei,

482 2853 588 2907 col.
613 2851 742 2917 2M,
794 2860 916 2907 nota
944 2852 1020 2925 (⁸)
1046 2860 1101 2907 et
1130 2853 1234 2907 col.
1265 2853 1395 2921 245,
1430 2864 1553 2907 nota
1586 2854 1662 2925 (τι)
1696 2855 1873 2926 (hujus
1902 2864 2087 2910 nostra:

488 2944 783 3014 editionis),
824 2944 955 2999 etin
986 2945 1177 3014 primis
1207 2947 1312 3000 col.
1347 2946 1474 3012 277,
1514 2958 1637 3001 nota
1672 2946 1747 3018 (³)
1785 2948 1871 3001 ubi
1896 2949 2091 3019 legitur

485 3037 702 3093 celebre
727 3036 857 3092 illud
887 3037 1311 3093 additamentum
1337 3055 1367 3093 c
1392 3039 1532 3094 Luca
1569 3049 1887 3107 mutuatum,
1947 3032 2113 3111 quod

484 3131 713 3188 mirifice
743 3130 1082 3188 eruditorum
1116 3133 1273 3188 torsit
1298 3133 1528 3188 animos.

1127 3268 1354 3325 CAPUT
1381 3270 1445 3325 ll.

557 3398 625 3438 DE
664 3396 942 3438 CAPITULIS
966 3398 1225 3438 PHEFIXIS
1258 3400 1399 3440 ANTE
1432 3400 1640 3441 εΑοιιωί
1676 3400 2009 3442 CONTEXTUI

1136 3492 1415 3531 EVANGELII
1428 3517 1441 3530 .

484 3566 527 3622 Ι.
561 3567 863 3638 Antiquiora
879 3580 999 3625 sunt
1029 3569 1345 3641 Hieronymo
1372 3571 1467 3625 illa
1495 3571 1744 3641 capitula.
1777 3571 1839 3626 ll.
1869 3572 1997 3640 Qute
2032 3576 2086 3628 in

557 3662 819 3717 codicibus
848 3666 1096 3720 versionis
1119 3664 1544 3735 Hieronymiante
1565 3666 1931 3735 prwﬁguntur,
1966 3684 2089 3721 con-

560 3765 761 3809 servata
778 3767 895 3811 sunt
913 3775 978 3813 ea:
998 3759 1209 3828 antiqua
1231 3757 1454 3828 Vulgata
1467 3768 1512 3812 et
1527 3756 1716 3812 Italica
1730 3760 2084 3813 translatione.

565 3845 653 3901 IlI.
691 3846 900 3903 Utilitas
924 3850 1693 3922 hujusmodicapitulationum,
1718 3866 1805 3904 seu
1833 3852 2089 3921 capitulo-

564 3956 702 3997 rum.

558 4052 601 4108 Ι.
643 4053 831 4110 Merito
857 4054 970 4110 haec
997 4055 1227 4126 capitula
1268 4054 1599 4127 Hieronymo
1624 4056 1917 4112 vetustiora
1952 4056 2090 4110 dixi-

490 4160 647 4211 mus;
691 4160 812 4201 cum
860 4162 921 4201 ex
978 4162 1084 4202 uno
1128 4147 1364 4203 Juveneo
1406 4149 1743 4220 presbytero,
1775 4148 1863 4219 qui
1911 4146 2094 4202 ﬂoruit

490 4250 736 4311 tempore
771 4238 1111 4296 Constantini
1152 4241 1345 4311 Magni,
1376 4242 1531 4297 nobis
1562 4242 1703 4297 scire
1732 4242 1891 4298 liceat
1919 4254 1996 4299 tot
2035 4244 2089 4299 in

488 4331 609 4401 ejus
636 4331 1040 4403 exemplaribus
1070 4332 1303 4387 Matthaei
1340 4333 1511 4402 posita
1546 4332 1734 4401 fuisse,
1775 4346 1906 4406 quot
1950 4354 2093 4394 nunc

489 4422 746 4493 leguntur
773 4424 825 4478 in
865 4426 1232 4496 manuscripto
1254 4426 1588 4492 Corbeiensi,
1616 4426 1778 4497 inque
1802 4427 1925 4482 aliis
1954 4429 2092 4485 bene

489 4514 676 4569 multis
704 4515 1001 4581 codicibus,
1039 4518 1133 4587 qui
1153 4518 1371 4587 antiqua
1403 4526 1695 4573 contextus
1715 4520 1855 4575 sacri
1878 4529 2089 4577 retenta

2183 1934 2315 1974 cans
2346 1920 2756 1976 Ecclesiasticos
2788 1931 3059 1989 auctores,
3084 1924 3171 1993 qui
3195 1924 3399 1992 aliquot
3419 1925 3630 1979 saeculis
3655 1933 3783 1979 ante

2181 2011 2300 2083 ejus
2327 2021 2542 2065 aetatem
2574 2014 2627 2066 in
2658 2012 2895 2068 Ecclesia
2923 2012 3121 2069 Christi
3154 2015 3395 2071 celebres
3417 2016 3650 2071 fuerunt.

2253 2104 2319 2159 ll.
2349 2104 2518 2158 Tanta
2546 2115 2723 2160 autem
2746 2105 2844 2159 fuit
2874 2120 2998 2159 usus
3016 2121 3077 2161 ac
3106 2109 3388 2162 vetustatis
3410 2107 3776 2173 consuetudo,

2187 2204 2261 2261 ut,
2294 2196 2547 2267 abrogata
2578 2198 2748 2252 veteri
2792 2199 3148 2254 translatione
3178 2199 3391 2265 Latina,
3422 2201 3786 2255 retinerentur

2182 2296 2364 2343 tamen
2397 2288 2603 2344 indices
2635 2291 2910 2345 titulorum
2941 2299 2996 2345 et
3046 2292 3406 2361 capitulorum
3437 2294 3783 2361 antiquorum

2184 2385 2237 2439 in
2266 2400 2402 2439 nova
2432 2384 2742 2457 Hieronymi
2774 2387 3174 2457 Scripturarum
3198 2387 3453 2442 editione.
3481 2387 3557 2442 De
3576 2388 3788 2453 capitu-

2184 2476 2252 2531 lis
2283 2492 2379 2532 seu
2432 2480 2603 2533 titulis
2644 2481 2847 2536 veteris
2887 2482 3228 2536 instrumenti
3288 2479 3653 2534 voluminibus
3680 2479 3783 2533 ad-

2185 2573 2330 2639 ﬁxis,
2369 2574 2501 2627 satis
2540 2574 2756 2631 abunde
2801 2575 3127 2646 disputatum
3183 2575 3347 2630 estin
3379 2573 3787 2644 prolegomenis

2186 2665 2385 2719 nostris
2430 2665 2495 2720 ad
2538 2666 2764 2721 frontem
2824 2667 3016 2722 divinae.
3045 2667 3392 2723 Bibliotheca:
3424 2668 3481 2724 S.
3515 2666 3788 2739 Hierony-

2186 2756 2258 2809 mi
2287 2758 2586 2825 appositis:
2624 2758 2709 2813 hic
2750 2760 2815 2812 de
2863 2760 3032 2815 titulis
3070 2760 3384 2830 przenotatis
3412 2758 3568 2813 initio
3608 2759 3787 2812 Evan-

2185 2849 2315 2920 gelii
2350 2850 2646 2905 secundum
2694 2850 3000 2905 Matthzeum
3052 2852 3289 2907 breviter
3340 2852 3610 2907 disserere
3653 2852 3785 2905 mihi

2190 2949 2395 2995 tantum
2448 2943 2732 2997 incumbit.
2787 2942 2939 3010 Quod
2998 2953 3057 2997 ut
3095 2943 3336 3008 facilius,
3391 2954 3646 3014 quantum
3696 2959 3785 2998 res

2188 3038 2381 3106 exigit,
2417 3053 2771 3105 exequamur,
2826 3039 3139 3093 meminisse
3170 3038 3329 3093 debet
3365 3039 3533 3093 lector
3577 3038 3783 3092 studio-

2189 3142 2281 3181 sus
2333 3128 2760 3199 Hieronymum,
2787 3131 2987 3185 nullam
3021 3135 3073 3184 in
3126 3130 3454 3201 Evangelico
3483 3139 3629 3185 textu
3668 3146 3696 3183 a
3727 3145 3787 3185 se

2110 3197 2155 3259 C
2189 3218 2335 3276 edito
2390 3221 2711 3278 divisionem
2760 3238 3091 3293 agnoscere,
3123 3233 3320 3294 prmler
3365 3239 3506 3289 eam,
3554 3238 3673 3293 qum
3730 3223 3784 3277 in

2188 3314 2490 3369 canonibus
2529 3315 2851 3373 Eusebianis
2892 3318 3175 3372 observata
3219 3326 3320 3371 est.
3363 3317 3541 3383 Quare
3596 3317 3786 3370 alienae

2188 3420 2253 3461 ac
2279 3408 2477 3476 spuriae
2503 3408 2789 3464 censenda:
2832 3418 2991 3465 erunt
3018 3411 3067 3463 in
3101 3411 3349 3464 versione
3373 3409 3786 3479 llieronymiana

2189 3514 2545 3570 quaecumque
2598 3502 2959 3574 capitulorum
3002 3503 3373 3558 distinctiones
3411 3513 3459 3557 et
3496 3501 3784 3571 periochae,

2188 3608 2310 3662 quae
2342 3608 2446 3647 non
2493 3596 2838 3650 Consentiunt
2887 3610 3157 3649 canonum
3205 3594 3628 3648 Eusebianornm
3676 3594 3787 3647 dis-

2191 3685 2563 3741 tinctionibus.
2600 3687 2710 3741 lllis
2743 3703 2869 3741 vero
2918 3687 3352 3741 distinctionibus
3375 3686 3574 3740 Euseb.
3605 3686 3792 3739 titulo—

2191 3793 2307 3831 rum
2367 3779 2711 3848 antiquorum
2754 3794 2782 3832 a
2834 3779 2993 3833 nobis
3041 3777 3309 3832 editorum
3361 3777 3567 3831 nullum
3619 3791 3788 3845 genus

2190 3870 2483 3924 c0nvenire
2547 3870 2955 3939 perspeximus:
3016 3885 3120 3923 non
3168 3869 3436 3938 primum,
3494 3870 3632 3937 quod
3694 3881 3791 3935 per

2191 3963 2378 4033 viginti
2433 3971 2487 4018 et
2544 3976 2667 4018 octo
2722 3966 2991 4019 sectiones
3047 3974 3217 4017 totum
3266 3962 3496 4016 Matthrei
3550 3961 3778 4027 partitur

2192 4064 2526 4121 contextum;
2558 4072 2663 4109 non
2697 4056 3017 4123 secundum,
3054 4056 3105 4109 in
3139 4070 3243 4124 quo
3265 4065 3390 4108 sunt
3421 4051 3790 4108 tantummodo

2191 4142 2424 4214 Capitula
2476 4146 2748 4215 octoginta
2799 4157 3004 4217 septem
3057 4147 3137 4200 vel
3180 4157 3339 4211 octo;
3394 4160 3497 4199 non
3554 4144 3790 4210 denique

2191 4239 2435 4303 tertium,
2466 4240 2566 4292 etsi
2602 4238 2653 4292 in
2684 4254 2749 4292 eo
2777 4250 3147 4308 numerentur
3177 4236 3445 4291 sectiones
3487 4232 3790 4302 septemde-

2191 4330 2297 4385 cim
2352 4346 2515 4399 supra
2572 4340 2790 4385 centum
2837 4351 2850 4384 :
2900 4331 3025 4400 quia
3080 4328 3441 4400 Hieronymus
3493 4324 3787 4380 Eusebium

2192 4421 2580 4478 Caesariensem
2632 4432 2851 4478 secutus
2880 4423 3126 4493 dispares
3158 4423 3321 4477 habet
3359 4434 3632 4483 numeros,
3674 4418 3791 4473 dis-

2195 4530 2353 4585 pares
2383 4517 2451 4569 ab
2472 4517 2709 4585 antiquis
2735 4518 3120 4587 interpretibus
3146 4516 3295 4571 Sacri
3341 4523 3626 4570 contextus
3656 4513 3793 4567 divi-

489 4607 775 4670 divisione,
814 4617 938 4661 octo
978 4581 1143 4679 supra
1182 4581 1364 4679 viginti
1410 4610 1643 4680 capitula
1679 4611 1992 4667 describunt
2022 4614 2091 4669 ad
2119 4581 2172 4641 D
2197 4581 2398 4662 siones.
2419 4608 2550 4663 Nam
2591 4581 2732 4678 quod
2776 4608 2848 4662 illi
2879 4581 2930 4662 in
2974 4608 3066 4673 28,
3108 4617 3201 4662 aut
3229 4608 3318 4673 88,
3349 4618 3439 4662 aut
3474 4610 3595 4671 H7,
3646 4607 3791 4675 capi-

487 4702 722 4757 frontem
747 4700 1024 4770 Evangelii
1038 4703 1334 4758 secundum
1354 4704 1682 4760 Mattbmum.
1706 4705 1850 4762 Idem
1865 4708 2095 4778 probant

502 4794 678 4847 sancti
733 4791 921 4847 Hilarii
963 4793 1015 4848 in
1043 4794 1353 4850 Matthatum
1390 4799 1902 4853 commentariorum
1940 4801 2096 4855 volu-

491 4884 657 4950 mina,
710 4901 827 4957 qna:
883 4901 981 4957 per
1027 4900 1269 4941 canones
1320 4902 1415 4941 seu
1468 4888 1696 4960 capitula
1754 4890 2089 4960 dividuntur,

495 4986 653 5043 prout
684 4986 859 5032 textus
889 4978 1245 5048 Evangelieus
1276 4978 1333 5033 in
1374 4978 1555 5047 plures
1580 4987 1760 5050 partes
1789 4990 1919 5036 tunc
1958 4982 2093 5037 divi-

491 5078 587 5120 sus
622 5064 939 5124 habebatur.
984 5070 1093 5126 Nec
1124 5069 1311 5126 fefellit
1339 5071 1523 5140 Opinio
1557 5087 1878 5143 quemquam
1904 5088 2089 5129 eorum

493 5157 583 5229 qui
608 5167 883 5228 putarunt,
908 5161 1090 5217 titulos
1112 5163 1345 5220 Matthasi
1373 5164 1662 5235 Evangelio
1685 5166 1954 5235 praefixos,
1980 5167 2088 5237 jam

496 5253 683 5309 Hilarii
736 5268 854 5309 aevo
907 5256 959 5310 in
1010 5256 1424 5328 Evangeliorum
1479 5260 1876 5331 exemplaribus
1925 5262 2093 5317 fuisse

493 5356 848 5419 praanotatos,
880 5348 1140 5419 illumque
1175 5366 1241 5405 ex
1262 5353 1326 5407 iis
1356 5354 1632 5423 selegisse,
1658 5370 1885 5425 quorum
1914 5356 2094 5410 utilio-

495 5456 611 5497 rem
649 5442 877 5497 duceret
901 5442 1357 5511 explanationem.
1389 5446 1469 5499 Eo
1490 5455 1667 5501 autem
1700 5448 1858 5502 modo
1880 5449 1934 5502 in
1963 5448 2096 5502 Mat-

497 5532 697 5588 thzeum
729 5535 898 5590 titulis
939 5550 1035 5590 seu
1081 5533 1330 5604 capitulis
1371 5535 1632 5591 ordinatis
1675 5540 2095 5595 commentarios

496 5627 715 5697 scripsit
746 5629 999 5697 Hilarius,
1020 5630 1295 5701 quomodo
1320 5630 1763 5687 Fortunatianum
1784 5631 2097 5702 Aquileien-

496 5734 613 5775 sem
649 5719 959 5791 episeOpum
1005 5724 1056 5779 in
1090 5724 1379 5795 Evangelia
1418 5722 1704 5795 scripsisse
1734 5735 1958 5782 testatur
1980 5728 2097 5797 ipse

502 5812 862 5883 Hieronymus
906 5816 1044 5875 libro
1070 5816 1141 5875 de
1170 5818 1370 5892 Script.
1403 5818 1616 5878 Eccles.
1659 5816 2093 5887 Fortunatianus,

2197 4704 2308 4759 tula
2334 4702 2599 4773 dispartiti
2621 4711 2765 4767 sunt,
2793 4702 2880 4756 hic
2906 4718 3027 4757 cum
3057 4702 3290 4756 Eusebio
3318 4701 3369 4755 in
3414 4701 3521 4756 555
3557 4712 3795 4754 canones

2196 4807 2403 4854 sectum
2434 4812 2554 4851 esse
2581 4796 2766 4862 voluit,
2799 4798 2944 4850 omni
2984 4798 3187 4851 erroris
3215 4795 3533 4849 confusione
3580 4794 3793 4848 sublata

2198 4907 2265 4947 ex
2294 4891 2641 4946 distinctione
2665 4888 2969 4959 huiusmodi
3002 4904 3289 4944 canonum.

2269 4984 2337 5036 At
2365 4990 2423 5035 ut
2451 4982 2788 5049 exploratum
2818 4990 3101 5050 ratumque
3122 4980 3189 5033 sit
3212 4978 3351 5048 apud
3392 4993 3583 5034 omnes
3613 4976 3795 5032 erudi—

2196 5083 2301 5139 tos,
2327 5074 2563 5143 capitula
2594 5089 2623 5127 a
2664 5074 2945 5144 nobisjam
2975 5073 3118 5128 edita
3142 5073 3208 5128 ad
3238 5072 3469 5127 frontem
3519 5070 3795 5143 Evangelii

2196 5169 2489 5225 secundum
2522 5167 2831 5221 Matthaeum
2875 5175 3117 5221 mutnata
3148 5182 3269 5221 esse
3311 5174 3696 5223 etconservata
3739 5167 3793 5219 in

2196 5265 2446 5320 versione
2479 5263 2789 5335 Hieronymi
2814 5263 2881 5317 ab
2912 5264 3016 5317 alia
3040 5262 3366 5332 antiquiore,
3409 5246 3568 5330 quam
3600 5258 3797 5313 Italam

2201 5358 2451 5421 dicimus,
2495 5372 2659 5410 unum
2694 5366 2898 5411 tantum
2958 5356 3234 5411 monuisse
3277 5352 3524 5418 sufficiat;
3578 5369 3796 5423 nempe,

2202 5448 2339 5504 nihil
2391 5448 2662 5501 interdum
2714 5447 2817 5518 legi
2875 5447 2926 5501 in
2962 5446 3331 5501 translationis
3364 5444 3799 5515 llieronymianze

2200 5550 2461 5597 contextu
2482 5540 2623 5611 quod
2656 5538 2981 5606 respondeat
3010 5538 3257 5607 capitulis
3285 5542 3619 5607 praenotatis.
3642 5538 3801 5604 Capi-

2203 5635 2371 5689 tulum
2414 5647 2467 5686 v.
2498 5648 2550 5702 g.
2605 5648 2697 5694 xx,
2740 5631 2793 5686 in
2854 5631 3027 5699 primo
3078 5631 3274 5696 indice,
3297 5639 3352 5685 et
3397 5629 3452 5684 in
3507 5629 3662 5684 tertio
3704 5630 3799 5695 75,

2204 5729 2464 5796 scriptum
2522 5734 2605 5781 est
2645 5724 2709 5779 de
2760 5724 2939 5795 primis
2998 5724 3279 5789 accuhilis,
3338 5738 3432 5778 seu
3486 5721 3804 5777 accubitibus

2205 5836 2393 5886 ciente;
2440 5820 2636 5875 frustra
2666 5831 2796 5874 Vero
2839 5817 2891 5871 in
2924 5824 3075 5871 textu
3133 5815 3458 5884 Evangelico
3489 5814 3803 5884 Hieronymi
