4054 6198
263 294 338 348 65
1281 291 1734 351 DISSERTATIO
1774 288 2060 350 JOANNIS
2096 291 2532 353 MARTIANAY.
3500 306 3572 365 63

263 408 514 478 requiras
555 406 703 477 apud
748 407 1081 474 Matthrnum,
1141 410 1283 479 quod
1332 409 1533 466 dicitur
1581 412 1643 465 de
1688 411 1869 482 primis
1896 406 2162 475 APorro,
2192 409 2383 482 inquit,
2415 420 2673 483 quantum
2693 414 2964 471 commodi
2989 414 3201 474 Lectori
3224 416 3324 488 ipsi
3341 418 3571 489 accidet,

260 503 371 558 illis
398 502 655 556 accubitis
682 503 733 556 in
779 518 951 567 caena;
983 517 1104 558 cum
1138 503 1255 558 hare
1282 505 1536 573 parabola
1565 506 1765 575 scripta
1802 506 1873 561 sit

258 602 315 649 et
361 596 637 649 referatur
701 609 731 647 a
783 594 903 648 solo
950 593 1114 648 Luca.
1162 594 1317 651 Unde
1365 596 1585 651 evidens
1629 597 1874 668 exsurgit

257 698 667 758 argumentum,
715 688 947 759 capitula
986 688 1097 759 jam
1128 689 1271 745 dicta
1303 692 1516 761 prOpria
1547 690 1711 747 fuisse
1732 693 1872 747 anti-

258 798 386 852 quae
416 783 680 852 Vulgataz,
714 791 768 837 et
798 781 995 838 Italicae
1033 784 1296 850 versioni,
1340 800 1461 853 qua:
1511 785 1562 839 in
1617 784 1871 841 Matthaao

259 877 523 931 nonnulla
558 875 834 931 retinebat
881 891 953 931 ex
995 876 1116 930 aliis
1150 877 1484 947 Evangeliis,
1514 892 1575 932 ac
1602 878 1870 948 praecipue

259 969 577 1039 parabolam
613 968 821 1022 invitati
848 968 911 1023 ad
937 983 1174 1034 orenam,
1198 969 1352 1039 cujus
1384 970 1471 1023 hic
1493 981 1763 1039 sumptum
1786 978 1870 1025 est

258 1076 289 1114 a
321 1062 481 1116 nobis
509 1061 844 1130 exemplum.
899 1058 1155 1115 Conferat
1191 1061 1281 1131 qui
1325 1061 1558 1116 voluerit
1605 1062 1869 1133 Hierony-

259 1154 503 1208 mianutn
536 1153 775 1208 Matthxi
830 1161 1142 1208 contextum
1195 1170 1315 1210 cum
1356 1155 1607 1225 capitulis
1647 1171 1675 1209 a
1710 1156 1867 1212 nobis

257 1250 449 1315 editis,
482 1251 663 1304 statim
705 1249 871 1303 multa
905 1249 1022 1303 loca
1052 1248 1441 1318 deprehendet,
1486 1264 1605 1318 qute
1641 1250 1780 1305 inter
1807 1264 1866 1306 se

256 1344 492 1399 minime
547 1344 903 1409 consentiant;
951 1358 1068 1413 qua:
1121 1353 1299 1398 tamen
1350 1344 1698 1398 consentiunt
1742 1360 1864 1399 cum

256 1439 464 1493 Italica:
483 1438 744 1493 versionis
773 1448 1053 1492 contextu.
1087 1437 1199 1491 Nec
1226 1437 1421 1490 mirum
1448 1438 1589 1506 quod
1633 1437 1710 1491 illi
1738 1452 1863 1507 per-

254 1533 395 1586 fecte
428 1532 778 1595 conveniant,
821 1532 946 1600 quia
991 1546 1055 1584 ex
1084 1545 1174 1595 ea,
1198 1538 1252 1584 et
1283 1530 1346 1584 ad
1381 1545 1498 1585 eam
1553 1531 1862 1585 translatio-

252 1641 386 1680 nem
411 1624 651 1679 adornati
691 1634 818 1678 sunt
860 1622 1064 1679 iudices
1120 1624 1310 1678 horum
1364 1610 1751 1693 capitulorum,
1793 1623 1862 1679 de

252 1719 457 1789 quibus
480 1732 658 1773 sermo
687 1726 872 1772 noster
899 1728 1002 1772 est.

1976 499 2023 555 si
2052 500 2357 558 divinorum
2385 502 2670 560 Librorum
2702 508 3029 576 percurrerit
3056 508 3242 564 titulos
3268 508 3433 567 hosce
3456 511 3578 582 qui-

1974 592 2075 648 bus
2097 593 2178 665 (ut
2203 610 2324 650 cum
2356 596 2683 653 Cassiodoro
2710 598 2923 672 loquar)
2946 614 3102 657 sacer
3130 610 3315 658 textus
3342 602 3577 674 quodam

1975 686 2132 741 nobis
2161 688 2483 757 compendio
2505 689 2758 758 panditur
2782 710 2794 743 ;
2831 691 3003 762 iisque
3028 692 3080 747 in
3106 694 3384 764 principiis
3407 695 3579 752 libro-

1974 794 2093 833 rum
2145 779 2213 834 de
2254 782 2504 836 universa
2548 784 2690 839 serie
2734 784 2985 841 lectionis
3020 786 3339 856 impressis,
3373 788 3578 845 utiliter

1971 867 2318 937 admonitus,
2364 872 2651 930 salubriter
2688 875 2946 931 reddatur
2998 886 3273 946 attentus,
3318 889 3373 935 et
3416 880 3575 938 facile

1974 978 2406 1035 unamquamque
2430 981 2545 1021 rem
2574 966 2700 1022 dum
2728 969 2924 1038 quazrit
2946 1010 2960 1034 ,
2992 969 3255 1037 inveniat,
3280 988 3440 1043 quam
3468 973 3573 1031 sibi

1970 1058 2247 1127 cognoscit
2278 1059 2512 1115 breviter
2532 1061 2841 1117 indicatam.
2867 1063 3148 1120 Accedunt
3168 1074 3222 1121 et
3256 1065 3377 1121 aliae
3424 1065 3570 1124 haud

1969 1150 2148 1221 exigui
2173 1153 2430 1209 momenti
2462 1154 2720 1211 utilitates
2744 1172 2757 1210 :
2780 1172 2901 1212 nam
2930 1160 3130 1214 nostris
3155 1159 3236 1215 his
3257 1160 3427 1217 titulis
3455 1161 3572 1219 sive

1966 1243 2215 1314 Capitulis
2245 1244 2312 1299 ad
2341 1247 2695 1304 vetustiorsm
2718 1249 2865 1303 illam
2898 1249 3145 1306 Latinam
3183 1267 3251 1306 ex
3295 1251 3440 1308 LXX
3483 1252 3570 1309 In-

1971 1337 2296 1405 terpretibus
2317 1338 2611 1395 editionem
2644 1356 2711 1396 ex
2739 1354 2900 1413 parte
2930 1344 3211 1411 conlectis,
3242 1354 3298 1401 et
3317 1346 3572 1405 editionis

1969 1427 2211 1497 ejusdem
2233 1430 2410 1501 (cujus
2436 1432 2642 1487 nullum
2672 1433 2834 1490 hodie
2857 1434 3126 1506 integrann
3155 1448 3403 1507 superest
3424 1437 3572 1496 Lati-

1967 1534 2093 1573 num
2122 1522 2477 1595 exemplum)
2514 1523 2816 1596 fragmenta
2861 1528 3055 1583 saltem
3106 1540 3465 1599 reparantur:
3515 1540 3573 1589 et

1964 1614 2218 1671 brevibus
2242 1618 2404 1673 veluti
2438 1622 2904 1677 commentariolis
2928 1623 3340 1680 mauuducimur
3365 1624 3417 1680 in
3440 1641 3569 1697 pro-

1963 1709 2143 1778 phetis
2167 1712 2402 1768 maxime
2436 1712 2503 1768 ad
2537 1729 2753 1770 sensum
2791 1716 3089 1786 Scriptura:
3118 1720 3366 1777 altiorem
3393 1738 3407 1776 :
3434 1722 3564 1779 dum

331 1812 420 1866 ιιι,
457 1811 573 1866 ,ιεηι
609 1811 842 1880 ωρίιιιιε
899 1811 1119 1875 ίειιιωο,
1174 1811 1272 1866 eisi
1315 1811 1487 1866 aliena
1526 1826 1555 1865 θ
1593 1811 1856 1867 versione
1886 1806 1935 1867 B
1962 1802 2080 1856 solo
2101 1804 2251 1872 quasi
2277 1803 2429 1875 digiti
2458 1814 2588 1860 nutu
2603 1806 2824 1877 pulchre
2849 1824 3129 1866 monemur
3151 1811 3241 1868 ubi
3262 1812 3563 1883 Christum,

251 1905 597 1976 Hieronymi,
623 1919 721 1959 nec
741 1904 857 1974 ejus
886 1914 1133 1972 respectu
1157 1904 1393 1973 genuina
1426 1918 1549 1959 esse
1581 1903 1863 1959 definitum

247 1999 345 2060 sit,
376 2013 439 2053 ea
469 2006 645 2052 tamen
668 2005 760 2050 aut
785 1998 1148 2066 aspernanda.
1187 2005 1281 2050 aut
1303 1995 1610 2064 abjicienda
1639 1994 1863 2052 minime

248 2106 476 2154 censeo;
506 2105 612 2144 non
656 2105 763 2144 uno
790 2090 933 2144 enim
964 2089 1126 2144 modo
1151 2089 1343 2158 juvare
1367 2097 1594 2159 possunt
1630 2089 1697 2144 ad
1726 2105 1854 2160 per-

252 2183 448 2237 fectam
478 2184 717 2253 antiquae
764 2181 1005 2253 Vulgata:
1034 2181 1241 2237 Latinae
1269 2182 1660 2253 cognitionem.
1706 2184 1862 2240 Unde

254 2278 453 2331 accidit
483 2286 541 2331 ut
574 2278 724 2332 hisce
747 2277 997 2346 capitulis
1030 2277 1226 2346 ignotis
1246 2276 1387 2346 apud
1423 2277 1667 2332 eruditos
1690 2277 1862 2332 homi-

255 2385 377 2435 nes,
402 2370 701 2440 quemlibet
730 2370 828 2439 ipsi
878 2384 1119 2425 errorem
1151 2380 1530 2439 sequerentur,
1564 2370 1631 2426 de
1656 2371 1864 2426 addita-

256 2464 453 2518 mentis
483 2464 691 2518 veteris
712 2462 1084 2517 translationis
1107 2462 1311 2517 Latina:
1329 2462 1685 2532 disputantes.
1722 2463 1862 2531 Quid

258 2577 384 2615 vero
440 2562 681 2616 habeant
721 2560 970 2616 utilitatis
1016 2559 1219 2615 indices
1268 2559 1343 2615 illi
1396 2559 1753 2629 capitulorum
1792 2558 1861 2613 ad

258 2654 593 2710 dirimendas
636 2654 947 2724 hujusmodi
998 2654 1281 2709 doctorum
1316 2653 1555 2708 virorum
1606 2654 1751 2715 lites,
1793 2668 1860 2707 ex

258 2764 367 2803 uno
394 2749 627 2819 capitulo
648 2750 702 2803 in
725 2748 1036 2818 exemplum
1059 2746 1292 2801 adducto
1316 2745 1474 2801 facile
1494 2747 1708 2814 planum
1745 2746 1857 2801 flet.

261 2841 592 2910 Ambiguum
636 2850 695 2895 et
737 2850 1146 2895 controversum
1219 2846 1303 2894 est
1370 2837 1511 2907 apud
1570 2839 1859 2893 nonnullos

261 2935 420 3001 hujus
471 2933 567 2986 arvi
618 2932 937 3002 scriptores,
992 2948 1059 2985 an
1108 2931 1159 2985 in
1192 2930 1359 2985 veteri
1411 2928 1637 2999 Vulgata
1689 2929 1859 2984 sancti

258 3025 492 3079 Matthaei
520 3039 641 3095 cap.
680 3024 771 3089 20,
806 3024 1075 3093 legeretur
1123 3022 1547 3077 additamentum
1590 3021 1857 3092 quoddam

256 3117 321 3170 ab
352 3117 652 3187 Evangelio
712 3116 768 3170 S.
802 3114 962 3170 Lucae
1003 3124 1325 3169 mutuatum.
1357 3117 1621 3169 Asserunt
1642 3113 1856 3184 quidem

1970 1894 2308 1964 Ecclesiam,
2348 1898 2803 1972 Sacramentaque
2839 1917 2991 1959 novre
3030 1904 3188 1977 Legis
3231 1907 3335 1963 sub
3383 1909 3567 1981 typico

1968 1987 2150 2058 aliquo
2181 1990 2450 2046 velamine
2474 1994 2837 2062 requiramus.

2584 2126 2814 2184 CAPUT
2852 2129 2941 2186 lli.

1971 2235 2045 2291 De
2075 2253 2361 2294 UTILITATE
2385 2255 2652 2296 EDITIONIS
2683 2258 2923 2306 annona:
2952 2243 3245 2317 VULcna-z,
3276 2265 3345 2306 ετ
3368 2267 3436 2307 ne
3464 2268 3561 2309 vs.-

2004 2344 2247 2386 TUSTATB
2279 2348 2344 2387 AC
2378 2349 2746 2390 PRAESTANTIA
2789 2351 3103 2395 NOSTRORUM
3133 2357 3249 2399 MSS.
3277 2359 3533 2402 CODICUM.

1965 2445 2008 2501 Ι.
2036 2445 2194 2503 Juvat
2212 2450 2283 2503 ad
2311 2451 2626 2507 intellectum
2661 2452 2984 2523 Scripturaz;
3025 2455 3094 2508 ad
3127 2456 3338 2510 recitata
3379 2475 3411 2509 a
3454 2458 3564 2512 Pa-

2036 2541 2196 2594 tribus
2214 2544 2502 2597 testimonia
2518 2545 2940 2613 comprobanda;
2965 2554 3013 2597 et
3032 2546 3101 2598 ad
3125 2547 3562 2617 manifestandam

2035 2635 2191 2701 ﬁdem
2224 2634 2466 2690 Ecclesite
2490 2636 2688 2690 veteris.
2722 2635 2786 2690 ll.
2815 2636 2945 2690 Ante
2974 2638 3287 2709 octingentos
3315 2650 3404 2695 aut
3429 2658 3561 2697 non-

2035 2737 2211 2797 gentos
2237 2743 2399 2781 annos
2422 2728 2607 2797 scripti
2628 2728 2829 2783 codices
2850 2730 3015 2784 nostri
3035 2746 3057 2795 ;
3084 2739 3130 2785 et
3153 2732 3207 2786 in
3231 2732 3562 2791 Monasteriis

2034 2814 2402 2890 insigniorib'us
2437 2822 2741 2875 conservati.

2037 2929 2075 2983 Ι.
2108 2929 2301 2986 Utilem
2350 2935 2551 3003 smpius
2584 2948 2706 2990 esse
2750 2933 3252 3006 interpretationem
3290 2938 3562 3000 diversam

1961 3022 2204 3091 ejusdem
2238 3025 2530 3095 Scriptum
2560 3027 2745 3083 docuit
2773 3028 2829 3085 S.
2865 3031 3279 3102 Augustinusde
3302 3036 3561 3094 Doctrina

1962 3113 2264 3168 ChriStiana
2304 3116 2398 3170 lib.
2432 3132 2490 3182 tt,
2539 3132 2657 3187 cap.
2704 3119 2790 3172 12.
2843 3119 3054 3177 Etenim
3105 3122 3173 3179 de
3212 3125 3560 3186 multitudine

253 3210 334 3264 illi
367 3226 383 3274 ;
415 3220 609 3280 negant
638 3224 769 3263 vero
801 3208 910 3261 alii.
946 3206 1052 3262 Sed
1082 3223 1151 3262 ne
1200 3208 1401 3261 diutius
1441 3207 1508 3260 lis
1552 3206 1653 3261 sub
1674 3206 1859 3273 judice
1887 3218 1932 3281 (ζ
1965 3206 2273 3261 Latinorum
2303 3208 2683 3279 interpretum,
2718 3222 3001 3283 postquam
3026 3217 3238 3271 monuit
3267 3218 3549 3289 lectorem,

254 3305 347 3367 sit,
369 3303 662 3359 consulant
694 3300 960 3371 triplicem
992 3301 1224 3356 indicem
1252 3300 1611 3370 capitulorum
1642 3315 1671 3354 a
1702 3300 1858 3354 nobis

250 3397 551 3460 editorum;
578 3404 634 3449 et
660 3397 829 3464 prior,
856 3395 1158 3462 tertiusque
1189 3392 1347 3447 index
1380 3394 1561 3446 statim
1585 3392 1858 3447 renuntia-

247 3490 334 3545 bit
362 3491 418 3543 in
469 3488 711 3557 plurimis
756 3488 991 3557 antiqum
1018 3486 1260 3556 Vulgata:
1287 3485 1683 3555 exemplaribus
1715 3485 1859 3554 posi-

248 3593 369 3635 tum
404 3582 572 3636 fuisse
607 3588 978 3636 assumentum
1004 3580 1318 3649 praedictum
1346 3595 1360 3643 ;
1405 3594 1470 3633 ex
1499 3578 1730 3634 secunda
1761 3595 1858 3633 au-

248 3685 357 3730 tem
392 3676 539 3729 serie
570 3676 845 3729 titulorum
878 3672 1079 3744 liquide
1101 3673 1501 3727 demonstratur
1531 3688 1635 3727 non
1668 3687 1856 3728 omnes

248 3768 459 3836 ubique
510 3766 724 3820 codices
773 3780 958 3821 sacros
1012 3766 1183 3820 sancti
1249 3764 1488 3819 Mattlnei
1556 3764 1852 3819 admixtum

247 3858 517 3913 habuisse
545 3869 855 3913 contextum
884 3859 1143 3913 translata
1177 3859 1228 3912 in
1257 3872 1377 3912 eum
1404 3857 1633 3928 quadam
1684 3856 1855 3912 sancti

248 3952 411 4008 Lucae
441 3952 703 4023 parabola
735 3952 803 4008 de
832 3967 937 4007 non
975 3950 1291 4022 expetendis
1319 3950 1452 4005 locis
1480 3950 1855 4006 eminentiori-

248 4049 350 4100 bus
382 4047 438 4100 in
460 4061 634 4101 crena.
657 4045 714 4100 In
745 4046 921 4116 primo
953 4044 1114 4115 igitur
1151 4043 1328 4098 indice
1348 4043 1426 4098 sic
1448 4058 1507 4097 se
1529 4043 1689 4098 habet
1722 4041 1851 4098 Bre-

248 4140 329 4195 vis
357 4157 426 4195 xx
458 4158 469 4191 ε
502 4140 578 4194 De
601 4142 783 4210 primis
818 4140 1103 4194 novissimis
1128 4139 1337 4208 futuris.
1375 4137 1637 4191 Parubola
1665 4152 1851 4205 opera-

250 4234 447 4286 riorum
475 4234 529 4288 in
567 4235 765 4287 vineam
810 4232 1203 4285 conductorum.
1238 4229 1317 4284 De
1353 4230 1593 4301 petitione
1624 4229 1891 4298 ﬁliorum.

249 4323 488 4378 Zebedtei
515 4340 532 4377 :
560 4324 629 4377 Et
682 4325 745 4379 de
782 4325 963 4394 primis
1008 4321 1325 4377 accubitibus
1369 4336 1541 4377 stante.
1584 4321 1641 4376 lu
1695 4323 1852 4377 tertio

250 4417 450 4483 indice,
476 4420 576 4473 sub
603 4433 833 4474 numero
856 4417 944 4484 75,
979 4419 1097 4474 haec
1122 4418 1377 4489 leguntur
1407 4433 1419 4469 :
1463 4415 1531 4470 Et
1572 4416 1636 4471 de
1674 4417 1851 4487 primis

250 4512 497 4566 accubitis
527 4526 703 4566 came.
734 4511 868 4579 Quae
901 4511 1144 4580 profecto
1163 4524 1268 4565 non
1292 4516 1496 4575 essent,
1528 4508 1628 4563 nisi
1656 4510 1709 4563 in
1753 4508 1852 4562 ali-

1962 3300 2142 3353 statim
2175 3300 2275 3353 ista
2301 3299 2616 3372 subjungit:
2672 3302 2802 3368 Quae
2845 3304 3049 3376 quidem
3084 3323 3169 3364 res
3202 3309 3320 3380 plus
3359 3311 3558 3385 adjuvit

1958 3390 2369 3462 intelligentiam,
2397 3409 2550 3463 quam
2600 3396 2887 3466 impedivit,
2930 3400 2975 3453 si
3003 3401 3157 3455 modo
3187 3402 3407 3474 legentes
3454 3422 3558 3461 non

1958 3476 2063 3538 sint
2083 3485 2409 3556 negligentes.
2437 3486 2578 3540 Nunt
2607 3491 2884 3545 nonnullas
2920 3492 3239 3550 obscuriores
3284 3500 3561 3554 sententias

1957 3577 2187 3647 plurium
2227 3580 2460 3632 codicum
2510 3597 2645 3649 saepe
2690 3586 3038 3655 manifestauit
3094 3588 3376 3659 inspectio,
3423 3594 3558 3648 sicut

1956 3669 2091 3723 illud
2111 3668 2268 3724 lsaite
2290 3674 2553 3742 propheta:
2570 3689 2703 3728 unus
2733 3675 2982 3745 interpres
3010 3679 3083 3731 ait
3105 3693 3127 3732 :
3145 3678 3213 3733 Et
3228 3679 3559 3740 domesticos

1958 3763 2182 3819 seminis
2210 3764 2285 3818 tui
2316 3780 2385 3819 ne
2410 3766 2725 3837 despexeris
2751 3766 2851 3838 (Is.
2878 3784 3025 3835 LVIII,
3053 3769 3113 3841 7)
3139 3789 3151 3825 :
3207 3773 3342 3828 alius
3384 3784 3559 3832 autem

1957 3856 2027 3909 ait
2051 3871 2070 3909 :
2101 3854 2169 3909 Et
2200 3870 2420 3911 carnem
2452 3866 2595 3911 tuam
2626 3872 2695 3914 ne
2722 3858 3078 3931 despexeris:
3111 3861 3334 3935 Uterque
3358 3866 3561 3924 sibimet

1954 3948 2171 4003 invicem
2199 3949 2483 4005 adtestatus
2509 3961 2606 4005 est.
2637 3950 2877 4023 Namque
2904 3955 3119 4012 alter’ea:
3146 3958 3314 4014 altera
3343 3962 3560 4032 exponi-

1956 4052 2081 4108 tur;
2132 4043 2254 4113 quia
2282 4055 2327 4099 et
2353 4061 2472 4099 caro
2502 4054 2670 4116 posset
2712 4048 2878 4119 accipi
2925 4051 3162 4121 proprie,
3222 4063 3311 4119 ut,
3370 4070 3558 4127 corpus

1954 4151 2103 4188 suum
2130 4136 2339 4206 quisque
2365 4153 2429 4191 ne
2458 4137 2758 4209 despiceret,
2786 4156 2841 4193 se
2867 4149 3070 4210 putaret
3118 4143 3437 4202 admonitum
3462 4166 3481 4214 ;
3508 4158 3558 4204 et

1956 4230 2220 4284 domestici
2241 4232 2449 4287 seminis
2476 4234 2744 4300 translate,
2779 4233 3063 4291 Christiani
3088 4251 3294 4309 possent
3314 4242 3557 4314 intelligi,

1954 4340 2018 4378 ea;
2039 4324 2217 4378 eodem
2244 4324 2381 4379 uerbi
2402 4327 2595 4381 semine
2616 4328 2879 4383 nobiscum
2910 4330 3221 4401 spiritaliter
3247 4335 3391 4389 nati:
3422 4351 3560 4391 nunc

1953 4426 2123 4470 autem
2149 4417 2338 4473 collato
2363 4420 2704 4489 interpretum
2727 4437 2902 4488 sensu,
2964 4423 3284 4494 probabilior
3328 4429 3558 4484 occurrit

1955 4513 2204 4565 sententia
2254 4514 2459 4585 proprie
2500 4514 2565 4570 de
2614 4518 3008 4589 consanguineis
3061 4536 3166 4575 non
3212 4523 3557 4594 despiciendis

248 4616 375 4673 quot
402 4604 808 4674 exemplaribus
845 4604 1080 4675 antiquze
1108 4602 1351 4674 Vulgatte
1386 4602 1641 4672 parabola
1687 4602 1849 4659 Luca:
1874 4609 1929 4671 1)
1955 4620 2063 4660 esse
2099 4616 2427 4678 prtereptum,
2452 4610 2697 4678 quoniam
2736 4610 3040 4668 domesticos
3066 4616 3312 4684 seminis,
3341 4634 3457 4672 cum
3486 4619 3557 4673 ad

248 4699 316 4754 de
344 4699 596 4754 invitatis
618 4697 686 4753 ad
715 4698 928 4768 nuptias
968 4709 1226 4768 tanquam
1250 4712 1375 4753 vera
1407 4712 1532 4767 pars
1568 4705 1855 4754 contextus

249 4793 383 4847 sacri
426 4793 533 4845 hoc
576 4790 807 4845 Matthaci
856 4792 975 4846 loco
1023 4792 1221 4860 scripta
1287 4791 1583 4861 legeretur.
1637 4790 1857 4861 Aliquot

248 4892 456 4938 tantum
487 4883 819 4953 exemplaria
865 4883 987 4939 dico
1018 4883 1271 4939 habuisse
1300 4884 1430 4939 illud
1460 4894 1852 4952 assumentum;

249 4978 369 5048 quia
390 4987 606 5033 certum
633 4985 809 5032 exstat
846 4992 914 5033 ex
944 4978 1090 5033 serie
1118 4977 1360 5033 secunda
1407 4977 1852 5047 capitulationum

249 5071 393 5128 idem
424 5073 667 5127 abfuisse
695 5073 747 5126 in
775 5071 896 5127 aliis
920 5070 1067 5127 Itala:
1097 5073 1363 5127 versionis
1390 5072 1690 5128 codicibus.
1722 5072 1853 5127 Nam

248 5166 570 5234 capitulatio
614 5180 745 5221 LVIII
788 5164 953 5235 hujus
995 5166 1264 5236 parabolas
1289 5166 1573 5223 adscititite
1607 5182 1713 5222 non
1744 5182 1856 5223 me-

248 5258 433 5324 minit,
469 5257 548 5312 De
574 5258 697 5327 [iliis
733 5257 971 5312 Zebedazi
990 5273 1008 5322 ;
1038 5267 1084 5312 et
1112 5258 1176 5312 de
1214 5260 1428 5312 minimo
1465 5262 1691 5331 majores
1721 5262 1855 5331 ﬁeri.

254 5347 459 5402 Verum
476 5349 601 5420 quid
628 5352 680 5405 in
714 5349 797 5405 his
821 5350 1173 5407 recensendis
1192 5349 1397 5406 diutius
1419 5352 1699 5420 immoror,
1733 5368 1854 5409 cum

248 5440 539 5510 plusquam
562 5444 690 5497 satis
718 5442 786 5497 de
832 5442 1021 5498 eodem
1055 5451 1377 5515 argumento
1401 5444 1453 5499 in
1484 5445 1627 5499 n0tis
1653 5447 1853 5503 nostris

248 5530 635 5613 prolixioribus
669 5534 876 5591 Gallico
907 5535 1164 5591 idiomate
1193 5537 1406 5608 scriptis
1439 5537 1848 5607 disputaverim.

324 5628 400 5681 De
422 5625 611 5681 eadem
645 5642 776 5683 vero
816 5628 1048 5682 utilitate
1083 5628 1440 5698 capitulorum
1490 5629 1641 5685 libris
1680 5634 1853 5687 sncris

246 5722 597 5791 prmiixorum
676 5720 983 5776 disserebat
1051 5722 1293 5777 eruditus
1358 5723 1640 5794 presbyter
1689 5722 1854 5779 Carus

248 5814 577 5885 przefatione
608 5815 662 5871 in
687 5829 843 5870 suam
858 5824 1104 5877 veterum
1125 5816 1403 5876 titulorum
1448 5816 1851 5877 collectionem.

1961 4715 2165 4754 carnem
2184 4702 2442 4769 retuleris,
2476 4705 2845 4775 consanguinei
2889 4708 3207 4777 potissimum
3253 4721 3552 4779 occurrunt,

1959 4800 2063 4847 etc.
2099 4792 2253 4859 Quod
2302 4809 2408 4849 una
2437 4794 2592 4849 Isaias
2629 4797 2899 4853 sententia
2925 4798 3261 4857 demonstrat
3298 4802 3556 4873 Augusti-

1961 4899 2083 4952 nus,
2112 4885 2163 4939 in
2197 4896 2449 4957 promptu
2469 4888 2627 4944 nobis
2655 4898 2739 4945 est
2766 4894 3040 4947 sexcentis
3056 4908 3124 4949 ex
3146 4892 3384 4950 Matthazi
3422 4895 3556 4954 Itala

1959 4978 2209 5034 versione
2231 4981 2513 5050 exemplis,
2527 4981 2782 5038 evincere
2810 5004 2823 5039 :
2848 4984 2971 5054 quia
2999 4993 3266 5056 quotquot
3290 4997 3419 5044 sunt
3463 5004 3561 5044 va-

1960 5070 2162 5128 riantes
2193 5072 2246 5127 in
2281 5074 2663 5144 manuscriptis
2698 5073 2975 5131 codicibus
3020 5076 3303 5149 lectiones,
3330 5088 3412 5136 tot
3440 5080 3560 5139 fere

1958 5164 2310 5221 inveniuntur
2329 5167 2698 5237 expositiones
2723 5178 3013 5226 contextus
3033 5172 3176 5229 sacri
3206 5190 3220 5228 :
3251 5176 3388 5232 sicut
3423 5174 3557 5232 illud

1961 5256 2185 5312 Joannis
2214 5257 2471 5328 Baptista
2515 5260 2584 5314 ad
2632 5260 2890 5317 Judaeos:
2922 5261 2993 5317 Et
3020 5266 3175 5321 nolite
3204 5268 3375 5322 dicere
3412 5268 3553 5323 intra

1957 5364 2066 5413 vos,
2098 5348 2309 5405 Patrem
2334 5350 2580 5408 habemus
2608 5353 2892 5425 Abraham,
2927 5357 3212 5416 obscurius
3234 5362 3469 5430 positum
3499 5360 3557 5419 in

1958 5440 2181 5514 Vulgata
2231 5444 2521 5515 hodierna,
2566 5457 2622 5504 et
2661 5449 2716 5506 in
2756 5451 2946 5509 codice
3006 5444 3558 5514 Corbeienst’veteris

1959 5537 2349 5608 translationis,
2373 5542 2666 5601 manifeste
2685 5546 2987 5603 declaravit
3006 5550 3222 5605 varians
3240 5549 3405 5606 lectio
3421 5551 3560 5609 San-

1954 5631 2340 5691 Germanensis
2367 5640 2695 5710 exemplaris
2733 5660 2746 5696 :
2779 5641 2846 5697 Et
2863 5642 3021 5697 nolite
3048 5645 3293 5715 prteferre
3314 5664 3402 5704 vos
3424 5690 3439 5717 ,
3471 5650 3557 5704 di-

1958 5734 2144 5791 centes,
2176 5725 2387 5782 I’atrcm
2410 5731 2653 5788 habemus
2679 5734 2959 5787 Abraham.
2991 5734 3199 5793 Sensus
3226 5738 3410 5811 itaque
3476 5741 3561 5797 in-

1959 5820 2237 5889 crepantis
2263 5821 2502 5892 liquidus
2533 5834 2637 5894 est,
2663 5839 2787 5881 cum
2830 5825 3050 5900 dicitur,
3098 5829 3259 5888 nolite
3311 5833 3561 5910 prefer“
