4054 6198
464 292 538 353 ω
1840 287 2378 353 PROLEGOMENA.
3510 340 3517 343 -
3705 306 3775 359 08

463 422 551 462 vos
578 423 593 462 ε
630 420 753 461 nam
778 404 924 462 illam
956 410 1164 461 tantum
1202 403 1566 476 arrogantiam
1607 401 1919 461 Iudaeorum
1970 417 2059 456 re-
2088 407 2138 464 Α
2166 401 2428 473 mysterio
2450 400 2610 457 lixam
2640 410 2923 475 ratamque
2945 401 3202 461 habuisse
3220 406 3474 475 antiquos
3496 406 3690 464 Patres
3709 425 3778 465 ac

465 496 647 553 tundit
679 495 951 563 Joannes,
997 497 1309 565 neutiquam
1347 510 1521 566 genus
1545 509 1614 549 ex
1662 492 1931 549 Abraham
1964 492 2063 547 de-

466 588 687 645 ductum
716 590 1051 659 vituperans.
1080 586 1343 643 Eamdem
1376 586 1532 642 ali‘ert
1575 586 1749 641 lucem
1788 585 1911 639 huic
1935 599 2064 639 sen-

467 688 651 742 tentiae
681 686 917 741 Matthxi
944 702 957 741 :
980 684 1128 739 Beati
1160 684 1535 744 misericordes,
1567 681 1810 750 quoniam
1837 680 1937 750 ipsi
1964 679 2064 733 mi-

468 781 799 835 sericordiam
826 789 1218 846 consequentur,
1266 778 1437 833 codex
1483 772 2063 836 San-Germanensis;

467 873 559 929 ubi
585 874 809 943 legimus
834 889 848 926 :
875 871 1021 927 Beati
1051 870 1426 935 misericordes,
1443 869 1685 939 quoniam
1710 867 1838 938 ipsis
1859 866 2069 919 misere-

464 964 601 1019 bitur
630 965 790 1022 Deus.
826 966 1011 1020 Potest
1038 967 1184 1021 enim
1225 964 1346 1032 quis
1368 962 1612 1033 Vulgata:
1657 958 1879 1016 lectioni
1926 959 2068 1012 hunc

460 1061 703 1115 tribucre
728 1060 1066 1115 intellectum
1088 1100 1102 1125 ,
1133 1067 1191 1113 ut
1216 1058 1306 1128 qui
1348 1056 1628 1111 hominum
1672 1052 1760 1110 sui
1807 1051 2068 1108 similium

468 1154 717 1210 laborum
767 1156 1097 1221 miseretur,
1143 1152 1261 1223 ejus
1309 1164 1527 1220 quoque
1574 1150 1629 1204 in
1682 1147 1960 1202 laboribus
2013 1153 2070 1198 et

469 1246 726 1303 aerumnis
789 1247 1067 1303 constituti
1123 1246 1484 1301 misereantur
1546 1242 1733 1298 cazteri
1795 1238 2067 1296 homines.

469 1341 578 1397 Sed
599 1341 740 1395 alius
768 1342 1039 1411 interpres
1068 1339 1232 1395 docet
1260 1337 1669 1394 misericordem
1699 1348 1970 1406 quemque
2011 1330 2068 1385 id

471 1450 538 1491 ex
568 1450 663 1488 sua
694 1433 1068 1489 misericordia
1095 1442 1386 1503 expectare
1406 1445 1564 1500 posse
1586 1471 1601 1495 ,
1635 1428 1778 1499 quod
1810 1426 1928 1497 ejus
1952 1426 2073 1479 sine

468 1526 633 1581 dubio
667 1526 811 1580 Deus
843 1526 1061 1580 tandem
1096 1525 1464 1580 miserebitur.
1496 1522 1667 1579 Obvia
1698 1530 1826 1576 sunt
1878 1520 2072 1588 cuique

473 1619 528 1675 in
556 1631 759 1685 nostra,
790 1618 1031 1674 Matthmi
1058 1620 1278 1687 antiqua
1308 1617 1535 1687 Vulgata
1561 1616 1821 1672 similium
1856 1613 2073 1669 varian-

476 1714 607 1770 tium
646 1712 938 1769 lectionum
970 1714 1218 1782 exempla
1262 1713 1545 1766 innumera
1580 1727 1594 1764 :
1644 1723 1814 1781 quare
1863 1706 2074 1763 nullum

477 1805 621 1861 aliud
652 1806 1117 1873 inprmcntiarum
1141 1804 1479 1873 adjiciamus.

493 1924 498 1933 -
549 1896 776 1951 Multum
801 1898 965 1951 etiam
992 1897 1144 1966 juvat
1180 1898 1348 1951 editio
1389 1906 1571 1951 nostra
1609 1895 1676 1949 ad
1707 1893 2077 1950 confirmanda

478 1989 701 2044 recitata
732 2004 782 2044 a.
816 1989 913 2045 SS.
951 1990 1197 2059 Patribns
1236 1990 1533 2059 Scriptura:
1570 1987 1879 2044 testimonia
1904 2027 1919 2055 ,
1959 2000 2080 2056 qua:

478 2082 678 2153 smpius
699 2084 889 2137 vitiosa
918 2083 1084 2138 fuisse
1111 2085 1494 2138 nonnullorum
1518 2084 1830 2137 criticorum
1862 2096 2080 2149 perver-

479 2190 537 2231 sa
560 2176 758 2231 asserit
785 2178 1087 2232 contentio.
1124 2177 1283 2232 Tales
1313 2178 1495 2231 audivi
1537 2176 1801 2241 dicentes,
1836 2175 2077 2228 incurio-

477 2270 570 2322 Sos
597 2282 718 2324 esse
751 2270 958 2340 priscos
986 2268 1239 2324 doctores
1274 2268 1672 2324 ecclesiasticos
1698 2310 1713 2335 ,
1760 2272 1948 2336 utpote
1988 2265 2079 2336 qui

480 2362 795 2417 memoriter
826 2362 1234 2432 Scripturarum
1265 2363 1427 2418 Verba
1461 2364 1782 2429 recitantes,
1819 2374 1961 2415 nunc
1983 2359 2079 2414 ad-

476 2453 629 2519 dant,
656 2469 797 2509 nunc
819 2456 1090 2519 auferant,
1123 2470 1267 2511 nunc
1294 2455 1539 2510 ordinem
1571 2466 1884 2524 perversum
1926 2452 1976 2505 in
2000 2450 2082 2505 eis

476 2556 797 2616 sequantur.
839 2547 1004 2614 Quasi
1058 2547 1193 2602 nihil
1240 2549 1478 2616 ipsorum
1546 2550 1835 2601 interesset
1887 2545 2082 2615 quibus

479 2642 662 2696 verbis
690 2640 1066 2710 proferrentur
1086 2644 1303 2694 oracula
1335 2640 1559 2705 Christi,
1584 2650 1639 2696 et
1669 2640 2078 2711 prephetarum,

478 2732 643 2788 modo
665 2732 849 2786 sensui
882 2739 937 2786 et
959 2732 1337 2802 intelligentia:
1382 2732 1630 2786 recitatio
1668 2746 1776 2785 non
1807 2734 2075 2785 nocuerit.

478 2826 584 2885 Sed
614 2826 916 2881 istiusmodi
950 2824 1351 2893 SUSlllCloniblIS
1375 2826 1720 2879 reclamitant
1748 2823 2082 2893 exemplaria

478 2920 682 2978 italicae
708 2918 999 2985 versionis,
1034 2933 1098 2972 ac
1121 2918 1407 2987 religiosos
1434 2917 1599 2972 fuisse
1624 2917 1813 2971 Patres
1840 2917 1892 2971 in
1915 2917 2083 2970 citan-

488 3013 573 3070 dis
602 3012 799 3066 divinis
830 3010 1128 3081 Scripturis
1151 3010 1321 3079 probe
1341 3008 1738 3065 demonstrant.
1762 3006 1894 3062 Cum
1923 3006 2083 3078 igitur

484 3104 629 3173 apud
656 3105 803 3173 ipsos
827 3104 1087 3173 plurimas
1119 3102 1313 3172 legeris
1343 3101 1640 3156 sententias
1670 3100 1844 3155 textui
1864 3099 2084 3154 hodier-

2172 492 2414 550 ftdelium
2464 494 2670 564 plebes.
2710 494 2764 551 id
2808 496 2950 550 enim
2985 512 3090 550 non
3140 496 3377 553 obscure
3408 499 3661 555 indicavit
3687 516 3779 556 ca-

2172 588 2396 657 pitulum
2430 588 2535 643 106
2563 588 2707 644 tertii
2755 588 2986 656 indicis,
3035 590 3180 660 quod
3225 590 3312 645 his
3355 591 3566 647 duobus
3595 594 3782 649 verbis

2171 681 2499 745 continetur,
2535 679 2740 736 Oblatio
2769 682 2900 751 ejus.
2939 682 3143 737 Deinde
3171 684 3223 739 in
3254 700 3385 739 mss.
3420 686 3610 742 codice
3640 685 3779 743 Cor-

2172 772 2401 839 beiensi,
2432 784 2553 844 post
2578 777 2740 831 verba
2764 775 2995 831 Christi:
3027 776 3140 832 Hoc
3165 788 3237 833 est
3257 796 3445 844 corpus
3466 797 3650 847 meum,
3681 782 3781 837 ad-

2172 866 2283 921 dita
2310 876 2437 922 sunt
2464 868 2589 934 ista,
2618 869 2757 939 quod
2786 885 2882 939 pro
2906 870 3047 925 vobis
3077 872 3331 925 tradetur.
3356 872 3510 929 Unde
3530 884 3778 944 apparet,

2172 958 2496 1015 vetustiores
2540 960 2813 1015 Ecclesias
2836 1000 2853 1026 ,
2898 976 3019 1016 cum
3060 978 3243 1019 veram
3278 962 3634 1031 Oblationem,
3665 978 3779 1023 tum

2175 1051 2446 1120 propriam
2487 1050 2690 1106 Christi
2734 1052 3077 1108 substantiam
3124 1054 3180 1109 in
3227 1066 3565 1112 sacramento
3593 1057 3783 1113 altaris

2174 1143 2345 1200 fuisse
2371 1146 2663 1215 professas.

2246 1240 2310 1294 ll.
2344 1238 2733 1309 Autiquitatem
2762 1254 2909 1296 nunc
2932 1248 2989 1297 et
3015 1242 3378 1311 praestantiam
3404 1242 3650 1300 codicum
3677 1259 3779 1301 no-

2176 1340 2414 1388 strorum
2466 1333 2956 1403 Manuscriptorum
3012 1335 3160 1391 brevi
3214 1352 3468 1393 sermone
3520 1339 3787 1409 perstrin—

2177 1440 2330 1496 gam;
2361 1441 2447 1480 res
2477 1440 2710 1495 namque
2734 1427 2919 1482 istltatc
2941 1428 3120 1497 potius
3148 1429 3320 1485 oculis
3344 1430 3593 1496 testibus,
3621 1447 3787 1500 quam

2178 1520 2511 1588 argumentis
2563 1519 2860 1589 percipitur
2888 1534 2955 1574 ac
2996 1520 3423 1577 demonstratur.
3468 1521 3536 1577 Et
3582 1524 3790 1578 utinam

2179 1623 2308 1681 qttot
2338 1620 2465 1665 sunt.
2496 1611 2546 1667 in
2582 1611 2713 1665 orbe
2739 1611 3039 1667 christiano
3084 1613 3229 1668 docti
3258 1616 3575 1684 expertique
3611 1614 3790 1669 homi-

2182 1718 2311 1769 nes,
2347 1714 2422 1757 tot
2452 1713 2634 1758 essent
2667 1705 3001 1774 inspeCtores
3027 1706 3419 1776 exemplarium
3450 1719 3787 1763 nostrorum.

2108 1806 2157 1867 Β
2184 1797 2386 1860 Fallor,
2430 1798 2533 1854 nisi
2579 1798 2778 1868 ubique
2807 1798 3050 1868 gentium
3081 1809 3249 1855 testes
3285 1800 3608 1856 accederent
3649 1803 3792 1856 anti-

2182 1890 2439 1961 quitatis,
2468 1906 2630 1960 quant
2678 1906 2787 1961 prae
2816 1905 2876 1947 se
2924 1891 3104 1947 ferunt
3130 1893 3369 1962 praedicti
3407 1895 3644 1951 codices.
3676 1894 3792 1950 Nec

2184 1985 2412 2041 miretur
2429 1988 2553 2057 quis
2579 2001 2752 2042 meam
2784 1987 3192 2055 conﬁdentiam,
3221 1988 3345 2055 quia
3368 2004 3436 2045 ex
3464 1989 3793 2059 praejudiciis

2186 2078 2426 2134 virorum
2469 2079 2753 2135 doctorum
2795 2089 2974 2135 ortum
3009 2080 3060 2134 in
3105 2095 3191 2135 me
3218 2080 3423 2137 habuit.
3460 2081 3671 2148 Unum,
3704 2082 3792 2138 vel

2184 2174 2321 2229 duos
2350 2172 2570 2244 profero
2610 2182 2777 2229 testes
2806 2172 2871 2229 γ.
2902 2172 2964 2227 C.
3008 2171 3072 2228 F.
3108 2174 3423 2239 Desmares,
3467 2183 3525 2230 et
3560 2175 3793 2245 Stepha.

2186 2283 2314 2322 num
2354 2266 2623 2335 imprimis
2660 2265 2968 2332 Baluzium,
2996 2267 3151 2335 cujus
3192 2268 3432 2322 consiliis
3471 2278 3527 2322 et
3555 2268 3794 2324 amicitia

2186 2370 2336 2416 tanto
2383 2360 2594 2416 felicius
2643 2368 2787 2423 utor,
2833 2370 3036 2429 quanto
3087 2360 3357 2415 sincerum
3408 2362 3579 2430 magis
3624 2362 3675 2415 in
3726 2376 3797 2417 eo

2184 2465 2372 2523 peetus
2418 2466 2635 2520 semper
2664 2462 2919 2521 expertus
2968 2466 3117 2514 sum,
3151 2452 3407 2521 orttnique
3450 2461 3694 2519 tempore
3735 2453 3793 2505 in

2184 2545 2390 2599 amicos
2432 2544 2918 2612 promptissimum.
2950 2542 3001 2597 ls
3046 2557 3177 2611 ergo
3219 2556 3319 2597 usu
3368 2552 3424 2598 et
3452 2544 3797 2601 volutatione

2187 2638 2661 2693 innumerabilium
2692 2653 2825 2693 mss.
2856 2638 3101 2692 codicum
3128 2637 3568 2708 locupletissima:
3593 2639 3794 2695 biblio-

2186 2731 2357 2785 theca:
2391 2730 2719 2785 Colbcrtinat
2767 2731 3058 2795 subactus,
3107 2727 3492 2786 Corbeienscm
3545 2742 3793 2787 nostrum

2188 2823 2426 2878 Matthzei
2473 2824 2714 2877 codicem
2756 2832 2882 2876 ante
2927 2824 3271 2891 octingentos
3313 2839 3484 2879 annos
3530 2828 3792 2892 scriptum

2187 2933 2309 2973 csse
2340 2917 2473 2972 mihi
2504 2917 2795 2971 concessit.
2826 2916 2937 2971 Nec
2984 2916 3288 2981 immerito,
3322 2933 3441 2971 cum
3472 2917 3544 2973 sit
3572 2919 3623 2971 in
3655 2918 3795 2972 anti-

2187 3014 2308 3081 quis
2337 3013 2670 3068 membranis
2695 3022 2947 3068 exaratus
2983 3014 3177 3069 litteris
3221 3013 3537 3079 Saxonicis,
3575 3015 3655 3070 vel
3680 3014 3793 3070 Me-

2186 3107 2476 3176 rovingicis
2515 3124 2528 3159 :
2570 3107 2790 3161 mixtam
2834 3109 2978 3163 enim
3026 3109 3188 3164 habet
3236 3098 3629 3164 elementorum
3681 3107 3796 3163 for-

482 3212 566 3253 nte
597 3195 840 3264 Vulgata:
864 3196 1088 3249 minime
1113 3192 1537 3258 consentientes,
1564 3207 1669 3247 non
1691 3192 1870 3246 statim
1898 3206 2081 3246 erum-
2106 3197 2152 3260 α
2184 3214 2349 3253 mam.
2398 3200 2473 3253 De
2529 3199 3026 3256 San-Gcrmanensi
3055 3201 3355 3269 exemplari
3396 3202 3673 3272 eleganter
3698 3199 3794 3256 de-

484 3304 585 3360 pas
610 3290 663 3344 in
686 3302 898 3355 vocem,
925 3303 1115 3343 eorum
1138 3288 1371 3342 titubare
1404 3285 1561 3341 Iidem
1589 3304 1603 3350 ;
1628 3286 1933 3349 clamitans,
1958 3285 2080 3353 quia

383 3409 386 3413 ~
476 3382 620 3453 quod
668 3383 742 3438 tui
793 3381 1012 3438 codices
1042 3379 1263 3447 habent,
1301 3379 1355 3435 id
1409 3379 1715 3449 saepissime
1757 3393 1864 3433 non
1912 3377 2081 3433 habe-

480 3476 611 3531 bant
638 3475 855 3532 Patrum
885 3473 1257 3545 exemplaria;
1284 3474 1366 3528 vel
1402 3474 1581 3543 potius
1628 3473 1704 3528 tui
1743 3486 1851 3526 non
1882 3472 2083 3526 habent

481 3569 722 3635 codices,
753 3568 897 3639 quod
920 3568 995 3622 illi
1021 3568 1273 3637 legebant
1295 3567 1519 3635 passim.
1559 3566 1651 3622 Sic
1687 3566 1799 3621 Leo
1831 3565 2081 3635 Magnus,

477 3671 535 3720 et
564 3672 689 3718 ante
714 3677 840 3719 eum
865 3659 1123 3727 Hilarius,
1159 3668 1216 3717 et
1238 3660 1563 3715 Ambrosius
1619 3660 1804 3729 legunt
1835 3677 1849 3712 :
1894 3657 1963 3711 Et
2029 3668 2084 3710 tu

478 3752 743 3809 Bethleem
789 3752 993 3808 Iudaeae
1024 3794 1040 3819 ,
1100 3769 1202 3807 non
1252 3763 1329 3808 est
1371 3753 1587 3807 minima
1632 3753 1764 3806 inter
1828 3750 2085 3820 principes

477 3845 624 3901 Iuda
653 3862 674 3900 :
727 3861 793 3900 ea:
817 3855 869 3900 te
894 3847 1029 3900 enim
1056 3847 1183 3899 eziet
1210 3844 1483 3914 Princeps,
1531 3846 1618 3913 qui
1660 3855 1805 3913 regat
1833 3843 2083 3911 populum

477 3954 646 3993 meum
668 3936 854 3992 Israel.
879 3937 1115 4007 Legebat
1145 3936 1363 3992 Lucifer
1402 3936 1743 3991 Calaritauus
1768 3950 1781 3987 :
1806 3933 1870 3987 Et
1924 3934 2085 3989 nolite

478 4036 724 4103 prteferre
771 4047 883 4096 vos,
923 4029 1143 4084 dicentes
1173 4045 1192 4083 :
1241 4029 1448 4085 Patrem
1495 4028 1738 4082 Itabemus
1797 4026 2081 4082 Abraham.

475 4124 825 4182 Chromatius
846 4123 1245 4193 Aquileiensis:
1277 4120 1426 4176 Beati
1465 4121 1619 4185 estis,
1652 4137 1767 4174 cum
1800 4136 1884 4175 vos
1915 4136 2084 4191 perse-

475 4228 729 4289 quuntur,
763 4226 809 4271 et
833 4215 1141 4285 exprobant,
1172 4224 1218 4269 et
1236 4215 1411 4268 dicunt
1431 4230 1578 4268 omne
1598 4214 1793 4268 malum
1814 4213 2083 4267 adversum

474 4328 561 4368 vos
592 4320 799 4382 propter
812 4312 1098 4383 justitiam,
1125 4318 1445 4367 mentientes.
1479 4310 1725 4379 Denique
1751 4308 2081 4379 Cyprianus,

484 4412 540 4458 et
567 4403 657 4458 ulli
684 4421 697 4457 :
730 4401 845 4471 Ego
867 4402 958 4458 tibi
985 4403 1122 4467 dico,
1147 4404 1267 4469 quia
1294 4412 1350 4457 tu
1371 4419 1423 4457 es
1452 4401 1659 4467 Petrus,
1678 4412 1727 4457 et
1752 4419 1908 4471 super
1930 4403 2084 4455 istaut

474 4504 674 4565 petram
702 4496 972 4565 aediﬁcabo
1005 4495 1294 4551 Ecclesium
1320 4512 1503 4560 meum,
1532 4502 1586 4549 et
1611 4506 1774 4565 portat
1795 4494 2082 4563 inferorum

2191 3290 2431 3360 scripto,
2464 3300 2787 3362 vetustoque
2816 3293 3165 3359 charactere,
3198 3292 3339 3348 idem
3390 3293 3492 3348 fuit
3528 3293 3793 3363 judicium

2188 3385 2326 3453 apud
2361 3385 2558 3439 multos
2589 3384 2861 3439 studiosos
2893 3384 3140 3440 homines
3160 3425 3176 3451 ,
3214 3386 3265 3439 in
3298 3385 3462 3440 rebus
3492 3385 3662 3440 sacris
3682 3425 3696 3448 ,
3728 3398 3794 3441 ac

2189 3478 2243 3531 in
2272 3479 2545 3533 veteribus
2569 3480 2936 3534 monumentis
2960 3480 3239 3544 curiosos;
3265 3494 3496 3549 quorum
3518 3477 3791 3545 alloquiis,

2185 3577 2242 3623 et
2276 3569 2641 3627 familiaritate
2668 3572 3078 3639 cohonestatus,
3112 3572 3370 3627 videndos
3394 3571 3524 3641 ipsis
3550 3587 3616 3626 ac
3636 3586 3791 3626 scru-

2185 3661 2378 3718 tandos
2404 3678 2508 3715 non
2533 3678 2656 3716 raro
2678 3661 2897 3718 exhibui
2919 3663 3136 3718 codices
3163 3661 3564 3731 manuscriptos
3592 3660 3793 3717 halica:

2186 3754 2473 3809 versionis.
2525 3752 2754 3810 Sodales
2804 3769 2958 3811 meos
3007 3769 3072 3809 ac
3119 3754 3592 3824 compresbyteros
3638 3761 3793 3808 taceo

2186 3848 2517 3913 monachos,
2548 3848 2796 3916 quamvis
2840 3848 3084 3903 nonnulli
3124 3863 3192 3904 ex
3223 3848 3337 3913 eis,
3370 3847 3587 3902 nemine
3616 3846 3795 3901 recla-

2185 3948 2398 4001 mante,
2440 3940 2830 3994 eonsultissimi
2878 3941 3180 3997 habeantur
3228 3942 3283 3995 iu
3330 3941 3433 3997 hoc
3472 3939 3792 3996 eruditionis

2185 4049 2406 4105 genere.
2438 4032 2545 4089 Sed
2579 4035 2759 4089 nullus
2788 4050 2819 4088 a
2844 4034 3027 4105 seipso
3049 4077 3063 4101 ,
3096 4045 3189 4090 aut
3216 4050 3246 4091 a
3276 4036 3390 4091 suis
3419 4034 3789 4091 testimonium

2185 4128 2433 4195 accipere
2461 4127 2653 4182 solitus
2682 4138 2786 4181 est.
2819 4128 3065 4191 Detnum,
3090 4135 3149 4182 ttt
3177 4142 3282 4183 uno
3305 4127 3471 4182 verbo
3490 4126 3789 4191 absolvam,

2186 4225 2391 4288 praesto
2422 4227 2545 4274 sunt
2585 4219 2941 4289 manuscripti
2972 4220 3143 4275 nostri
3182 4219 3433 4274 onmibus
3480 4232 3790 4286 repraesen-

2188 4310 2333 4366 tandi
2361 4312 2623 4376 curiosis,
2655 4312 2746 4382 qui
2774 4313 2843 4368 de
2862 4328 3052 4369 eorum
3086 4300 3308 4384 probata
3336 4319 3602 4368 vetustate
3627 4311 3789 4366 dubi-

2188 4413 2303 4458 tare
2331 4404 2624 4458 voluerint.

2260 4497 2379 4551 Dixi
2422 4505 2774 4553 conservatos
2820 4498 2989 4555 fuisse
3032 4498 3251 4555 codices
3295 4508 3511 4555 nostros
3555 4496 3795 4569 peranti-

469 4606 574 4645 rton
600 4591 799 4645 vincent
828 4605 962 4654 eam,
995 4598 1101 4645 etc.
1136 4588 1335 4645 Verum
1382 4590 1513 4660 quid
1545 4591 1721 4645 otiose
1742 4629 1757 4653 ,
1794 4591 1893 4645 ista
1925 4604 2077 4644 com-
2102 4588 2155 4649 D
2180 4603 2315 4657 quos
2342 4589 2491 4644 Italae
2545 4590 2809 4645 versionis
2864 4591 2917 4646 in
2974 4592 3321 4646 monasteriis
3382 4590 3791 4659 in~ignioribus.

474 4696 864 4743 memoramus.
896 4681 1115 4752 quando
1136 4682 1471 4739 sufficienter
1514 4698 1544 4739 a
1586 4682 1742 4739 nobis
1784 4684 1909 4738 alibi
1955 4698 2077 4752 per-

470 4784 696 4831 tractata
727 4775 995 4845 logantnr.
1057 4774 1321 4829 Consulat
1350 4790 1479 4845 ergo
1503 4776 1755 4829 curiosus
1785 4776 1955 4830 lector
1980 4790 2078 4829 an-

472 4870 781 4925 notationes
812 4878 1026 4923 nostras
1050 4867 1287 4938 prolixus
1311 4869 1602 4923 vernaculo
1630 4884 1885 4924 sermone
1935 4869 2072 4922 scri-

473 4967 593 5027 ptas
622 4961 675 5015 iu
707 4962 1012 5018 versionem
1046 4960 1287 5016 Italicam
1322 4970 1419 5015 :et
1444 4962 1587 5015 illico
1634 4960 1791 5017 fateri
1843 4970 2073 5031 cogetur

473 5062 739 5105 summam
769 5067 891 5108 esse
911 5055 1196 5110 utilitatem
1226 5052 1482 5108 editionis
1514 5052 1659 5108 Italas
1689 5068 1783 5108 seu
1835 5054 2075 5122 antiquae

471 5138 741 5210 Vulgatte,
765 5142 831 5195 ad
858 5144 1231 5201 vindicandam
1253 5147 1322 5203 ab
1350 5144 1498 5199 omni
1528 5144 1716 5213 iniqua
1761 5145 2076 5215 suspicione

471 5233 571 5294 SS.
608 5234 826 5290 Patrum
850 5237 1007 5292 [idem
1031 5240 1084 5292 in
1113 5240 1407 5295 recitandis
1437 5240 1737 5310 Scriptum
1758 5239 2071 5296 sententiis.

543 5326 661 5383 Non
693 5328 968 5384 mediocre
996 5329 1137 5384 istud
1182 5333 1606 5388 emolumentum
1654 5348 1869 5404 quoque
1910 5332 2070 5389 nobis

472 5424 579 5480 erit
605 5439 673 5479 es
704 5423 944 5479 editione
968 5423 1185 5494 antiqua
1214 5424 1427 5489 Latina,
1453 5426 1594 5493 quod
1622 5441 1690 5482 ex
1719 5428 1972 5496 capitulis
1997 5427 2076 5482 ei-

474 5514 598 5575 dem
650 5517 891 5585 prouisis
910 5558 925 5582 ,
954 5532 1019 5573 ac
1049 5532 1115 5573 ex
1146 5515 1265 5586 ipso
1303 5526 1563 5572 contextu
1610 5518 1916 5575 innotescat
1941 5519 2078 5578 ﬁdes

472 5608 675 5663 veteris
696 5609 951 5669 Ecclesia:
979 5609 1125 5666 circa
1152 5609 1496 5666 Eucharistite
1516 5608 1931 5666 Sacramentum.
1964 5612 2074 5667 Ne-

474 5714 580 5772 que
606 5714 737 5757 vero
762 5701 1012 5761 dubitare
1053 5702 1134 5760 fas
1158 5713 1275 5771 est,
1304 5712 1360 5761 et
1386 5717 1569 5759 veram
1596 5703 1846 5774 corporis
1874 5704 2075 5761 Christi

471 5793 863 5869 substantiam,
903 5804 961 5855 et
1004 5797 1303 5869 perlectam
1347 5796 1468 5868 ejus
1508 5796 1837 5856 oblationem
1878 5799 1933 5857 in
1974 5799 2077 5859 hoc

2181 4682 2337 4747 Quod
2366 4682 2441 4736 ita
2469 4698 2591 4738 esse
2621 4684 2803 4737 nullus
2831 4683 3039 4738 inlicias
3068 4684 3212 4750 ierit,
3236 4685 3323 4753 qui
3355 4684 3591 4739 historiae
3616 4684 3793 4738 eccle-

2179 4776 2412 4832 siastica:
2449 4792 2514 4831 ac
2559 4777 2869 4831 monasticae
2900 4777 3247 4832 mediocriter
3280 4779 3351 4831 sit
3382 4778 3603 4847 peritus.
3635 4776 3792 4831 Prio-

2180 4887 2293 4926 rem
2344 4871 2487 4928 enim
2538 4871 2781 4925 codicem
2815 4886 2919 4926 ms.
2962 4871 3181 4926 celebre
3226 4874 3609 4926 monasterium
3651 4868 3793 4923 anti-

2182 4979 2303 5032 qua:
2331 4960 2578 5018 Corbeite
2605 4963 2657 5017 in
2688 4962 2917 5018 Francia
2949 4964 3183 5019 servavit
3214 4962 3479 5033 integrum
3512 4971 3568 5017 et
3592 4963 3790 5016 imma-

2183 5056 2444 5110 culatum.
2464 5055 2709 5111 Alterum
2726 5056 3070 5125 superstitem
3093 5055 3249 5111 nobis
3268 5055 3454 5110 tribuit
3474 5055 3793 5109 monasterii

2184 5149 2345 5217 hujus
2372 5150 2545 5204 sancti
2576 5150 2837 5205 Germani
2874 5167 2904 5205 a
2952 5151 3128 5206 Pratis
3169 5151 3494 5209 bibliotheca
3536 5151 3792 5205 vetustis-

2183 5240 2343 5294 sima.
2370 5238 2547 5294 Ambo
2573 5240 2736 5296 hodie
2759 5242 3118 5297 adservantttr
3138 5241 3195 5298 in
3218 5243 3410 5298 eadem
3441 5241 3793 5310 bibliotheca,

2183 5329 2529 5387 Corbeiensis
2559 5334 2658 5387 sub
2687 5334 2963 5389 numerica
2991 5344 3117 5388 nota
3144 5334 3235 5396 2i,
3270 5333 3796 5390 San-Germanensis

2185 5433 2363 5477 autem
2396 5424 2497 5478 sub
2523 5439 2750 5481 numero
2773 5425 2863 5493 15,
2891 5425 2987 5482 sed
3010 5425 3079 5482 de
3104 5426 3381 5483 codicibus
3406 5426 3795 5494 manuscriptis

2185 5515 2473 5572 hactenus.

2258 5610 2523 5667 Caeterum
2578 5625 2774 5667 moneo
2818 5612 3115 5681 lectorem,
3148 5630 3237 5671 me
3274 5614 3532 5670 nonnulla
3574 5611 3799 5683 supple-

2186 5702 2330 5757 visse
2383 5701 2436 5756 in
2483 5701 2723 5773 margine
2750 5703 3063 5774 paginarum
3081 5746 3097 5772 ,
3127 5722 3249 5776 qua;
3279 5708 3362 5765 vel
3389 5707 3595 5763 incuria
3626 5705 3794 5761 libra-

2184 5802 2391 5865 ﬂorum
2411 5843 2427 5874 ,
2458 5806 2548 5865 vel
2574 5807 2934 5877 interpretum
2972 5807 3243 5880 imperitia
3284 5809 3426 5868 male
3458 5808 3630 5880 posita
3654 5846 3669 5877 ,
3699 5814 3797 5862 aut
