4054 6198
417 258 478 314 Ἠ
1789 244 2327 304 PROLEGOMENA.
3649 258 3716 311 ἠ

413 377 518 449 pha
548 373 830 445 Augustini
881 367 1151 434 Ferrerii,
1198 381 1260 423 ea
1289 373 1610 436 tempestate
1653 363 2015 420 Vercellensis
2045 374 2098 436 Α
2123 363 2398 429 excmcati,
2444 371 2537 419 aut
2581 363 2687 418 alio
2727 363 2974 421 membro
3021 365 3167 436 capti
3209 366 3337 424 sint.
3387 367 3493 428 Sed
3519 370 3588 428 de
3618 371 3724 429 hoc

412 467 684 540 e'pisc0pi,
718 482 780 522 ac
803 464 1059 536 patruelis
1087 461 1172 516 avi
1203 460 1339 526 mei,
1371 459 1550 529 legere
1579 468 1680 513 est.
1711 458 1882 524 Quem
1917 471 2016 511 nos

410 564 653 620 codicem
712 559 933 630 perinde
981 555 1397 612 describendum
1446 552 1792 617 curabimus,
1848 549 2021 620 prius-

411 672 572 727 quam
593 696 606 720 ,
647 662 738 707 aut
762 653 913 706 illum
943 649 1271 704 diuturnitas
1305 645 1566 717 temporis
1595 643 1751 714 pejus
1785 643 2017 708 efﬁciat,

412 756 507 804 aut
536 747 641 802 ulla
670 747 814 800 illius
840 759 965 815 pars
987 743 1090 797 alia
1120 741 1444 812 deperdatur
1469 757 1481 792 :
1515 749 1573 793 ut
1602 739 1791 792 saltem
1826 735 2023 790 ﬁrmis-

412 843 533 898 simi
558 840 855 897 testimonii
884 837 1006 892 loco
1045 845 1221 892 exstet
1245 832 1543 898 versionis;
1584 834 1698 902 ipsa
1725 845 1830 900 qua
1860 828 2023 884 hodie

411 937 614 991 utimur
639 933 700 989 S.
736 930 1053 1003 Hieronymi
1077 931 1363 995 versione,
1404 925 1751 996 antiquioris.
1784 924 2024 994 Syngra—

413 1028 517 1098 pha
541 1036 721 1082 autem
752 1025 840 1079 illa
868 1025 947 1079 sic
977 1039 1036 1079 se
1064 1022 1225 1077 habet
1251 1039 1262 1073 :
1296 1038 1315 1073 ι
1354 1019 1684 1090 Augustinus
1716 1014 2020 1080 Ferrerius,

410 1121 528 1188 Dei,
553 1131 609 1177 et
628 1119 956 1191 Apostolica:
972 1117 1131 1174 Sedis
1148 1116 1322 1187 gratia
1335 1115 1622 1184 episcopus
1637 1109 2021 1175 Vercellensis,

413 1224 470 1272 et
499 1216 714 1277 Comes,
739 1212 1019 1269 Universis
1044 1210 1247 1266 Christi
1277 1207 1545 1274 ﬁdelibus,
1575 1212 1871 1276 praesentes
1901 1217 2024 1258 nos-

415 1318 529 1364 tras
571 1307 932 1378 inspecturis,
987 1308 1216 1361 salutem
1260 1304 1313 1356 in
1353 1301 1578 1356 Domino
1613 1299 2023 1368 sempiternam.

414 1402 721 1470 Noveritis,
753 1401 893 1471 quod
926 1416 1098 1469 nuper
1125 1399 1192 1452 ad
1217 1396 1518 1452 Ecclesiam
1548 1396 1605 1450 S.
1641 1393 1864 1449 Eusebii
1889 1391 2025 1446 Ver-

416 1496 669 1553 cellensis
690 1493 994 1550 devotionis
1018 1493 1190 1562 gratia
1218 1490 1555 1546 declinantes
1586 1490 1724 1559 Mag.
1766 1489 1831 1542 D.
1860 1486 2024 1542 Jaco-

419 1589 521 1645 bus
542 1586 927 1654 Circestensis,
959 1595 1013 1641 et
1033 1585 1228 1640 Petrus
1260 1583 1418 1638 Ebult
1469 1582 1536 1637 de
1558 1581 1738 1646 Salus,
1770 1579 2027 1635 dioecesis

417 1678 813 1745 Lausanensis,
844 1677 912 1731 ad
939 1675 1007 1730 M.
1040 1673 1339 1746 principem
1368 1682 1612 1728 nostrum
1637 1672 2023 1728 Excellentiss.

2121 469 2309 514 sancto
2335 458 2597 529 nobisque
2623 458 2947 514 cltarissimo
2971 459 3158 515 codice
3186 463 3341 517 satis.

2195 553 2480 624 Hucusque
2528 553 2668 609 idem
2707 563 3036 609 memoratus
3061 554 3348 625 episcopus
3378 556 3464 612 Jo.
3494 558 3724 629 Stepha-

2123 662 2224 704 nus
2267 647 2568 715 Ferrerius,
2600 649 2715 718 qui,
2747 647 2997 718 quamvis
3040 649 3092 702 in
3132 662 3227 704 sua
3271 651 3723 719 praecellentihu—

2118 741 2208 811 jus
2255 742 2394 796 sacri
2421 740 2622 795 codicis
2649 740 3016 810 descriptione
3058 758 3182 798 eum
3212 745 3540 813 posteritati,
3564 755 3722 802 atter-

2125 850 2316 904 nmque
2347 835 2619 889 memoriae
2641 834 2876 889 dandum
2905 835 3504 904 promiserithisverbis
3526 856 3537 891 :
3558 838 3722 904 Quem

2125 943 2217 981 nos
2254 925 2469 998 proinde
2512 926 2901 980 describendum
2939 927 3267 985 curabimus:
3315 937 3492 984 morte
3539 937 3720 987 tamen

2127 1030 2426 1091 praereptus
2455 1033 2598 1074 anno
2629 1019 2791 1082 1610,
2838 1028 3125 1090 antequam
3175 1021 3280 1075 vita
3325 1021 3382 1076 S.
3417 1022 3632 1080 Eusebii
3655 1023 3723 1080 ab

2127 1115 2244 1185 ipso
2269 1115 2492 1170 collecta
2524 1117 2577 1172 in
2621 1115 2796 1170 lucem
2823 1113 3098 1181 ederetur,
3137 1115 3292 1170 alteri
3333 1115 3580 1174 Ferrerio
3603 1122 3723 1189 epi-

2126 1225 2312 1279 sc0po,
2333 1219 2387 1265 et
2415 1225 2568 1264 sacra
2599 1208 2964 1264 cardinalatus
2984 1224 3219 1278 purpura
3243 1209 3721 1281 insignito,atque,

2126 1307 2193 1362 ad
2223 1307 2573 1376 Spectabilem
2602 1305 3073 1376 venerandumque
3098 1307 3459 1363 Eusebianum
3481 1309 3725 1366 codicem

2128 1401 2182 1454 in
2216 1409 2538 1468 przesentcm
2572 1401 2884 1454 memoriam
2913 1398 3282 1453 revocandum
3323 1401 3727 1471 incomparabili

2130 1492 2498 1548 sollicitudine
2531 1491 2755 1562 prazdito
2781 1531 2796 1558 ,
2825 1506 3078 1560 supremo
3106 1493 3341 1548 dictante
3374 1494 3728 1564 providentia:

2130 1587 2366 1652 numine,
2394 1586 2541 1641 hisce
2573 1585 2906 1655 temporibus
2930 1601 3111 1640 curam
3143 1587 3382 1656 reliquit.

2203 1679 2361 1734 Aliud
2402 1694 2616 1750 quoque
2661 1678 3043 1733 documentum
3096 1677 3324 1734 habetur
3376 1680 3429 1734 in
3479 1695 3731 1738 sermone

417 1773 672 1829 Carolum
701 1769 986 1829 Sabaudiae
1010 1769 1201 1825 ducem
1228 1783 1324 1838 pro
1346 1766 1634 1823 universali
1660 1765 2026 1821 Helvetiorum
2058 1795 2106 1854 Β
2133 1774 2383 1840 Athonis,
2410 1773 2648 1843 episcopi
2681 1771 3041 1828 Vercellensis
3088 1787 3229 1827 anno
3277 1773 3402 1839 752,
3451 1775 3539 1844 qui
3591 1775 3734 1831 inter

419 1877 690 1924 conventu
725 1879 973 1922 oratores
994 1908 1009 1932 ,
1035 1865 1402 1935 signiﬁcantes
1431 1861 1583 1917 nobis
1603 1902 1616 1926 ,
1639 1871 1696 1916 et
1717 1857 2029 1926 venerando

420 1963 554 2032 Cap.
584 1972 773 2018 nostro
807 2002 821 2026 ,
847 1959 1151 2015 Ecclesiam
1173 1958 1275 2014 sub
1306 1957 1464 2027 hujus
1487 1955 1657 2010 sancti
1689 1954 1912 2009 Eusebii
1949 1954 2032 2007 in-

426 2054 713 2110 vocatione
743 2053 796 2107 in
825 2052 1021 2107 ﬁnibus
1047 2051 1154 2106 loci
1183 2050 1342 2106 Salus
1363 2090 1379 2114 ,
1411 2049 1529 2104 loco
1555 2048 1701 2103 dicto
1729 2046 2028 2102 Nieuchen.

422 2146 782 2202 Lausanensis
811 2144 1062 2201 dicecesis
1083 2185 1097 2208 ,
1123 2142 1420 2198 consistere
1438 2183 1453 2208 ,
1486 2155 1646 2211 quam
1675 2140 1944 2206 homines,
1977 2146 2037 2195 et

422 2239 613 2294 incola:
635 2238 739 2294 loci
769 2237 1010 2308 praedicti
1043 2251 1252 2291 summa
1286 2243 1613 2290 venerantur
1661 2232 1955 2289 devotione
1981 2241 2036 2287 et

425 2331 724 2387 reverentia
743 2370 759 2398 ,
807 2329 878 2385 ob
905 2329 1135 2384 sublime
1161 2327 1492 2383 sanctissimi
1525 2325 1786 2396 episcopi-
1812 2334 1866 2380 et
1893 2324 2032 2378 Mar-

423 2422 557 2492 tyris
591 2421 811 2476 Eusebii
831 2420 1104 2474 meritum.
1133 2420 1314 2487 Quare
1334 2460 1348 2484 ,
1375 2421 1418 2472 si
1447 2418 1573 2489 quid
1594 2417 1662 2473 de
1689 2418 1830 2472 illius
1860 2425 2032 2484 veste,

423 2516 608 2586 gestis,
635 2530 700 2569 ex
723 2512 968 2584 reliquiis
993 2513 1132 2582 apud
1155 2514 1366 2582 plebem
1391 2512 1701 2582 prmdictam
1722 2512 2035 2577 haberetur,

424 2607 616 2664 eadem
646 2607 937 2677 plurimum
965 2606 1019 2660 in
1061 2607 1289 2660 Domino
1341 2606 1726 2675 gratularetur.
1774 2604 1885 2660 Nos
1914 2604 2036 2660 ideo

429 2700 513 2772 (ut
545 2714 641 2769 par
656 2701 765 2768 est)
796 2697 1174 2768 cupientes,et
1199 2695 1510 2766 praedictum
1535 2697 1716 2750 divum
1748 2697 2039 2750 Eusebium

430 2803 717 2864 patronum
747 2803 991 2847 nostrum
1021 2788 1236 2846 devotis
1259 2789 1507 2844 laudibus
1533 2788 1731 2858 ubique
1759 2789 2001 2843 locorum
2021 2828 2035 2853 ,

431 2896 487 2944 et
514 2897 781 2943 terrarum
824 2899 1035 2940 summa
1067 2882 1420 2938 veneratione
1450 2882 1677 2947 extolli,
1730 2880 2040 2952 justamque

429 2997 618 3039 eormn
641 2990 919 3038 oratorum
945 2978 1300 3034 devotionem
1329 2975 1738 3032 considerantes
1759 3018 1772 3042 ,
1805 2991 1904 3032 nec
1932 2992 2038 3032 non

431 3076 696 3150 prmlihati
728 3074 871 3129 illius
893 3072 1151 3143 principis
1180 3071 1348 3127 nostri
1380 3072 1530 3127 ducis
1557 3073 1886 3142 singularem
1913 3089 2038 3144 erga

2136 1867 2274 1921 alios
2315 1866 2382 1921 ad
2423 1866 2635 1920 laudem
2685 1867 2852 1919 sancti
2901 1866 3152 1936 martyris
3181 1866 3420 1937 episcopi
3454 1867 3671 1923 Eusebii
3700 1885 3731 1924 a

2139 1960 2351 2016 Sanctis
2395 1959 2641 2013 Patribus
2668 1969 2722 2014 et
2762 1960 3030 2028 episcopis
3057 1961 3343 2017 Ambrosio
3363 2003 3376 2025 ,
3397 1961 3650 2026 Maximo,
3672 1978 3733 2018 ac

2139 2053 2400 2121 Gregorio
2419 2050 2722 2106 Turonensi
2741 2053 3069 2119 compositos
3087 2063 3418 2108 recensetur.
3449 2052 3600 2107 Circa
3623 2067 3735 2108 mc-

2139 2147 2286 2200 dium
2329 2160 2560 2214 namque
2596 2143 2774 2200 Serm.
2808 2143 3150 2209 illius,ubiﬁt
3181 2146 3382 2201 mentio
3409 2146 3476 2200 de
3504 2147 3734 2202 concilio

2138 2248 2326 2294 coacto
2346 2238 2625 2293 Mediolani
2651 2253 2792 2292 anno
2813 2237 2922 2294 555
2940 2238 3109 2306 (juxta
3127 2238 3524 2294 adnotationem
3551 2237 3738 2293 Cardi-

2141 2335 2280 2390 nalis
2298 2333 2536 2403 Baronii)
2555 2348 2582 2385 a
2605 2332 2923 2388 Constantio
2940 2333 3263 2402 imperatore
3283 2331 3736 2401 perniciosissimo

2139 2429 2415 2486 catholicae
2439 2427 2588 2482 Fidei
2611 2427 2787 2494 hoste,
2815 2435 2975 2497 atque
3000 2441 3271 2491 eversore,
3291 2425 3369 2481 sic
3391 2425 3584 2494 legitur
3611 2442 3622 2476 :
3653 2424 3736 2477 Ad

2139 2539 2286 2593 quem
2313 2520 2486 2575 beatus
2513 2520 2760 2573 Eusebius
2791 2521 2867 2573 ire
2900 2519 3185 2582 distulerat,
3216 2534 3382 2588 quem,
3417 2518 3538 2584 quid
3578 2534 3736 2588 agen—

2140 2616 2284 2677 dum,
2332 2615 2538 2667 minime
2583 2613 2818 2667 latuerat.
2855 2611 3053 2667 Deinde
3099 2610 3310 2665 subdit:
3347 2608 3458 2665 Nec
3488 2628 3542 2666 se
3571 2611 3737 2682 potuit

2140 2711 2420 2771 continere,
2443 2709 2565 2777 quin
2603 2706 2672 2760 ad
2713 2715 3044 2760 memoratum
3072 2705 3346 2758 concilium
3373 2704 3466 2756 iret
3508 2721 3603 2773 pro
3635 2703 3738 2772 ﬁde

2142 2803 2461 2868 contendere,
2514 2800 2678 2853 sancti
2726 2799 2995 2870 Evangelii
3036 2814 3159 2850 cara
3196 2797 3472 2868 deportons
3500 2796 3732 2867 pignora.

2143 2897 2286 2952 Idem
2329 2903 2561 2950 testatur
2599 2893 2762 2948 etiam
2791 2890 3128 2947 Venerabilis
3166 2890 3251 2945 Jo.
3282 2888 3600 2944 Franciscus
3630 2889 3736 2942 Bo-

2144 2989 2378 3054 nomius,
2403 2988 2563 3057 hujus
2587 2987 2845 3043 Ecclesia:
2872 2987 3160 3054 episcopus
3187 3001 3330 3039 anno
3361 2983 3620 3053 1554,qui
3650 2981 3734 3036 in-

2146 3091 2226 3136 ter
2269 3091 2465 3136 caztera
2492 3121 2505 3144 ,
2538 3079 2605 3134 ad
2645 3087 2960 3149 apparatum
3006 3079 3326 3147 excogitata:
3372 3075 3737 3130 translationis

431 3172 688 3244 praefatos
715 3181 962 3227 oratores
1007 3167 1440 3224 benevolentiam
1469 3209 1483 3234 ,
1515 3168 1606 3238 qui
1636 3168 1792 3224 nobis
1821 3169 2039 3238 etcapi-
2067 3190 2113 3255 ρ
2144 3173 2283 3229 sacri
2313 3173 2558 3243 corporis
2602 3174 2774 3228 sancti
2822 3171 3074 3246 martyris
3116 3169 3331 3224 Eusebii
3365 3167 3688 3238 pertinentia
3717 3209 3732 3235 ,

433 3270 548 3326 tulo
571 3277 758 3324 nostro
785 3281 882 3337 pro
908 3266 987 3321 eis
1011 3264 1306 3318 aﬁ‘ectnose
1333 3263 1546 3332 scripsit
1571 3305 1585 3330 ,
1617 3271 1672 3317 et
1696 3263 2038 3333 magniﬁcum

439 3365 503 3419 D.
541 3365 878 3432 Stephanum
905 3401 919 3425 ,
950 3359 1105 3414 Mota:
1135 3357 1189 3412 in
1216 3356 1484 3413 Sabandia
1512 3357 1791 3411 dominum
1811 3398 1826 3424 ,
1851 3368 1906 3411 et
1929 3372 2042 3412 sua:

435 3456 775 3516 excellentiae
817 3453 1158 3524 capitaneum
1188 3450 1520 3515 destinavit,
1573 3451 1826 3520 quoniam
1856 3449 2044 3520 hujus-

437 3553 585 3610 modi
623 3549 913 3624 postulatio
961 3547 1030 3603 ad
1069 3547 1217 3601 Beati
1273 3544 1490 3600 Eusebii
1522 3545 1699 3610 cedit,
1754 3545 2042 3614 pepulique

436 3648 644 3720 praefati
693 3647 1072 3712 devotionem,
1130 3641 1336 3697 eisdem
1387 3641 1694 3696 oratoribus
1723 3642 2044 3712 (accedente

435 3739 732 3797 venerandi
785 3738 1009 3808 capituli
1071 3734 1363 3806 consensu)
1408 3743 1612 3804 partem
1663 3735 1887 3805 lapidis,
1936 3749 2042 3806 quo

437 3835 632 3890 Beatus
660 3832 923 3888 Eusebius
944 3829 1455 3900 lapidatusexstitit,
1485 3839 1541 3884 et
1576 3830 1738 3883 morti
1781 3829 2039 3895 traditus;

433 3927 732 3998 foliumque
758 3941 924 3981 unttm
955 3923 1535 3993 Evangeliorum,ante
1557 3931 1774 3977 centum
1806 3923 2040 3992 quadra-

432 4023 578 4093 ginta
611 4028 844 4091 quatuor
863 4063 878 4086 ,
903 4033 1068 4088 super
1090 4015 1241 4072 mille
1263 4031 1457 4081 annos,
1489 4015 1700 4087 praefati
1730 4015 1788 4072 S.
1824 4015 2042 4073 Eusebii

435 4129 597 4170 manu
632 4112 846 4184 propria
887 4110 1252 4182 conscriptum
1279 4151 1292 4175 ,
1342 4120 1397 4164 et
1426 4124 1453 4162 a
1499 4107 1754 4164 Sacrario
1784 4108 2044 4164 Ecclesiae

437 4209 710 4280 praedictae
737 4222 858 4262 cum
882 4221 987 4278 qua
1017 4204 1199 4260 decuit
1225 4203 1529 4260 reverentia
1559 4212 1882 4270 extractum,
1908 4204 2044 4258 elar-

438 4302 531 4375 giti
563 4301 765 4356 fuimus
798 4315 813 4352 :
846 4315 912 4355 ex
951 4314 1059 4370 quo
1085 4298 1499 4366 Evangeliorum
1531 4298 1669 4353 libro
1695 4298 1922 4368 plurima
1947 4299 2046 4353 mi-

434 4399 614 4454 racula
639 4396 752 4451 visa
785 4403 936 4462 sunt,
964 4410 1083 4465 qua:
1130 4393 1274 4450 nulla
1319 4402 1572 4464 poterunt
1603 4393 2047 4478 tergiversatione

434 4491 622 4560 celari,
651 4499 705 4546 et
725 4505 845 4560 qua:
870 4488 1047 4544 omnia
1065 4487 1206 4558 apud
1233 4487 1529 4543 Ecclesiam
1559 4495 1796 4542 nostram
1821 4486 2047 4556 praedic-

2146 3269 2318 3340 elogia
2347 3284 2414 3323 ex
2446 3267 2544 3323 SS.
2578 3267 2816 3330 Patrum,
2862 3275 2972 3320 tum
3005 3265 3340 3329 Graecorum,
3372 3273 3483 3318 tum
3511 3261 3736 3317 Latino-

2145 3378 2264 3417 rum
2310 3361 2525 3431 scriptis
2555 3368 2836 3429 excerpta,
2867 3374 2986 3429 qum
3036 3358 3089 3412 in
3133 3357 3353 3413 basilica
3394 3355 3731 3423 Eusebiana,

2144 3455 2284 3510 atrio
2309 3455 2622 3525 episcopali,
2666 3453 2922 3517 arcubus,
2967 3452 3245 3523 trophaeis,
3278 3450 3486 3520 viisque
3509 3449 3738 3520 publicis

2144 3558 2300 3604 erant
2328 3547 2669 3619 apponenda,
2699 3547 2828 3602 illud
2857 3561 3070 3617 qquue
3110 3545 3338 3601 Athonis
3365 3543 3606 3598 extabat.
3633 3543 3739 3598 Ha-

2147 3645 2303 3698 betur
2325 3643 2540 3698 demum
2569 3641 2621 3696 in
2644 3640 2767 3696 Vita
2790 3642 2959 3695 Sancti
2988 3640 3202 3695 Eusebii
3227 3638 3365 3709 typis
3388 3638 3553 3702 edita,
3587 3653 3737 3692 num.

2144 3754 2256 3803 xw,
2292 3735 2385 3791 fol.
2419 3737 2542 3791 158.
2575 3735 2930 3789 Sacrosancta
2953 3732 3241 3802 Evangelia
3269 3747 3363 3786 sua
3387 3730 3554 3801 ipsius
3578 3745 3742 3785 manu

2146 3831 2437 3899 descripta,
2471 3828 2852 3882 ﬁdissimorum
2891 3829 3146 3882 comitum
3189 3827 3329 3889 loco,
3359 3825 3574 3881 assidue
3599 3824 3741 3895 apud

2145 3937 2202 3977 se
2230 3921 2449 3976 habuit:
2482 3920 2675 3990 quibus
2719 3935 2869 3988 usus,
2915 3919 3190 3986 vitiorum,
3227 3920 3603 3985 scliismatum,
3631 3917 3744 3974 ha:-

2148 4030 2436 4087 resumque
2466 4025 2602 4070 tetra
2631 4023 2868 4069 monstra
2903 4014 3136 4084 undique
3158 4014 3562 4069 exterminavit.

2219 4113 2327 4169 Sed
2378 4112 2506 4182 quid
2551 4112 2810 4165 immoror
2850 4111 2900 4164 in
2926 4109 3264 4179 requirendis
3292 4108 3697 4179 probationibus
3723 4149 3739 4176 ,

2148 4222 2268 4262 cum
2297 4215 2376 4272 tu,
2417 4206 2490 4260 mi
2531 4205 2850 4270 Blanchine,
2895 4212 3228 4274 compertum
3279 4203 3498 4269 habeas,
3545 4212 3742 4272 quanta

2149 4299 2218 4354 sit
2249 4299 2408 4368 hujus
2437 4301 2573 4354 sacri
2605 4297 2811 4354 codicis
2845 4298 3099 4369 dignitas,
3127 4308 3323 4368 quanta
3355 4298 3469 4369 ejus
3499 4297 3746 4353 condito-

2150 4392 2226 4447 ris
2265 4391 2554 4459 certitudo,
2588 4401 2788 4462 quanta
2831 4392 3052 4462 insuper
3081 4391 3215 4448 ﬁdes
3242 4393 3292 4447 ei
3320 4392 3587 4448 habenda.
3636 4393 3746 4448 Hoc

2151 4486 2287 4541 duce
2335 4494 2652 4540 aovatorum
2695 4500 2911 4541 errores
2959 4485 3179 4540 eludere
3217 4501 3414 4542 conare
3447 4503 3459 4539 :
3490 4498 3580 4551 ut,
3609 4486 3747 4540 sicut

434 4597 542 4643 tam
563 4599 772 4640 summa
797 4582 1149 4639 veneratione
1179 4588 1450 4636 asservata
1483 4580 1928 4648 transmittimus,
1955 4596 2048 4651 pa-
2073 4585 2124 4645 D
2152 4580 2363 4633 oriente
2408 4578 2544 4646 sole,
2577 4577 2836 4649 quidquid
2879 4579 2945 4633 de
2978 4587 3237 4633 nocturna
3270 4579 3586 4634 umbrarum
3617 4577 3750 4634 cali-

433 4683 590 4753 rique
633 4679 983 4736 veneratione
1025 4691 1193 4747 penes
1249 4690 1345 4731 eos
1383 4675 1662 4731 observari
1701 4675 2040 4731 affectamus.

437 4777 544 4832 Has
570 4786 748 4833 autem
772 4782 986 4830 nostras
1014 4787 1112 4842 per
1137 4770 1513 4836 secretarium,
1551 4781 1902 4840 nostrumque
1928 4770 2044 4840 jus-

435 4883 557 4922 sum
589 4868 925 4941 subsignari,
960 4875 1016 4923 et
1057 4865 1218 4935 sigilli
1251 4864 1418 4916 nostri
1446 4864 1670 4932 majoris
1699 4862 2044 4932 appositione

435 4957 718 5013 roburatas
744 4960 797 5013 in
821 4958 1186 5014 testimonium
1221 4956 1620 5025 prrcmissorum
1647 4954 2037 5010 concessimus.

438 5053 630 5108 Datum
662 5051 927 5108 Vercellis
957 5068 1024 5108 ex
1056 5050 1256 5123 palatio
1285 5047 1578 5119 episcopali
1605 5057 1792 5103 nostro
1812 5090 1827 5114 ,
1857 5048 1945 5103 die
1973 5045 2045 5100 24

434 5146 676 5203 Januarii
708 5145 926 5213 MDXV,
961 5147 1320 5216 praesentibus
1351 5145 1548 5200 ibidem
1602 5143 1816 5199 Andrea
1850 5142 2045 5199 Ferre-

436 5239 520 5296 rio
549 5238 780 5306 Patruo,
826 5246 881 5292 et
904 5237 1104 5292 vicario
1149 5246 1334 5292 nostro
1363 5237 1631 5309 generali,
1674 5246 1728 5292 et
1768 5235 2045 5290 Ludovico

436 5334 505 5390 de
515 5333 754 5398 Grotnis,
769 5331 1044 5388 Canonico
1061 5330 1414 5396 Vercellensi,
1445 5333 1671 5386 testibus
1687 5332 1749 5385 ad
1768 5331 2046 5399 praemissa

439 5427 646 5481 vocatis
671 5467 685 5491 ,
742 5434 797 5481 et
827 5425 1048 5495 rogatis.
1072 5423 1113 5494 οι-
1153 5424 1266 5478 loco
1297 5424 1472 5494 Signi.
1501 5423 1588 5478 Jo.
1611 5424 1679 5478 de
1707 5423 1991 5478 Ferreriis.
2020 5439 2038 5473 ι

511 5517 617 5572 Per
662 5519 805 5574 hunc
849 5516 1085 5587 denique
1137 5515 1330 5570 librum
1376 5517 1702 5586 praecipuam
1755 5496 2045 5585 quamdam

441 5608 686 5679 ejusdem
717 5613 1058 5667 sanctitatem
1095 5608 1390 5680 aliquando
1421 5608 1740 5680 signiﬁcavit
1769 5609 1940 5674 Deus,
1971 5609 2048 5663 uti

442 5703 607 5756 etiam
658 5701 773 5773 ipsa
807 5703 1110 5774 syngrapha
1141 5703 1389 5772 superior
1437 5701 1645 5755 innuit:
1679 5701 1874 5771 saepius
1903 5701 2048 5757 enim

443 5795 646 5869 evenit,
693 5803 752 5852 ut
779 5794 893 5865 qui,
940 5795 1033 5854 illo
1082 5805 1223 5853 tacto
1255 5793 1584 5867 pejerarunt,
1627 5795 1686 5864 ii,
1727 5802 1821 5854 aut
1866 5795 2047 5854 statim

2150 4671 2275 4740 gine
2302 4671 2568 4741 reliquum
2601 4679 2703 4735 est,
2735 4669 2844 4725 cito
2869 4670 3159 4734 dilabitur;
3203 4670 3298 4738 ita,
3327 4670 3430 4725 hoc
3470 4685 3624 4725 sacro
3653 4685 3749 4724 vo—

2152 4765 2353 4820 lumine
2385 4763 2437 4819 in
2476 4765 2648 4820 lucem
2671 4765 2841 4831 edito,
2875 4777 2925 4820 et
2954 4780 3058 4820 non
3091 4765 3262 4820 solum
3289 4764 3340 4819 in
3374 4765 3627 4820 litteraria
3659 4780 3748 4820 re-

2151 4859 2383 4929 publica,
2415 4859 2509 4914 sed
2553 4859 2717 4915 etiam
2765 4860 2816 4913 in
2871 4869 2982 4914 toto
3032 4868 3296 4914 terrarum
3352 4859 3484 4914 orbe
3528 4857 3747 4922 diffuso,

2149 4953 2390 5007 omnium
2437 4951 2814 5006 haereticorum
2857 4951 2997 5007 oculi
3043 4951 3423 5018 emcutientes,
3467 4950 3751 5006 catholicze

2149 5045 2272 5099 ﬁdei
2303 5045 2576 5115 agnitione
2605 5045 2959 5100 illustrentur.

2222 5139 2378 5193 Faxit
2426 5139 2587 5206 Deus,
2619 5149 2675 5194 ut
2706 5155 2823 5195 mea
2855 5143 3016 5196 etiam
3046 5140 3111 5196 ad
3142 5140 3401 5212 majorem
3434 5139 3753 5197 orthodoxa:

2151 5231 2275 5287 ﬁdei
2305 5231 2772 5289 conﬁrmationem
2799 5275 2814 5301 ,
2845 5233 2911 5290 ad
2938 5236 3111 5306 majus
3137 5238 3323 5307 gloria:
3353 5237 3751 5293 incrementum

2153 5325 2211 5380 S.
2249 5326 2308 5380 P.
2345 5326 2406 5380 N.
2435 5327 2688 5398 martyris
2710 5329 2945 5400 episcopi
2983 5329 3224 5399 Eusebii,
3257 5332 3413 5402 eique
3440 5329 3754 5388 famulantis

2151 5421 2396 5490 capituli,
2430 5421 2496 5476 ad
2535 5421 2752 5493 dignam
2781 5423 2998 5479 domum
3038 5426 3114 5480 tui
3141 5425 3380 5481 nominis
3407 5426 3754 5482 commenda-

2153 5513 2352 5568 tionem
2400 5516 2776 5586 compleantur
2805 5527 2948 5572 vota.
2977 5519 3178 5588 Accipe
3215 5519 3376 5590 igitur
3400 5560 3414 5584 ,
3448 5520 3752 5589 praeclaris-

2151 5606 2308 5672 sime,
2338 5622 2401 5664 ac
2424 5623 2640 5682 semper
2667 5612 2797 5666 mihi
2822 5613 3128 5682 gratissime
3151 5613 3466 5682 Blanchine,
3495 5612 3755 5686 quidquid

2151 5697 2495 5756 imbecillitas
2539 5720 2654 5759 mea
2688 5705 2919 5774 seligere
2948 5706 3137 5775 potuit,
3173 5709 3314 5776 quod
3347 5723 3507 5763 omne
3553 5707 3645 5761 tibi
3667 5705 3757 5776 ju-

2151 5792 2541 5853 cundissimum
2590 5797 2704 5855 fore
2733 5797 2987 5870 _eoutido.
3029 5797 3169 5858 Vive
3207 5801 3300 5858 diu
3323 5839 3340 5872 ,
3371 5800 3599 5861 zelaudo
3628 5795 3758 5860 ﬁdei
