4054 6198
297 273 383 327 '73

1353 267 1693 326 EPISTOLA
1731 266 2065 327 RUGGERII
2103 268 2359 326 NOVARI
2371 272 2585 328 ENSIS.
3543 282 3615 336 74

296 386 624 451 veritatem;
656 400 721 441 ac
749 384 804 441 in
826 384 998 443 arduo
1023 385 1390 457 maximoque,
1415 387 1559 458 quod
1583 387 1907 459 suscepisti,
1936 392 1992 451 Α
2016 387 2132 441 idus
2161 386 2381 459 Augusti
2420 389 2474 442 in
2497 388 2656 442 Curte
2685 390 2847 461 Regia
2880 389 3169 457 Lustonoa,
3201 406 3296 448 seu
3322 392 3577 451 Justonoa
3595 438 3613 465 ,

292 494 494 550 opere,
518 486 576 534 te
602 479 743 534 Deus
766 478 1092 534 incolumem
1121 488 1335 545 servet,
1364 493 1430 534 ac
1456 479 1673 534 demum
1694 478 1761 533 ad
1786 478 1909 533 feli-

292 572 587 627 cissimum
611 572 805 627 salutis
825 580 1043 628 aeternae
1072 573 1254 628 locum
1288 572 1565 642 perducat.
1593 572 1748 628 Vale.
1781 570 1913 627 Ver-

295 666 465 722 cellis
491 666 581 721 die
607 681 660 720 XI
691 666 897 722 mensis
937 664 1105 733 Junii,
1137 667 1297 721 Anno
1331 665 1542 722 Domini
1570 666 1729 721 1758.

298 824 682 884 BLANCHINI
728 824 1167 882 \‘ERONENSIS
1206 825 1292 880 DE
1328 823 1580 882 CODICE
1611 822 1911 880 VERCEL-

832 920 1030 975 LENSI
1073 917 1409 976 JUDICIUM.

382 1036 496 1107 Ego
546 1035 601 1090 in
644 1034 995 1090 illustrissimi
1038 1034 1284 1090 canonici
1339 1032 1595 1104 Ruggerii
1660 1030 1913 1087 laudibus

302 1130 505 1195 feram,
531 1130 577 1185 si
606 1129 1049 1185 dissertationem
1069 1142 1281 1199 quoque
1304 1128 1534 1183 texuerit
1558 1127 1909 1197 singularem,

301 1233 474 1294 atque
496 1237 560 1277 ea
582 1231 933 1277 monumenta
961 1220 1029 1275 ab
1050 1220 1197 1275 omni
1224 1220 1542 1290 antiquitate
1571 1218 1731 1288 petita
1763 1218 1913 1272 evul-

303 1312 545 1385 gaverit,
576 1329 693 1383 qum
722 1312 807 1385 (ut
838 1312 953 1382 ipse
989 1312 1043 1367 in
1084 1311 1313 1381 epistola
1342 1310 1556 1366 videtur
1584 1308 1830 1379 innuere)
1858 1310 1910 1364 in

303 1408 536 1464 archiva
565 1406 793 1477 insignis
821 1405 1043 1476 capituli
1075 1405 1142 1460 ad
1174 1404 1314 1461 hanc
1346 1404 1491 1459 diem
1526 1418 1697 1472 usque
1726 1401 1913 1457 adser-

305 1510 540 1567 vantur;
577 1508 635 1553 ut
666 1513 857 1553 eorum
899 1513 1003 1568 ope
1032 1497 1377 1553 sanctissimo
1409 1496 1663 1568 episcOpo
1689 1504 1745 1550 et
1772 1510 1914 1548 mar-

308 1593 419 1665 tyri
448 1591 688 1648 Eusebio
724 1591 1001 1646 laudatum
1038 1591 1282 1646 codicem
1317 1590 1735 1659 Evangeliorum
1762 1603 1906 1643 asse-

308 1694 396 1740 rat
419 1684 784 1754 viudicetque.
806 1683 886 1751 Id,
911 1694 965 1739 ut
985 1683 1369 1750 velitefﬁcere,
1393 1682 1553 1739 etiam
1572 1694 1732 1752 atque
1749 1681 1910 1736 etiam

2020 495 2117 550 pro
2146 481 2465 551 quibusdam
2502 482 2719 551 praediis
2763 483 3118 554 Angelbcrgae
3154 486 3281 541 olim
3311 488 3616 556 imperatri-

2016 572 2116 640 cis,
2156 577 2208 627 in
2251 573 2400 627 Italia
2437 574 2735 639 morantis;
2771 590 2838 629 ex
2865 576 3057 643 quibus
3089 576 3258 646 liquet
3287 579 3524 634 nondum
3549 596 3616 636 eo

2015 678 2159 718 anno
2184 665 2361 720 locum
2394 665 2561 720 fuisse
2590 666 2916 737 Bereugario
2945 667 3228 723 invadendi
3261 672 3435 741 regni,
3470 673 3615 742 quod

2016 758 2189 813 solum
2241 767 2365 828 post
2402 768 2631 814 mortem
2680 758 2857 815 Caroli
2904 763 3252 832 subsequenti
3300 781 3443 821 anno
3484 767 3610 834 888,

2016 849 2211 906 factum
2236 861 2339 905 est.
2369 851 2506 906 Sunt
2525 862 2579 907 et
2606 853 2707 906 alia
2729 852 3016 917 diplomata
3045 855 3282 909 nondum
3311 857 3452 912 edita
3471 859 3619 927 ejus-

2016 941 2137 996 dem
2184 942 2535 1011 Berengarii,
2580 959 2650 998 ex
2701 943 2895 1014 quibus
2925 944 3067 1001 idem
3099 947 3383 1003 evincitur.
3435 950 3613 1007 Unum

2016 1033 2199 1087 datum
2230 1042 2313 1088 est
2354 1052 2490 1089 anno
2538 1036 2664 1103 889,
2698 1052 2749 1090 ιν
2786 1037 2904 1091 idus
2940 1041 3260 1106 septembris,
3302 1059 3438 1097 anno
3468 1048 3614 1118 regni

2015 1141 2073 1189 ιι,
2105 1127 2334 1180 alterum
2364 1142 2509 1181 anno
2538 1128 2666 1193 89’»,
2698 1145 2749 1183 tv
2776 1144 2945 1185 nonas
2982 1133 3328 1199 Septembris,
3358 1150 3500 1190 anno
3527 1154 3614 1193 re-

2016 1218 2105 1287 gni
2150 1234 2243 1285 vn,
2277 1227 2336 1272 ut
2375 1219 2478 1273 alia
2508 1220 2849 1275 omittantur.
2900 1220 3084 1278 Aitate
3128 1240 3258 1280 vero
3302 1226 3614 1299 Bcrengarit

2016 1312 2096 1365 sic
2122 1311 2522 1367 constabilitata
2546 1354 2560 1377 ,
2592 1314 2829 1367 nascitur
2858 1314 2990 1369 mibi
3024 1331 3165 1370 nunc
3195 1333 3391 1372 novum
3418 1321 3616 1389 proba-

2019 1403 2179 1457 tionis
2206 1419 2397 1474 genus,
2433 1405 2482 1458 in
2515 1421 2621 1475 quo
2647 1405 2763 1461 fere
2791 1408 3192 1477 conquiescam.
3226 1409 3329 1465 Sed
3362 1415 3614 1482 quoniam

2018 1494 2193 1564 ipsum
2234 1497 2488 1563 explicari
2538 1514 2643 1552 non
2678 1508 2893 1567 potest,
2927 1503 3027 1554 nisi
3062 1502 3318 1572 inspectis
3347 1510 3621 1578 argenteis

2016 1585 2232 1642 laminis
2278 1588 2520 1656 ejusdem
2580 1591 2782 1645 codicis
2835 1592 3159 1660 Eusebiani,
3215 1612 3243 1650 a
3296 1598 3623 1672 Berengario

2016 1698 2151 1735 auro
2199 1695 2531 1753 argentoque
2572 1686 2831 1753 contexti,
2885 1697 3047 1757 atque
3097 1689 3351 1748 Ecclesiae
3390 1697 3621 1766 principi

308 1794 479 1849 rogo;
506 1780 649 1833 sicut
671 1794 735 1833 ex
768 1778 962 1833 litteris
986 1778 1053 1832 ad
1083 1794 1206 1833 eum
1232 1778 1446 1846 scriptis
1478 1777 1528 1832 id
1561 1791 1647 1832 me
1676 1790 1913 1830 summo-
1945 1803 1993 1863 Β
2019 1772 2388 1829 Veri-ellarum
2439 1776 2505 1829 ab
2536 1776 2653 1846 ipso
2693 1789 3007 1834 reverenter
3036 1781 3233 1845 oblati,
3266 1785 3394 1853 ipsae
3428 1788 3624 1843 tabula:

313 1886 449 1940 pere
495 1880 683 1939 optare
727 1871 1019 1941 perspexit.
1070 1873 1334 1940 Quantam
1366 1885 1494 1926 vero
1525 1869 1915 1940 antiquissimae

312 1964 595 2019 traditioni
649 1962 1012 2020 Vcrcellensis
1058 1964 1313 2020 Ecclesiae
1359 1964 1521 2023 ﬁdem
1570 1980 1671 2019 nos
1718 1964 1919 2018 habere

308 2058 622 2119 conveniat,
665 2055 897 2110 edocent
943 2064 1058 2110 acta
1087 2056 1178 2110 illa
1204 2055 1264 2112 S.
1290 2055 1536 2121 Eusebii,
1571 2070 1691 2127 quae
1730 2054 1920 2110 Fet-di-

311 2149 526 2207 nandus
561 2149 839 2222 Ughellius
872 2151 1071 2222 publici
1110 2152 1249 2220 juris
1296 2150 1426 2207 fecit
1464 2150 1622 2206 Tom.
1668 2167 1717 2205 ιν
1748 2150 1920 2204 Italia:

314 2244 516 2305 Sacra.
551 2243 658 2299 col.
705 2243 865 2305 1050,
907 2244 1094 2313 prima;
1121 2243 1278 2308 edit.,
1319 2244 1582 2298 excodice
1613 2244 1695 2315 (ut
1720 2240 1915 2313 inquit)

313 2336 651 2392 vetustissimo
672 2335 807 2391 Vita:
822 2346 1119 2392 sanctorum
1140 2336 1436 2391 monasterii
1456 2333 1832 2389 Nonantulani.
1859 2333 1918 2389 In

311 2427 378 2483 iis
406 2443 644 2498 namque
670 2428 740 2483 ita
772 2427 997 2499 legitur:
1032 2445 1051 2480 ι
1088 2427 1371 2499 Pugnabat
1395 2437 1575 2484 autem
1609 2425 1828 2499 (scilicet
1852 2426 1914 2481 S.

224 2588 228 2591 _
313 2521 589 2592 Eusebius)
615 2530 802 2577 contra
836 2522 1257 2577 immanissimas
1278 2522 1479 2577 bestias
1504 2521 1915 2585 Arriomanitas,

312 2629 434 2684 qua:
458 2629 583 2669 eum
609 2614 934 2685 expulerunt
964 2613 1033 2670 de
1059 2614 1303 2680 civitate,
1330 2613 1707 2684 persecutione
1738 2612 1918 2683 populi

313 2715 509 2761 contra
532 2721 657 2761 eum
685 2707 942 2761 excitata.
970 2709 1038 2762 At
1064 2706 1175 2771 ille,
1208 2723 1277 2761 ne
1306 2706 1540 2778 populus
1562 2705 1616 2760 in
1644 2721 1766 2761 eum
1797 2720 1921 2775 pec-

313 2807 489 2865 caret,
531 2813 664 2867 qnos
692 2807 888 2869 postea
916 2798 1287 2854 delectabatur
1312 2796 1513 2852 habere
1543 2796 1707 2862 ﬁlios,
1741 2796 1920 2853 sciens

312 2890 599 2961 scriptum,
625 2890 687 2946 Si
724 2906 813 2945 vos
846 2892 1101 2961 persecuti
1143 2891 1334 2961 fuerint
1360 2890 1415 2943 in
1440 2906 1547 2943 una
1575 2889 1799 2954 civitate,
1831 2888 1920 2957 fu-

314 2984 418 3054 gite
439 2982 494 3035 in
519 2983 702 3048 aliam,
729 2984 869 3038 ultra
897 2982 1096 3038 ﬁumen
1120 2982 1321 3037 Padum
1342 2982 1589 3047 transiit,
1618 2990 1672 3036 et
1698 2980 1764 3035 ad
1793 2981 1922 3036 Cas-

316 3086 480 3142 trum,
514 3075 660 3145 quod
702 3075 902 3131 dicitur
945 3073 1395 3141 Credonensium,
1451 3074 1798 3144 perveniens,
1849 3072 1920 3128 ibi

319 3167 499 3222 tribus
529 3167 808 3223 mensibus
847 3168 1079 3239 degens,
1109 3168 1163 3223 in
1187 3168 1449 3223 honorem
1479 3166 1541 3221 B.
1575 3165 1673 3221 Dei
1688 3164 1896 3222 Genitri

318 3261 399 3315 cis
424 3260 730 3315 construxit
758 3260 1101 3315 Oratorinm:
1137 3260 1232 3315 ubi
1275 3260 1437 3316 etiam
1484 3260 1661 3315 adhuc
1710 3258 1923 3328 longius

318 3356 547 3426 degens,
581 3355 927 3411 Evsuceuuu
975 3355 1179 3411 Christi
1231 3354 1445 3425 propria
1477 3370 1639 3409 mantt
1665 3367 1918 3416 SCRIPSIT,

320 3447 479 3517 cujus
500 3448 819 3502 miraculum
848 3446 902 3502 in
925 3446 1114 3503 eodem
1143 3447 1331 3502 codice
1357 3456 1585 3518 quatuor
1605 3446 1926 3517 EVangelio-

323 3555 449 3596 rum
479 3555 584 3595 non
605 3542 787 3596 solum
816 3540 1000 3595 verbis
1026 3538 1253 3605 Christi,
1282 3539 1375 3595 sed
1404 3550 1459 3595 et
1485 3540 1726 3611 ejusdem
1752 3539 1925 3594 Patris

327 3641 475 3688 tanta
497 3634 948 3697 virtuscoruscat,
974 3641 1055 3698 ut,
1085 3631 1132 3688 si
1158 3632 1354 3703 aliquis
1374 3632 1631 3690 seductus
1651 3648 1682 3687 a
1709 3631 1926 3687 diabolo

324 3724 523 3780 falsum
552 3740 715 3795 super
736 3741 861 3782 eum
889 3725 1302 3781 Sacramentum
1336 3723 1548 3791 fecerit,
1576 3724 1736 3781 citius
1765 3738 1928 3794 super

325 3831 457 3872 eum
508 3816 659 3887 plaga
706 3817 950 3889 corp0ris
989 3815 1344 3872 ostendatur:
1397 3818 1466 3871 ita
1512 3826 1591 3883 ut,
1632 3826 1724 3871 aut
1756 3826 1930 3872 morte

330 3909 642 3976 mulctetur,
674 3923 766 3966 aut
798 3911 1027 3981 perditis
1057 3912 1233 3967 oculis
1260 3912 1538 3982 spirituale
1564 3921 1619 3967 et
1646 3912 1930 3981 corporale

336 4002 513 4059 lumen
534 4003 765 4071 amittat,
789 4015 882 4058 aut
906 4004 1154 4061 ariditate
1185 4004 1577 4073 membrorum,
1602 4020 1824 4061 mancus
1848 4005 1931 4059 vel

332 4095 555 4151 claudus
583 4096 874 4163 efﬁciatur,
917 4105 1011 4152 aut
1040 4098 1317 4153 invasione
1343 4098 1651 4153 daemonum
1682 4113 1818 4171 pene
1840 4113 1934 4154 us-

333 4204 437 4259 que
486 4188 554 4242 ad
607 4189 810 4244 exitum
856 4190 1166 4245 dilanietur.
1208 4208 1227 4241 ι
1288 4189 1446 4245 Hisce
1498 4190 1930 4259 laudationibus,

339 4282 568 4352 huicque
599 4287 720 4338 testi
774 4284 902 4338 item
948 4283 1306 4355 Berengarius
1331 4285 1560 4352 accedit,
1594 4286 1735 4341 ﬁlius
1762 4285 1933 4341 Eber-

338 4373 490 4431 hardi
539 4376 693 4431 ducis
739 4376 1153 4448 Forojuliensis,
1184 4380 1273 4448 qui
1303 4379 1592 4435 admodum
1634 4378 1851 4451 juvenis
1882 4380 1933 4434 in

338 4483 517 4539 regem
560 4467 727 4523 Italiae
774 4484 916 4524 anno
966 4470 1091 4535 888,
1139 4470 1240 4525 fuit
1295 4471 1557 4538 adlectus,
1611 4481 1671 4526 ut
1723 4478 1937 4527 constat

2026 1864 2378 1934 inspiciuntur
2427 1867 2588 1924 Parte
2633 1885 2671 1923 ιι
2713 1869 2875 1941 hujus
2922 1874 3123 1942 aperis,
3160 1880 3292 1947 ‘pag.
3338 1895 3538 1934 υωιχιν
3568 1892 3624 1937 et

2024 1974 2217 2021 ccxxv,
2252 1975 2317 2013 ex
2345 1961 2537 2030 quibus
2580 1962 2766 2018 licebit
2810 1965 3083 2034 conjicere
3122 1983 3245 2022 eum
3278 2012 3293 2035 ,
3338 1984 3621 2043 postquam

2024 2050 2260 2119 episcopi
2294 2050 2654 2108 Vercellensis
2688 2056 3068 2123 patrimonium
3112 2063 3243 2116 satis
3271 2066 3510 2133 amplum
3540 2067 3625 2121 di-

2026 2141 2284 2211 ripuerat,
2335 2153 2532 2200 tactum
2566 2147 2754 2203 dolore
2778 2150 2956 2204 cordis
2986 2153 3332 2221 intrinsecus,
3364 2156 3629 2214 Eusebia-

2024 2250 2151 2289 num
2179 2240 2571 2309 autograplium
2593 2257 2715 2296 cum
2741 2241 2953 2300 faenore
2974 2246 3289 2304 reddidisse.
3319 2250 3452 2306 Rem
3469 2268 3630 2308 narro

2024 2342 2093 2381 cx
2143 2328 2412 2385 lladriauo
2458 2331 2692 2400 Valesio,
2744 2335 2837 2404 qui
2882 2352 3002 2407 cap.
3034 2355 3087 2393 tv
3118 2341 3538 2399 Adnotationum
3571 2345 3624 2400 in

2026 2420 2299 2477 laudatum
2323 2426 2577 2496 anonymi
2612 2429 2991 2497 panegyricum
3014 2432 3221 2501 inquit:
3258 2452 3277 2483 ‹
3309 2433 3467 2489 Anno
3495 2437 3624 2502 886,

2024 2512 2165 2568 inter
2193 2514 2573 2584 Berengarium
2590 2517 3013 2586 Forojuliensem
3033 2521 3249 2590 ducent,
3277 2534 3331 2578 et
3357 2525 3627 2583 Lttilwar-

2025 2603 2151 2659 dum
2183 2606 2496 2677 episcopum
2545 2608 2979 2679 Vercellensem,
3013 2615 3189 2669 Caroli
3225 2621 3446 2688 Augusti
3478 2637 3509 2676 a
3538 2638 3629 2678 se-

2024 2696 2186 2752 cretis
2213 2698 2579 2754 consiliarium
2605 2702 2844 2771 unicum,
2872 2718 2990 2759 orta
3012 2707 3282 2765 discordia
3298 2720 3401 2766 est.
3428 2713 3629 2771 Beren-

2024 2793 2207 2861 garius
2241 2807 2335 2861 per
2364 2794 2494 2859 vim,
2527 2803 2618 2849 aut
2643 2811 2741 2865 per
2769 2798 2991 2853 insidias
3024 2800 3299 2859 Vercellas
3327 2805 3628 2877 ingressus,

2026 2885 2225 2939 multas
2255 2901 2344 2940 res
2371 2887 2609 2957 episcopi
2658 2905 2756 2959 pro
2783 2891 3057 2948 voluntate
3095 2898 3376 2967 surripuit,
3409 2918 3471 2957 ac
3494 2903 3631 2962 urbe

2026 2976 2261 3031 exceSsit
2288 2978 2476 3047 spoliis
2498 2990 2748 3048 onustus,
2783 2985 2999 3039 nemine
3028 2987 3388 3054 prohibente:
3422 2996 3516 3050 sed
3544 2998 3628 3051 in-

2026 3069 2273 3138 sequenti
2305 3085 2449 3125 auno
2496 3070 2597 3126 887
2625 3073 2691 3127 ad
2723 3074 3103 3141 imperatorem
3146 3086 3313 3148 venit,
3344 3094 3398 3139 et
3424 3090 3634 3159 magnis

1951 3195 1995 3257 C
2028 3160 2342 3215 muneribus
2386 3163 2769 3218 contumeliam
2822 3181 2885 3220 ac
2925 3166 3173 3237 injuriam
3216 3174 3471 3244 episcopo
3520 3178 3633 3235 fac-

2030 3260 2136 3305 tam
2192 3250 2313 3317 luit,
2368 3252 2695 3324 inimicaque
2745 3257 3025 3325 satisfecit,
3079 3266 3530 3332 quemadmodum
3580 3273 3631 3327 in

2026 3344 2329 3399 Annalibus
2360 3344 2688 3402 Bertinianis
2716 3349 3013 3406 invenitur.
3052 3373 3071 3406 ι
3126 3357 3284 3411 Anno
3315 3361 3458 3414 enim
3484 3363 3592 3418 886
3614 3404 3631 3432 ,

2028 3434 2157 3491 Post
2202 3436 2431 3503 Pascha,
2480 3438 2775 3511 (inquiunt)
2822 3443 2997 3498 habito
3031 3449 3259 3515 generali
3298 3448 3483 3521 Papia:
3512 3471 3635 3509 cou-

2028 3540 2178 3582 ventu
2222 3530 2502 3598 imperator
2546 3548 2637 3600 per
2668 3531 3024 3603 Burgundiam
3047 3580 3061 3603 ,
3097 3540 3296 3593 obviam
3330 3540 3635 3600 Normiunis

2028 3625 2082 3678 in
2113 3623 2361 3689 Galliam,
2404 3627 2493 3691 qui
2539 3637 2660 3681 tunc
2705 3628 2927 3684 Parisiis
2975 3642 3144 3697 erant,
3195 3650 3352 3705 usque
3390 3643 3633 3706 pervenit.

2034 3714 2214 3769 Occiso
2252 3716 2323 3769 ibi
2355 3715 2585 3772 Henrico
2616 3718 2912 3776 Marc/tensi
2941 3720 3283 3793 Francorum,
3319 3731 3402 3798 qui
3424 3730 3478 3783 id
3505 3740 3635 3786 tent-

2030 3824 2127 3877 pus
2154 3805 2208 3860 Ν
2213 3808 2457 3862 eustriam
2494 3813 2673 3875 tenuit,
2702 3827 2812 3874 rex,
2842 3830 3025 3881 parum
3050 3831 3291 3886 prospere
3316 3821 3445 3874 actis
3465 3822 3634 3888 rebus,

2030 3900 2300 3953 revertitur
2340 3900 2393 3953 in
2434 3917 2552 3956 sua.
2589 3901 2865 3959 Discordia
2892 3906 3023 3961 inter
3053 3907 3423 3982 Berengarium
3449 3931 3641 3987 cogna-

2033 4000 2141 4045 tunt
2187 3993 2339 4062 regis,
2374 3994 2463 4062 qui
2490 3992 2630 4047 Foro
2655 3996 2894 4052 Juliense
2924 4002 3151 4070 fruitur,
3197 4013 3245 4057 et
3290 4005 3640 4063 Liciwardum

2034 4088 2327 4158 episcopum
2361 4088 2547 4141 oritur.
2582 4087 2871 4159 Pr0pterea
2896 4091 3245 4166 Berengarius
3272 4100 3478 4156 mittens
3512 4102 3642 4155 Ver-

2035 4181 2273 4235 cellinam
2317 4181 2491 4235 urbem
2518 4183 2803 4250 expoliare,
2833 4186 3003 4256 ibique
3037 4190 3261 4255 veniens,
3291 4194 3467 4247 multis
3494 4194 3642 4249 rebus

2036 4274 2261 4343 episwpi
2310 4274 2551 4346 abreptis,
2585 4286 2737 4347 prout
2763 4279 2953 4346 voluit,
2997 4297 3229 4337 reversus
3269 4295 3363 4339 est.
3409 4285 3476 4339 Et
3505 4303 3642 4342 anno

2036 4366 2163 4430 887,
2196 4366 2479 4433 imperator
2507 4367 2714 4421 elisaica
2754 4387 2942 4443 magna
2982 4374 3281 4441 inﬁrmitate
3306 4378 3641 4451 adgravatur.

2038 4455 2227 4512 Postea
2240 4474 2423 4527 parum
2437 4458 2887 4525 convalescens,ad
2901 4463 3142 4518 Alemann
3151 4467 3248 4519 iam
3261 4469 3604 4538 proﬁciscitur
3623 4487 3643 4525 :

336 4577 399 4617 ex
429 4561 621 4633 sigillis
648 4563 825 4618 cereis
852 4562 1228 4633 diplomamm’
1271 4580 1393 4635 qua,
1421 4564 1537 4635 ipse
1563 4564 1711 4619 dedit
1749 4563 1937 4633 primis
1964 4581 2017 4641 Β
2042 4567 2248 4621 vergens
2292 4549 2499 4605 Curtem
2548 4551 2839 4620 Podouam,
2873 4572 2967 4627 pro
2999 4558 3197 4623 dolore,
3225 4563 3408 4628 capitis
3435 4565 3644 4617 incisio-

335 4654 419 4709 sui
462 4654 620 4725 regni
674 4655 851 4710 annis.
884 4655 960 4712 lbi
1003 4656 1146 4713 enim
1183 4656 1394 4728 efﬁgies
1428 4657 1671 4713 cernitur
1701 4655 1936 4711 hominis

339 4747 622 4814 imberbis,
654 4749 969 4820 vultumque
1002 4749 1298 4821 juvenilem
1332 4749 1691 4821 praeferentis,
1723 4749 1939 4820 qualem

341 4858 444 4898 non
476 4842 667 4898 videas
697 4842 752 4897 in
774 4842 1213 4914 subsequentium
1239 4859 1502 4900 annorum
1533 4844 1938 4915 diplomatibus.

341 4932 685 5005 Guglielmus
708 4933 1035 4991 Godefridus
1062 4935 1383 5001 Leibnitius,
1408 4936 1500 5008 qui
1529 4936 1823 4993 editionem
1856 4952 1943 4991 or-

342 5027 508 5097 navit,
538 5043 603 5083 ac
633 5028 852 5083 brevem
880 5027 1297 5099 Chronologiam
1338 5029 1545 5099 antiqui
1572 5029 1816 5083 carminis
1852 5044 1945 5097 pa-

346 5122 571 5194 negyrici
597 5123 663 5178 de
692 5122 933 5178 laudibus
977 5123 1275 5196 Berengarii
1326 5122 1544 5194 Augusti
1590 5123 1846 5193 (primum
1878 5121 1947 5177 ab

349 5214 621 5269 lladrisno
669 5214 883 5271 Valesio
926 5216 1360 5272 christianissimi
1396 5218 1539 5288 regis
1561 5215 1751 5273 Gallia:
1779 5218 1949 5271 histo-

350 5308 636 5378 ric-grapho
681 5309 966 5382 evulgati),
994 5327 1025 5365 a
1054 5326 1239 5366 mense
1270 5311 1411 5365 maio
1452 5312 1579 5366 anni
1611 5311 1738 5374 887,
1784 5326 1949 5365 exor-

355 5398 494 5454 ditur
522 5417 749 5472 rcgnnm
779 5402 1092 5473 Bereugarii
1124 5402 1173 5456 in
1201 5402 1372 5457 Italia.
1408 5401 1514 5458 Sed
1542 5402 1593 5456 id
1619 5402 1840 5456 minime
1861 5415 1950 5456 so-

354 5489 481 5545 lidis
528 5491 893 5549 fundamentis
914 5536 929 5559 ,
962 5496 1034 5549 uti
1065 5496 1142 5549 ait
1169 5494 1518 5550 doctissimus
1557 5493 1724 5549 abbas
1764 5493 1947 5549 Ludo-

354 5584 507 5640 vicus
558 5586 883 5644 Muratorius
920 5587 1081 5645 Parte
1110 5605 1127 5644 ι
1157 5587 1310 5645 Tomi
1343 5605 1382 5645 ιι
1410 5589 1603 5645 Rerum
1645 5587 1953 5644 Italicarum

353 5693 472 5749 pag.
520 5680 648 5747 575,
680 5680 768 5736 cui
797 5691 923 5737 ante
947 5682 1134 5737 oculos
1158 5682 1586 5739 observabantur
1632 5681 1741 5738 duo
1783 5682 1956 5753 diplo-

355 5783 497 5829 mata
530 5771 714 5831 Caroli
756 5772 936 5830 Crassi
964 5776 1307 5848 imperatoris
1338 5817 1355 5847 ,
1389 5775 1514 5834 data
1540 5793 1678 5834 anno
1714 5776 1839 5848 887,
1897 5792 1956 5834 ιιι

762 5867 1039 5931 Parnm"
1092 5869 1235 5935 XII.

2044 4659 2157 4695 nem
2182 4643 2395 4713 accepit.
2427 4642 2708 4699 Transacto
2737 4646 2820 4700 die
2847 4660 3024 4704 sancto
3050 4650 3289 4720 Prisc/uc,
3317 4655 3547 4709 habitum
3570 4667 3643 4710 est

2046 4734 2308 4790 Placitum
2341 4735 2674 4810 Weibilinga.
2719 4738 2746 4792 Ι
2755 4740 2803 4794 bi
2830 4742 2958 4796 inter
2988 4744 3093 4798 alia
3119 4744 3457 4817 Bereugarius
3483 4748 3551 4802 ad
3579 4750 3644 4819 ﬁ-

2047 4828 2308 4882 delitatem
2339 4828 2557 4883 Cwsaris
2588 4834 2832 4901 pervenit,
2868 4838 3164 4907 magnisque
3196 4839 3490 4894 muneribus
3522 4858 3644 4896 con-

2049 4921 2311 4975 tumeliam
2337 4961 2353 4987 ,
2384 4939 2537 4987 quant
2569 4925 2624 4977 in
2652 4923 2944 4980 Liviwardo
2974 4929 3135 4998 priori
3159 4946 3292 4984 anno
3319 4935 3645 4989 commiserat

2048 5015 2401 5082 componendo
2432 5018 2668 5071 absolvit.

2118 5107 2407 5163 Eusebiaui
2441 5109 2643 5164 codicis
2672 5112 2989 5181 operculum
3023 5131 3089 5170 ex
3117 5129 3342 5189 argento
3368 5132 3423 5177 et
3454 5139 3587 5178 auro
3612 5141 3643 5179 a

2049 5199 2375 5269 Berengario
2402 5215 2525 5269 rege
2554 5203 2910 5260 instauratum
2929 5248 2944 5273 ,
2975 5224 3040 5263 ex
3088 5224 3193 5266 una
3224 5222 3375 5282 parte
3404 5214 3646 5271 Salvato-

2054 5294 2131 5348 ris
2185 5292 2669 5376 nos1ri_efﬁgiem,
2718 5313 2785 5353 ex
2827 5298 2932 5355 alia
2962 5300 3019 5358 S.
3076 5303 3374 5360 Eusebium
3427 5307 3648 5365 exhibet

2054 5386 2296 5445 EUSEB.
2331 5389 2501 5445 EPS:
2554 5387 2620 5443 ad
2665 5388 2781 5460 ejus
2827 5406 2957 5447 vero
2989 5393 3153 5463 pedes
3201 5396 3402 5452 laudati
3457 5414 3647 5460 versus

2052 5482 2310 5553 adscripti
2343 5483 2591 5553 leguntur
2622 5501 2634 5536 :
2668 5540 2673 5545 ,

2054 5599 2092 5661 -ι-
2118 5597 2303 5664 Ρινεξὲιιι
2334 5598 2415 5664 hic
2439 5598 2685 5648 Eusebius
2707 5600 2916 5664 scripsit,
2940 5602 3181 5664 solvitque
3213 5610 3467 5661 vetustas:

2210 5659 2319 5710 Rex
2342 5659 3053 5724 Berengariussedit-liparavit
3076 5659 3204 5713 idem
3232 5681 3243 5715 :

2055 5725 2330 5799 Argentum
2342 5722 2611 5799 postquam
2624 5722 2689 5799 ul
2698 5723 3071 5799 vode‘pt'onipsit
3089 5726 3496 5799 (Ldecompsit)et
3508 5748 3625 5789 auro

2209 5780 2686 5849 Eccle'siae,'przesul,
2712 5780 2887 5847 optulit
2908 5780 3016 5849 ipse
3042 5780 3158 5841 tuae,
3326 5780 3338 5796 -
3358 5780 3644 5803 -ηι--ηην,

3082 5873 3121 5932 3
