  <div class='ocr_page' id='page_1' title='image "/cluster/home/n/w/nwhite01/storage/ocr_20150623/12/hvd.32044096580410/043.png"; bbox 0 0 4054 6198; ppageno 0'>
   <div class='ocr_carea' id='block_1_1' title="bbox 374 242 2277 313">
    <p class='ocr_par' dir='ltr' id='par_1_1' title="bbox 374 242 2277 313">
     <span class='ocr_line' id='line_1_1' title="bbox 374 242 2277 313; baseline 0.003 -15"><span class='ocrx_word' id='word_1_1' title='bbox 374 258 445 313; x_wconf 75' lang='lat'>73</span> <span class='ocrx_word' id='word_1_2' title='bbox 1740 242 2277 304; x_wconf 77' lang='lat' dir='ltr'><strong>PROLEGOMENA.</strong></span> 
     </span>
    </p>
   </div>
   <div class='ocr_carea' id='block_1_2' title="bbox 3605 258 3693 317">
    <p class='ocr_par' dir='ltr' id='par_1_2' title="bbox 3605 258 3693 317">
     <span class='ocr_line' id='line_1_2' title="bbox 3605 258 3693 317; baseline 0.034 -3"><span class='ocrx_word' id='word_1_3' title='bbox 3605 258 3693 317; x_wconf 71' lang='lat'><strong>76.</strong></span> 
     </span>
    </p>
   </div>
   <div class='ocr_carea' id='block_1_3' title="bbox 371 361 3679 442">
    <p class='ocr_par' dir='ltr' id='par_1_3' title="bbox 371 361 3679 442">
     <span class='ocr_line' id='line_1_3' title="bbox 371 361 3679 442; baseline 0.002 -17"><span class='ocrx_word' id='word_1_4' title='bbox 371 372 545 442; x_wconf 79' lang='lat' dir='ltr'><strong>llujus</strong></span> <span class='ocrx_word' id='word_1_5' title='bbox 568 367 774 425; x_wconf 83' lang='lat' dir='ltr'><strong>codicis</strong></span> <span class='ocrx_word' id='word_1_6' title='bbox 799 366 946 423; x_wconf 88' lang='lat' dir='ltr'><strong>omni</strong></span> <span class='ocrx_word' id='word_1_7' title='bbox 975 365 1127 421; x_wconf 89' lang='lat' dir='ltr'><strong>cultu</strong></span> <span class='ocrx_word' id='word_1_8' title='bbox 1152 373 1209 421; x_wconf 93' lang='lat' dir='ltr'><strong>et</strong></span> <span class='ocrx_word' id='word_1_9' title='bbox 1235 364 1588 422; x_wconf 86' lang='lat' dir='ltr'><strong>veneratione</strong></span> <span class='ocrx_word' id='word_1_10' title='bbox 1608 361 1972 434; x_wconf 84' lang='lat' dir='ltr'><strong>prosequendi</strong></span> <span class='ocrx_word' id='word_1_11' title='bbox 1999 375 2054 433; x_wconf 58' lang='grc' dir='ltr'><strong><em>Α</em></strong></span> <span class='ocrx_word' id='word_1_12' title='bbox 2077 362 2423 421; x_wconf 78' lang='lat' dir='ltr'><strong>manifestum</strong></span> <span class='ocrx_word' id='word_1_13' title='bbox 2450 373 2535 420; x_wconf 87' lang='lat' dir='ltr'><strong>est</strong></span> <span class='ocrx_word' id='word_1_14' title='bbox 2565 380 2581 420; x_wconf 91' lang='lat'><strong><em>:</em></strong></span> <span class='ocrx_word' id='word_1_15' title='bbox 2621 363 2732 421; x_wconf 78' lang='lat' dir='ltr'><strong>illic</strong></span> <span class='ocrx_word' id='word_1_16' title='bbox 2769 370 2953 423; x_wconf 86' lang='lat' dir='ltr'><strong>autem</strong></span> <span class='ocrx_word' id='word_1_17' title='bbox 2996 367 3271 426; x_wconf 80' lang='lat' dir='ltr'><strong>exstitisse</strong></span> <span class='ocrx_word' id='word_1_18' title='bbox 3316 370 3371 426; x_wconf 91' lang='lat' dir='ltr'><strong>in</strong></span> <span class='ocrx_word' id='word_1_19' title='bbox 3397 373 3679 434; x_wconf 76' lang='lat' dir='ltr'><strong>codicibus</strong></span> 
     </span>
    </p>
   </div>
   <div class='ocr_carea' id='block_1_4' title="bbox 374 456 1970 536">
    <p class='ocr_par' dir='ltr' id='par_1_4' title="bbox 374 456 1970 536">
     <span class='ocr_line' id='line_1_4' title="bbox 374 456 1970 536; baseline -0.008 -14"><span class='ocrx_word' id='word_1_20' title='bbox 374 467 497 523; x_wconf 86' lang='lat' dir='ltr'><strong>vide</strong></span> <span class='ocrx_word' id='word_1_21' title='bbox 524 467 892 536; x_wconf 85' lang='lat' dir='ltr'><strong>integumenta</strong></span> <span class='ocrx_word' id='word_1_22' title='bbox 917 466 1174 531; x_wconf 86' lang='lat' dir='ltr'><strong>argentea</strong></span> <span class='ocrx_word' id='word_1_23' title='bbox 1203 461 1307 516; x_wconf 77' lang='lat' dir='ltr'><strong>teri</strong></span> <span class='ocrx_word' id='word_1_24' title='bbox 1347 460 1515 515; x_wconf 89' lang='lat' dir='ltr'><strong>incisa</strong></span> <span class='ocrx_word' id='word_1_25' title='bbox 1544 458 1704 514; x_wconf 89' lang='lat' dir='ltr'><strong>Parte</strong></span> <span class='ocrx_word' id='word_1_26' title='bbox 1734 473 1767 513; x_wconf 83' lang='grc' dir='ltr'><strong><em>ιι</em></strong></span> <span class='ocrx_word' id='word_1_27' title='bbox 1809 456 1970 527; x_wconf 80' lang='lat' dir='ltr'><strong>hujus</strong></span> 
     </span>
    </p>
   </div>
   <div class='ocr_carea' id='block_1_5' title="bbox 373 553 1534 632">
    <p class='ocr_par' dir='ltr' id='par_1_5' title="bbox 373 553 1534 632">
     <span class='ocr_line' id='line_1_5' title="bbox 373 553 1534 632; baseline -0.009 -16"><span class='ocrx_word' id='word_1_28' title='bbox 373 562 555 632; x_wconf 87' lang='lat' dir='ltr'><strong>operis</strong></span> <span class='ocrx_word' id='word_1_29' title='bbox 588 574 709 630; x_wconf 98' lang='lat' dir='ltr'><strong>pag.</strong></span> <span class='ocrx_word' id='word_1_30' title='bbox 740 558 843 613; x_wconf 77' lang='grc'><strong>574</strong></span> <span class='ocrx_word' id='word_1_31' title='bbox 871 565 925 610; x_wconf 90' lang='lat' dir='ltr'><strong>et</strong></span> <span class='ocrx_word' id='word_1_32' title='bbox 948 554 1053 611; x_wconf 81' lang='lat'><strong>575</strong></span> <span class='ocrx_word' id='word_1_33' title='bbox 1074 594 1090 621; x_wconf 94' lang='lat'><strong>,</strong></span> <span class='ocrx_word' id='word_1_34' title='bbox 1124 568 1259 625; x_wconf 89' lang='lat' dir='ltr'><strong>quas</strong></span> <span class='ocrx_word' id='word_1_35' title='bbox 1286 553 1534 624; x_wconf 86' lang='lat' dir='ltr'><strong>allegavi.</strong></span> 
     </span>
    </p>
   </div>
   <div class='ocr_carea' id='block_1_6' title="bbox 442 641 1965 722">
    <p class='ocr_par' dir='ltr' id='par_1_6' title="bbox 442 641 1965 722">
     <span class='ocr_line' id='line_1_6' title="bbox 442 641 1965 722; baseline -0.007 -16"><span class='ocrx_word' id='word_1_36' title='bbox 442 652 611 722; x_wconf 85' lang='lat' dir='ltr'><strong>igitur</strong></span> <span class='ocrx_word' id='word_1_37' title='bbox 637 665 709 705; x_wconf 81' lang='lat' dir='ltr'><strong>ex</strong></span> <span class='ocrx_word' id='word_1_38' title='bbox 764 646 1152 718; x_wconf 85' lang='lat' dir='ltr'><strong>epigrammate</strong></span> <span class='ocrx_word' id='word_1_39' title='bbox 1198 660 1230 700; x_wconf 88' lang='lat' dir='ltr'><strong>a</strong></span> <span class='ocrx_word' id='word_1_40' title='bbox 1266 643 1601 715; x_wconf 74' lang='lat' dir='ltr'><strong>Berengario‘</strong></span> <span class='ocrx_word' id='word_1_41' title='bbox 1641 644 1694 697; x_wconf 94' lang='lat' dir='ltr'><strong>in</strong></span> <span class='ocrx_word' id='word_1_42' title='bbox 1750 641 1965 697; x_wconf 86' lang='lat' dir='ltr'><strong>Vercel-</strong></span> 
     </span>
    </p>
   </div>
   <div class='ocr_carea' id='block_1_7' title="bbox 371 733 1966 809">
    <p class='ocr_par' dir='ltr' id='par_1_7' title="bbox 371 733 1966 809">
     <span class='ocr_line' id='line_1_7' title="bbox 371 733 1966 809; baseline -0.006 -11"><span class='ocrx_word' id='word_1_43' title='bbox 371 741 1018 809; x_wconf 22' lang='lat' dir='ltr'><strong>lensi&#39;codice‘expresso</strong></span> <span class='ocrx_word' id='word_1_44' title='bbox 1050 746 1329 802; x_wconf 87' lang='lat' dir='ltr'><strong>tenemus,</strong></span> <span class='ocrx_word' id='word_1_45' title='bbox 1373 737 1548 806; x_wconf 90' lang='lat' dir='ltr'><strong>ipsum</strong></span> <span class='ocrx_word' id='word_1_46' title='bbox 1578 734 1821 790; x_wconf 84' lang='lat' dir='ltr'><strong>codicem</strong></span> <span class='ocrx_word' id='word_1_47' title='bbox 1848 748 1881 787; x_wconf 89' lang='lat' dir='ltr'><strong>a</strong></span> <span class='ocrx_word' id='word_1_48' title='bbox 1908 733 1966 789; x_wconf 90' lang='lat' dir='ltr'><strong>S.</strong></span> 
     </span>
    </p>
   </div>
   <div class='ocr_carea' id='block_1_8' title="bbox 373 826 1970 899">
    <p class='ocr_par' dir='ltr' id='par_1_8' title="bbox 373 826 1970 899">
     <span class='ocr_line' id='line_1_8' title="bbox 373 826 1970 899; baseline -0.006 -10"><span class='ocrx_word' id='word_1_49' title='bbox 373 834 607 891; x_wconf 79' lang='lat' dir='ltr'><strong>Eusebio</strong></span> <span class='ocrx_word' id='word_1_50' title='bbox 648 831 813 887; x_wconf 85' lang='lat' dir='ltr'><strong>fuisse</strong></span> <span class='ocrx_word' id='word_1_51' title='bbox 841 839 1122 885; x_wconf 78' lang='lat' dir='ltr'><strong>exaratum</strong></span> <span class='ocrx_word' id='word_1_52' title='bbox 1157 844 1172 882; x_wconf 90' lang='lat'><strong>:</strong></span> <span class='ocrx_word' id='word_1_53' title='bbox 1206 827 1349 899; x_wconf 88' lang='lat' dir='ltr'><strong>quod</strong></span> <span class='ocrx_word' id='word_1_54' title='bbox 1400 826 1768 882; x_wconf 87' lang='lat' dir='ltr'><strong>testimonium</strong></span> <span class='ocrx_word' id='word_1_55' title='bbox 1791 867 1806 891; x_wconf 96' lang='lat'><strong>,</strong></span> <span class='ocrx_word' id='word_1_56' title='bbox 1836 840 1970 895; x_wconf 86' lang='lat' dir='ltr'><strong>quo-</strong></span> 
     </span>
    </p>
   </div>
   <div class='ocr_carea' id='block_1_9' title="bbox 371 919 1971 995">
    <p class='ocr_par' dir='ltr' id='par_1_9' title="bbox 371 919 1971 995">
     <span class='ocr_line' id='line_1_9' title="bbox 371 919 1971 995; baseline -0.007 -14"><span class='ocrx_word' id='word_1_57' title='bbox 371 931 510 983; x_wconf 88' lang='lat' dir='ltr'><strong>niam</strong></span> <span class='ocrx_word' id='word_1_58' title='bbox 540 927 630 981; x_wconf 85' lang='lat' dir='ltr'><strong>illo</strong></span> <span class='ocrx_word' id='word_1_59' title='bbox 659 940 789 995; x_wconf 84' lang='lat' dir='ltr'><strong>rege</strong></span> <span class='ocrx_word' id='word_1_60' title='bbox 818 923 1202 994; x_wconf 84' lang='lat' dir='ltr'><strong>proficiscitur,</strong></span> <span class='ocrx_word' id='word_1_61' title='bbox 1240 920 1307 976; x_wconf 86' lang='lat' dir='ltr'><strong>ad</strong></span> <span class='ocrx_word' id='word_1_62' title='bbox 1337 935 1536 975; x_wconf 92' lang='lat' dir='ltr'><strong>nonum</strong></span> <span class='ocrx_word' id='word_1_63' title='bbox 1565 919 1765 974; x_wconf 89' lang='lat' dir='ltr'><strong>Christi</strong></span> <span class='ocrx_word' id='word_1_64' title='bbox 1798 932 1971 972; x_wconf 56' lang='lat' dir='ltr'><strong>saucu-</strong></span> 
     </span>
    </p>
   </div>
   <div class='ocr_carea' id='block_1_10' title="bbox 368 1012 1970 1084">
    <p class='ocr_par' dir='ltr' id='par_1_10' title="bbox 368 1012 1970 1084">
     <span class='ocr_line' id='line_1_10' title="bbox 368 1012 1970 1084; baseline -0.007 -9"><span class='ocrx_word' id='word_1_65' title='bbox 368 1022 477 1076; x_wconf 91' lang='lat' dir='ltr'><strong>lutn</strong></span> <span class='ocrx_word' id='word_1_66' title='bbox 516 1030 599 1075; x_wconf 90' lang='lat' dir='ltr'><strong>est</strong></span> <span class='ocrx_word' id='word_1_67' title='bbox 638 1016 1007 1074; x_wconf 81' lang='lat' dir='ltr'><strong>referendum.</strong></span> <span class='ocrx_word' id='word_1_68' title='bbox 1031 1016 1336 1084; x_wconf 91' lang='lat' dir='ltr'><strong>Antequam</strong></span> <span class='ocrx_word' id='word_1_69' title='bbox 1376 1028 1507 1068; x_wconf 88' lang='lat' dir='ltr'><strong>vero</strong></span> <span class='ocrx_word' id='word_1_70' title='bbox 1534 1012 1753 1067; x_wconf 88' lang='lat' dir='ltr'><strong>tollatur</strong></span> <span class='ocrx_word' id='word_1_71' title='bbox 1778 1024 1970 1064; x_wconf 90' lang='lat' dir='ltr'><strong>manus</strong></span> 
     </span>
    </p>
   </div>
   <div class='ocr_carea' id='block_1_11' title="bbox 367 1103 1969 1179">
    <p class='ocr_par' dir='ltr' id='par_1_11' title="bbox 367 1103 1969 1179">
     <span class='ocr_line' id='line_1_11' title="bbox 367 1103 1969 1179; baseline -0.009 -9"><span class='ocrx_word' id='word_1_72' title='bbox 367 1131 397 1170; x_wconf 91' lang='lat' dir='ltr'><strong>e</strong></span> <span class='ocrx_word' id='word_1_73' title='bbox 431 1114 643 1179; x_wconf 88' lang='lat' dir='ltr'><strong>tabula,</strong></span> <span class='ocrx_word' id='word_1_74' title='bbox 673 1112 889 1169; x_wconf 91' lang='lat' dir='ltr'><strong>unicum</strong></span> <span class='ocrx_word' id='word_1_75' title='bbox 922 1109 1116 1163; x_wconf 79' lang='lat' dir='ltr'><strong>saltem</strong></span> <span class='ocrx_word' id='word_1_76' title='bbox 1150 1106 1351 1162; x_wconf 92' lang='lat' dir='ltr'><strong>laudati</strong></span> <span class='ocrx_word' id='word_1_77' title='bbox 1390 1105 1594 1161; x_wconf 88' lang='lat' dir='ltr'><strong>codicis</strong></span> <span class='ocrx_word' id='word_1_78' title='bbox 1624 1106 1800 1161; x_wconf 90' lang='lat' dir='ltr'><strong>locum</strong></span> <span class='ocrx_word' id='word_1_79' title='bbox 1832 1103 1969 1158; x_wconf 86' lang='lat' dir='ltr'><strong>reci-</strong></span> 
     </span>
    </p>
   </div>
   <div class='ocr_carea' id='block_1_12' title="bbox 370 1195 1968 1277">
    <p class='ocr_par' dir='ltr' id='par_1_12' title="bbox 370 1195 1968 1277">
     <span class='ocr_line' id='line_1_12' title="bbox 370 1195 1968 1277; baseline -0.008 -16"><span class='ocrx_word' id='word_1_80' title='bbox 370 1222 575 1273; x_wconf 89' lang='lat' dir='ltr'><strong>temus,</strong></span> <span class='ocrx_word' id='word_1_81' title='bbox 608 1206 768 1277; x_wconf 82' lang='lat' dir='ltr'><strong>quem</strong></span> <span class='ocrx_word' id='word_1_82' title='bbox 820 1202 1003 1258; x_wconf 79' lang='lat' dir='ltr'><strong>Ariani</strong></span> <span class='ocrx_word' id='word_1_83' title='bbox 1058 1215 1124 1255; x_wconf 91' lang='lat' dir='ltr'><strong>eo</strong></span> <span class='ocrx_word' id='word_1_84' title='bbox 1166 1208 1458 1269; x_wconf 85' lang='lat' dir='ltr'><strong>tempore,</strong></span> <span class='ocrx_word' id='word_1_85' title='bbox 1516 1211 1622 1267; x_wconf 91' lang='lat' dir='ltr'><strong>quo</strong></span> <span class='ocrx_word' id='word_1_86' title='bbox 1667 1195 1968 1252; x_wconf 81' lang='lat' dir='ltr'><strong>Auxentins</strong></span> 
     </span>
    </p>
   </div>
   <div class='ocr_carea' id='block_1_13' title="bbox 372 1289 1961 1356">
    <p class='ocr_par' dir='ltr' id='par_1_13' title="bbox 372 1289 1961 1356">
     <span class='ocr_line' id='line_1_13' title="bbox 372 1289 1961 1356; baseline -0.009 -1"><span class='ocrx_word' id='word_1_87' title='bbox 372 1300 829 1355; x_wconf 81' lang='lat' dir='ltr'><strong>Mediolancnsem</strong></span> <span class='ocrx_word' id='word_1_88' title='bbox 864 1294 1164 1350; x_wconf 79' lang='lat' dir='ltr'><strong>Ecclesium</strong></span> <span class='ocrx_word' id='word_1_89' title='bbox 1210 1290 1379 1345; x_wconf 89' lang='lat' dir='ltr'><strong>armis</strong></span> <span class='ocrx_word' id='word_1_90' title='bbox 1420 1289 1774 1356; x_wconf 74' lang='lat' dir='ltr'><strong>exercituque</strong></span> <span class='ocrx_word' id='word_1_91' title='bbox 1800 1302 1961 1342; x_wconf 86' lang='lat' dir='ltr'><strong>occu-</strong></span> 
     </span>
    </p>
   </div>
   <div class='ocr_carea' id='block_1_14' title="bbox 365 1379 1963 1463">
    <p class='ocr_par' dir='ltr' id='par_1_14' title="bbox 365 1379 1963 1463">
     <span class='ocr_line' id='line_1_14' title="bbox 365 1379 1963 1463; baseline -0.01 -19"><span class='ocrx_word' id='word_1_92' title='bbox 365 1402 586 1463; x_wconf 89' lang='lat' dir='ltr'><strong>paverat</strong></span> <span class='ocrx_word' id='word_1_93' title='bbox 637 1388 891 1462; x_wconf 85' lang='lat' dir='ltr'><strong>(Valente</strong></span> <span class='ocrx_word' id='word_1_94' title='bbox 931 1398 983 1440; x_wconf 90' lang='lat' dir='ltr'><strong>et</strong></span> <span class='ocrx_word' id='word_1_95' title='bbox 1015 1384 1243 1440; x_wconf 89' lang='lat' dir='ltr'><strong>Ursacio</strong></span> <span class='ocrx_word' id='word_1_96' title='bbox 1274 1381 1578 1437; x_wconf 88' lang='lat' dir='ltr'><strong>Ecclesiam</strong></span> <span class='ocrx_word' id='word_1_97' title='bbox 1610 1379 1963 1435; x_wconf 89' lang='lat' dir='ltr'><strong>Sirmiensem</strong></span> 
     </span>
    </p>
   </div>
   <div class='ocr_carea' id='block_1_15' title="bbox 365 1468 1965 1551">
    <p class='ocr_par' dir='ltr' id='par_1_15' title="bbox 365 1468 1965 1551">
     <span class='ocr_line' id='line_1_15' title="bbox 365 1468 1965 1551; baseline -0.011 -12"><span class='ocrx_word' id='word_1_98' title='bbox 365 1478 789 1551; x_wconf 89' lang='lat' dir='ltr'><strong>incursantibus)</strong></span> <span class='ocrx_word' id='word_1_99' title='bbox 816 1478 883 1533; x_wconf 91' lang='lat' dir='ltr'><strong>de</strong></span> <span class='ocrx_word' id='word_1_100' title='bbox 914 1491 1069 1532; x_wconf 88' lang='lat' dir='ltr'><strong>sacro</strong></span> <span class='ocrx_word' id='word_1_101' title='bbox 1096 1475 1321 1530; x_wconf 81' lang='lat' dir='ltr'><strong>Joannis</strong></span> <span class='ocrx_word' id='word_1_102' title='bbox 1351 1472 1648 1541; x_wconf 82' lang='lat' dir='ltr'><strong>Evangelia</strong></span> <span class='ocrx_word' id='word_1_103' title='bbox 1695 1468 1965 1541; x_wconf 89' lang='lat' dir='ltr'><strong>punienda</strong></span> 
     </span>
    </p>
   </div>
   <div class='ocr_carea' id='block_1_16' title="bbox 298 1546 1965 1644">
    <p class='ocr_par' dir='ltr' id='par_1_16' title="bbox 298 1546 1965 1644">
     <span class='ocr_line' id='line_1_16' title="bbox 298 1546 1965 1644; baseline -0.008 -13"><span class='ocrx_word' id='word_1_104' title='bbox 298 1546 301 1551; x_wconf 28' lang='grc' dir='ltr'><strong>Ι</strong></span> <span class='ocrx_word' id='word_1_105' title='bbox 363 1594 524 1632; x_wconf 90' lang='lat' dir='ltr'><strong>tnann</strong></span> <span class='ocrx_word' id='word_1_106' title='bbox 552 1546 887 1631; x_wconf 82' lang='lat' dir='ltr'><strong>sustulerunt</strong></span> <span class='ocrx_word' id='word_1_107' title='bbox 930 1572 1164 1644; x_wconf 84' lang='lat' dir='ltr'><strong>(nempe</strong></span> <span class='ocrx_word' id='word_1_108' title='bbox 1196 1584 1409 1623; x_wconf 85' lang='lat' dir='ltr'><strong>versum</strong></span> <span class='ocrx_word' id='word_1_109' title='bbox 1456 1566 1526 1634; x_wconf 88' lang='lat'><strong>6,</strong></span> <span class='ocrx_word' id='word_1_110' title='bbox 1557 1582 1675 1633; x_wconf 85' lang='lat' dir='ltr'><strong>cap.</strong></span> <span class='ocrx_word' id='word_1_111' title='bbox 1710 1564 1815 1635; x_wconf 83' lang='lat' dir='ltr'><strong>tu).</strong></span> <span class='ocrx_word' id='word_1_112' title='bbox 1851 1563 1965 1617; x_wconf 78' lang='lat' dir='ltr'><strong>Hoc</strong></span> 
     </span>
    </p>
   </div>
   <div class='ocr_carea' id='block_1_17' title="bbox 360 1658 1964 1737">
    <p class='ocr_par' dir='ltr' id='par_1_17' title="bbox 360 1658 1964 1737">
     <span class='ocr_line' id='line_1_17' title="bbox 360 1658 1964 1737; baseline -0.009 -14"><span class='ocrx_word' id='word_1_113' title='bbox 360 1671 501 1725; x_wconf 78' lang='lat' dir='ltr'><strong>miim</strong></span> <span class='ocrx_word' id='word_1_114' title='bbox 534 1668 793 1737; x_wconf 85' lang='lat' dir='ltr'><strong>flagitium</strong></span> <span class='ocrx_word' id='word_1_115' title='bbox 812 1707 827 1733; x_wconf 88' lang='lat'><strong>,</strong></span> <span class='ocrx_word' id='word_1_116' title='bbox 857 1664 1110 1735; x_wconf 87' lang='lat' dir='ltr'><strong>quoniam</strong></span> <span class='ocrx_word' id='word_1_117' title='bbox 1140 1660 1536 1732; x_wconf 88' lang='lat' dir='ltr'><strong>deprehensum</strong></span> <span class='ocrx_word' id='word_1_118' title='bbox 1568 1658 1667 1712; x_wconf 88' lang='lat' dir='ltr'><strong>fuit</strong></span> <span class='ocrx_word' id='word_1_119' title='bbox 1693 1658 1838 1711; x_wconf 90' lang='lat' dir='ltr'><strong>circa</strong></span> <span class='ocrx_word' id='word_1_120' title='bbox 1865 1671 1964 1710; x_wconf 85' lang='lat' dir='ltr'><strong>an-</strong></span> 
     </span>
    </p>
   </div>
   <div class='ocr_carea' id='block_1_18' title="bbox 2075 454 3676 537">
    <p class='ocr_par' dir='ltr' id='par_1_18' title="bbox 2075 454 3676 537">
     <span class='ocr_line' id='line_1_18' title="bbox 2075 454 3676 537; baseline 0.009 -29"><span class='ocrx_word' id='word_1_121' title='bbox 2075 454 2279 508; x_wconf 85' lang='lat' dir='ltr'><strong>Latinis</strong></span> <span class='ocrx_word' id='word_1_122' title='bbox 2304 456 2605 524; x_wconf 85' lang='lat' dir='ltr'><strong>praesertim</strong></span> <span class='ocrx_word' id='word_1_123' title='bbox 2632 456 3052 515; x_wconf 85' lang='lat' dir='ltr'><strong>Mediolanensis</strong></span> <span class='ocrx_word' id='word_1_124' title='bbox 3080 458 3442 533; x_wconf 83' lang='lat' dir='ltr'><strong>Metropoleos</strong></span> <span class='ocrx_word' id='word_1_125' title='bbox 3464 464 3542 537; x_wconf 82' lang='lat' dir='ltr'><strong>(in</strong></span> <span class='ocrx_word' id='word_1_126' title='bbox 3571 482 3676 523; x_wconf 81' lang='lat' dir='ltr'><strong>cu-</strong></span> 
     </span>
    </p>
   </div>
   <div class='ocr_carea' id='block_1_19' title="bbox 2068 544 3708 623">
    <p class='ocr_par' dir='ltr' id='par_1_19' title="bbox 2068 544 3708 623">
     <span class='ocr_line' id='line_1_19' title="bbox 2068 544 3708 623; baseline 0.012 -28"><span class='ocrx_word' id='word_1_127' title='bbox 2068 544 2158 615; x_wconf 89' lang='lat' dir='ltr'><strong>jus</strong></span> <span class='ocrx_word' id='word_1_128' title='bbox 2186 547 2384 602; x_wconf 79' lang='lat' dir='ltr'><strong>ti&#39;nibus‘</strong></span> <span class='ocrx_word' id='word_1_129' title='bbox 2410 547 2672 605; x_wconf 70' lang='lat' dir='ltr'><strong>Vercellae</strong></span> <span class='ocrx_word' id='word_1_130' title='bbox 2699 550 3141 623; x_wconf 83' lang='lat' dir='ltr'><strong>continebantur)</strong></span> <span class='ocrx_word' id='word_1_131' title='bbox 3173 554 3395 623; x_wconf 86' lang='lat' dir='ltr'><strong>scriptis</strong></span> <span class='ocrx_word' id='word_1_132' title='bbox 3415 566 3546 614; x_wconf 89' lang='lat' dir='ltr'><strong>ante</strong></span> <span class='ocrx_word' id='word_1_133' title='bbox 3570 558 3675 615; x_wconf 86' lang='lat' dir='ltr'><strong>ini-</strong></span> <span class='ocrx_word' id='word_1_134' title='bbox 3704 598 3708 604; x_wconf 58' lang='grc' dir='ltr'><strong><em>ι</em></strong></span> 
     </span>
    </p>
   </div>
   <div class='ocr_carea' id='block_1_20' title="bbox 2071 637 3675 723">
    <p class='ocr_par' dir='ltr' id='par_1_20' title="bbox 2071 637 3675 723">
     <span class='ocr_line' id='line_1_20' title="bbox 2071 637 3675 723; baseline 0.012 -34"><span class='ocrx_word' id='word_1_135' title='bbox 2071 653 2175 706; x_wconf 90' lang='lat' dir='ltr'><strong>qua</strong></span> <span class='ocrx_word' id='word_1_136' title='bbox 2212 637 2539 695; x_wconf 89' lang='lat' dir='ltr'><strong>Arianorum‘</strong></span> <span class='ocrx_word' id='word_1_137' title='bbox 2589 650 2833 711; x_wconf 90' lang='lat' dir='ltr'><strong>tempora</strong></span> <span class='ocrx_word' id='word_1_138' title='bbox 2856 683 2873 711; x_wconf 92' lang='lat'><strong>,</strong></span> <span class='ocrx_word' id='word_1_139' title='bbox 2919 642 3125 700; x_wconf 76' lang='lat' dir='ltr'><strong>nemini</strong></span> <span class='ocrx_word' id='word_1_140' title='bbox 3173 645 3397 703; x_wconf 89' lang='lat' dir='ltr'><strong>dubium</strong></span> <span class='ocrx_word' id='word_1_141' title='bbox 3424 664 3547 705; x_wconf 88' lang='lat' dir='ltr'><strong>esse</strong></span> <span class='ocrx_word' id='word_1_142' title='bbox 3577 660 3675 723; x_wconf 86' lang='lat' dir='ltr'><strong>p‘o—</strong></span> 
     </span>
    </p>
   </div>
   <div class='ocr_carea' id='block_1_21' title="bbox 2071 736 3653 817">
    <p class='ocr_par' dir='ltr' id='par_1_21' title="bbox 2071 736 3653 817">
     <span class='ocr_line' id='line_1_21' title="bbox 2071 736 3653 817; baseline 0.006 -34"><span class='ocrx_word' id='word_1_143' title='bbox 2071 736 2195 785; x_wconf 89' lang='lat' dir='ltr'><strong>test.</strong></span> <span class='ocrx_word' id='word_1_144' title='bbox 2854 812 2857 815; x_wconf 16' lang='grc' dir='ltr'><strong><em>λ</em></strong></span> <span class='ocrx_word' id='word_1_145' title='bbox 3182 816 3187 817; x_wconf 12' lang='grc' dir='ltr'><em>γ</em></span> <span class='ocrx_word' id='word_1_146' title='bbox 3388 816 3391 817; x_wconf 13' lang='grc' dir='ltr'><em>ν</em></span> <span class='ocrx_word' id='word_1_147' title='bbox 3650 816 3653 817; x_wconf 14' lang='grc' dir='ltr'><em>ν</em></span> 
     </span>
    </p>
   </div>
   <div class='ocr_carea' id='block_1_22' title="bbox 2142 812 3671 899">
    <p class='ocr_par' dir='ltr' id='par_1_22' title="bbox 2142 812 3671 899">
     <span class='ocr_line' id='line_1_22' title="bbox 2142 812 3671 899; baseline 0.008 -21"><span class='ocrx_word' id='word_1_148' title='bbox 2142 822 2277 878; x_wconf 89' lang='lat' dir='ltr'><strong>Vide</strong></span> <span class='ocrx_word' id='word_1_149' title='bbox 2305 823 2468 878; x_wconf 90' lang='lat' dir='ltr'><strong>etiam</strong></span> <span class='ocrx_word' id='word_1_150' title='bbox 2492 812 2884 880; x_wconf 85' lang='lat' dir='ltr'><strong>Tertullianum</strong></span> <span class='ocrx_word' id='word_1_151' title='bbox 2913 828 2962 880; x_wconf 91' lang='lat' dir='ltr'><strong>in</strong></span> <span class='ocrx_word' id='word_1_152' title='bbox 2995 827 3134 881; x_wconf 85' lang='lat' dir='ltr'><strong>libro</strong></span> <span class='ocrx_word' id='word_1_153' title='bbox 3165 816 3233 884; x_wconf 86' lang='lat' dir='ltr'><strong>de</strong></span> <span class='ocrx_word' id='word_1_154' title='bbox 3253 816 3417 887; x_wconf 80' lang='lat' dir='ltr'><strong>Carne</strong></span> <span class='ocrx_word' id='word_1_155' title='bbox 3444 816 3671 899; x_wconf 88' lang='lat' dir='ltr'><strong>Christi,</strong></span> 
     </span>
    </p>
   </div>
   <div class='ocr_carea' id='block_1_23' title="bbox 2071 914 3671 995">
    <p class='ocr_par' dir='ltr' id='par_1_23' title="bbox 2071 914 3671 995">
     <span class='ocr_line' id='line_1_23' title="bbox 2071 914 3671 995; baseline 0.011 -29"><span class='ocrx_word' id='word_1_156' title='bbox 2071 928 2230 984; x_wconf 92' lang='lat' dir='ltr'><strong>quem</strong></span> <span class='ocrx_word' id='word_1_157' title='bbox 2264 914 2450 969; x_wconf 60' lang='lat' dir='ltr'><strong>Romae</strong></span> <span class='ocrx_word' id='word_1_158' title='bbox 2480 916 2699 985; x_wconf 89' lang='lat' dir='ltr'><strong>scripsit</strong></span> <span class='ocrx_word' id='word_1_159' title='bbox 2745 914 3006 973; x_wconf 85' lang='lat' dir='ltr'><strong>adversus</strong></span> <span class='ocrx_word' id='word_1_160' title='bbox 3034 919 3395 992; x_wconf 88' lang='lat' dir='ltr'><strong>Marcionem,</strong></span> <span class='ocrx_word' id='word_1_161' title='bbox 3426 927 3671 995; x_wconf 85' lang='lat' dir='ltr'><strong>Apellem</strong></span> 
     </span>
    </p>
   </div>
   <div class='ocr_carea' id='block_1_24' title="bbox 2070 1004 3673 1085">
    <p class='ocr_par' dir='ltr' id='par_1_24' title="bbox 2070 1004 3673 1085">
     <span class='ocr_line' id='line_1_24' title="bbox 2070 1004 3673 1085; baseline 0.011 -26"><span class='ocrx_word' id='word_1_162' title='bbox 2070 1016 2123 1060; x_wconf 89' lang='lat' dir='ltr'><strong>et</strong></span> <span class='ocrx_word' id='word_1_163' title='bbox 2153 1004 2536 1062; x_wconf 86' lang='lat' dir='ltr'><strong>Valentinum:</strong></span> <span class='ocrx_word' id='word_1_164' title='bbox 2579 1023 2808 1078; x_wconf 90' lang='lat' dir='ltr'><strong>quorum</strong></span> <span class='ocrx_word' id='word_1_165' title='bbox 2864 1012 3073 1080; x_wconf 90' lang='lat' dir='ltr'><strong>primus</strong></span> <span class='ocrx_word' id='word_1_166' title='bbox 3118 1016 3350 1085; x_wconf 77' lang='lat' dir='ltr'><strong>negabat</strong></span> <span class='ocrx_word' id='word_1_167' title='bbox 3393 1015 3673 1077; x_wconf 86' lang='lat' dir='ltr'><strong>Christum</strong></span> 
     </span>
    </p>
   </div>
   <div class='ocr_carea' id='block_1_25' title="bbox 2071 1098 3685 1168">
    <p class='ocr_par' dir='ltr' id='par_1_25' title="bbox 2071 1098 3685 1168">
     <span class='ocr_line' id='line_1_25' title="bbox 2071 1098 3685 1168; baseline 0.011 -17"><span class='ocrx_word' id='word_1_168' title='bbox 2071 1112 2253 1152; x_wconf 73' lang='lat' dir='ltr'><strong>veram</strong></span> <span class='ocrx_word' id='word_1_169' title='bbox 2286 1115 2500 1154; x_wconf 89' lang='lat' dir='ltr'><strong>carnem</strong></span> <span class='ocrx_word' id='word_1_170' title='bbox 2527 1098 2810 1167; x_wconf 84' lang='lat' dir='ltr'><strong>habuisse;</strong></span> <span class='ocrx_word' id='word_1_171' title='bbox 2836 1106 3104 1160; x_wconf 88' lang='lat' dir='ltr'><strong>secundus</strong></span> <span class='ocrx_word' id='word_1_172' title='bbox 3130 1107 3463 1164; x_wconf 84' lang='lat' dir='ltr'><strong>concedebat</strong></span> <span class='ocrx_word' id='word_1_173' title='bbox 3487 1119 3685 1168; x_wconf 81' lang='lat' dir='ltr'><strong>veram‘</strong></span> 
     </span>
    </p>
   </div>
   <div class='ocr_carea' id='block_1_26' title="bbox 2070 1195 3672 1272">
    <p class='ocr_par' dir='ltr' id='par_1_26' title="bbox 2070 1195 3672 1272">
     <span class='ocr_line' id='line_1_26' title="bbox 2070 1195 3672 1272; baseline 0.009 -25"><span class='ocrx_word' id='word_1_174' title='bbox 2070 1208 2290 1247; x_wconf 80' lang='lat' dir='ltr'><strong>carnem</strong></span> <span class='ocrx_word' id='word_1_175' title='bbox 2323 1195 2608 1260; x_wconf 82' lang='lat' dir='ltr'><strong>habuisse,</strong></span> <span class='ocrx_word' id='word_1_176' title='bbox 2642 1196 2736 1250; x_wconf 90' lang='lat' dir='ltr'><strong>sed</strong></span> <span class='ocrx_word' id='word_1_177' title='bbox 2769 1212 2895 1252; x_wconf 83' lang='lat' dir='ltr'><strong>vere</strong></span> <span class='ocrx_word' id='word_1_178' title='bbox 2916 1208 3100 1254; x_wconf 84' lang='lat' dir='ltr'><strong>natum</strong></span> <span class='ocrx_word' id='word_1_179' title='bbox 3129 1215 3253 1256; x_wconf 84' lang='lat' dir='ltr'><strong>esse</strong></span> <span class='ocrx_word' id='word_1_180' title='bbox 3268 1204 3525 1272; x_wconf 82' lang='lat' dir='ltr'><strong>negabat;</strong></span> <span class='ocrx_word' id='word_1_181' title='bbox 3559 1214 3672 1261; x_wconf 86' lang='lat' dir='ltr'><strong>ter-</strong></span> 
     </span>
    </p>
   </div>
   <div class='ocr_carea' id='block_1_27' title="bbox 2070 1285 3675 1362">
    <p class='ocr_par' dir='ltr' id='par_1_27' title="bbox 2070 1285 3675 1362">
     <span class='ocr_line' id='line_1_27' title="bbox 2070 1285 3675 1362; baseline 0.011 -26"><span class='ocrx_word' id='word_1_182' title='bbox 2070 1285 2176 1338; x_wconf 92' lang='lat' dir='ltr'><strong>tius</strong></span> <span class='ocrx_word' id='word_1_183' title='bbox 2217 1300 2337 1339; x_wconf 89' lang='lat' dir='ltr'><strong>cum</strong></span> <span class='ocrx_word' id='word_1_184' title='bbox 2392 1286 2671 1351; x_wconf 78' lang='lat' dir='ltr'><strong>fateretur,</strong></span> <span class='ocrx_word' id='word_1_185' title='bbox 2715 1298 2769 1342; x_wconf 90' lang='lat' dir='ltr'><strong>et</strong></span> <span class='ocrx_word' id='word_1_186' title='bbox 2798 1303 2982 1353; x_wconf 80' lang='lat' dir='ltr'><strong>veram</strong></span> <span class='ocrx_word' id='word_1_187' title='bbox 3026 1305 3245 1348; x_wconf 88' lang='lat' dir='ltr'><strong>carnem</strong></span> <span class='ocrx_word' id='word_1_188' title='bbox 3298 1294 3595 1362; x_wconf 79' lang='lat' dir='ltr'><strong>habuisse,</strong></span> <span class='ocrx_word' id='word_1_189' title='bbox 3616 1306 3675 1353; x_wconf 87' lang='lat' dir='ltr'><strong>et</strong></span> 
     </span>
    </p>
   </div>
   <div class='ocr_carea' id='block_1_28' title="bbox 2071 1379 3665 1462">
    <p class='ocr_par' dir='ltr' id='par_1_28' title="bbox 2071 1379 3665 1462">
     <span class='ocr_line' id='line_1_28' title="bbox 2071 1379 3665 1462; baseline 0.012 -33"><span class='ocrx_word' id='word_1_190' title='bbox 2071 1391 2195 1432; x_wconf 86' lang='lat' dir='ltr'><strong>vere</strong></span> <span class='ocrx_word' id='word_1_191' title='bbox 2220 1390 2399 1431; x_wconf 90' lang='lat' dir='ltr'><strong>natum</strong></span> <span class='ocrx_word' id='word_1_192' title='bbox 2430 1394 2551 1434; x_wconf 89' lang='lat' dir='ltr'><strong>esse</strong></span> <span class='ocrx_word' id='word_1_193' title='bbox 2573 1420 2587 1443; x_wconf 91' lang='lat'><strong>,</strong></span> <span class='ocrx_word' id='word_1_194' title='bbox 2620 1379 2799 1435; x_wconf 86' lang='lat' dir='ltr'><strong>aiebat</strong></span> <span class='ocrx_word' id='word_1_195' title='bbox 2821 1381 2969 1436; x_wconf 90' lang='lat' dir='ltr'><strong>illum</strong></span> <span class='ocrx_word' id='word_1_196' title='bbox 3000 1392 3184 1439; x_wconf 88' lang='lat' dir='ltr'><strong>natum</strong></span> <span class='ocrx_word' id='word_1_197' title='bbox 3213 1402 3335 1443; x_wconf 85' lang='lat' dir='ltr'><strong>esse</strong></span> <span class='ocrx_word' id='word_1_198' title='bbox 3358 1404 3453 1459; x_wconf 90' lang='lat' dir='ltr'><strong>per</strong></span> <span class='ocrx_word' id='word_1_199' title='bbox 3485 1390 3665 1462; x_wconf 84' lang='lat' dir='ltr'><strong>Virgi-</strong></span> 
     </span>
    </p>
   </div>
   <div class='ocr_carea' id='block_1_29' title="bbox 2070 1471 3686 1550">
    <p class='ocr_par' dir='ltr' id='par_1_29' title="bbox 2070 1471 3686 1550">
     <span class='ocr_line' id='line_1_29' title="bbox 2070 1471 3686 1550; baseline 0.01 -27"><span class='ocrx_word' id='word_1_200' title='bbox 2070 1485 2191 1524; x_wconf 88' lang='lat' dir='ltr'><strong>nem</strong></span> <span class='ocrx_word' id='word_1_201' title='bbox 2214 1511 2229 1534; x_wconf 86' lang='lat'><strong>,</strong></span> <span class='ocrx_word' id='word_1_202' title='bbox 2262 1480 2421 1541; x_wconf 90' lang='lat' dir='ltr'><strong>atque</strong></span> <span class='ocrx_word' id='word_1_203' title='bbox 2452 1472 2502 1525; x_wconf 88' lang='lat' dir='ltr'><strong>in</strong></span> <span class='ocrx_word' id='word_1_204' title='bbox 2534 1471 2753 1542; x_wconf 83' lang='lat' dir='ltr'><strong>Virgine</strong></span> <span class='ocrx_word' id='word_1_205' title='bbox 2772 1517 2786 1540; x_wconf 92' lang='lat'><strong>,</strong></span> <span class='ocrx_word' id='word_1_206' title='bbox 2818 1484 2874 1528; x_wconf 89' lang='lat' dir='ltr'><strong>at</strong></span> <span class='ocrx_word' id='word_1_207' title='bbox 2904 1491 3013 1531; x_wconf 90' lang='lat' dir='ltr'><strong>non</strong></span> <span class='ocrx_word' id='word_1_208' title='bbox 3038 1492 3106 1532; x_wconf 83' lang='lat' dir='ltr'><strong>ex</strong></span> <span class='ocrx_word' id='word_1_209' title='bbox 3137 1479 3366 1550; x_wconf 84' lang='lat' dir='ltr'><strong>virgine.</strong></span> <span class='ocrx_word' id='word_1_210' title='bbox 3391 1480 3686 1539; x_wconf 80' lang='lat' dir='ltr'><strong>Adversus.</strong></span> 
     </span>
    </p>
   </div>
   <div class='ocr_carea' id='block_1_30' title="bbox 2069 1562 3669 1645">
    <p class='ocr_par' dir='ltr' id='par_1_30' title="bbox 2069 1562 3669 1645">
     <span class='ocr_line' id='line_1_30' title="bbox 2069 1562 3669 1645; baseline 0.011 -30"><span class='ocrx_word' id='word_1_211' title='bbox 2069 1562 2215 1617; x_wconf 91' lang='lat' dir='ltr'><strong>enim</strong></span> <span class='ocrx_word' id='word_1_212' title='bbox 2246 1564 2380 1619; x_wconf 88' lang='lat' dir='ltr'><strong>istos</strong></span> <span class='ocrx_word' id='word_1_213' title='bbox 2411 1563 2698 1621; x_wconf 62' lang='lat' dir='ltr'><strong>haereticos</strong></span> <span class='ocrx_word' id='word_1_214' title='bbox 2730 1566 2872 1622; x_wconf 87' lang='lat' dir='ltr'><strong>idem</strong></span> <span class='ocrx_word' id='word_1_215' title='bbox 2913 1568 3283 1627; x_wconf 84' lang='lat' dir='ltr'><strong>Tertullianus‘</strong></span> <span class='ocrx_word' id='word_1_216' title='bbox 3321 1573 3464 1630; x_wconf 89' lang='lat' dir='ltr'><strong>hunc</strong></span> <span class='ocrx_word' id='word_1_217' title='bbox 3492 1576 3669 1645; x_wconf 90' lang='lat' dir='ltr'><strong>ipsum</strong></span> 
     </span>
    </p>
   </div>
   <div class='ocr_carea' id='block_1_31' title="bbox 2067 1655 3671 1745">
    <p class='ocr_par' dir='ltr' id='par_1_31' title="bbox 2067 1655 3671 1745">
     <span class='ocr_line' id='line_1_31' title="bbox 2067 1655 3671 1745; baseline 0.009 -34"><span class='ocrx_word' id='word_1_218' title='bbox 2067 1655 2291 1711; x_wconf 89' lang='lat' dir='ltr'><strong>Joannis</strong></span> <span class='ocrx_word' id='word_1_219' title='bbox 2320 1657 2495 1713; x_wconf 89' lang='lat' dir='ltr'><strong>locum</strong></span> <span class='ocrx_word' id='word_1_220' title='bbox 2524 1659 2656 1714; x_wconf 88' lang='lat' dir='ltr'><strong>citat</strong></span> <span class='ocrx_word' id='word_1_221' title='bbox 2687 1678 2700 1713; x_wconf 92' lang='lat'>:</span> <span class='ocrx_word' id='word_1_222' title='bbox 2737 1678 2755 1711; x_wconf 76' lang='grc' dir='ltr'>ι</span> <span class='ocrx_word' id='word_1_223' title='bbox 2808 1660 2930 1731; x_wconf 87' lang='lat' dir='ltr'><strong>Ipse</strong></span> <span class='ocrx_word' id='word_1_224' title='bbox 2972 1663 3264 1731; x_wconf 90' lang='lat' dir='ltr'><strong>Dominus,</strong></span> <span class='ocrx_word' id='word_1_225' title='bbox 3298 1669 3671 1745; x_wconf 38' lang='lat' dir='ltr'><strong>inquit‘,‘scn-</strong></span> 
     </span>
    </p>
   </div>
   <div class='ocr_carea' id='block_1_32' title="bbox 362 1749 3683 1832">
    <p class='ocr_par' dir='ltr' id='par_1_32' title="bbox 362 1749 3683 1832">
     <span class='ocr_line' id='line_1_32' title="bbox 362 1749 3683 1832; baseline -0.002 -14"><span class='ocrx_word' id='word_1_226' title='bbox 362 1781 489 1819; x_wconf 87' lang='lat' dir='ltr'><strong>nttm</strong></span> <span class='ocrx_word' id='word_1_227' title='bbox 522 1772 787 1832; x_wconf 75' lang='lat' dir='ltr'><strong>reparata:</strong></span> <span class='ocrx_word' id='word_1_228' title='bbox 816 1758 1006 1814; x_wconf 89' lang='lat' dir='ltr'><strong>salutis</strong></span> <span class='ocrx_word' id='word_1_229' title='bbox 1036 1757 1139 1813; x_wconf 78' lang='grc'><strong>557</strong></span> <span class='ocrx_word' id='word_1_230' title='bbox 1162 1798 1177 1821; x_wconf 89' lang='grc'><strong>,</strong></span> <span class='ocrx_word' id='word_1_231' title='bbox 1210 1756 1402 1809; x_wconf 88' lang='lat' dir='ltr'><strong>miram</strong></span> <span class='ocrx_word' id='word_1_232' title='bbox 1432 1751 1727 1808; x_wconf 83' lang='lat' dir='ltr'><strong>Eusebiani</strong></span> <span class='ocrx_word' id='word_1_233' title='bbox 1757 1749 1959 1804; x_wconf 86' lang='lat' dir='ltr'><strong>codicis</strong></span> <span class='ocrx_word' id='word_1_234' title='bbox 1994 1764 2040 1824; x_wconf 83' lang='lat' dir='ltr'><strong>B</strong></span> <span class='ocrx_word' id='word_1_235' title='bbox 2071 1750 2361 1804; x_wconf 86' lang='lat' dir='ltr'><strong>tentialiter</strong></span> <span class='ocrx_word' id='word_1_236' title='bbox 2388 1759 2443 1804; x_wconf 92' lang='lat' dir='ltr'><strong>et</strong></span> <span class='ocrx_word' id='word_1_237' title='bbox 2472 1750 2746 1806; x_wconf 86' lang='lat' dir='ltr'><strong>deiinitive</strong></span> <span class='ocrx_word' id='word_1_238' title='bbox 2798 1757 3199 1823; x_wconf 86' lang='lat' dir='ltr'><strong>pronuntiavit,</strong></span> <span class='ocrx_word' id='word_1_239' title='bbox 3241 1759 3381 1828; x_wconf 86' lang='lat' dir='ltr'><strong>quod</strong></span> <span class='ocrx_word' id='word_1_240' title='bbox 3422 1760 3478 1813; x_wconf 83' lang='lat' dir='ltr'><strong>in</strong></span> <span class='ocrx_word' id='word_1_241' title='bbox 3514 1776 3683 1816; x_wconf 84' lang='lat' dir='ltr'><strong>carne.</strong></span> 
     </span>
    </p>
   </div>
   <div class='ocr_carea' id='block_1_33' title="bbox 360 1840 1961 1926">
    <p class='ocr_par' dir='ltr' id='par_1_33' title="bbox 360 1840 1961 1926">
     <span class='ocr_line' id='line_1_33' title="bbox 360 1840 1961 1926; baseline -0.01 -16"><span class='ocrx_word' id='word_1_242' title='bbox 360 1856 736 1926; x_wconf 87' lang='lat' dir='ltr'><strong>antiquitatem</strong></span> <span class='ocrx_word' id='word_1_243' title='bbox 768 1848 1046 1915; x_wconf 88' lang='lat' dir='ltr'><strong>ostendit,</strong></span> <span class='ocrx_word' id='word_1_244' title='bbox 1070 1857 1233 1917; x_wconf 91' lang='lat' dir='ltr'><strong>atque</strong></span> <span class='ocrx_word' id='word_1_245' title='bbox 1265 1846 1472 1900; x_wconf 73' lang='lat' dir='ltr'><strong>inclita:</strong></span> <span class='ocrx_word' id='word_1_246' title='bbox 1502 1841 1782 1897; x_wconf 90' lang='lat' dir='ltr'><strong>traditioni</strong></span> <span class='ocrx_word' id='word_1_247' title='bbox 1810 1840 1961 1895; x_wconf 88' lang='lat' dir='ltr'><strong>addit</strong></span> 
     </span>
    </p>
   </div>
   <div class='ocr_carea' id='block_1_34' title="bbox 358 1937 1951 2015">
    <p class='ocr_par' dir='ltr' id='par_1_34' title="bbox 358 1937 1951 2015">
     <span class='ocr_line' id='line_1_34' title="bbox 358 1937 1951 2015; baseline -0.008 -13"><span class='ocrx_word' id='word_1_248' title='bbox 358 1949 649 2002; x_wconf 82' lang='lat' dir='ltr'><strong>maximum</strong></span> <span class='ocrx_word' id='word_1_249' title='bbox 683 1944 894 2015; x_wconf 89' lang='lat' dir='ltr'><strong>pondus</strong></span> <span class='ocrx_word' id='word_1_250' title='bbox 936 1940 1299 1996; x_wconf 78' lang='lat' dir='ltr'><strong>auctoritatis.</strong></span> <span class='ocrx_word' id='word_1_251' title='bbox 1334 1938 1638 2009; x_wconf 85' lang='lat' dir='ltr'><strong>Legebatur</strong></span> <span class='ocrx_word' id='word_1_252' title='bbox 1666 1951 1865 2004; x_wconf 86' lang='lat' dir='ltr'><strong>nempe</strong></span> <span class='ocrx_word' id='word_1_253' title='bbox 1899 1937 1951 1989; x_wconf 93' lang='lat' dir='ltr'><strong>in</strong></span> 
     </span>
    </p>
   </div>
   <div class='ocr_carea' id='block_1_35' title="bbox 357 2028 1955 2108">
    <p class='ocr_par' dir='ltr' id='par_1_35' title="bbox 357 2028 1955 2108">
     <span class='ocr_line' id='line_1_35' title="bbox 357 2028 1955 2108; baseline -0.008 -14"><span class='ocrx_word' id='word_1_254' title='bbox 357 2042 573 2095; x_wconf 89' lang='lat' dir='ltr'><strong>laudato</strong></span> <span class='ocrx_word' id='word_1_255' title='bbox 598 2039 773 2108; x_wconf 88' lang='lat' dir='ltr'><strong>capite</strong></span> <span class='ocrx_word' id='word_1_256' title='bbox 803 2051 861 2091; x_wconf 86' lang='lat' dir='ltr'><strong>ut</strong></span> <span class='ocrx_word' id='word_1_257' title='bbox 912 2032 1194 2102; x_wconf 77' lang='lat' dir='ltr'><strong>Evangelii</strong></span> <span class='ocrx_word' id='word_1_258' title='bbox 1220 2030 1517 2086; x_wconf 81' lang='lat' dir='ltr'><strong>secundum</strong></span> <span class='ocrx_word' id='word_1_259' title='bbox 1534 2028 1799 2083; x_wconf 83' lang='lat' dir='ltr'><strong>Joannem</strong></span> <span class='ocrx_word' id='word_1_260' title='bbox 1821 2042 1874 2081; x_wconf 92' lang='lat' dir='ltr'><strong>v.</strong></span> <span class='ocrx_word' id='word_1_261' title='bbox 1898 2028 1955 2093; x_wconf 74' lang='grc' dir='ltr'><strong>(ἰ,</strong></span> 
     </span>
    </p>
   </div>
   <div class='ocr_carea' id='block_1_36' title="bbox 354 2122 1959 2205">
    <p class='ocr_par' dir='ltr' id='par_1_36' title="bbox 354 2122 1959 2205">
     <span class='ocr_line' id='line_1_36' title="bbox 354 2122 1959 2205; baseline -0.009 -18"><span class='ocrx_word' id='word_1_262' title='bbox 354 2134 492 2205; x_wconf 76' lang='lat' dir='ltr'><strong>quod</strong></span> <span class='ocrx_word' id='word_1_263' title='bbox 522 2141 698 2187; x_wconf 85' lang='lat' dir='ltr'><strong>natum</strong></span> <span class='ocrx_word' id='word_1_264' title='bbox 730 2139 802 2185; x_wconf 79' lang='lat' dir='ltr'><strong>est</strong></span> <span class='ocrx_word' id='word_1_265' title='bbox 830 2129 894 2183; x_wconf 87' lang='lat' dir='ltr'><strong>de</strong></span> <span class='ocrx_word' id='word_1_266' title='bbox 925 2143 1108 2193; x_wconf 82' lang='lat' dir='ltr'><strong>carne,</strong></span> <span class='ocrx_word' id='word_1_267' title='bbox 1139 2142 1261 2180; x_wconf 89' lang='lat' dir='ltr'><strong>caro</strong></span> <span class='ocrx_word' id='word_1_268' title='bbox 1293 2134 1406 2190; x_wconf 82' lang='lat' dir='ltr'><strong>est,</strong></span> <span class='ocrx_word' id='word_1_269' title='bbox 1443 2124 1566 2194; x_wconf 85' lang='lat' dir='ltr'><strong>quia</strong></span> <span class='ocrx_word' id='word_1_270' title='bbox 1596 2122 1660 2175; x_wconf 85' lang='lat' dir='ltr'><strong>de</strong></span> <span class='ocrx_word' id='word_1_271' title='bbox 1689 2136 1840 2175; x_wconf 86' lang='lat' dir='ltr'><strong>carne</strong></span> <span class='ocrx_word' id='word_1_272' title='bbox 1865 2136 1959 2173; x_wconf 83' lang='lat' dir='ltr'><strong>na-</strong></span> 
     </span>
    </p>
   </div>
   <div class='ocr_carea' id='block_1_37' title="bbox 356 2216 1951 2295">
    <p class='ocr_par' dir='ltr' id='par_1_37' title="bbox 356 2216 1951 2295">
     <span class='ocr_line' id='line_1_37' title="bbox 356 2216 1951 2295; baseline -0.009 -14"><span class='ocrx_word' id='word_1_273' title='bbox 356 2241 466 2281; x_wconf 85' lang='lat' dir='ltr'><strong>tum</strong></span> <span class='ocrx_word' id='word_1_274' title='bbox 491 2237 567 2281; x_wconf 72' lang='lat' dir='ltr'><strong>est</strong></span> <span class='ocrx_word' id='word_1_275' title='bbox 591 2244 607 2289; x_wconf 87' lang='lat'><strong><em>;</em></strong></span> <span class='ocrx_word' id='word_1_276' title='bbox 633 2234 683 2281; x_wconf 84' lang='lat' dir='ltr'><strong>et</strong></span> <span class='ocrx_word' id='word_1_277' title='bbox 713 2223 848 2295; x_wconf 80' lang='lat' dir='ltr'><strong>quod</strong></span> <span class='ocrx_word' id='word_1_278' title='bbox 879 2231 1058 2277; x_wconf 85' lang='lat' dir='ltr'><strong>natum</strong></span> <span class='ocrx_word' id='word_1_279' title='bbox 1102 2229 1176 2274; x_wconf 84' lang='lat' dir='ltr'><strong>est</strong></span> <span class='ocrx_word' id='word_1_280' title='bbox 1212 2219 1274 2273; x_wconf 87' lang='lat' dir='ltr'><strong>de</strong></span> <span class='ocrx_word' id='word_1_281' title='bbox 1305 2218 1511 2289; x_wconf 83' lang='lat' dir='ltr'><strong>Spiritu</strong></span> <span class='ocrx_word' id='word_1_282' title='bbox 1536 2258 1549 2284; x_wconf 89' lang='lat'><strong>,</strong></span> <span class='ocrx_word' id='word_1_283' title='bbox 1578 2216 1807 2287; x_wconf 81' lang='lat' dir='ltr'><strong>Spiritus</strong></span> <span class='ocrx_word' id='word_1_284' title='bbox 1838 2224 1911 2269; x_wconf 83' lang='lat' dir='ltr'><strong>est</strong></span> <span class='ocrx_word' id='word_1_285' title='bbox 1936 2257 1951 2281; x_wconf 92' lang='lat'><strong>,</strong></span> 
     </span>
    </p>
   </div>
   <div class='ocr_carea' id='block_1_38' title="bbox 354 2307 1958 2388">
    <p class='ocr_par' dir='ltr' id='par_1_38' title="bbox 354 2307 1958 2388">
     <span class='ocr_line' id='line_1_38' title="bbox 354 2307 1958 2388; baseline -0.004 -18"><span class='ocrx_word' id='word_1_286' title='bbox 354 2322 474 2386; x_wconf 40' lang='lat' dir='ltr'><strong>quia</strong></span> <span class='ocrx_word' id='word_1_287' title='bbox 501 2319 641 2373; x_wconf 85' lang='lat' dir='ltr'><strong>Deus</strong></span> <span class='ocrx_word' id='word_1_288' title='bbox 673 2318 904 2388; x_wconf 77' lang='lat' dir='ltr'><strong>Spiritus</strong></span> <span class='ocrx_word' id='word_1_289' title='bbox 931 2324 1119 2379; x_wconf 39' lang='grc' dir='ltr'><strong>θείνει</strong></span> <span class='ocrx_word' id='word_1_290' title='bbox 1144 2314 1209 2368; x_wconf 73' lang='lat' dir='ltr'><strong>ea;</strong></span> <span class='ocrx_word' id='word_1_291' title='bbox 1235 2312 1347 2366; x_wconf 88' lang='lat' dir='ltr'><strong>Deo</strong></span> <span class='ocrx_word' id='word_1_292' title='bbox 1378 2320 1531 2365; x_wconf 82' lang='lat' dir='ltr'><strong>natus</strong></span> <span class='ocrx_word' id='word_1_293' title='bbox 1553 2319 1626 2364; x_wconf 88' lang='lat' dir='ltr'><strong>est</strong></span> <span class='ocrx_word' id='word_1_294' title='bbox 1646 2318 1761 2375; x_wconf 37' lang='lat' dir='ltr'><strong>;.ut‘</strong></span> <span class='ocrx_word' id='word_1_295' title='bbox 1779 2307 1958 2363; x_wconf 88' lang='lat' dir='ltr'><strong>adhuc</strong></span> 
     </span>
    </p>
   </div>
   <div class='ocr_carea' id='block_1_39' title="bbox 353 2402 1953 2473">
    <p class='ocr_par' dir='ltr' id='par_1_39' title="bbox 353 2402 1953 2473">
     <span class='ocr_line' id='line_1_39' title="bbox 353 2402 1953 2473; baseline -0.009 -5"><span class='ocrx_word' id='word_1_296' title='bbox 353 2416 406 2468; x_wconf 91' lang='lat' dir='ltr'><strong>in</strong></span> <span class='ocrx_word' id='word_1_297' title='bbox 434 2410 766 2468; x_wconf 87' lang='lat' dir='ltr'><strong>Vercellensi</strong></span> <span class='ocrx_word' id='word_1_298' title='bbox 794 2408 981 2463; x_wconf 89' lang='lat' dir='ltr'><strong>codice</strong></span> <span class='ocrx_word' id='word_1_299' title='bbox 1007 2406 1260 2462; x_wconf 88' lang='lat' dir='ltr'><strong>habetur.</strong></span> <span class='ocrx_word' id='word_1_300' title='bbox 1298 2404 1405 2461; x_wconf 85' lang='lat' dir='ltr'><strong>Sed</strong></span> <span class='ocrx_word' id='word_1_301' title='bbox 1438 2404 1585 2473; x_wconf 85' lang='lat' dir='ltr'><strong>impii</strong></span> <span class='ocrx_word' id='word_1_302' title='bbox 1616 2402 1864 2457; x_wconf 88' lang='lat' dir='ltr'><strong>homines</strong></span> <span class='ocrx_word' id='word_1_303' title='bbox 1890 2415 1953 2454; x_wconf 90' lang='lat' dir='ltr'><strong>ca</strong></span> 
     </span>
    </p>
   </div>
   <div class='ocr_carea' id='block_1_40' title="bbox 354 2493 1953 2574">
    <p class='ocr_par' dir='ltr' id='par_1_40' title="bbox 354 2493 1953 2574">
     <span class='ocr_line' id='line_1_40' title="bbox 354 2493 1953 2574; baseline -0.008 -16"><span class='ocrx_word' id='word_1_304' title='bbox 354 2507 514 2560; x_wconf 89' lang='lat' dir='ltr'><strong>verba</strong></span> <span class='ocrx_word' id='word_1_305' title='bbox 536 2545 552 2571; x_wconf 91' lang='lat'><strong>,</strong></span> <span class='ocrx_word' id='word_1_306' title='bbox 582 2502 828 2574; x_wconf 86' lang='lat' dir='ltr'><strong>quoniam</strong></span> <span class='ocrx_word' id='word_1_307' title='bbox 854 2498 997 2555; x_wconf 86' lang='lat' dir='ltr'><strong>Deus</strong></span> <span class='ocrx_word' id='word_1_308' title='bbox 1020 2499 1249 2569; x_wconf 76' lang='lat' dir='ltr'><strong>Spiritus</strong></span> <span class='ocrx_word' id='word_1_309' title='bbox 1287 2506 1363 2551; x_wconf 77' lang='lat' dir='ltr'><strong>est</strong></span> <span class='ocrx_word' id='word_1_310' title='bbox 1381 2537 1395 2560; x_wconf 94' lang='lat'><strong>,</strong></span> <span class='ocrx_word' id='word_1_311' title='bbox 1430 2496 1556 2551; x_wconf 90' lang='lat' dir='ltr'><strong>dolo</strong></span> <span class='ocrx_word' id='word_1_312' title='bbox 1586 2510 1649 2549; x_wconf 89' lang='lat' dir='ltr'><strong>ac</strong></span> <span class='ocrx_word' id='word_1_313' title='bbox 1677 2493 1862 2548; x_wconf 80' lang='lat' dir='ltr'><strong>fraude</strong></span> <span class='ocrx_word' id='word_1_314' title='bbox 1886 2508 1953 2547; x_wconf 79' lang='lat' dir='ltr'><strong>ex</strong></span> 
     </span>
    </p>
   </div>
   <div class='ocr_carea' id='block_1_41' title="bbox 351 2588 1961 2657">
    <p class='ocr_par' dir='ltr' id='par_1_41' title="bbox 351 2588 1961 2657">
     <span class='ocr_line' id='line_1_41' title="bbox 351 2588 1961 2657; baseline -0.006 -7"><span class='ocrx_word' id='word_1_315' title='bbox 351 2599 603 2654; x_wconf 71' lang='lat' dir='ltr'><strong>nuntibus</strong></span> <span class='ocrx_word' id='word_1_316' title='bbox 647 2595 818 2651; x_wconf 90' lang='lat' dir='ltr'><strong>sacris</strong></span> <span class='ocrx_word' id='word_1_317' title='bbox 867 2592 1240 2647; x_wconf 88' lang='lat' dir='ltr'><strong>voluminibus</strong></span> <span class='ocrx_word' id='word_1_318' title='bbox 1266 2605 1486 2645; x_wconf 89' lang='lat' dir='ltr'><strong>erasere</strong></span> <span class='ocrx_word' id='word_1_319' title='bbox 1505 2632 1520 2657; x_wconf 92' lang='lat'><strong>,</strong></span> <span class='ocrx_word' id='word_1_320' title='bbox 1550 2599 1608 2643; x_wconf 91' lang='lat' dir='ltr'><strong>ut</strong></span> <span class='ocrx_word' id='word_1_321' title='bbox 1637 2588 1896 2643; x_wconf 87' lang='lat' dir='ltr'><strong>discimus</strong></span> <span class='ocrx_word' id='word_1_322' title='bbox 1921 2588 1961 2642; x_wconf 83' lang='lat' dir='ltr'><strong>a&#39;</strong></span> 
     </span>
    </p>
   </div>
   <div class='ocr_carea' id='block_1_42' title="bbox 353 2681 1956 2756">
    <p class='ocr_par' dir='ltr' id='par_1_42' title="bbox 353 2681 1956 2756">
     <span class='ocr_line' id='line_1_42' title="bbox 353 2681 1956 2756; baseline -0.007 -9"><span class='ocrx_word' id='word_1_323' title='bbox 353 2693 416 2748; x_wconf 90' lang='lat' dir='ltr'><strong>S.</strong></span> <span class='ocrx_word' id='word_1_324' title='bbox 450 2688 782 2753; x_wconf 80' lang='lat' dir='ltr'><strong>Ambrosio,</strong></span> <span class='ocrx_word' id='word_1_325' title='bbox 814 2686 904 2756; x_wconf 91' lang='lat' dir='ltr'><strong>qni</strong></span> <span class='ocrx_word' id='word_1_326' title='bbox 932 2685 1161 2740; x_wconf 79' lang='lat' dir='ltr'><strong>Arianos</strong></span> <span class='ocrx_word' id='word_1_327' title='bbox 1191 2682 1270 2737; x_wconf 92' lang='lat' dir='ltr'><strong>sic</strong></span> <span class='ocrx_word' id='word_1_328' title='bbox 1314 2682 1606 2751; x_wconf 89' lang='lat' dir='ltr'><strong>compellat</strong></span> <span class='ocrx_word' id='word_1_329' title='bbox 1635 2682 1858 2735; x_wconf 90' lang='lat' dir='ltr'><strong>in.libro</strong></span> <span class='ocrx_word' id='word_1_330' title='bbox 1887 2681 1956 2735; x_wconf 89' lang='lat' dir='ltr'><strong>de</strong></span> 
     </span>
    </p>
   </div>
   <div class='ocr_carea' id='block_1_43' title="bbox 352 2771 1955 2852">
    <p class='ocr_par' dir='ltr' id='par_1_43' title="bbox 352 2771 1955 2852">
     <span class='ocr_line' id='line_1_43' title="bbox 352 2771 1955 2852; baseline -0.009 -13"><span class='ocrx_word' id='word_1_331' title='bbox 352 2782 555 2852; x_wconf 86' lang='lat' dir='ltr'><strong>Spiritu</strong></span> <span class='ocrx_word' id='word_1_332' title='bbox 586 2780 838 2836; x_wconf 87' lang='lat' dir='ltr'><strong>Sancto:</strong></span> <span class='ocrx_word' id='word_1_333' title='bbox 892 2795 911 2829; x_wconf 74' lang='grc' dir='ltr'><strong><em>ι</em></strong></span> <span class='ocrx_word' id='word_1_334' title='bbox 970 2775 1087 2829; x_wconf 87' lang='lat' dir='ltr'><strong>Nec</strong></span> <span class='ocrx_word' id='word_1_335' title='bbox 1125 2774 1303 2829; x_wconf 90' lang='lat' dir='ltr'><strong>solum</strong></span> <span class='ocrx_word' id='word_1_336' title='bbox 1354 2774 1455 2827; x_wconf 93' lang='lat' dir='ltr'><strong>hoc</strong></span> <span class='ocrx_word' id='word_1_337' title='bbox 1502 2773 1622 2826; x_wconf 90' lang='lat' dir='ltr'><strong>loco</strong></span> <span class='ocrx_word' id='word_1_338' title='bbox 1673 2771 1955 2827; x_wconf 82' lang='lat' dir='ltr'><strong>evidenter</strong></span> 
     </span>
    </p>
   </div>
   <div class='ocr_carea' id='block_1_44' title="bbox 353 2866 1951 2945">
    <p class='ocr_par' dir='ltr' id='par_1_44' title="bbox 353 2866 1951 2945">
     <span class='ocr_line' id='line_1_44' title="bbox 353 2866 1951 2945; baseline -0.007 -14"><span class='ocrx_word' id='word_1_339' title='bbox 353 2877 521 2931; x_wconf 81' lang='lat' dir='ltr'><strong>sancti</strong></span> <span class='ocrx_word' id='word_1_340' title='bbox 550 2872 786 2945; x_wconf 87' lang='lat' dir='ltr'><strong>Spiritus</strong></span> <span class='ocrx_word' id='word_1_341' title='bbox 812 2872 1061 2935; x_wconf 80' lang='grc' dir='ltr'><strong>θεὸτητα,</strong></span> <span class='ocrx_word' id='word_1_342' title='bbox 1094 2868 1197 2922; x_wconf 91' lang='lat' dir='ltr'><strong>hoc</strong></span> <span class='ocrx_word' id='word_1_343' title='bbox 1224 2875 1309 2922; x_wconf 90' lang='lat' dir='ltr'><strong>est</strong></span> <span class='ocrx_word' id='word_1_344' title='bbox 1354 2866 1613 2921; x_wconf 87' lang='lat' dir='ltr'><strong>Deitatem</strong></span> <span class='ocrx_word' id='word_1_345' title='bbox 1636 2906 1649 2929; x_wconf 89' lang='lat'><strong>,</strong></span> <span class='ocrx_word' id='word_1_346' title='bbox 1682 2866 1951 2935; x_wconf 78' lang='lat' dir='ltr'><strong>scripttlt&#39;a</strong></span> 
     </span>
    </p>
   </div>
   <div class='ocr_carea' id='block_1_45' title="bbox 353 2959 1949 3034">
    <p class='ocr_par' dir='ltr' id='par_1_45' title="bbox 353 2959 1949 3034">
     <span class='ocr_line' id='line_1_45' title="bbox 353 2959 1949 3034; baseline -0.009 -10"><span class='ocrx_word' id='word_1_347' title='bbox 353 2976 613 3034; x_wconf 83' lang='lat' dir='ltr'><strong>testatur;</strong></span> <span class='ocrx_word' id='word_1_348' title='bbox 648 2964 743 3020; x_wconf 88' lang='lat' dir='ltr'><strong>sed</strong></span> <span class='ocrx_word' id='word_1_349' title='bbox 766 2964 928 3019; x_wconf 89' lang='lat' dir='ltr'><strong>etiam</strong></span> <span class='ocrx_word' id='word_1_350' title='bbox 959 2963 1074 3033; x_wconf 89' lang='lat' dir='ltr'><strong>ipso</strong></span> <span class='ocrx_word' id='word_1_351' title='bbox 1102 2959 1363 3015; x_wconf 89' lang='lat' dir='ltr'><strong>Dominus</strong></span> <span class='ocrx_word' id='word_1_352' title='bbox 1390 2959 1526 3013; x_wconf 75' lang='lat' dir='ltr'><strong>dixit</strong></span> <span class='ocrx_word' id='word_1_353' title='bbox 1555 2959 1607 3013; x_wconf 91' lang='lat' dir='ltr'><strong>in</strong></span> <span class='ocrx_word' id='word_1_354' title='bbox 1638 2959 1949 3028; x_wconf 82' lang='lat' dir='ltr'><strong>Evangelio,</strong></span> 
     </span>
    </p>
   </div>
   <div class='ocr_carea' id='block_1_46' title="bbox 350 3053 1948 3131">
    <p class='ocr_par' dir='ltr' id='par_1_46' title="bbox 350 3053 1948 3131">
     <span class='ocr_line' id='line_1_46' title="bbox 350 3053 1948 3131; baseline -0.006 -17"><span class='ocrx_word' id='word_1_355' title='bbox 350 3062 593 3131; x_wconf 75' lang='lat' dir='ltr'><strong>quoniam</strong></span> <span class='ocrx_word' id='word_1_356' title='bbox 621 3057 760 3113; x_wconf 84' lang='lat' dir='ltr'><strong>Deus</strong></span> <span class='ocrx_word' id='word_1_357' title='bbox 787 3056 1017 3126; x_wconf 77' lang='lat' dir='ltr'><strong>Spiritus</strong></span> <span class='ocrx_word' id='word_1_358' title='bbox 1038 3065 1130 3110; x_wconf 88' lang='lat' dir='ltr'><strong>est.</strong></span> <span class='ocrx_word' id='word_1_359' title='bbox 1157 3056 1329 3121; x_wconf 85' lang='lat' dir='ltr'><strong>Quem</strong></span> <span class='ocrx_word' id='word_1_360' title='bbox 1359 3053 1534 3108; x_wconf 92' lang='lat' dir='ltr'><strong>locum</strong></span> <span class='ocrx_word' id='word_1_361' title='bbox 1566 3053 1639 3107; x_wconf 89' lang='lat' dir='ltr'><strong>ita</strong></span> <span class='ocrx_word' id='word_1_362' title='bbox 1668 3064 1948 3122; x_wconf 86' lang='lat' dir='ltr'><strong>expresse,</strong></span> 
     </span>
    </p>
   </div>
   <div class='ocr_carea' id='block_1_47' title="bbox 2067 1848 3669 1911">
    <p class='ocr_par' dir='ltr' id='par_1_47' title="bbox 2067 1848 3669 1911">
     <span class='ocr_line' id='line_1_47' title="bbox 2067 1848 3669 1911; baseline 0.012 -21"><span class='ocrx_word' id='word_1_363' title='bbox 2067 1848 2246 1895; x_wconf 83' lang='lat' dir='ltr'><strong>natum</strong></span> <span class='ocrx_word' id='word_1_364' title='bbox 2282 1849 2387 1907; x_wconf 78' lang='lat' dir='ltr'><strong>est,</strong></span> <span class='ocrx_word' id='word_1_365' title='bbox 2420 1858 2541 1896; x_wconf 88' lang='lat' dir='ltr'><strong>caro</strong></span> <span class='ocrx_word' id='word_1_366' title='bbox 2566 1851 2637 1897; x_wconf 78' lang='lat' dir='ltr'><strong>est</strong></span> <span class='ocrx_word' id='word_1_367' title='bbox 2659 1884 2674 1911; x_wconf 90' lang='lat'><strong>,</strong></span> <span class='ocrx_word' id='word_1_368' title='bbox 2707 1857 2833 1905; x_wconf 67' lang='lat' dir='ltr'><strong>eum</strong></span> <span class='ocrx_word' id='word_1_369' title='bbox 2872 1861 2939 1899; x_wconf 76' lang='lat' dir='ltr'><strong>sx</strong></span> <span class='ocrx_word' id='word_1_370' title='bbox 2980 1862 3154 1903; x_wconf 65' lang='lat' dir='ltr'><strong>canas</strong></span> <span class='ocrx_word' id='word_1_371' title='bbox 3192 1864 3374 1905; x_wconf 64' lang='lat' dir='ltr'><strong>unum</strong></span> <span class='ocrx_word' id='word_1_372' title='bbox 3414 1866 3530 1907; x_wconf 74' lang='lat' dir='ltr'><strong>ss&#39;r.</strong></span> <span class='ocrx_word' id='word_1_373' title='bbox 3561 1852 3669 1909; x_wconf 88' lang='lat' dir='ltr'><strong>Sed</strong></span> 
     </span>
    </p>
   </div>
   <div class='ocr_carea' id='block_1_48' title="bbox 2064 1932 3668 2006">
    <p class='ocr_par' dir='ltr' id='par_1_48' title="bbox 2064 1932 3668 2006">
     <span class='ocr_line' id='line_1_48' title="bbox 2064 1932 3668 2006; baseline 0.009 -19"><span class='ocrx_word' id='word_1_374' title='bbox 2064 1932 2111 1987; x_wconf 91' lang='lat' dir='ltr'><strong>si</strong></span> <span class='ocrx_word' id='word_1_375' title='bbox 2164 1932 2234 1988; x_wconf 91' lang='lat' dir='ltr'><strong>de</strong></span> <span class='ocrx_word' id='word_1_376' title='bbox 2266 1935 2483 1989; x_wconf 86' lang='lat' dir='ltr'><strong>homine</strong></span> <span class='ocrx_word' id='word_1_377' title='bbox 2526 1938 2901 1993; x_wconf 86' lang='lat' dir='ltr'><strong>tantummodo</strong></span> <span class='ocrx_word' id='word_1_378' title='bbox 2939 1938 3097 2006; x_wconf 81' lang='lat' dir='ltr'><strong>dixit,</strong></span> <span class='ocrx_word' id='word_1_379' title='bbox 3142 1957 3251 1996; x_wconf 91' lang='lat' dir='ltr'><strong>non</strong></span> <span class='ocrx_word' id='word_1_380' title='bbox 3279 1951 3334 1998; x_wconf 91' lang='lat' dir='ltr'><strong>et</strong></span> <span class='ocrx_word' id='word_1_381' title='bbox 3373 1943 3441 1999; x_wconf 89' lang='lat' dir='ltr'><strong>de</strong></span> <span class='ocrx_word' id='word_1_382' title='bbox 3470 1955 3668 2001; x_wconf 89' lang='lat' dir='ltr'><strong>semet-</strong></span> 
     </span>
    </p>
   </div>
   <div class='ocr_carea' id='block_1_49' title="bbox 2062 2027 3669 2103">
    <p class='ocr_par' dir='ltr' id='par_1_49' title="bbox 2062 2027 3669 2103">
     <span class='ocr_line' id='line_1_49' title="bbox 2062 2027 3669 2103; baseline 0.007 -22"><span class='ocrx_word' id='word_1_383' title='bbox 2062 2027 2216 2099; x_wconf 88' lang='lat' dir='ltr'><strong>ipso;</strong></span> <span class='ocrx_word' id='word_1_384' title='bbox 2271 2031 2428 2100; x_wconf 87' lang='lat' dir='ltr'><strong>plane</strong></span> <span class='ocrx_word' id='word_1_385' title='bbox 2455 2047 2587 2101; x_wconf 90' lang='lat' dir='ltr'><strong>nega</strong></span> <span class='ocrx_word' id='word_1_386' title='bbox 2625 2032 2901 2089; x_wconf 77' lang='lat' dir='ltr'><strong>Christum</strong></span> <span class='ocrx_word' id='word_1_387' title='bbox 2928 2076 2941 2101; x_wconf 84' lang='lat'><strong>,</strong></span> <span class='ocrx_word' id='word_1_388' title='bbox 2974 2047 3028 2090; x_wconf 91' lang='lat' dir='ltr'><strong>et</strong></span> <span class='ocrx_word' id='word_1_389' title='bbox 3059 2037 3131 2091; x_wconf 91' lang='lat' dir='ltr'><strong>ita</strong></span> <span class='ocrx_word' id='word_1_390' title='bbox 3159 2036 3389 2092; x_wconf 76' lang='lat' dir='ltr'><strong>defende</strong></span> <span class='ocrx_word' id='word_1_391' title='bbox 3410 2078 3426 2103; x_wconf 91' lang='lat'><strong>,</strong></span> <span class='ocrx_word' id='word_1_392' title='bbox 3474 2053 3581 2093; x_wconf 90' lang='lat' dir='ltr'><strong>non</strong></span> <span class='ocrx_word' id='word_1_393' title='bbox 3611 2048 3669 2094; x_wconf 88' lang='lat' dir='ltr'><strong>et</strong></span> 
     </span>
    </p>
   </div>
   <div class='ocr_carea' id='block_1_50' title="bbox 2062 2120 3670 2202">
    <p class='ocr_par' dir='ltr' id='par_1_50' title="bbox 2062 2120 3670 2202">
     <span class='ocr_line' id='line_1_50' title="bbox 2062 2120 3670 2202; baseline 0.009 -29"><span class='ocrx_word' id='word_1_394' title='bbox 2062 2120 2237 2190; x_wconf 70' lang='lat' dir='ltr'><strong>ipsum</strong></span> <span class='ocrx_word' id='word_1_395' title='bbox 2269 2124 2615 2192; x_wconf 86' lang='lat' dir='ltr'><strong>competisse.</strong></span> <span class='ocrx_word' id='word_1_396' title='bbox 2662 2124 2858 2195; x_wconf 81' lang='lat' dir='ltr'><strong>Atquin</strong></span> <span class='ocrx_word' id='word_1_397' title='bbox 2907 2128 3156 2196; x_wconf 71' lang='lat' dir='ltr'><strong>subiicit,</strong></span> <span class='ocrx_word' id='word_1_398' title='bbox 3188 2140 3235 2184; x_wconf 86' lang='lat' dir='ltr'><strong>et</strong></span> <span class='ocrx_word' id='word_1_399' title='bbox 3278 2131 3418 2201; x_wconf 84' lang='lat' dir='ltr'><strong>quod</strong></span> <span class='ocrx_word' id='word_1_400' title='bbox 3453 2133 3517 2186; x_wconf 87' lang='lat' dir='ltr'><strong>de</strong></span> <span class='ocrx_word' id='word_1_401' title='bbox 3544 2132 3670 2202; x_wconf 86' lang='lat' dir='ltr'><strong>Spi-</strong></span> 
     </span>
    </p>
   </div>
   <div class='ocr_carea' id='block_1_51' title="bbox 2060 2215 3677 2294">
    <p class='ocr_par' dir='ltr' id='par_1_51' title="bbox 2060 2215 3677 2294">
     <span class='ocr_line' id='line_1_51' title="bbox 2060 2215 3677 2294; baseline 0.009 -27"><span class='ocrx_word' id='word_1_402' title='bbox 2060 2215 2166 2268; x_wconf 82' lang='lat' dir='ltr'><strong>ritu</strong></span> <span class='ocrx_word' id='word_1_403' title='bbox 2189 2227 2365 2270; x_wconf 83' lang='lat' dir='ltr'><strong>natum</strong></span> <span class='ocrx_word' id='word_1_404' title='bbox 2386 2227 2489 2281; x_wconf 83' lang='lat' dir='ltr'><strong>est,</strong></span> <span class='ocrx_word' id='word_1_405' title='bbox 2520 2217 2852 2288; x_wconf 71' lang='lat' dir='ltr'><strong>Spiritusest</strong></span> <span class='ocrx_word' id='word_1_406' title='bbox 2871 2263 2885 2285; x_wconf 88' lang='lat'><strong>,</strong></span> <span class='ocrx_word' id='word_1_407' title='bbox 2928 2238 3054 2286; x_wconf 67' lang='lat' dir='ltr'><strong>ours</strong></span> <span class='ocrx_word' id='word_1_408' title='bbox 3084 2238 3219 2279; x_wconf 76' lang='lat' dir='ltr'><strong>usus</strong></span> <span class='ocrx_word' id='word_1_409' title='bbox 3262 2240 3500 2282; x_wconf 79' lang='lat' dir='ltr'><strong>srtm&#39;rus</strong></span> <span class='ocrx_word' id='word_1_410' title='bbox 3528 2242 3626 2283; x_wconf 77' lang='lat' dir='ltr'><strong>EST</strong></span> <span class='ocrx_word' id='word_1_411' title='bbox 3647 2234 3677 2294; x_wconf 83' lang='lat'><strong>,‘</strong></span> 
     </span>
    </p>
   </div>
   <div class='ocr_carea' id='block_1_52' title="bbox 2062 2311 3667 2390">
    <p class='ocr_par' dir='ltr' id='par_1_52' title="bbox 2062 2311 3667 2390">
     <span class='ocr_line' id='line_1_52' title="bbox 2062 2311 3667 2390; baseline 0.009 -29"><span class='ocrx_word' id='word_1_412' title='bbox 2062 2323 2131 2361; x_wconf 72' lang='lat' dir='ltr'><strong>ar</strong></span> <span class='ocrx_word' id='word_1_413' title='bbox 2163 2318 2229 2363; x_wconf 74' lang='lat' dir='ltr'><strong>ne</strong></span> <span class='ocrx_word' id='word_1_414' title='bbox 2258 2324 2361 2364; x_wconf 77' lang='lat' dir='ltr'><strong>oso</strong></span> <span class='ocrx_word' id='word_1_415' title='bbox 2388 2324 2554 2366; x_wconf 75' lang='lat' dir='ltr'><strong>NATUS</strong></span> <span class='ocrx_word' id='word_1_416' title='bbox 2584 2326 2708 2366; x_wconf 82' lang='lat' dir='ltr'><strong>EST.</strong></span> <span class='ocrx_word' id='word_1_417' title='bbox 2741 2311 2858 2367; x_wconf 86' lang='lat' dir='ltr'><strong>Hoc</strong></span> <span class='ocrx_word' id='word_1_418' title='bbox 2892 2315 3074 2386; x_wconf 90' lang='lat' dir='ltr'><strong>utique</strong></span> <span class='ocrx_word' id='word_1_419' title='bbox 3094 2358 3109 2381; x_wconf 88' lang='lat'><strong>,</strong></span> <span class='ocrx_word' id='word_1_420' title='bbox 3160 2318 3245 2372; x_wconf 91' lang='lat' dir='ltr'><strong>vel</strong></span> <span class='ocrx_word' id='word_1_421' title='bbox 3288 2333 3353 2372; x_wconf 79' lang='lat' dir='ltr'><strong>eo</strong></span> <span class='ocrx_word' id='word_1_422' title='bbox 3397 2320 3569 2390; x_wconf 80' lang='lat' dir='ltr'><strong>magis</strong></span> <span class='ocrx_word' id='word_1_423' title='bbox 3611 2320 3667 2375; x_wconf 90' lang='lat' dir='ltr'><strong>in</strong></span> 
     </span>
    </p>
   </div>
   <div class='ocr_carea' id='block_1_53' title="bbox 2059 2398 3666 2480">
    <p class='ocr_par' dir='ltr' id='par_1_53' title="bbox 2059 2398 3666 2480">
     <span class='ocr_line' id='line_1_53' title="bbox 2059 2398 3666 2480; baseline 0.01 -28"><span class='ocrx_word' id='word_1_424' title='bbox 2059 2398 2234 2469; x_wconf 88' lang='lat' dir='ltr'><strong>ipsum</strong></span> <span class='ocrx_word' id='word_1_425' title='bbox 2267 2401 2468 2467; x_wconf 86' lang='lat' dir='ltr'><strong>tendit,</strong></span> <span class='ocrx_word' id='word_1_426' title='bbox 2509 2403 2557 2457; x_wconf 89' lang='lat' dir='ltr'><strong>si</strong></span> <span class='ocrx_word' id='word_1_427' title='bbox 2608 2411 2664 2458; x_wconf 92' lang='lat' dir='ltr'><strong>et</strong></span> <span class='ocrx_word' id='word_1_428' title='bbox 2708 2405 2761 2459; x_wconf 92' lang='lat' dir='ltr'><strong>in</strong></span> <span class='ocrx_word' id='word_1_429' title='bbox 2804 2405 3089 2463; x_wconf 83' lang='lat' dir='ltr'><strong>credentes</strong></span> <span class='ocrx_word' id='word_1_430' title='bbox 3142 2408 3280 2478; x_wconf 87' lang='lat' dir='ltr'><strong>ejus.</strong></span> <span class='ocrx_word' id='word_1_431' title='bbox 3316 2409 3371 2465; x_wconf 92' lang='lat' dir='ltr'><strong>Si</strong></span> <span class='ocrx_word' id='word_1_432' title='bbox 3423 2427 3555 2480; x_wconf 88' lang='lat' dir='ltr'><strong>ergo</strong></span> <span class='ocrx_word' id='word_1_433' title='bbox 3609 2420 3666 2468; x_wconf 83' lang='lat' dir='ltr'><strong>et</strong></span> 
     </span>
    </p>
   </div>
   <div class='ocr_carea' id='block_1_54' title="bbox 2059 2490 3671 2574">
    <p class='ocr_par' dir='ltr' id='par_1_54' title="bbox 2059 2490 3671 2574">
     <span class='ocr_line' id='line_1_54' title="bbox 2059 2490 3671 2574; baseline 0.009 -30"><span class='ocrx_word' id='word_1_434' title='bbox 2059 2490 2162 2546; x_wconf 92' lang='lat' dir='ltr'><strong>hoc</strong></span> <span class='ocrx_word' id='word_1_435' title='bbox 2192 2492 2257 2546; x_wconf 90' lang='lat' dir='ltr'><strong>ad</strong></span> <span class='ocrx_word' id='word_1_436' title='bbox 2284 2492 2496 2562; x_wconf 90' lang='lat' dir='ltr'><strong>ipsum,</strong></span> <span class='ocrx_word' id='word_1_437' title='bbox 2525 2510 2624 2550; x_wconf 89' lang='lat' dir='ltr'><strong>cur</strong></span> <span class='ocrx_word' id='word_1_438' title='bbox 2650 2506 2705 2551; x_wconf 90' lang='lat' dir='ltr'><strong>et</strong></span> <span class='ocrx_word' id='word_1_439' title='bbox 2732 2513 2841 2552; x_wconf 86' lang='lat' dir='ltr'><strong>non</strong></span> <span class='ocrx_word' id='word_1_440' title='bbox 2866 2498 2997 2553; x_wconf 90' lang='lat' dir='ltr'><strong>illud</strong></span> <span class='ocrx_word' id='word_1_441' title='bbox 3024 2501 3225 2570; x_wconf 82' lang='lat' dir='ltr'><strong>supra?</strong></span> <span class='ocrx_word' id='word_1_442' title='bbox 3274 2519 3295 2552; x_wconf 77' lang='grc' dir='ltr'><strong><em>ι</em></strong></span> <span class='ocrx_word' id='word_1_443' title='bbox 3328 2510 3432 2557; x_wconf 86' lang='lat' dir='ltr'><strong>etc.</strong></span> <span class='ocrx_word' id='word_1_444' title='bbox 3466 2502 3671 2574; x_wconf 75' lang='lat' dir='ltr'><strong>Neque</strong></span> 
     </span>
    </p>
   </div>
   <div class='ocr_carea' id='block_1_55' title="bbox 2062 2585 3661 2662">
    <p class='ocr_par' dir='ltr' id='par_1_55' title="bbox 2062 2585 3661 2662">
     <span class='ocr_line' id='line_1_55' title="bbox 2062 2585 3661 2662; baseline 0.01 -24"><span class='ocrx_word' id='word_1_445' title='bbox 2062 2585 2248 2640; x_wconf 74' lang='lat' dir='ltr'><strong>limum</strong></span> <span class='ocrx_word' id='word_1_446' title='bbox 2280 2596 2523 2655; x_wconf 84' lang='lat' dir='ltr'><strong>tantum,</strong></span> <span class='ocrx_word' id='word_1_447' title='bbox 2560 2597 2654 2645; x_wconf 91' lang='lat' dir='ltr'><strong>ant</strong></span> <span class='ocrx_word' id='word_1_448' title='bbox 2698 2590 2844 2645; x_wconf 92' lang='lat' dir='ltr'><strong>solus</strong></span> <span class='ocrx_word' id='word_1_449' title='bbox 2876 2591 2975 2646; x_wconf 73' lang='lat' dir='ltr'><strong>ista</strong></span> <span class='ocrx_word' id='word_1_450' title='bbox 3026 2592 3159 2662; x_wconf 85' lang='lat' dir='ltr'><strong>legit</strong></span> <span class='ocrx_word' id='word_1_451' title='bbox 3204 2593 3573 2653; x_wconf 78' lang='lat' dir='ltr'><strong>Tertullianus</strong></span> <span class='ocrx_word' id='word_1_452' title='bbox 3603 2598 3661 2654; x_wconf 83' lang='lat' dir='ltr'><strong>in</strong></span> 
     </span>
    </p>
   </div>
   <div class='ocr_carea' id='block_1_56' title="bbox 2059 2675 3657 2758">
    <p class='ocr_par' dir='ltr' id='par_1_56' title="bbox 2059 2675 3657 2758">
     <span class='ocr_line' id='line_1_56' title="bbox 2059 2675 3657 2758; baseline 0.01 -29"><span class='ocrx_word' id='word_1_453' title='bbox 2059 2675 2349 2747; x_wconf 85' lang='lat' dir='ltr'><strong>Evangelia</strong></span> <span class='ocrx_word' id='word_1_454' title='bbox 2397 2678 2660 2745; x_wconf 86' lang='lat' dir='ltr'><strong>Joannis;</strong></span> <span class='ocrx_word' id='word_1_455' title='bbox 2702 2681 2801 2738; x_wconf 90' lang='lat' dir='ltr'><strong>sed</strong></span> <span class='ocrx_word' id='word_1_456' title='bbox 2850 2691 2904 2738; x_wconf 88' lang='lat' dir='ltr'><strong>et</strong></span> <span class='ocrx_word' id='word_1_457' title='bbox 2939 2684 2990 2737; x_wconf 93' lang='lat' dir='ltr'><strong>iu</strong></span> <span class='ocrx_word' id='word_1_458' title='bbox 3021 2683 3202 2740; x_wconf 84' lang='lat' dir='ltr'><strong>Africa</strong></span> <span class='ocrx_word' id='word_1_459' title='bbox 3228 2684 3564 2758; x_wconf 81' lang='lat' dir='ltr'><strong>Cyprianus,</strong></span> <span class='ocrx_word' id='word_1_460' title='bbox 3596 2699 3657 2745; x_wconf 86' lang='lat' dir='ltr'><strong>et</strong></span> 
     </span>
    </p>
   </div>
   <div class='ocr_carea' id='block_1_57' title="bbox 2056 2769 3659 2851">
    <p class='ocr_par' dir='ltr' id='par_1_57' title="bbox 2056 2769 3659 2851">
     <span class='ocr_line' id='line_1_57' title="bbox 2056 2769 3659 2851; baseline 0.01 -30"><span class='ocrx_word' id='word_1_461' title='bbox 2056 2784 2177 2822; x_wconf 89' lang='lat' dir='ltr'><strong>cum</strong></span> <span class='ocrx_word' id='word_1_462' title='bbox 2209 2769 2300 2823; x_wconf 89' lang='lat' dir='ltr'><strong>illo</strong></span> <span class='ocrx_word' id='word_1_463' title='bbox 2332 2771 2550 2839; x_wconf 84' lang='lat' dir='ltr'><strong>plurimi</strong></span> <span class='ocrx_word' id='word_1_464' title='bbox 2579 2774 2819 2844; x_wconf 89' lang='lat' dir='ltr'><strong>episcopi</strong></span> <span class='ocrx_word' id='word_1_465' title='bbox 2844 2775 2895 2830; x_wconf 93' lang='lat' dir='ltr'><strong>in</strong></span> <span class='ocrx_word' id='word_1_466' title='bbox 2921 2777 3152 2846; x_wconf 87' lang='lat' dir='ltr'><strong>synodo,</strong></span> <span class='ocrx_word' id='word_1_467' title='bbox 3176 2792 3299 2847; x_wconf 69' lang='lat' dir='ltr'><strong>qua:</strong></span> <span class='ocrx_word' id='word_1_468' title='bbox 3327 2777 3659 2851; x_wconf 82' lang='lat' dir='ltr'><strong>Carthagine</strong></span> 
     </span>
    </p>
   </div>
   <div class='ocr_carea' id='block_1_58' title="bbox 2044 2864 3659 2947">
    <p class='ocr_par' dir='ltr' id='par_1_58' title="bbox 2044 2864 3659 2947">
     <span class='ocr_line' id='line_1_58' title="bbox 2044 2864 3659 2947; baseline 0.01 -33"><span class='ocrx_word' id='word_1_469' title='bbox 2044 2872 2200 2915; x_wconf 87' lang='lat' dir='ltr'><strong>anno</strong></span> <span class='ocrx_word' id='word_1_470' title='bbox 2221 2864 2325 2918; x_wconf 66' lang='lat'><strong>“2.56</strong></span> <span class='ocrx_word' id='word_1_471' title='bbox 2364 2864 2639 2920; x_wconf 86' lang='lat' dir='ltr'><strong>celebrata</strong></span> <span class='ocrx_word' id='word_1_472' title='bbox 2691 2878 2773 2922; x_wconf 75' lang='grc' dir='ltr'><strong>ρει</strong></span> <span class='ocrx_word' id='word_1_473' title='bbox 2792 2910 2807 2935; x_wconf 82' lang='grc'><em>,</em></span> <span class='ocrx_word' id='word_1_474' title='bbox 2830 2878 2885 2923; x_wconf 90' lang='lat' dir='ltr'><strong>et</strong></span> <span class='ocrx_word' id='word_1_475' title='bbox 2918 2869 2971 2923; x_wconf 88' lang='lat' dir='ltr'><strong>in</strong></span> <span class='ocrx_word' id='word_1_476' title='bbox 2998 2885 3104 2941; x_wconf 87' lang='lat' dir='ltr'><strong>qua</strong></span> <span class='ocrx_word' id='word_1_477' title='bbox 3151 2872 3412 2942; x_wconf 86' lang='lat' dir='ltr'><strong>agebatur</strong></span> <span class='ocrx_word' id='word_1_478' title='bbox 3438 2874 3502 2929; x_wconf 87' lang='lat' dir='ltr'><strong>de</strong></span> <span class='ocrx_word' id='word_1_479' title='bbox 3526 2874 3659 2947; x_wconf 85' lang='lat' dir='ltr'><strong>bap-</strong></span> 
     </span>
    </p>
   </div>
   <div class='ocr_carea' id='block_1_59' title="bbox 2056 2952 2572 3011">
    <p class='ocr_par' dir='ltr' id='par_1_59' title="bbox 2056 2952 2572 3011">
     <span class='ocr_line' id='line_1_59' title="bbox 2056 2952 2572 3011; baseline 0.014 -7"><span class='ocrx_word' id='word_1_480' title='bbox 2056 2952 2276 3008; x_wconf 80' lang='lat' dir='ltr'><strong>tizandis</strong></span> <span class='ocrx_word' id='word_1_481' title='bbox 2297 2955 2572 3011; x_wconf 62' lang='lat' dir='ltr'><strong>haereticis.</strong></span> 
     </span>
    </p>
   </div>
   <div class='ocr_carea' id='block_1_60' title="bbox 2125 3034 3656 3117">
    <p class='ocr_par' dir='ltr' id='par_1_60' title="bbox 2125 3034 3656 3117">
     <span class='ocr_line' id='line_1_60' title="bbox 2125 3034 3656 3117; baseline 0.01 -16"><span class='ocrx_word' id='word_1_482' title='bbox 2125 3046 2462 3105; x_wconf 87' lang='lat' dir='ltr'><strong>Novissimus</strong></span> <span class='ocrx_word' id='word_1_483' title='bbox 2491 3052 2667 3108; x_wconf 87' lang='lat' dir='ltr'><strong>editor</strong></span> <span class='ocrx_word' id='word_1_484' title='bbox 2708 3052 2766 3109; x_wconf 89' lang='lat' dir='ltr'><strong>S.</strong></span> <span class='ocrx_word' id='word_1_485' title='bbox 2809 3034 3099 3111; x_wconf 81' lang='lat' dir='ltr'><strong>Ambrosii</strong></span> <span class='ocrx_word' id='word_1_486' title='bbox 3130 3058 3209 3112; x_wconf 74' lang='lat' dir='ltr'><strong>ad&#39;</strong></span> <span class='ocrx_word' id='word_1_487' title='bbox 3251 3058 3393 3115; x_wconf 91' lang='lat' dir='ltr'><strong>hunc</strong></span> <span class='ocrx_word' id='word_1_488' title='bbox 3429 3060 3656 3117; x_wconf 85' lang='lat' dir='ltr'><strong>Joannis</strong></span> 
     </span>
    </p>
   </div>
   <div class='ocr_carea' id='block_1_61' title="bbox 350 3140 3656 3222">
    <p class='ocr_par' dir='ltr' id='par_1_61' title="bbox 350 3140 3656 3222">
     <span class='ocr_line' id='line_1_61' title="bbox 350 3140 3656 3222; baseline 0.003 -23"><span class='ocrx_word' id='word_1_489' title='bbox 350 3155 567 3219; x_wconf 68' lang='lat' dir='ltr'><strong>Ariani,</strong></span> <span class='ocrx_word' id='word_1_490' title='bbox 596 3146 958 3207; x_wconf 84' lang='lat' dir='ltr'><strong>testiilcamini</strong></span> <span class='ocrx_word' id='word_1_491' title='bbox 996 3162 1117 3203; x_wconf 89' lang='lat' dir='ltr'><strong>esse</strong></span> <span class='ocrx_word' id='word_1_492' title='bbox 1141 3147 1210 3201; x_wconf 88' lang='lat' dir='ltr'><strong>de</strong></span> <span class='ocrx_word' id='word_1_493' title='bbox 1238 3144 1441 3216; x_wconf 86' lang='lat' dir='ltr'><strong>Spiritu</strong></span> <span class='ocrx_word' id='word_1_494' title='bbox 1466 3187 1480 3211; x_wconf 87' lang='lat'><strong>,</strong></span> <span class='ocrx_word' id='word_1_495' title='bbox 1527 3152 1585 3199; x_wconf 88' lang='lat' dir='ltr'><strong>ut</strong></span> <span class='ocrx_word' id='word_1_496' title='bbox 1614 3159 1737 3200; x_wconf 87' lang='lat' dir='ltr'><strong>eum</strong></span> <span class='ocrx_word' id='word_1_497' title='bbox 1765 3159 1796 3198; x_wconf 83' lang='lat' dir='ltr'><strong>e</strong></span> <span class='ocrx_word' id='word_1_498' title='bbox 1824 3159 1945 3198; x_wconf 78' lang='lat' dir='ltr'><strong>ves-</strong></span> <span class='ocrx_word' id='word_1_499' title='bbox 1975 3153 2019 3214; x_wconf 70' lang='grc' dir='ltr'><strong>ρ</strong></span> <span class='ocrx_word' id='word_1_500' title='bbox 2054 3140 2230 3194; x_wconf 90' lang='lat' dir='ltr'><strong>locum</strong></span> <span class='ocrx_word' id='word_1_501' title='bbox 2252 3181 2266 3205; x_wconf 93' lang='lat'><strong>,</strong></span> <span class='ocrx_word' id='word_1_502' title='bbox 2299 3148 2459 3211; x_wconf 78' lang='lat' dir='ltr'><strong>quem</strong></span> <span class='ocrx_word' id='word_1_503' title='bbox 2483 3158 2550 3198; x_wconf 82' lang='lat' dir='ltr'><strong>ex</strong></span> <span class='ocrx_word' id='word_1_504' title='bbox 2590 3144 2805 3199; x_wconf 89' lang='lat' dir='ltr'><strong>laudato</strong></span> <span class='ocrx_word' id='word_1_505' title='bbox 2836 3146 3098 3203; x_wconf 78' lang='lat' dir='ltr'><strong>Ecclesiae</strong></span> <span class='ocrx_word' id='word_1_506' title='bbox 3138 3149 3362 3206; x_wconf 88' lang='lat' dir='ltr'><strong>doctore</strong></span> <span class='ocrx_word' id='word_1_507' title='bbox 3403 3152 3656 3222; x_wconf 86' lang='lat' dir='ltr'><strong>superius</strong></span> 
     </span>
    </p>
   </div>
   <div class='ocr_carea' id='block_1_62' title="bbox 350 3239 1949 3311">
    <p class='ocr_par' dir='ltr' id='par_1_62' title="bbox 350 3239 1949 3311">
     <span class='ocr_line' id='line_1_62' title="bbox 350 3239 1949 3311; baseline -0.007 -7"><span class='ocrx_word' id='word_1_508' title='bbox 350 3250 448 3305; x_wconf 88' lang='lat' dir='ltr'><strong>tris</strong></span> <span class='ocrx_word' id='word_1_509' title='bbox 472 3245 750 3303; x_wconf 87' lang='lat' dir='ltr'><strong>codicibus</strong></span> <span class='ocrx_word' id='word_1_510' title='bbox 772 3242 1030 3298; x_wconf 87' lang='lat' dir='ltr'><strong>auferatis</strong></span> <span class='ocrx_word' id='word_1_511' title='bbox 1066 3259 1077 3294; x_wconf 93' lang='lat'>:</span> <span class='ocrx_word' id='word_1_512' title='bbox 1109 3250 1269 3311; x_wconf 90' lang='lat' dir='ltr'><strong>atque</strong></span> <span class='ocrx_word' id='word_1_513' title='bbox 1301 3241 1503 3295; x_wconf 87' lang='lat' dir='ltr'><strong>utinam</strong></span> <span class='ocrx_word' id='word_1_514' title='bbox 1532 3239 1601 3294; x_wconf 90' lang='lat' dir='ltr'><strong>de</strong></span> <span class='ocrx_word' id='word_1_515' title='bbox 1629 3240 1824 3294; x_wconf 88' lang='lat' dir='ltr'><strong>vestris</strong></span> <span class='ocrx_word' id='word_1_516' title='bbox 1845 3280 1859 3304; x_wconf 92' lang='lat'><strong>,</strong></span> <span class='ocrx_word' id='word_1_517' title='bbox 1895 3247 1949 3293; x_wconf 86' lang='lat' dir='ltr'><strong>et</strong></span> 
     </span>
    </p>
   </div>
   <div class='ocr_carea' id='block_1_63' title="bbox 351 3330 1948 3395">
    <p class='ocr_par' dir='ltr' id='par_1_63' title="bbox 351 3330 1948 3395">
     <span class='ocr_line' id='line_1_63' title="bbox 351 3330 1948 3395; baseline -0.006 0"><span class='ocrx_word' id='word_1_518' title='bbox 351 3358 456 3395; x_wconf 89' lang='lat' dir='ltr'><strong>non</strong></span> <span class='ocrx_word' id='word_1_519' title='bbox 487 3341 648 3395; x_wconf 87' lang='lat' dir='ltr'><strong>etiam</strong></span> <span class='ocrx_word' id='word_1_520' title='bbox 698 3338 767 3392; x_wconf 82' lang='lat' dir='ltr'><strong>de</strong></span> <span class='ocrx_word' id='word_1_521' title='bbox 814 3335 1071 3390; x_wconf 70' lang='lat' dir='ltr'><strong>Ecclesia:</strong></span> <span class='ocrx_word' id='word_1_522' title='bbox 1102 3332 1380 3388; x_wconf 89' lang='lat' dir='ltr'><strong>codicibus</strong></span> <span class='ocrx_word' id='word_1_523' title='bbox 1410 3330 1694 3387; x_wconf 86' lang='lat' dir='ltr'><strong>tolleretis.</strong></span> <span class='ocrx_word' id='word_1_524' title='bbox 1735 3350 1752 3383; x_wconf 83' lang='grc'>›</span> <span class='ocrx_word' id='word_1_525' title='bbox 1790 3330 1948 3385; x_wconf 84' lang='lat' dir='ltr'><strong>Dele-</strong></span> 
     </span>
    </p>
   </div>
   <div class='ocr_carea' id='block_1_64' title="bbox 349 3422 1943 3503">
    <p class='ocr_par' dir='ltr' id='par_1_64' title="bbox 349 3422 1943 3503">
     <span class='ocr_line' id='line_1_64' title="bbox 349 3422 1943 3503; baseline -0.008 -14"><span class='ocrx_word' id='word_1_526' title='bbox 349 3437 479 3491; x_wconf 84' lang='lat' dir='ltr'><strong>bant</strong></span> <span class='ocrx_word' id='word_1_527' title='bbox 506 3447 637 3503; x_wconf 86' lang='lat' dir='ltr'><strong>ergo</strong></span> <span class='ocrx_word' id='word_1_528' title='bbox 662 3445 785 3486; x_wconf 91' lang='lat' dir='ltr'><strong>eum</strong></span> <span class='ocrx_word' id='word_1_529' title='bbox 831 3429 1009 3485; x_wconf 92' lang='lat' dir='ltr'><strong>locum</strong></span> <span class='ocrx_word' id='word_1_530' title='bbox 1040 3437 1159 3482; x_wconf 84' lang='lat' dir='ltr'><strong>non&#39;</strong></span> <span class='ocrx_word' id='word_1_531' title='bbox 1180 3425 1340 3481; x_wconf 91' lang='lat' dir='ltr'><strong>modo</strong></span> <span class='ocrx_word' id='word_1_532' title='bbox 1364 3440 1435 3480; x_wconf 78' lang='lat' dir='ltr'><strong>ex</strong></span> <span class='ocrx_word' id='word_1_533' title='bbox 1457 3426 1569 3479; x_wconf 89' lang='lat' dir='ltr'><strong>suis</strong></span> <span class='ocrx_word' id='word_1_534' title='bbox 1589 3468 1604 3493; x_wconf 87' lang='lat'><strong>,</strong></span> <span class='ocrx_word' id='word_1_535' title='bbox 1656 3423 1751 3479; x_wconf 90' lang='lat' dir='ltr'><strong>sed</strong></span> <span class='ocrx_word' id='word_1_536' title='bbox 1782 3422 1943 3479; x_wconf 86' lang='lat' dir='ltr'><strong>etiam</strong></span> 
     </span>
    </p>
   </div>
   <div class='ocr_carea' id='block_1_65' title="bbox 349 3518 1942 3592">
    <p class='ocr_par' dir='ltr' id='par_1_65' title="bbox 349 3518 1942 3592">
     <span class='ocr_line' id='line_1_65' title="bbox 349 3518 1942 3592; baseline -0.006 -9"><span class='ocrx_word' id='word_1_537' title='bbox 349 3544 413 3583; x_wconf 80' lang='lat' dir='ltr'><strong>cx</strong></span> <span class='ocrx_word' id='word_1_538' title='bbox 445 3526 704 3583; x_wconf 68' lang='lat' dir='ltr'><strong>Ecclesia:</strong></span> <span class='ocrx_word' id='word_1_539' title='bbox 732 3525 1010 3581; x_wconf 88' lang='lat' dir='ltr'><strong>codicibus</strong></span> <span class='ocrx_word' id='word_1_540' title='bbox 1039 3521 1249 3578; x_wconf 86' lang='lat' dir='ltr'><strong>Ariani.</strong></span> <span class='ocrx_word' id='word_1_541' title='bbox 1282 3522 1458 3592; x_wconf 89' lang='lat' dir='ltr'><strong>Atque</strong></span> <span class='ocrx_word' id='word_1_542' title='bbox 1486 3519 1615 3574; x_wconf 87' lang='lat' dir='ltr'><strong>illud</strong></span> <span class='ocrx_word' id='word_1_543' title='bbox 1645 3519 1849 3573; x_wconf 79' lang='lat' dir='ltr'><strong>facinus</strong></span> <span class='ocrx_word' id='word_1_544' title='bbox 1876 3518 1942 3574; x_wconf 89' lang='lat' dir='ltr'><strong>ad</strong></span> 
     </span>
    </p>
   </div>
   <div class='ocr_carea' id='block_1_66' title="bbox 345 3610 1939 3688">
    <p class='ocr_par' dir='ltr' id='par_1_66' title="bbox 345 3610 1939 3688">
     <span class='ocr_line' id='line_1_66' title="bbox 345 3610 1939 3688; baseline -0.008 -11"><span class='ocrx_word' id='word_1_545' title='bbox 345 3624 553 3677; x_wconf 81' lang='lat' dir='ltr'><strong>exitum</strong></span> <span class='ocrx_word' id='word_1_546' title='bbox 593 3620 821 3676; x_wconf 85' lang='lat' dir='ltr'><strong>feliciter</strong></span> <span class='ocrx_word' id='word_1_547' title='bbox 857 3617 1199 3688; x_wconf 83' lang='lat' dir='ltr'><strong>perduxere;</strong></span> <span class='ocrx_word' id='word_1_548' title='bbox 1232 3614 1355 3684; x_wconf 89' lang='lat' dir='ltr'><strong>quia</strong></span> <span class='ocrx_word' id='word_1_549' title='bbox 1395 3612 1612 3683; x_wconf 87' lang='lat' dir='ltr'><strong>plurimi</strong></span> <span class='ocrx_word' id='word_1_550' title='bbox 1659 3628 1726 3668; x_wconf 81' lang='lat' dir='ltr'><strong>ex</strong></span> <span class='ocrx_word' id='word_1_551' title='bbox 1776 3610 1939 3681; x_wconf 89' lang='lat' dir='ltr'><strong>ipsis,</strong></span> 
     </span>
    </p>
   </div>
   <div class='ocr_carea' id='block_1_67' title="bbox 346 3704 1941 3770">
    <p class='ocr_par' dir='ltr' id='par_1_67' title="bbox 346 3704 1941 3770">
     <span class='ocr_line' id='line_1_67' title="bbox 346 3704 1941 3770; baseline -0.007 0"><span class='ocrx_word' id='word_1_552' title='bbox 346 3714 714 3770; x_wconf 83' lang='lat' dir='ltr'><strong>fraudulenter</strong></span> <span class='ocrx_word' id='word_1_553' title='bbox 743 3711 1079 3766; x_wconf 90' lang='lat' dir='ltr'><strong>dissimulata</strong></span> <span class='ocrx_word' id='word_1_554' title='bbox 1122 3706 1315 3761; x_wconf 62' lang='lat' dir='ltr'><strong>haeresi</strong></span> <span class='ocrx_word' id='word_1_555' title='bbox 1343 3747 1356 3769; x_wconf 91' lang='lat'><strong>,</strong></span> <span class='ocrx_word' id='word_1_556' title='bbox 1405 3720 1526 3761; x_wconf 88' lang='lat' dir='ltr'><strong>sese</strong></span> <span class='ocrx_word' id='word_1_557' title='bbox 1574 3705 1643 3760; x_wconf 91' lang='lat' dir='ltr'><strong>ab</strong></span> <span class='ocrx_word' id='word_1_558' title='bbox 1686 3704 1941 3759; x_wconf 80' lang='lat' dir='ltr'><strong>Ecclesiae</strong></span> 
     </span>
    </p>
   </div>
   <div class='ocr_carea' id='block_1_68' title="bbox 342 3796 1941 3868">
    <p class='ocr_par' dir='ltr' id='par_1_68' title="bbox 342 3796 1941 3868">
     <span class='ocr_line' id='line_1_68' title="bbox 342 3796 1941 3868; baseline -0.007 -7"><span class='ocrx_word' id='word_1_559' title='bbox 342 3805 625 3861; x_wconf 69' lang='lat' dir='ltr'><strong>catholicas</strong></span> <span class='ocrx_word' id='word_1_560' title='bbox 649 3800 1028 3858; x_wconf 84' lang='lat' dir='ltr'><strong>communione</strong></span> <span class='ocrx_word' id='word_1_561' title='bbox 1073 3798 1248 3868; x_wconf 83' lang='lat' dir='ltr'><strong>palam</strong></span> <span class='ocrx_word' id='word_1_562' title='bbox 1294 3797 1597 3851; x_wconf 87' lang='lat' dir='ltr'><strong>subducere</strong></span> <span class='ocrx_word' id='word_1_563' title='bbox 1638 3796 1823 3864; x_wconf 87' lang='lat' dir='ltr'><strong>perdiu</strong></span> <span class='ocrx_word' id='word_1_564' title='bbox 1855 3813 1941 3851; x_wconf 86' lang='lat' dir='ltr'><strong>re-</strong></span> 
     </span>
    </p>
   </div>
   <div class='ocr_carea' id='block_1_69' title="bbox 346 3890 1941 3979">
    <p class='ocr_par' dir='ltr' id='par_1_69' title="bbox 346 3890 1941 3979">
     <span class='ocr_line' id='line_1_69' title="bbox 346 3890 1941 3979; baseline -0.007 -23"><span class='ocrx_word' id='word_1_565' title='bbox 346 3902 615 3971; x_wconf 86' lang='lat' dir='ltr'><strong>fugerunt.</strong></span> <span class='ocrx_word' id='word_1_566' title='bbox 661 3895 768 3953; x_wconf 87' lang='lat' dir='ltr'><strong>Sed</strong></span> <span class='ocrx_word' id='word_1_567' title='bbox 798 3910 828 3949; x_wconf 91' lang='lat' dir='ltr'><strong>a</strong></span> <span class='ocrx_word' id='word_1_568' title='bbox 859 3891 1287 3963; x_wconf 89' lang='lat' dir='ltr'><strong>vigilantissimis</strong></span> <span class='ocrx_word' id='word_1_569' title='bbox 1332 3891 1591 3979; x_wconf 66' lang='lat' dir='ltr'><strong>Ecclesia:</strong></span> <span class='ocrx_word' id='word_1_570' title='bbox 1632 3890 1941 3957; x_wconf 76' lang='lat' dir='ltr'><strong>paSto‘ribns</strong></span> 
     </span>
    </p>
   </div>
   <div class='ocr_carea' id='block_1_70' title="bbox 344 3983 1937 4059">
    <p class='ocr_par' dir='ltr' id='par_1_70' title="bbox 344 3983 1937 4059">
     <span class='ocr_line' id='line_1_70' title="bbox 344 3983 1937 4059; baseline -0.008 -9"><span class='ocrx_word' id='word_1_571' title='bbox 344 3998 459 4051; x_wconf 80' lang='lat' dir='ltr'><strong>lucc</strong></span> <span class='ocrx_word' id='word_1_572' title='bbox 487 3994 807 4049; x_wconf 87' lang='lat' dir='ltr'><strong>Arianorum</strong></span> <span class='ocrx_word' id='word_1_573' title='bbox 855 3986 1079 4059; x_wconf 83' lang='lat' dir='ltr'><strong>perfidia</strong></span> <span class='ocrx_word' id='word_1_574' title='bbox 1111 3985 1318 4040; x_wconf 84' lang='lat' dir='ltr'><strong>detecta</strong></span> <span class='ocrx_word' id='word_1_575' title='bbox 1348 3992 1465 4050; x_wconf 86' lang='lat' dir='ltr'><strong>est;</strong></span> <span class='ocrx_word' id='word_1_576' title='bbox 1498 3990 1556 4037; x_wconf 90' lang='lat' dir='ltr'><strong>ut</strong></span> <span class='ocrx_word' id='word_1_577' title='bbox 1586 3991 1771 4037; x_wconf 90' lang='lat' dir='ltr'><strong>narrat</strong></span> <span class='ocrx_word' id='word_1_578' title='bbox 1797 3983 1937 4038; x_wconf 87' lang='lat' dir='ltr'><strong>idem</strong></span> 
     </span>
    </p>
   </div>
   <div class='ocr_carea' id='block_1_71' title="bbox 342 4076 1933 4153">
    <p class='ocr_par' dir='ltr' id='par_1_71' title="bbox 342 4076 1933 4153">
     <span class='ocr_line' id='line_1_71' title="bbox 342 4076 1933 4153; baseline -0.008 -8"><span class='ocrx_word' id='word_1_579' title='bbox 342 4086 691 4151; x_wconf 83' lang='lat' dir='ltr'><strong>Ambrosius,</strong></span> <span class='ocrx_word' id='word_1_580' title='bbox 735 4082 827 4153; x_wconf 93' lang='lat' dir='ltr'><strong>qui</strong></span> <span class='ocrx_word' id='word_1_581' title='bbox 868 4080 1030 4138; x_wconf 89' lang='lat' dir='ltr'><strong>etiam</strong></span> <span class='ocrx_word' id='word_1_582' title='bbox 1081 4086 1294 4147; x_wconf 84' lang='lat' dir='ltr'><strong>tempus</strong></span> <span class='ocrx_word' id='word_1_583' title='bbox 1320 4076 1579 4147; x_wconf 82' lang='lat' dir='ltr'><strong>assignat.</strong></span> <span class='ocrx_word' id='word_1_584' title='bbox 1618 4094 1638 4129; x_wconf 69' lang='grc' dir='ltr'><strong>ε</strong></span> <span class='ocrx_word' id='word_1_585' title='bbox 1672 4076 1755 4132; x_wconf 88' lang='lat' dir='ltr'><strong>Eo</strong></span> <span class='ocrx_word' id='word_1_586' title='bbox 1789 4082 1933 4132; x_wconf 82' lang='lat' dir='ltr'><strong>enim</strong></span> 
     </span>
    </p>
   </div>
   <div class='ocr_carea' id='block_1_72' title="bbox 340 4168 1936 4252">
    <p class='ocr_par' dir='ltr' id='par_1_72' title="bbox 340 4168 1936 4252">
     <span class='ocr_line' id='line_1_72' title="bbox 340 4168 1936 4252; baseline -0.008 -14"><span class='ocrx_word' id='word_1_587' title='bbox 340 4194 583 4252; x_wconf 86' lang='lat' dir='ltr'><strong>tempore</strong></span> <span class='ocrx_word' id='word_1_588' title='bbox 607 4175 858 4251; x_wconf 88' lang='lat' dir='ltr'><strong>(inquit),</strong></span> <span class='ocrx_word' id='word_1_589' title='bbox 891 4186 999 4244; x_wconf 90' lang='lat' dir='ltr'><strong>quo</strong></span> <span class='ocrx_word' id='word_1_590' title='bbox 1028 4171 1227 4242; x_wconf 84' lang='lat' dir='ltr'><strong>impiae</strong></span> <span class='ocrx_word' id='word_1_591' title='bbox 1250 4168 1583 4224; x_wconf 73' lang='lat' dir='ltr'><strong>infidelitatis</strong></span> <span class='ocrx_word' id='word_1_592' title='bbox 1631 4170 1936 4226; x_wconf 80' lang='lat' dir='ltr'><strong>Auxentius</strong></span> 
     </span>
    </p>
   </div>
   <div class='ocr_carea' id='block_1_73' title="bbox 348 4262 1934 4334">
    <p class='ocr_par' dir='ltr' id='par_1_73' title="bbox 348 4262 1934 4334">
     <span class='ocr_line' id='line_1_73' title="bbox 348 4262 1934 4334; baseline -0.008 -3"><span class='ocrx_word' id='word_1_593' title='bbox 348 4272 797 4333; x_wconf 77' lang='lat' dir='ltr'><strong>Mediolaneus‘em</strong></span> <span class='ocrx_word' id='word_1_594' title='bbox 827 4266 1123 4323; x_wconf 76' lang='lat' dir='ltr'><strong>Ecclesium</strong></span> <span class='ocrx_word' id='word_1_595' title='bbox 1172 4262 1340 4318; x_wconf 81' lang='lat' dir='ltr'><strong>armis</strong></span> <span class='ocrx_word' id='word_1_596' title='bbox 1384 4264 1733 4334; x_wconf 82' lang='lat' dir='ltr'><strong>exercituque</strong></span> <span class='ocrx_word' id='word_1_597' title='bbox 1771 4277 1934 4319; x_wconf 83' lang='lat' dir='ltr'><strong>occu-</strong></span> 
     </span>
    </p>
   </div>
   <div class='ocr_carea' id='block_1_74' title="bbox 344 4358 1934 4442">
    <p class='ocr_par' dir='ltr' id='par_1_74' title="bbox 344 4358 1934 4442">
     <span class='ocr_line' id='line_1_74' title="bbox 344 4358 1934 4442; baseline -0.008 -16"><span class='ocrx_word' id='word_1_598' title='bbox 344 4377 603 4442; x_wconf 76' lang='lat' dir='ltr'><strong>paverat,</strong></span> <span class='ocrx_word' id='word_1_599' title='bbox 635 4365 735 4421; x_wconf 88' lang='lat' dir='ltr'><strong>vel</strong></span> <span class='ocrx_word' id='word_1_600' title='bbox 766 4380 793 4418; x_wconf 91' lang='lat' dir='ltr'><strong>a</strong></span> <span class='ocrx_word' id='word_1_601' title='bbox 836 4362 1069 4419; x_wconf 76' lang='lat' dir='ltr'><strong>Valente</strong></span> <span class='ocrx_word' id='word_1_602' title='bbox 1101 4368 1261 4430; x_wconf 88' lang='lat' dir='ltr'><strong>atque</strong></span> <span class='ocrx_word' id='word_1_603' title='bbox 1312 4358 1536 4415; x_wconf 84' lang='lat' dir='ltr'><strong>Ursacio</strong></span> <span class='ocrx_word' id='word_1_604' title='bbox 1558 4399 1572 4424; x_wconf 94' lang='lat'><strong>,</strong></span> <span class='ocrx_word' id='word_1_605' title='bbox 1602 4358 1934 4413; x_wconf 87' lang='lat' dir='ltr'><strong>mutantibus</strong></span> 
     </span>
    </p>
   </div>
   <div class='ocr_carea' id='block_1_75' title="bbox 340 4450 1928 4524">
    <p class='ocr_par' dir='ltr' id='par_1_75' title="bbox 340 4450 1928 4524">
     <span class='ocr_line' id='line_1_75' title="bbox 340 4450 1928 4524; baseline -0.009 -4"><span class='ocrx_word' id='word_1_606' title='bbox 340 4460 709 4521; x_wconf 77' lang='lat' dir='ltr'><strong>sacerdtuibus</strong></span> <span class='ocrx_word' id='word_1_607' title='bbox 734 4458 880 4524; x_wconf 87' lang='lat' dir='ltr'><strong>suis,</strong></span> <span class='ocrx_word' id='word_1_608' title='bbox 909 4455 1287 4511; x_wconf 85' lang='lat' dir='ltr'><strong>incursabatur</strong></span> <span class='ocrx_word' id='word_1_609' title='bbox 1319 4451 1557 4507; x_wconf 86' lang='lat' dir='ltr'><strong>Ecclesia</strong></span> <span class='ocrx_word' id='word_1_610' title='bbox 1595 4450 1928 4517; x_wconf 73' lang='lat' dir='ltr'><strong>Sirmien‘sis,</strong></span> 
     </span>
    </p>
   </div>
   <div class='ocr_carea' id='block_1_76' title="bbox 2054 3233 3656 3315">
    <p class='ocr_par' dir='ltr' id='par_1_76' title="bbox 2054 3233 3656 3315">
     <span class='ocr_line' id='line_1_76' title="bbox 2054 3233 3656 3315; baseline 0.011 -30"><span class='ocrx_word' id='word_1_611' title='bbox 2054 3233 2295 3296; x_wconf 86' lang='lat' dir='ltr'><strong>recitavi,</strong></span> <span class='ocrx_word' id='word_1_612' title='bbox 2322 3234 2437 3289; x_wconf 59' lang='lat' dir='ltr'><strong>haec</strong></span> <span class='ocrx_word' id='word_1_613' title='bbox 2467 3237 2673 3305; x_wconf 84' lang='lat' dir='ltr'><strong>putavit</strong></span> <span class='ocrx_word' id='word_1_614' title='bbox 2712 3253 2834 3293; x_wconf 88' lang='lat' dir='ltr'><strong>csse</strong></span> <span class='ocrx_word' id='word_1_615' title='bbox 2858 3239 3196 3297; x_wconf 86' lang='lat' dir='ltr'><strong>observanda</strong></span> <span class='ocrx_word' id='word_1_616' title='bbox 3231 3260 3245 3297; x_wconf 91' lang='lat'><strong>:</strong></span> <span class='ocrx_word' id='word_1_617' title='bbox 3286 3260 3305 3293; x_wconf 85' lang='grc'><strong>‹</strong></span> <span class='ocrx_word' id='word_1_618' title='bbox 3328 3243 3656 3315; x_wconf 64' lang='grc' dir='ltr'><strong>,ὃθᾳυεηιθς</strong></span> 
     </span>
    </p>
   </div>
   <div class='ocr_carea' id='block_1_77' title="bbox 2050 3327 3653 3403">
    <p class='ocr_par' dir='ltr' id='par_1_77' title="bbox 2050 3327 3653 3403">
     <span class='ocr_line' id='line_1_77' title="bbox 2050 3327 3653 3403; baseline 0.009 -25"><span class='ocrx_word' id='word_1_619' title='bbox 2050 3340 2211 3380; x_wconf 88' lang='lat' dir='ltr'><strong>voces</strong></span> <span class='ocrx_word' id='word_1_620' title='bbox 2232 3327 2461 3398; x_wconf 91' lang='lat' dir='ltr'><strong>(inquit,</strong></span> <span class='ocrx_word' id='word_1_621' title='bbox 2496 3339 2627 3383; x_wconf 91' lang='lat' dir='ltr'><strong>tom.</strong></span> <span class='ocrx_word' id='word_1_622' title='bbox 2658 3345 2732 3397; x_wconf 85' lang='grc' dir='ltr'><strong>ιι,</strong></span> <span class='ocrx_word' id='word_1_623' title='bbox 2764 3346 2815 3401; x_wconf 89' lang='lat' dir='ltr'><strong>p.</strong></span> <span class='ocrx_word' id='word_1_624' title='bbox 2842 3330 3006 3403; x_wconf 84' lang='grc'>677),</span> <span class='ocrx_word' id='word_1_625' title='bbox 3036 3334 3154 3403; x_wconf 86' lang='lat' dir='ltr'><strong>quia</strong></span> <span class='ocrx_word' id='word_1_626' title='bbox 3193 3336 3256 3389; x_wconf 80' lang='lat' dir='ltr'><strong>de</strong></span> <span class='ocrx_word' id='word_1_627' title='bbox 3289 3351 3446 3390; x_wconf 84' lang='lat' dir='ltr'><strong>carne</strong></span> <span class='ocrx_word' id='word_1_628' title='bbox 3472 3346 3653 3392; x_wconf 82' lang='lat' dir='ltr'><strong>natum</strong></span> 
     </span>
    </p>
   </div>
   <div class='ocr_carea' id='block_1_78' title="bbox 2049 3422 3749 3489">
    <p class='ocr_par' dir='ltr' id='par_1_78' title="bbox 2049 3422 3749 3489">
     <span class='ocr_line' id='line_1_78' title="bbox 2049 3422 3749 3489; baseline 0.011 -18"><span class='ocrx_word' id='word_1_629' title='bbox 2049 3428 2157 3482; x_wconf 85' lang='lat' dir='ltr'><strong>est,</strong></span> <span class='ocrx_word' id='word_1_630' title='bbox 2185 3435 2291 3474; x_wconf 91' lang='lat' dir='ltr'><strong>non</strong></span> <span class='ocrx_word' id='word_1_631' title='bbox 2324 3422 2503 3478; x_wconf 88' lang='lat' dir='ltr'><strong>minus</strong></span> <span class='ocrx_word' id='word_1_632' title='bbox 2530 3423 2730 3479; x_wconf 87' lang='lat' dir='ltr'><strong>absunt</strong></span> <span class='ocrx_word' id='word_1_633' title='bbox 2757 3425 2826 3480; x_wconf 92' lang='lat' dir='ltr'><strong>ab</strong></span> <span class='ocrx_word' id='word_1_634' title='bbox 2868 3428 3119 3483; x_wconf 88' lang='lat' dir='ltr'><strong>omnibus</strong></span> <span class='ocrx_word' id='word_1_635' title='bbox 3144 3428 3386 3484; x_wconf 89' lang='lat' dir='ltr'><strong>omnium</strong></span> <span class='ocrx_word' id='word_1_636' title='bbox 3416 3430 3651 3488; x_wconf 72' lang='lat' dir='ltr'><strong>idioma—</strong></span> <span class='ocrx_word' id='word_1_637' title='bbox 3736 3484 3749 3489; x_wconf 38' lang='grc' dir='ltr'><em>κ</em></span> 
     </span>
    </p>
   </div>
   <div class='ocr_carea' id='block_1_79' title="bbox 2049 3512 3661 3594">
    <p class='ocr_par' dir='ltr' id='par_1_79' title="bbox 2049 3512 3661 3594">
     <span class='ocr_line' id='line_1_79' title="bbox 2049 3512 3661 3594; baseline 0.011 -30"><span class='ocrx_word' id='word_1_638' title='bbox 2049 3520 2160 3566; x_wconf 92' lang='lat' dir='ltr'><strong>tum</strong></span> <span class='ocrx_word' id='word_1_639' title='bbox 2205 3512 2417 3580; x_wconf 86' lang='lat' dir='ltr'><strong>bibliis,</strong></span> <span class='ocrx_word' id='word_1_640' title='bbox 2466 3531 2627 3586; x_wconf 90' lang='lat' dir='ltr'><strong>quam</strong></span> <span class='ocrx_word' id='word_1_641' title='bbox 2659 3518 2794 3585; x_wconf 69' lang='lat' dir='ltr'><strong>illac,</strong></span> <span class='ocrx_word' id='word_1_642' title='bbox 2825 3518 2893 3575; x_wconf 92' lang='lat' dir='ltr'><strong>de</strong></span> <span class='ocrx_word' id='word_1_643' title='bbox 2934 3521 3129 3590; x_wconf 85' lang='lat' dir='ltr'><strong>quibus</strong></span> <span class='ocrx_word' id='word_1_644' title='bbox 3174 3522 3263 3579; x_wconf 90' lang='lat' dir='ltr'><strong>hic</strong></span> <span class='ocrx_word' id='word_1_645' title='bbox 3315 3523 3661 3594; x_wconf 65' lang='lat' dir='ltr'><strong>disputatur,</strong></span> 
     </span>
    </p>
   </div>
   <div class='ocr_carea' id='block_1_80' title="bbox 2045 3605 3644 3689">
    <p class='ocr_par' dir='ltr' id='par_1_80' title="bbox 2045 3605 3644 3689">
     <span class='ocr_line' id='line_1_80' title="bbox 2045 3605 3644 3689; baseline 0.011 -32"><span class='ocrx_word' id='word_1_646' title='bbox 2045 3608 2287 3673; x_wconf 82' lang='lat' dir='ltr'><strong>quoniam</strong></span> <span class='ocrx_word' id='word_1_647' title='bbox 2341 3605 2479 3663; x_wconf 86' lang='lat' dir='ltr'><strong>Deus</strong></span> <span class='ocrx_word' id='word_1_648' title='bbox 2528 3608 2760 3678; x_wconf 83' lang='lat' dir='ltr'><strong>Spiritus</strong></span> <span class='ocrx_word' id='word_1_649' title='bbox 2790 3622 2887 3665; x_wconf 73' lang='lat' dir='ltr'><strong>est.</strong></span> <span class='ocrx_word' id='word_1_650' title='bbox 2931 3614 3096 3683; x_wconf 82' lang='lat' dir='ltr'><strong>Atqui</strong></span> <span class='ocrx_word' id='word_1_651' title='bbox 3143 3615 3391 3671; x_wconf 87' lang='lat' dir='ltr'><strong>dubitare</strong></span> <span class='ocrx_word' id='word_1_652' title='bbox 3438 3630 3644 3689; x_wconf 85' lang='lat' dir='ltr'><strong>nequa-</strong></span> 
     </span>
    </p>
   </div>
   <div class='ocr_carea' id='block_1_81' title="bbox 2045 3698 3643 3769">
    <p class='ocr_par' dir='ltr' id='par_1_81' title="bbox 2045 3698 3643 3769">
     <span class='ocr_line' id='line_1_81' title="bbox 2045 3698 3643 3769; baseline 0.011 -20"><span class='ocrx_word' id='word_1_653' title='bbox 2045 3710 2204 3764; x_wconf 89' lang='lat' dir='ltr'><strong>quam</strong></span> <span class='ocrx_word' id='word_1_654' title='bbox 2252 3698 2379 3753; x_wconf 86' lang='lat' dir='ltr'><strong>licet</strong></span> <span class='ocrx_word' id='word_1_655' title='bbox 2418 3700 2544 3769; x_wconf 90' lang='lat' dir='ltr'><strong>quin</strong></span> <span class='ocrx_word' id='word_1_656' title='bbox 2578 3700 2658 3756; x_wconf 62' lang='lat' dir='ltr'><strong>ba:</strong></span> <span class='ocrx_word' id='word_1_657' title='bbox 2688 3702 2887 3757; x_wconf 65' lang='lat' dir='ltr'><strong>ultima:</strong></span> <span class='ocrx_word' id='word_1_658' title='bbox 2916 3704 2983 3759; x_wconf 87' lang='lat' dir='ltr'><strong>ab</strong></span> <span class='ocrx_word' id='word_1_659' title='bbox 3025 3705 3308 3763; x_wconf 65' lang='lat' dir='ltr'><strong>Haereticis</strong></span> <span class='ocrx_word' id='word_1_660' title='bbox 3344 3706 3546 3764; x_wconf 86' lang='lat' dir='ltr'><strong>fuerint</strong></span> <span class='ocrx_word' id='word_1_661' title='bbox 3573 3725 3643 3767; x_wconf 79' lang='lat' dir='ltr'><strong>ex</strong></span> 
     </span>
    </p>
   </div>
   <div class='ocr_carea' id='block_1_82' title="bbox 2047 3789 3655 3865">
    <p class='ocr_par' dir='ltr' id='par_1_82' title="bbox 2047 3789 3655 3865">
     <span class='ocr_line' id='line_1_82' title="bbox 2047 3789 3655 3865; baseline 0.012 -23"><span class='ocrx_word' id='word_1_662' title='bbox 2047 3789 2172 3845; x_wconf 87' lang='lat' dir='ltr'><strong>albo</strong></span> <span class='ocrx_word' id='word_1_663' title='bbox 2198 3807 2473 3847; x_wconf 86' lang='lat' dir='ltr'><strong>sacrarum</strong></span> <span class='ocrx_word' id='word_1_664' title='bbox 2499 3797 2813 3865; x_wconf 86' lang='lat' dir='ltr'><strong>paginarum</strong></span> <span class='ocrx_word' id='word_1_665' title='bbox 2844 3813 3037 3854; x_wconf 66' lang='lat' dir='ltr'><strong>erasae.</strong></span> <span class='ocrx_word' id='word_1_666' title='bbox 3075 3818 3095 3852; x_wconf 77' lang='grc' dir='ltr'><strong><em>ι</em></strong></span> <span class='ocrx_word' id='word_1_667' title='bbox 3128 3802 3233 3856; x_wconf 85' lang='lat' dir='ltr'><strong>Sed</strong></span> <span class='ocrx_word' id='word_1_668' title='bbox 3268 3802 3384 3857; x_wconf 75' lang='lat' dir='ltr'><strong>hzec</strong></span> <span class='ocrx_word' id='word_1_669' title='bbox 3409 3802 3655 3861; x_wconf 80' lang='lat' dir='ltr'><strong>fortasse</strong></span> 
     </span>
    </p>
   </div>
   <div class='ocr_carea' id='block_1_83' title="bbox 2042 3886 3638 3963">
    <p class='ocr_par' dir='ltr' id='par_1_83' title="bbox 2042 3886 3638 3963">
     <span class='ocr_line' id='line_1_83' title="bbox 2042 3886 3638 3963; baseline 0.01 -28"><span class='ocrx_word' id='word_1_670' title='bbox 2042 3895 2205 3937; x_wconf 89' lang='lat' dir='ltr'><strong>causa</strong></span> <span class='ocrx_word' id='word_1_671' title='bbox 2231 3892 2342 3949; x_wconf 87' lang='lat' dir='ltr'><strong>est,</strong></span> <span class='ocrx_word' id='word_1_672' title='bbox 2375 3900 2471 3939; x_wconf 89' lang='lat' dir='ltr'><strong>cur</strong></span> <span class='ocrx_word' id='word_1_673' title='bbox 2499 3886 2740 3942; x_wconf 89' lang='lat' dir='ltr'><strong>Ecclesia</strong></span> <span class='ocrx_word' id='word_1_674' title='bbox 2766 3903 2873 3944; x_wconf 92' lang='lat' dir='ltr'><strong>non</strong></span> <span class='ocrx_word' id='word_1_675' title='bbox 2912 3892 3211 3948; x_wconf 88' lang='lat' dir='ltr'><strong>restituerit</strong></span> <span class='ocrx_word' id='word_1_676' title='bbox 3241 3893 3418 3950; x_wconf 91' lang='lat' dir='ltr'><strong>locum</strong></span> <span class='ocrx_word' id='word_1_677' title='bbox 3449 3896 3638 3963; x_wconf 89' lang='lat' dir='ltr'><strong>illum;</strong></span> 
     </span>
    </p>
   </div>
   <div class='ocr_carea' id='block_1_84' title="bbox 2041 3976 3641 4051">
    <p class='ocr_par' dir='ltr' id='par_1_84' title="bbox 2041 3976 3641 4051">
     <span class='ocr_line' id='line_1_84' title="bbox 2041 3976 3641 4051; baseline 0.012 -23"><span class='ocrx_word' id='word_1_678' title='bbox 2041 3976 2294 4044; x_wconf 87' lang='lat' dir='ltr'><strong>quianon</strong></span> <span class='ocrx_word' id='word_1_679' title='bbox 2324 3978 2456 4032; x_wconf 90' lang='lat' dir='ltr'><strong>satis</strong></span> <span class='ocrx_word' id='word_1_680' title='bbox 2486 3979 2822 4047; x_wconf 83' lang='lat' dir='ltr'><strong>exploratum</strong></span> <span class='ocrx_word' id='word_1_681' title='bbox 2869 3982 3137 4051; x_wconf 88' lang='lat' dir='ltr'><strong>habebat,</strong></span> <span class='ocrx_word' id='word_1_682' title='bbox 3183 3995 3357 4041; x_wconf 88' lang='lat' dir='ltr'><strong>utrum</strong></span> <span class='ocrx_word' id='word_1_683' title='bbox 3407 4004 3538 4045; x_wconf 79' lang='lat' dir='ltr'><strong>vere</strong></span> <span class='ocrx_word' id='word_1_684' title='bbox 3584 3990 3641 4046; x_wconf 90' lang='lat' dir='ltr'><strong>in</strong></span> 
     </span>
    </p>
   </div>
   <div class='ocr_carea' id='block_1_85' title="bbox 2041 4069 3637 4154">
    <p class='ocr_par' dir='ltr' id='par_1_85' title="bbox 2041 4069 3637 4154">
     <span class='ocr_line' id='line_1_85' title="bbox 2041 4069 3637 4154; baseline 0.012 -34"><span class='ocrx_word' id='word_1_685' title='bbox 2041 4069 2429 4138; x_wconf 83' lang='lat' dir='ltr'><strong>antiquissimis</strong></span> <span class='ocrx_word' id='word_1_686' title='bbox 2452 4081 2510 4127; x_wconf 89' lang='lat' dir='ltr'><strong>et</strong></span> <span class='ocrx_word' id='word_1_687' title='bbox 2531 4073 2861 4145; x_wconf 86' lang='lat' dir='ltr'><strong>primigeniis</strong></span> <span class='ocrx_word' id='word_1_688' title='bbox 2892 4079 3170 4148; x_wconf 85' lang='lat' dir='ltr'><strong>Evangelii</strong></span> <span class='ocrx_word' id='word_1_689' title='bbox 3222 4079 3637 4154; x_wconf 66' lang='lat' dir='ltr'><strong>exetnplaribus</strong></span> 
     </span>
    </p>
   </div>
   <div class='ocr_carea' id='block_1_86' title="bbox 2040 4160 3641 4248">
    <p class='ocr_par' dir='ltr' id='par_1_86' title="bbox 2040 4160 3641 4248">
     <span class='ocr_line' id='line_1_86' title="bbox 2040 4160 3641 4248; baseline 0.011 -33"><span class='ocrx_word' id='word_1_690' title='bbox 2040 4163 2357 4218; x_wconf 80' lang='lat' dir='ltr'><strong>exstitisset.</strong></span> <span class='ocrx_word' id='word_1_691' title='bbox 2404 4164 2512 4221; x_wconf 87' lang='lat' dir='ltr'><strong>Sed</strong></span> <span class='ocrx_word' id='word_1_692' title='bbox 2558 4167 2627 4222; x_wconf 92' lang='lat' dir='ltr'><strong>de</strong></span> <span class='ocrx_word' id='word_1_693' title='bbox 2674 4168 2776 4223; x_wconf 90' lang='lat' dir='ltr'><strong>hoc</strong></span> <span class='ocrx_word' id='word_1_694' title='bbox 2814 4172 2966 4226; x_wconf 87' lang='lat' dir='ltr'><strong>satis.</strong></span> <span class='ocrx_word' id='word_1_695' title='bbox 2998 4172 3282 4242; x_wconf 82' lang='lat' dir='ltr'><strong>Reliquum</strong></span> <span class='ocrx_word' id='word_1_696' title='bbox 3315 4160 3641 4248; x_wconf 39' lang='lat' dir='ltr'><strong>esti-idque</strong></span> 
     </span>
    </p>
   </div>
   <div class='ocr_carea' id='block_1_87' title="bbox 2039 4256 3636 4339">
    <p class='ocr_par' dir='ltr' id='par_1_87' title="bbox 2039 4256 3636 4339">
     <span class='ocr_line' id='line_1_87' title="bbox 2039 4256 3636 4339; baseline 0.013 -31"><span class='ocrx_word' id='word_1_697' title='bbox 2039 4271 2203 4310; x_wconf 91' lang='lat' dir='ltr'><strong>unum</strong></span> <span class='ocrx_word' id='word_1_698' title='bbox 2230 4256 2461 4326; x_wconf 89' lang='lat' dir='ltr'><strong>videtur,</strong></span> <span class='ocrx_word' id='word_1_699' title='bbox 2491 4268 2548 4315; x_wconf 83' lang='grc' dir='ltr'><strong>ιιι</strong></span> <span class='ocrx_word' id='word_1_700' title='bbox 2573 4262 2849 4331; x_wconf 88' lang='lat' dir='ltr'><strong>specimen</strong></span> <span class='ocrx_word' id='word_1_701' title='bbox 2892 4263 3268 4322; x_wconf 87' lang='lat' dir='ltr'><strong>eharacterum</strong></span> <span class='ocrx_word' id='word_1_702' title='bbox 3302 4269 3636 4339; x_wconf 85' lang='lat' dir='ltr'><strong>impressum</strong></span> 
     </span>
    </p>
   </div>
   <div class='ocr_carea' id='block_1_88' title="bbox 2038 4345 3632 4431">
    <p class='ocr_par' dir='ltr' id='par_1_88' title="bbox 2038 4345 3632 4431">
     <span class='ocr_line' id='line_1_88' title="bbox 2038 4345 3632 4431; baseline 0.011 -32"><span class='ocrx_word' id='word_1_703' title='bbox 2038 4345 2160 4401; x_wconf 89' lang='lat' dir='ltr'><strong>Par.</strong></span> <span class='ocrx_word' id='word_1_704' title='bbox 2196 4364 2254 4409; x_wconf 88' lang='lat' dir='ltr'><strong>tt.</strong></span> <span class='ocrx_word' id='word_1_705' title='bbox 2284 4349 2418 4405; x_wconf 76' lang='lat' dir='ltr'><strong>Tal).</strong></span> <span class='ocrx_word' id='word_1_706' title='bbox 2451 4366 2522 4419; x_wconf 85' lang='lat' dir='ltr'><strong>tt,</strong></span> <span class='ocrx_word' id='word_1_707' title='bbox 2550 4363 2670 4421; x_wconf 88' lang='lat' dir='ltr'><strong>post</strong></span> <span class='ocrx_word' id='word_1_708' title='bbox 2698 4369 2819 4425; x_wconf 86' lang='lat' dir='ltr'><strong>pag.</strong></span> <span class='ocrx_word' id='word_1_709' title='bbox 2852 4355 2976 4420; x_wconf 82' lang='lat'><strong>588,</strong></span> <span class='ocrx_word' id='word_1_710' title='bbox 3005 4356 3291 4429; x_wconf 83' lang='lat' dir='ltr'><strong>diligenter</strong></span> <span class='ocrx_word' id='word_1_711' title='bbox 3321 4361 3632 4431; x_wconf 79' lang='lat' dir='ltr'><strong>inspiciunt,</strong></span> 
     </span>
    </p>
   </div>
   <div class='ocr_carea' id='block_1_89' title="bbox 2036 4441 3628 4518">
    <p class='ocr_par' dir='ltr' id='par_1_89' title="bbox 2036 4441 3628 4518">
     <span class='ocr_line' id='line_1_89' title="bbox 2036 4441 3628 4518; baseline 0.01 -25"><span class='ocrx_word' id='word_1_712' title='bbox 2036 4441 2127 4509; x_wconf 89' lang='lat' dir='ltr'><strong>qui</strong></span> <span class='ocrx_word' id='word_1_713' title='bbox 2156 4456 2221 4496; x_wconf 83' lang='lat' dir='ltr'><strong>ex</strong></span> <span class='ocrx_word' id='word_1_714' title='bbox 2251 4445 2485 4498; x_wconf 90' lang='lat' dir='ltr'><strong>recitatis</strong></span> <span class='ocrx_word' id='word_1_715' title='bbox 2514 4446 2723 4501; x_wconf 90' lang='lat' dir='ltr'><strong>indiciis</strong></span> <span class='ocrx_word' id='word_1_716' title='bbox 2745 4463 3040 4518; x_wconf 88' lang='lat' dir='ltr'><strong>agnoscere</strong></span> <span class='ocrx_word' id='word_1_717' title='bbox 3083 4453 3134 4506; x_wconf 91' lang='lat' dir='ltr'><strong>in</strong></span> <span class='ocrx_word' id='word_1_718' title='bbox 3166 4453 3290 4508; x_wconf 90' lang='lat' dir='ltr'><strong>cod.</strong></span> <span class='ocrx_word' id='word_1_719' title='bbox 3324 4453 3537 4510; x_wconf 87' lang='lat' dir='ltr'><strong>Vercel.</strong></span> <span class='ocrx_word' id='word_1_720' title='bbox 3568 4456 3628 4513; x_wconf 88' lang='lat' dir='ltr'><strong>S.</strong></span> 
     </span>
    </p>
   </div>
   <div class='ocr_carea' id='block_1_90' title="bbox 337 4534 3636 4620">
    <p class='ocr_par' dir='ltr' id='par_1_90' title="bbox 337 4534 3636 4620">
     <span class='ocr_line' id='line_1_90' title="bbox 337 4534 3636 4620; baseline -0.001 -13"><span class='ocrx_word' id='word_1_721' title='bbox 337 4562 531 4617; x_wconf 73' lang='lat' dir='ltr'><strong>falsum</strong></span> <span class='ocrx_word' id='word_1_722' title='bbox 562 4558 696 4619; x_wconf 84' lang='lat' dir='ltr'><strong>hoc,</strong></span> <span class='ocrx_word' id='word_1_723' title='bbox 722 4562 775 4608; x_wconf 90' lang='lat' dir='ltr'><strong>et</strong></span> <span class='ocrx_word' id='word_1_724' title='bbox 806 4550 1146 4620; x_wconf 78' lang='lat' dir='ltr'><strong>sacrilegium</strong></span> <span class='ocrx_word' id='word_1_725' title='bbox 1177 4559 1416 4603; x_wconf 84' lang='lat' dir='ltr'><strong>vestrum</strong></span> <span class='ocrx_word' id='word_1_726' title='bbox 1451 4547 1503 4600; x_wconf 90' lang='lat' dir='ltr'><strong>in</strong></span> <span class='ocrx_word' id='word_1_727' title='bbox 1532 4545 1930 4601; x_wconf 80' lang='lat' dir='ltr'><strong>Ecclesiasticis</strong></span> <span class='ocrx_word' id='word_1_728' title='bbox 1959 4541 2009 4600; x_wconf 88' lang='lat' dir='ltr'><strong>D</strong></span> <span class='ocrx_word' id='word_1_729' title='bbox 2038 4534 2253 4590; x_wconf 86' lang='lat' dir='ltr'><strong>Eusebii</strong></span> <span class='ocrx_word' id='word_1_730' title='bbox 2276 4545 2490 4593; x_wconf 84' lang='lat' dir='ltr'><strong>aetatem</strong></span> <span class='ocrx_word' id='word_1_731' title='bbox 2519 4550 2797 4597; x_wconf 88' lang='lat' dir='ltr'><strong>recusant.</strong></span> <span class='ocrx_word' id='word_1_732' title='bbox 2820 4541 3221 4600; x_wconf 70' lang='lat' dir='ltr'><strong>Retnotissimte</strong></span> <span class='ocrx_word' id='word_1_733' title='bbox 3266 4560 3417 4603; x_wconf 88' lang='lat' dir='ltr'><strong>certe</strong></span> <span class='ocrx_word' id='word_1_734' title='bbox 3440 4549 3514 4604; x_wconf 92' lang='lat' dir='ltr'><strong>sit</strong></span> <span class='ocrx_word' id='word_1_735' title='bbox 3542 4565 3636 4605; x_wconf 86' lang='lat' dir='ltr'><strong>ve-</strong></span> 
     </span>
    </p>
   </div>
   <div class='ocr_carea' id='block_1_91' title="bbox 337 4638 1928 4719">
    <p class='ocr_par' dir='ltr' id='par_1_91' title="bbox 337 4638 1928 4719">
     <span class='ocr_line' id='line_1_91' title="bbox 337 4638 1928 4719; baseline -0.013 -6"><span class='ocrx_word' id='word_1_736' title='bbox 337 4653 615 4713; x_wconf 87' lang='lat' dir='ltr'><strong>codicibus</strong></span> <span class='ocrx_word' id='word_1_737' title='bbox 641 4645 1041 4719; x_wconf 86' lang='lat' dir='ltr'><strong>deprehensum</strong></span> <span class='ocrx_word' id='word_1_738' title='bbox 1071 4650 1171 4697; x_wconf 90' lang='lat' dir='ltr'><strong>est.</strong></span> <span class='ocrx_word' id='word_1_739' title='bbox 1206 4642 1271 4697; x_wconf 92' lang='lat' dir='ltr'><strong>Et</strong></span> <span class='ocrx_word' id='word_1_740' title='bbox 1296 4642 1527 4695; x_wconf 86' lang='lat' dir='ltr'><strong>fortasse</strong></span> <span class='ocrx_word' id='word_1_741' title='bbox 1558 4638 1657 4695; x_wconf 93' lang='lat' dir='ltr'><strong>hoc</strong></span> <span class='ocrx_word' id='word_1_742' title='bbox 1683 4640 1845 4695; x_wconf 90' lang='lat' dir='ltr'><strong>etiam</strong></span> <span class='ocrx_word' id='word_1_743' title='bbox 1873 4640 1928 4694; x_wconf 90' lang='lat' dir='ltr'><strong>in</strong></span> 
     </span>
    </p>
   </div>
   <div class='ocr_carea' id='block_1_92' title="bbox 338 4732 1926 4806">
    <p class='ocr_par' dir='ltr' id='par_1_92' title="bbox 338 4732 1926 4806">
     <span class='ocr_line' id='line_1_92' title="bbox 338 4732 1926 4806; baseline -0.007 -8"><span class='ocrx_word' id='word_1_744' title='bbox 338 4752 557 4806; x_wconf 83' lang='lat' dir='ltr'><strong>Oriente</strong></span> <span class='ocrx_word' id='word_1_745' title='bbox 589 4742 809 4801; x_wconf 72' lang='lat' dir='ltr'><strong>fecistis.</strong></span> <span class='ocrx_word' id='word_1_746' title='bbox 849 4759 867 4791; x_wconf 75' lang='grc' dir='ltr'>ι</span> <span class='ocrx_word' id='word_1_747' title='bbox 916 4736 1165 4793; x_wconf 82' lang='lat' dir='ltr'><strong>Affirmat</strong></span> <span class='ocrx_word' id='word_1_748' title='bbox 1196 4733 1788 4789; x_wconf 72' lang='lat' dir='ltr'><strong>tatnen&#39;Sanctissimus</strong></span> <span class='ocrx_word' id='word_1_749' title='bbox 1816 4732 1926 4787; x_wconf 89' lang='lat' dir='ltr'><strong>Me-</strong></span> 
     </span>
    </p>
   </div>
   <div class='ocr_carea' id='block_1_93' title="bbox 334 4827 1924 4913">
    <p class='ocr_par' dir='ltr' id='par_1_93' title="bbox 334 4827 1924 4913">
     <span class='ocr_line' id='line_1_93' title="bbox 334 4827 1924 4913; baseline -0.014 -12"><span class='ocrx_word' id='word_1_750' title='bbox 334 4842 663 4901; x_wconf 83' lang='lat' dir='ltr'><strong>dioianensis</strong></span> <span class='ocrx_word' id='word_1_751' title='bbox 710 4836 987 4898; x_wconf 86' lang='lat' dir='ltr'><strong>Autistes,</strong></span> <span class='ocrx_word' id='word_1_752' title='bbox 1035 4831 1137 4885; x_wconf 89' lang='lat' dir='ltr'><strong>hoc</strong></span> <span class='ocrx_word' id='word_1_753' title='bbox 1165 4835 1312 4883; x_wconf 89' lang='lat' dir='ltr'><strong>tanto</strong></span> <span class='ocrx_word' id='word_1_754' title='bbox 1339 4828 1664 4881; x_wconf 86' lang='lat' dir='ltr'><strong>Arianorum</strong></span> <span class='ocrx_word' id='word_1_755' title='bbox 1717 4827 1924 4913; x_wconf 83' lang='lat' dir='ltr'><strong>scelere</strong></span> 
     </span>
    </p>
   </div>
   <div class='ocr_carea' id='block_1_94' title="bbox 332 4916 1917 4995">
    <p class='ocr_par' dir='ltr' id='par_1_94' title="bbox 332 4916 1917 4995">
     <span class='ocr_line' id='line_1_94' title="bbox 332 4916 1917 4995; baseline -0.013 0"><span class='ocrx_word' id='word_1_756' title='bbox 332 4939 493 4995; x_wconf 80' lang='lat' dir='ltr'><strong>fidem</strong></span> <span class='ocrx_word' id='word_1_757' title='bbox 549 4930 805 4988; x_wconf 81' lang='lat' dir='ltr'><strong>Ecclesiae</strong></span> <span class='ocrx_word' id='word_1_758' title='bbox 834 4941 936 4982; x_wconf 89' lang='lat' dir='ltr'><strong>nec</strong></span> <span class='ocrx_word' id='word_1_759' title='bbox 959 4924 1150 4990; x_wconf 79' lang='lat' dir='ltr'><strong>deleri,</strong></span> <span class='ocrx_word' id='word_1_760' title='bbox 1184 4936 1283 4977; x_wconf 92' lang='lat' dir='ltr'><strong>nec</strong></span> <span class='ocrx_word' id='word_1_761' title='bbox 1314 4920 1623 4975; x_wconf 87' lang='lat' dir='ltr'><strong>labefactari</strong></span> <span class='ocrx_word' id='word_1_762' title='bbox 1658 4916 1917 4990; x_wconf 73' lang='lat' dir='ltr'><strong>potuisse.</strong></span> 
     </span>
    </p>
   </div>
   <div class='ocr_carea' id='block_1_95' title="bbox 338 5011 1922 5091">
    <p class='ocr_par' dir='ltr' id='par_1_95' title="bbox 338 5011 1922 5091">
     <span class='ocr_line' id='line_1_95' title="bbox 338 5011 1922 5091; baseline -0.015 -4"><span class='ocrx_word' id='word_1_763' title='bbox 338 5053 356 5086; x_wconf 84' lang='grc'><em>‹</em></span> <span class='ocrx_word' id='word_1_764' title='bbox 394 5032 460 5087; x_wconf 89' lang='lat' dir='ltr'><strong>Et</strong></span> <span class='ocrx_word' id='word_1_765' title='bbox 486 5027 694 5082; x_wconf 76' lang='lat' dir='ltr'><strong>litteras</strong></span> <span class='ocrx_word' id='word_1_766' title='bbox 722 5020 938 5091; x_wconf 83' lang='lat' dir='ltr'><strong>quidem</strong></span> <span class='ocrx_word' id='word_1_767' title='bbox 980 5016 1101 5089; x_wconf 90' lang='lat' dir='ltr'><strong>(ait)</strong></span> <span class='ocrx_word' id='word_1_768' title='bbox 1150 5012 1399 5085; x_wconf 88' lang='lat' dir='ltr'><strong>potuistis</strong></span> <span class='ocrx_word' id='word_1_769' title='bbox 1446 5012 1667 5067; x_wconf 88' lang='lat' dir='ltr'><strong>abolere</strong></span> <span class='ocrx_word' id='word_1_770' title='bbox 1690 5053 1703 5075; x_wconf 93' lang='lat'><strong>,</strong></span> <span class='ocrx_word' id='word_1_771' title='bbox 1732 5011 1827 5066; x_wconf 91' lang='lat' dir='ltr'><strong>sed</strong></span> <span class='ocrx_word' id='word_1_772' title='bbox 1860 5013 1922 5065; x_wconf 88' lang='lat' dir='ltr'><strong>li-</strong></span> 
     </span>
    </p>
   </div>
   <div class='ocr_carea' id='block_1_96' title="bbox 330 5103 1921 5185">
    <p class='ocr_par' dir='ltr' id='par_1_96' title="bbox 330 5103 1921 5185">
     <span class='ocr_line' id='line_1_96' title="bbox 330 5103 1921 5185; baseline -0.014 -4"><span class='ocrx_word' id='word_1_773' title='bbox 330 5125 451 5181; x_wconf 85' lang='lat' dir='ltr'><strong>detn</strong></span> <span class='ocrx_word' id='word_1_774' title='bbox 483 5126 591 5174; x_wconf 77' lang='lat' dir='ltr'><strong>non</strong></span> <span class='ocrx_word' id='word_1_775' title='bbox 629 5110 880 5185; x_wconf 83' lang='lat' dir='ltr'><strong>potuistis</strong></span> <span class='ocrx_word' id='word_1_776' title='bbox 907 5108 1142 5163; x_wconf 86' lang='lat' dir='ltr'><strong>auferre.</strong></span> <span class='ocrx_word' id='word_1_777' title='bbox 1176 5106 1302 5161; x_wconf 82' lang='lat' dir='ltr'><strong>Plus</strong></span> <span class='ocrx_word' id='word_1_778' title='bbox 1331 5104 1423 5159; x_wconf 87' lang='lat' dir='ltr'><strong>illa</strong></span> <span class='ocrx_word' id='word_1_779' title='bbox 1454 5119 1550 5159; x_wconf 86' lang='lat' dir='ltr'><strong>vos</strong></span> <span class='ocrx_word' id='word_1_780' title='bbox 1595 5103 1758 5159; x_wconf 86' lang='lat' dir='ltr'><strong>litura</strong></span> <span class='ocrx_word' id='word_1_781' title='bbox 1799 5118 1921 5173; x_wconf 90' lang='lat' dir='ltr'><strong>pro-</strong></span> 
     </span>
    </p>
   </div>
   <div class='ocr_carea' id='block_1_97' title="bbox 326 5196 1915 5281">
    <p class='ocr_par' dir='ltr' id='par_1_97' title="bbox 326 5196 1915 5281">
     <span class='ocr_line' id='line_1_97' title="bbox 326 5196 1915 5281; baseline -0.007 -19"><span class='ocrx_word' id='word_1_782' title='bbox 326 5218 520 5279; x_wconf 62' lang='lat' dir='ltr'><strong>debat,</strong></span> <span class='ocrx_word' id='word_1_783' title='bbox 562 5204 680 5281; x_wconf 78' lang='lat' dir='ltr'><strong>plus</strong></span> <span class='ocrx_word' id='word_1_784' title='bbox 713 5202 799 5257; x_wconf 86' lang='lat' dir='ltr'><strong>illa</strong></span> <span class='ocrx_word' id='word_1_785' title='bbox 844 5214 938 5253; x_wconf 90' lang='lat' dir='ltr'><strong>vos</strong></span> <span class='ocrx_word' id='word_1_786' title='bbox 984 5196 1505 5253; x_wconf 79' lang='lat' dir='ltr'><strong>lituradamnabat‘:</strong></span> <span class='ocrx_word' id='word_1_787' title='bbox 1560 5211 1736 5266; x_wconf 84' lang='lat' dir='ltr'><strong>neque</strong></span> <span class='ocrx_word' id='word_1_788' title='bbox 1769 5196 1915 5251; x_wconf 88' lang='lat' dir='ltr'><strong>enim</strong></span> 
     </span>
    </p>
   </div>
   <div class='ocr_carea' id='block_1_98' title="bbox 322 5288 1915 5375">
    <p class='ocr_par' dir='ltr' id='par_1_98' title="bbox 322 5288 1915 5375">
     <span class='ocr_line' id='line_1_98' title="bbox 322 5288 1915 5375; baseline -0.013 -11"><span class='ocrx_word' id='word_1_789' title='bbox 322 5324 419 5364; x_wconf 82' lang='lat' dir='ltr'><strong>vos</strong></span> <span class='ocrx_word' id='word_1_790' title='bbox 455 5298 710 5375; x_wconf 81' lang='lat' dir='ltr'><strong>poteratis</strong></span> <span class='ocrx_word' id='word_1_791' title='bbox 734 5291 964 5349; x_wconf 90' lang='lat' dir='ltr'><strong>oblinire</strong></span> <span class='ocrx_word' id='word_1_792' title='bbox 991 5289 1314 5353; x_wconf 84' lang='lat' dir='ltr'><strong>veritatem,</strong></span> <span class='ocrx_word' id='word_1_793' title='bbox 1362 5288 1455 5343; x_wconf 83' lang='lat' dir='ltr'><strong>sed</strong></span> <span class='ocrx_word' id='word_1_794' title='bbox 1501 5288 1591 5342; x_wconf 86' lang='lat' dir='ltr'><strong>illa</strong></span> <span class='ocrx_word' id='word_1_795' title='bbox 1648 5288 1804 5341; x_wconf 89' lang='lat' dir='ltr'><strong>litura</strong></span> <span class='ocrx_word' id='word_1_796' title='bbox 1846 5288 1915 5344; x_wconf 91' lang='lat' dir='ltr'><strong>de</strong></span> 
     </span>
    </p>
   </div>
   <div class='ocr_carea' id='block_1_99' title="bbox 321 5378 1913 5457">
    <p class='ocr_par' dir='ltr' id='par_1_99' title="bbox 321 5378 1913 5457">
     <span class='ocr_line' id='line_1_99' title="bbox 321 5378 1913 5457; baseline -0.014 -1"><span class='ocrx_word' id='word_1_797' title='bbox 321 5402 461 5457; x_wconf 83' lang='lat' dir='ltr'><strong>libro</strong></span> <span class='ocrx_word' id='word_1_798' title='bbox 492 5396 613 5449; x_wconf 60' lang='lat' dir='ltr'><strong>vitae</strong></span> <span class='ocrx_word' id='word_1_799' title='bbox 627 5387 844 5446; x_wconf 73' lang='lat' dir='ltr'><strong>nantina</strong></span> <span class='ocrx_word' id='word_1_800' title='bbox 858 5389 1035 5436; x_wconf 87' lang='lat' dir='ltr'><strong>vestra</strong></span> <span class='ocrx_word' id='word_1_801' title='bbox 1049 5378 1292 5433; x_wconf 81' lang='lat' dir='ltr'><strong>radebat.</strong></span> <span class='ocrx_word' id='word_1_802' title='bbox 1306 5396 1325 5426; x_wconf 71' lang='grc' dir='ltr'><strong>ι</strong></span> <span class='ocrx_word' id='word_1_803' title='bbox 1346 5378 1761 5448; x_wconf 82' lang='lat' dir='ltr'><strong>Etvero(inquit</strong></span> <span class='ocrx_word' id='word_1_804' title='bbox 1777 5379 1913 5433; x_wconf 86' lang='lat' dir='ltr'><strong>Cer-</strong></span> 
     </span>
    </p>
   </div>
   <div class='ocr_carea' id='block_1_100' title="bbox 2037 4631 3627 4712">
    <p class='ocr_par' dir='ltr' id='par_1_100' title="bbox 2037 4631 3627 4712">
     <span class='ocr_line' id='line_1_100' title="bbox 2037 4631 3627 4712; baseline 0.011 -30"><span class='ocrx_word' id='word_1_805' title='bbox 2037 4631 2248 4683; x_wconf 89' lang='lat' dir='ltr'><strong>tustatis</strong></span> <span class='ocrx_word' id='word_1_806' title='bbox 2272 4646 2495 4688; x_wconf 89' lang='lat' dir='ltr'><strong>necesse</strong></span> <span class='ocrx_word' id='word_1_807' title='bbox 2518 4644 2597 4688; x_wconf 89' lang='lat' dir='ltr'><strong>est</strong></span> <span class='ocrx_word' id='word_1_808' title='bbox 2637 4635 2763 4690; x_wconf 90' lang='lat' dir='ltr'><strong>illud</strong></span> <span class='ocrx_word' id='word_1_809' title='bbox 2796 4637 3284 4708; x_wconf 86' lang='lat' dir='ltr'><strong>Evangelistarium</strong></span> <span class='ocrx_word' id='word_1_810' title='bbox 3308 4682 3322 4705; x_wconf 95' lang='lat'><strong>,</strong></span> <span class='ocrx_word' id='word_1_811' title='bbox 3372 4643 3514 4712; x_wconf 86' lang='lat' dir='ltr'><strong>quod</strong></span> <span class='ocrx_word' id='word_1_812' title='bbox 3546 4645 3627 4700; x_wconf 86' lang='lat' dir='ltr'><strong>vel</strong></span> 
     </span>
    </p>
   </div>
   <div class='ocr_carea' id='block_1_101' title="bbox 2031 4720 3629 4801">
    <p class='ocr_par' dir='ltr' id='par_1_101' title="bbox 2031 4720 3629 4801">
     <span class='ocr_line' id='line_1_101' title="bbox 2031 4720 3629 4801; baseline 0.011 -27"><span class='ocrx_word' id='word_1_813' title='bbox 2031 4721 2098 4776; x_wconf 91' lang='lat' dir='ltr'><strong>ab</strong></span> <span class='ocrx_word' id='word_1_814' title='bbox 2128 4720 2258 4790; x_wconf 86' lang='lat' dir='ltr'><strong>ipsis</strong></span> <span class='ocrx_word' id='word_1_815' title='bbox 2289 4722 2598 4795; x_wconf 87' lang='lat' dir='ltr'><strong>Berengarii</strong></span> <span class='ocrx_word' id='word_1_816' title='bbox 2628 4729 2773 4797; x_wconf 83' lang='lat' dir='ltr'><strong>regis</strong></span> <span class='ocrx_word' id='word_1_817' title='bbox 2807 4730 3141 4799; x_wconf 88' lang='lat' dir='ltr'><strong>temporibus</strong></span> <span class='ocrx_word' id='word_1_818' title='bbox 3164 4732 3273 4801; x_wconf 84' lang='lat' dir='ltr'><strong>jam</strong></span> <span class='ocrx_word' id='word_1_819' title='bbox 3304 4743 3465 4790; x_wconf 72' lang='lat' dir='ltr'><strong>aetate</strong></span> <span class='ocrx_word' id='word_1_820' title='bbox 3492 4749 3629 4791; x_wconf 82' lang='lat' dir='ltr'><strong>con-</strong></span> 
     </span>
    </p>
   </div>
   <div class='ocr_carea' id='block_1_102' title="bbox 2028 4812 3630 4891">
    <p class='ocr_par' dir='ltr' id='par_1_102' title="bbox 2028 4812 3630 4891">
     <span class='ocr_line' id='line_1_102' title="bbox 2028 4812 3630 4891; baseline 0.009 -24"><span class='ocrx_word' id='word_1_821' title='bbox 2028 4812 2229 4869; x_wconf 84' lang='lat' dir='ltr'><strong>fectum</strong></span> <span class='ocrx_word' id='word_1_822' title='bbox 2253 4813 2471 4871; x_wconf 73' lang='lat' dir='ltr'><strong>vetustas</strong></span> <span class='ocrx_word' id='word_1_823' title='bbox 2500 4819 2719 4873; x_wconf 79' lang='lat' dir='ltr'><strong>solverat</strong></span> <span class='ocrx_word' id='word_1_824' title='bbox 2741 4862 2756 4885; x_wconf 89' lang='lat'><strong>,</strong></span> <span class='ocrx_word' id='word_1_825' title='bbox 2789 4823 3042 4891; x_wconf 86' lang='lat' dir='ltr'><strong>quodque</strong></span> <span class='ocrx_word' id='word_1_826' title='bbox 3073 4824 3445 4880; x_wconf 82' lang='lat' dir='ltr'><strong>instauratione</strong></span> <span class='ocrx_word' id='word_1_827' title='bbox 3488 4828 3630 4881; x_wconf 84' lang='lat' dir='ltr'><strong>indi-</strong></span> 
     </span>
    </p>
   </div>
   <div class='ocr_carea' id='block_1_103' title="bbox 2028 4909 3629 4993">
    <p class='ocr_par' dir='ltr' id='par_1_103' title="bbox 2028 4909 3629 4993">
     <span class='ocr_line' id='line_1_103' title="bbox 2028 4909 3629 4993; baseline 0.009 -31"><span class='ocrx_word' id='word_1_828' title='bbox 2028 4909 2205 4978; x_wconf 83' lang='lat' dir='ltr'><strong>gebat,</strong></span> <span class='ocrx_word' id='word_1_829' title='bbox 2238 4920 2294 4963; x_wconf 86' lang='grc' dir='ltr'><strong>ιιι</strong></span> <span class='ocrx_word' id='word_1_830' title='bbox 2320 4910 2517 4981; x_wconf 87' lang='lat' dir='ltr'><strong>legitur</strong></span> <span class='ocrx_word' id='word_1_831' title='bbox 2554 4913 2610 4967; x_wconf 90' lang='lat' dir='ltr'><strong>in</strong></span> <span class='ocrx_word' id='word_1_832' title='bbox 2658 4914 3062 4984; x_wconf 75' lang='lat' dir='ltr'><strong>Epigrammata</strong></span> <span class='ocrx_word' id='word_1_833' title='bbox 3106 4926 3367 4989; x_wconf 86' lang='lat' dir='ltr'><strong>argenteo</strong></span> <span class='ocrx_word' id='word_1_834' title='bbox 3396 4920 3451 4975; x_wconf 91' lang='lat' dir='ltr'><strong>in</strong></span> <span class='ocrx_word' id='word_1_835' title='bbox 3475 4918 3629 4993; x_wconf 80' lang='lat' dir='ltr'><strong>tegu-</strong></span> 
     </span>
    </p>
   </div>
   <div class='ocr_carea' id='block_1_104' title="bbox 2027 5005 3004 5076">
    <p class='ocr_par' dir='ltr' id='par_1_104' title="bbox 2027 5005 3004 5076">
     <span class='ocr_line' id='line_1_104' title="bbox 2027 5005 3004 5076; baseline 0.009 -23"><span class='ocrx_word' id='word_1_836' title='bbox 2027 5008 2209 5055; x_wconf 89' lang='lat' dir='ltr'><strong>mcnto</strong></span> <span class='ocrx_word' id='word_1_837' title='bbox 2237 5005 2580 5073; x_wconf 89' lang='lat' dir='ltr'><strong>superposito</strong></span> <span class='ocrx_word' id='word_1_838' title='bbox 2601 5046 2616 5073; x_wconf 91' lang='lat'><strong>,</strong></span> <span class='ocrx_word' id='word_1_839' title='bbox 2640 5006 2784 5076; x_wconf 91' lang='lat' dir='ltr'><strong>quod</strong></span> <span class='ocrx_word' id='word_1_840' title='bbox 2810 5008 3004 5073; x_wconf 88' lang='lat' dir='ltr'><strong>habet,</strong></span> 
     </span>
    </p>
   </div>
   <div class='ocr_carea' id='block_1_105' title="bbox 2649 5120 3174 5183">
    <p class='ocr_par' dir='ltr' id='par_1_105' title="bbox 2649 5120 3174 5183">
     <span class='ocr_line' id='line_1_105' title="bbox 2649 5120 3174 5183; baseline 0.01 -15"><span class='ocrx_word' id='word_1_841' title='bbox 2649 5120 2905 5183; x_wconf 81' lang='lat' dir='ltr'><strong>Solvitque</strong></span> <span class='ocrx_word' id='word_1_842' title='bbox 2930 5128 3174 5173; x_wconf 78' lang='lat' dir='ltr'><strong>vetustas:</strong></span> 
     </span>
    </p>
   </div>
   <div class='ocr_carea' id='block_1_106' title="bbox 2268 5177 3285 5247">
    <p class='ocr_par' dir='ltr' id='par_1_106' title="bbox 2268 5177 3285 5247">
     <span class='ocr_line' id='line_1_106' title="bbox 2268 5177 3285 5247; baseline 0.011 -21"><span class='ocrx_word' id='word_1_843' title='bbox 2268 5177 2377 5228; x_wconf 76' lang='lat' dir='ltr'><strong>Rex</strong></span> <span class='ocrx_word' id='word_1_844' title='bbox 2400 5178 2737 5245; x_wconf 74' lang='lat' dir='ltr'><strong>Bereugarius</strong></span> <span class='ocrx_word' id='word_1_845' title='bbox 2757 5177 2845 5233; x_wconf 83' lang='lat' dir='ltr'><strong>sed</strong></span> <span class='ocrx_word' id='word_1_846' title='bbox 2867 5186 3115 5247; x_wconf 86' lang='lat' dir='ltr'><strong>reparavit</strong></span> <span class='ocrx_word' id='word_1_847' title='bbox 3136 5187 3285 5239; x_wconf 85' lang='lat' dir='ltr'><strong>idem.</strong></span> 
     </span>
    </p>
   </div>
   <div class='ocr_carea' id='block_1_107' title="bbox 2024 5266 3618 5368">
    <p class='ocr_par' dir='ltr' id='par_1_107' title="bbox 2024 5266 3618 5368">
     <span class='ocr_line' id='line_1_107' title="bbox 2024 5266 3618 5368; baseline 0.009 -25"><span class='ocrx_word' id='word_1_848' title='bbox 2024 5286 2260 5343; x_wconf 83' lang='lat' dir='ltr'><strong>Verbum</strong></span> <span class='ocrx_word' id='word_1_849' title='bbox 2293 5290 2506 5345; x_wconf 88' lang='lat' dir='ltr'><strong>tandem</strong></span> <span class='ocrx_word' id='word_1_850' title='bbox 2529 5290 2617 5347; x_wconf 90' lang='lat' dir='ltr'><strong>hic</strong></span> <span class='ocrx_word' id='word_1_851' title='bbox 2634 5293 2831 5348; x_wconf 88' lang='lat' dir='ltr'><strong>addam</strong></span> <span class='ocrx_word' id='word_1_852' title='bbox 2859 5296 3003 5352; x_wconf 89' lang='lat' dir='ltr'><strong>etde</strong></span> <span class='ocrx_word' id='word_1_853' title='bbox 3025 5296 3259 5368; x_wconf 86' lang='lat' dir='ltr'><strong>imagine</strong></span> <span class='ocrx_word' id='word_1_854' title='bbox 3278 5298 3334 5355; x_wconf 89' lang='lat' dir='ltr'><strong>S.</strong></span> <span class='ocrx_word' id='word_1_855' title='bbox 3357 5266 3618 5358; x_wconf 46' lang='lat' dir='ltr'><strong>Eusebii‘:</strong></span> 
     </span>
    </p>
   </div>
   <div class='ocr_carea' id='block_1_108' title="bbox 2020 5378 3618 5460">
    <p class='ocr_par' dir='ltr' id='par_1_108' title="bbox 2020 5378 3618 5460">
     <span class='ocr_line' id='line_1_108' title="bbox 2020 5378 3618 5460; baseline 0.012 -29"><span class='ocrx_word' id='word_1_856' title='bbox 2020 5378 2283 5450; x_wconf 88' lang='lat' dir='ltr'><strong>insignior</strong></span> <span class='ocrx_word' id='word_1_857' title='bbox 2314 5398 2544 5453; x_wconf 85' lang='lat' dir='ltr'><strong>namque</strong></span> <span class='ocrx_word' id='word_1_858' title='bbox 2572 5393 2689 5451; x_wconf 79' lang='lat' dir='ltr'><strong>est,</strong></span> <span class='ocrx_word' id='word_1_859' title='bbox 2730 5402 2889 5456; x_wconf 91' lang='lat' dir='ltr'><strong>quam</strong></span> <span class='ocrx_word' id='word_1_860' title='bbox 2936 5396 2994 5441; x_wconf 94' lang='lat' dir='ltr'><strong>ut</strong></span> <span class='ocrx_word' id='word_1_861' title='bbox 3020 5388 3088 5443; x_wconf 89' lang='lat' dir='ltr'><strong>de</strong></span> <span class='ocrx_word' id='word_1_862' title='bbox 3115 5405 3176 5445; x_wconf 91' lang='lat' dir='ltr'><strong>ea</strong></span> <span class='ocrx_word' id='word_1_863' title='bbox 3207 5392 3419 5460; x_wconf 89' lang='lat' dir='ltr'><strong>penitus</strong></span> <span class='ocrx_word' id='word_1_864' title='bbox 3452 5392 3618 5451; x_wconf 89' lang='lat' dir='ltr'><strong>liceat</strong></span> 
     </span>
    </p>
   </div>
   <div class='ocr_carea' id='block_1_109' title="bbox 2016 5473 3623 5557">
    <p class='ocr_par' dir='ltr' id='par_1_109' title="bbox 2016 5473 3623 5557">
     <span class='ocr_line' id='line_1_109' title="bbox 2016 5473 3623 5557; baseline 0.011 -31"><span class='ocrx_word' id='word_1_865' title='bbox 2016 5473 2200 5526; x_wconf 87' lang='lat' dir='ltr'><strong>silere.</strong></span> <span class='ocrx_word' id='word_1_866' title='bbox 2237 5473 2591 5545; x_wconf 84' lang='lat' dir='ltr'><strong>Bcrengarius</strong></span> <span class='ocrx_word' id='word_1_867' title='bbox 2622 5482 2674 5531; x_wconf 92' lang='lat' dir='ltr'><strong>in</strong></span> <span class='ocrx_word' id='word_1_868' title='bbox 2704 5478 3149 5537; x_wconf 87' lang='lat' dir='ltr'><strong>instaurationem</strong></span> <span class='ocrx_word' id='word_1_869' title='bbox 3176 5486 3381 5541; x_wconf 88' lang='lat' dir='ltr'><strong>codicis</strong></span> <span class='ocrx_word' id='word_1_870' title='bbox 3428 5488 3623 5557; x_wconf 55' lang='lat' dir='ltr'><strong>ingeno‘</strong></span> 
     </span>
    </p>
   </div>
   <div class='ocr_carea' id='block_1_110' title="bbox 2014 5568 3605 5647">
    <p class='ocr_par' dir='ltr' id='par_1_110' title="bbox 2014 5568 3605 5647">
     <span class='ocr_line' id='line_1_110' title="bbox 2014 5568 3605 5647; baseline 0.01 -29"><span class='ocrx_word' id='word_1_871' title='bbox 2014 5573 2120 5619; x_wconf 91' lang='lat' dir='ltr'><strong>tem</strong></span> <span class='ocrx_word' id='word_1_872' title='bbox 2146 5569 2427 5635; x_wconf 88' lang='lat' dir='ltr'><strong>pecuniam</strong></span> <span class='ocrx_word' id='word_1_873' title='bbox 2460 5568 2754 5638; x_wconf 89' lang='lat' dir='ltr'><strong>imp&#39;endit,</strong></span> <span class='ocrx_word' id='word_1_874' title='bbox 2788 5575 3281 5630; x_wconf 84' lang='lat' dir='ltr'><strong>vetercm‘iconanr</strong></span> <span class='ocrx_word' id='word_1_875' title='bbox 3296 5582 3605 5647; x_wconf 84' lang='lat' dir='ltr'><strong>renovavit,</strong></span> 
     </span>
    </p>
   </div>
   <div class='ocr_carea' id='block_1_111' title="bbox 2006 5660 3604 5743">
    <p class='ocr_par' dir='ltr' id='par_1_111' title="bbox 2006 5660 3604 5743">
     <span class='ocr_line' id='line_1_111' title="bbox 2006 5660 3604 5743; baseline 0.012 -33"><span class='ocrx_word' id='word_1_876' title='bbox 2006 5660 2251 5725; x_wconf 87' lang='lat' dir='ltr'><strong>ornavit,</strong></span> <span class='ocrx_word' id='word_1_877' title='bbox 2303 5676 2545 5731; x_wconf 89' lang='lat' dir='ltr'><strong>auroque</strong></span> <span class='ocrx_word' id='word_1_878' title='bbox 2593 5665 2828 5733; x_wconf 85' lang='lat' dir='ltr'><strong>compsit</strong></span> <span class='ocrx_word' id='word_1_879' title='bbox 2860 5684 2872 5718; x_wconf 89' lang='lat'><strong>:</strong></span> <span class='ocrx_word' id='word_1_880' title='bbox 2904 5676 2961 5720; x_wconf 83' lang='lat' dir='ltr'><strong>at</strong></span> <span class='ocrx_word' id='word_1_881' title='bbox 3006 5668 3449 5740; x_wconf 83' lang='lat' dir='ltr'><strong>inscriptlonem,</strong></span> <span class='ocrx_word' id='word_1_882' title='bbox 3481 5689 3604 5743; x_wconf 67' lang='lat' dir='ltr'><strong>qua:</strong></span> 
     </span>
    </p>
   </div>
   <div class='ocr_carea' id='block_1_112' title="bbox 2007 5751 3601 5835">
    <p class='ocr_par' dir='ltr' id='par_1_112' title="bbox 2007 5751 3601 5835">
     <span class='ocr_line' id='line_1_112' title="bbox 2007 5751 3601 5835; baseline 0.013 -30"><span class='ocrx_word' id='word_1_883' title='bbox 2007 5751 2223 5807; x_wconf 75' lang='lat' dir='ltr'><strong>extabat</strong></span> <span class='ocrx_word' id='word_1_884' title='bbox 2261 5752 2542 5823; x_wconf 88' lang='lat' dir='ltr'><strong>primitus,</strong></span> <span class='ocrx_word' id='word_1_885' title='bbox 2592 5770 3197 5835; x_wconf 73' lang='lat' dir='ltr'><strong>EUSEBIUS_£PISCOPUS,</strong></span> <span class='ocrx_word' id='word_1_886' title='bbox 3253 5765 3375 5822; x_wconf 85' lang='lat' dir='ltr'><strong>sine</strong></span> <span class='ocrx_word' id='word_1_887' title='bbox 3431 5769 3601 5826; x_wconf 78' lang='lat' dir='ltr'><strong>sancti</strong></span> 
     </span>
    </p>
   </div>
   <div class='ocr_carea' id='block_1_113' title="bbox 319 5470 1925 5551">
    <p class='ocr_par' dir='ltr' id='par_1_113' title="bbox 319 5470 1925 5551">
     <span class='ocr_line' id='line_1_113' title="bbox 319 5470 1925 5551; baseline -0.005 -17"><span class='ocrx_word' id='word_1_888' title='bbox 319 5491 532 5551; x_wconf 68' lang='lat' dir='ltr'><strong>monius</strong></span> <span class='ocrx_word' id='word_1_889' title='bbox 561 5486 654 5539; x_wconf 84' lang='lat' dir='ltr'><strong>lib.</strong></span> <span class='ocrx_word' id='word_1_890' title='bbox 686 5482 754 5538; x_wconf 88' lang='lat' dir='ltr'><strong>de</strong></span> <span class='ocrx_word' id='word_1_891' title='bbox 785 5474 1060 5533; x_wconf 86' lang='lat' dir='ltr'><strong>veteribus</strong></span> <span class='ocrx_word' id='word_1_892' title='bbox 1096 5470 1369 5525; x_wconf 85' lang='lat' dir='ltr'><strong>haereticis</strong></span> <span class='ocrx_word' id='word_1_893' title='bbox 1400 5471 1925 5526; x_wconf 72' lang='lat' dir='ltr'><strong>Ecclesiastieortnn‘</strong></span> 
     </span>
    </p>
   </div>
   <div class='ocr_carea' id='block_1_114' title="bbox 316 5561 1901 5642">
    <p class='ocr_par' dir='ltr' id='par_1_114' title="bbox 316 5561 1901 5642">
     <span class='ocr_line' id='line_1_114' title="bbox 316 5561 1901 5642; baseline -0.015 -4"><span class='ocrx_word' id='word_1_894' title='bbox 316 5585 562 5642; x_wconf 83' lang='lat' dir='ltr'><strong>codicum</strong></span> <span class='ocrx_word' id='word_1_895' title='bbox 583 5569 1013 5642; x_wconf 83' lang='lat' dir='ltr'><strong>corruptoribus,</strong></span> <span class='ocrx_word' id='word_1_896' title='bbox 1036 5578 1159 5634; x_wconf 64' lang='lat' dir='ltr'><strong>pag.</strong></span> <span class='ocrx_word' id='word_1_897' title='bbox 1182 5561 1332 5630; x_wconf 82' lang='grc'><strong>116),</strong></span> <span class='ocrx_word' id='word_1_898' title='bbox 1355 5562 1533 5616; x_wconf 89' lang='lat' dir='ltr'><strong>locum</strong></span> <span class='ocrx_word' id='word_1_899' title='bbox 1558 5561 1734 5626; x_wconf 87' lang='lat' dir='ltr'><strong>illum,</strong></span> <span class='ocrx_word' id='word_1_900' title='bbox 1779 5578 1901 5632; x_wconf 78' lang='lat' dir='ltr'><strong>quo-</strong></span> 
     </span>
    </p>
   </div>
   <div class='ocr_carea' id='block_1_115' title="bbox 313 5655 1901 5759">
    <p class='ocr_par' dir='ltr' id='par_1_115' title="bbox 313 5655 1901 5759">
     <span class='ocr_line' id='line_1_115' title="bbox 313 5655 1901 5759; baseline -0.025 -21"><span class='ocrx_word' id='word_1_901' title='bbox 313 5683 454 5738; x_wconf 88' lang='lat' dir='ltr'><strong>niaut</strong></span> <span class='ocrx_word' id='word_1_902' title='bbox 480 5673 614 5728; x_wconf 82' lang='lat' dir='ltr'><strong>Deus</strong></span> <span class='ocrx_word' id='word_1_903' title='bbox 643 5667 873 5737; x_wconf 85' lang='lat' dir='ltr'><strong>Spiritus</strong></span> <span class='ocrx_word' id='word_1_904' title='bbox 895 5669 1004 5728; x_wconf 84' lang='lat' dir='ltr'><strong>est,</strong></span> <span class='ocrx_word' id='word_1_905' title='bbox 1034 5672 1139 5714; x_wconf 92' lang='lat' dir='ltr'><strong>non</strong></span> <span class='ocrx_word' id='word_1_906' title='bbox 1170 5664 1358 5712; x_wconf 82' lang='lat' dir='ltr'><strong>extare</strong></span> <span class='ocrx_word' id='word_1_907' title='bbox 1384 5656 1619 5756; x_wconf 77' lang='lat' dir='ltr'><strong>amplius</strong></span> <span class='ocrx_word' id='word_1_908' title='bbox 1646 5655 1707 5759; x_wconf 33' lang='lat' dir='ltr'><strong>in;</strong></span> <span class='ocrx_word' id='word_1_909' title='bbox 1726 5657 1901 5759; x_wconf 42' lang='lat' dir='ltr'><strong>capit?</strong></span> 
     </span>
    </p>
   </div>
   <div class='ocr_carea' id='block_1_116' title="bbox 322 5747 1897 5835">
    <p class='ocr_par' dir='ltr' id='par_1_116' title="bbox 322 5747 1897 5835">
     <span class='ocr_line' id='line_1_116' title="bbox 322 5747 1897 5835; baseline -0.017 -5"><span class='ocrx_word' id='word_1_910' title='bbox 322 5772 469 5835; x_wconf 82' lang='lat' dir='ltr'><strong>ertio</strong></span> <span class='ocrx_word' id='word_1_911' title='bbox 498 5758 773 5833; x_wconf 78' lang='lat' dir='ltr'><strong>Evangelii</strong></span> <span class='ocrx_word' id='word_1_912' title='bbox 804 5753 1097 5811; x_wconf 88' lang='lat' dir='ltr'><strong>secundum</strong></span> <span class='ocrx_word' id='word_1_913' title='bbox 1128 5748 1389 5807; x_wconf 86' lang='lat' dir='ltr'><strong>Joannem</strong></span> <span class='ocrx_word' id='word_1_914' title='bbox 1408 5788 1424 5818; x_wconf 90' lang='lat'><strong>,</strong></span> <span class='ocrx_word' id='word_1_915' title='bbox 1474 5747 1668 5818; x_wconf 88' lang='lat' dir='ltr'><strong>cuique</strong></span> <span class='ocrx_word' id='word_1_916' title='bbox 1697 5747 1897 5821; x_wconf 85' lang='lat' dir='ltr'><strong>legenti</strong></span> 
     </span>
    </p>
   </div>
  </div>
