4054 6198
395 292 462 342 τε»
1736 273 1981 332 PROLEt

2086 265 2267 330 IENA.
2597 301 2599 304 ·
3622 277 3696 334 80

390 407 502 457 tina
550 401 682 456 Novi
711 397 1042 456 'l'estamenti
1084 396 1456 465 interpretatio
1478 433 1493 459 ,
1541 407 1663 465 qua:
1703 393 1981 462 exeniplar
2010 405 2062 466 Α
2088 389 2340 460 pluribus,
2370 403 2462 442 cur
2483 405 2583 443 non
2611 388 2679 441 ad
2717 387 2950 442 Graecam
2981 387 3230 460 originem
3255 398 3577 456 revertentes,
3606 408 3687 460 ea,

386 494 776 565 autograpbum
810 491 1035 545 ﬁdeliter
1065 487 1442 553 exhiberet;ut
1480 486 1570 549 ita,
1599 485 1758 540 etiam
1791 484 1858 539 ad
1884 483 1986 538 La-

388 588 627 642 tinorum
675 585 936 649 haustus,
969 580 1075 635 illa:
1118 580 1174 634 in
1215 580 1380 634 vitam
1427 588 1684 633 azternam
1729 576 1985 631 salientes

389 694 543 750 aqua:
574 677 943 731 decurrerent.
975 673 1042 728 Et
1062 669 1356 743 quamvis,
1400 679 1535 724 teste
1589 669 1646 725 S.
1683 668 1986 738 Augustino

391 770 507 840 (lib.
540 785 574 823 tt
626 771 690 822 de
739 766 992 820 Doctrina
1041 763 1372 829 Christiana,
1405 780 1520 832 cap.
1554 762 1610 827 2,
1655 780 1707 816 n.
1744 762 1834 832 16)
1853 785 1874 826 ,·
1899 761 1988 829 qui

392 864 691 933 Scripturas
718 876 783 915 ex
810 858 1029 913 Hebra'a
1081 859 1258 929 lingua
1300 858 1354 911 in
1406 855 1640 910 ercam
1684 866 1942 910 verterunt
1967 897 1982 922 ,

389 958 647 1013 numerari
679 955 906 1025 possint,
941 954 1113 1007 Latini
1135 961 1304 1006 autem
1331 952 1628 1021 interpretes
1659 950 1804 1004 nullo
1833 951 1986 1004 modo

391 1052 470 1124 (ut
492 1052 626 1106 enim
654 1050 839 1119 cuique
870 1047 1052 1118 primis
1081 1045 1204 1116 ﬁdei
1227 1044 1538 1117 temporibus
1569 1044 1621 1096 in
1646 1059 1830 1096 manus
1851 1043 1988 1096 venit

390 1145 554 1200 codex
575 1141 808 1206 ercus,
833 1150 878 1193 et
901 1138 1280 1210 aliquantulum
1312 1136 1574 1207 facultatis
1601 1135 1695 1188 sibi
1721 1137 1986 1204 utriusque

389 1239 580 1310 lingua:
613 1234 802 1288 habere
829 1232 1117 1300 videbatur,
1161 1247 1317 1285 ausus
1353 1239 1426 1284 est
1470 1227 1857 1298 interpretari);
1909 1237 1987 1282 ta-

391 1349 538 1399 men,
569 1343 626 1385 ut
675 1329 817 1400 apud
876 1329 1098 1383 Grazcos
1145 1321 1676 1396 septuagintaviralis
1721 1322 1987 1377 versionis

388 1424 692 1481 excellebat
721 1421 1041 1486 auctoritas,
1081 1420 1151 1474 ita
1185 1419 1322 1484 apud
1348 1417 1572 1472 Latinos
1607 1415 1749 1470 Itala
1773 1415 1987 1470 ca‘teris

392 1516 610 1585 pra-lata
644 1514 775 1581 fuit;
819 1530 980 1582 quam
1033 1512 1265 1581 primum
1310 1510 1421 1564 Itali
1453 1509 1682 1576 Patres,
1739 1508 1863 1562 dein
1895 1507 1985 1562 alii

387 1606 591 1661 Latina:
623 1604 880 1659 Ecclesia:
926 1603 1255 1672 scriptores,
1295 1600 1662 1654 Tertullianus
1693 1598 1984 1664 videlicet,

385 1699 712 1770 Cyprianus,
756 1695 1107 1758 Ambrosius,
1142 1694 1509 1763 Augustinus,
1554 1702 1608 1747 et
1634 1691 1724 1744 alii
1751 1731 1766 1757 ,
1817 1705 1987 1759 usque

2090 499 2202 553 qua:
2249 480 2597 535 velavitiosis
2647 480 3010 551 interpretibus
3065 479 3197 534 male
3251 483 3491 546 reddita,
3539 484 3614 536 rel
3659 501 3694 537 a

2092 573 2546 644 pi-resitntptoribus
2578 573 2828 644 imperitis
2863 571 3131 625 emendata
3180 574 3494 642 perversius,
3542 574 3621 627 vel
3661 592 3694 627 a

2089 664 2314 718 librariis
2366 665 2759 718 dormitantibus
2810 674 2898 717 aut
2935 665 3117 717 addita
3145 675 3306 729 sunt,
3355 677 3443 719 aut
3474 676 3692 734 mutata,

2089 759 2509 828 corrigimus.....
2552 757 2676 813 litvo
2705 773 2929 830 prwsens
2972 759 3368 829 pra’fatiuncula
3422 761 3697 829 pollicetur

2088 864 2308 922 quatuor
2337 862 2536 905 tantum
2555 850 2863 922 Evangelia,
2893 852 3141 906 codicum
3171 851 3485 908 Grazcorum
3509 870 3696 910 eluen-

2090 945 2212 998 data
2240 944 2548 1011 collatione,
2593 943 2684 998 sed
2725 955 2988 1011 veterum;
3031 960 3145 1015 qua:
3175 962 3237 998 ne
3259 946 3477 998 multum
3518 963 3550 998 a
3593 947 3699 1001 lec-

2089 1037 2243 1090 tionis
2293 1035 2490 1090 Latina:
2538 1037 2904 1090 consuetudine
2941 1037 3321 1107 discreparent,
3380 1039 3453 1092 ita
3491 1039 3695 1095 calamo

2089 1132 2498 1201 temperavimus,
2550 1140 2605 1182 ut
2653 1127 2733 1181 his
2776 1121 2994 1194 tantum,
3049 1145 3166 1196 qua:
3205 1147 3413 1184 sensum
3453 1132 3697 1186 videban-

2090 1225 2174 1269 tur
2215 1227 2430 1280 mutare,
2476 1215 2752 1279 correctis,
2799 1216 2998 1285 reliqua
3043 1231 3250 1269 manere
3277 1225 3583 1286 pateremur,
3638 1228 3696 1272 ut

2089 1309 2424 1380 fuerant?....
2480 1306 2707 1378 Magnus
2761 1308 2845 1360 hic
2891 1309 2944 1360 in
2991 1308 3180 1362 nostris
3228 1309 3490 1363 codicibus
3552 1327 3698 1366 error

2088 1403 2329 1467 inolevit,
2381 1401 2730 1470 dum,'quod
2777 1403 2827 1453 in
2849 1402 3024 1456 eadem
3075 1419 3129 1455 re
3181 1403 3316 1456 alius
3362 1401 3697 1473 Evangelista

2092 1498 2209 1564 plus
2264 1496 2434 1560 dixit,
2486 1496 2539 1549 in
2567 1497 2691 1562 alio,
2737 1496 2855 1564 quia
2900 1498 3066 1549 minus
3113 1498 3439 1565 putaverint,
3477 1498 3695 1553 addide-

2089 1598 2240 1654 runt;
2269 1588 2379 1654 vel,
2409 1587 2531 1641 dum
2574 1588 2809 1641 eumdum
2841 1604 3044 1641 sensum
3067 1589 3200 1642 alius
3230 1589 3379 1642 aliter
3405 1593 3690 1660 expressit,

2089 1682 2203 1749 ille,
2256 1681 2341 1750 qui
2372 1695 2532 1733 unum
2571 1696 2598 1733 e
2637 1690 2859 1750 quatuor
2907 1681 3129 1749 primmn
3179 1680 3409 1749 legerat,
3457 1683 3526 1734 ad
3576 1683 3691 1752 ejus

387 1792 456 1846 ad
511 1791 754 1862 Gregorii
809 1790 983 1860 Magni
1036 1802 1320 1857 tempora,
1369 1783 1688 1841 ηιηιὼιιεινρ,
1733 1784 1848 1840 vir,
1902 1784 1980 1838 αι,
2021 1775 2382 1858 Bexemplum
2431 1782 2642 1827 cretei-os
2689 1789 2890 1842 quoque
2951 1774 3275 1827 wstimaverit
3316 1775 3687 1829 emendandos.

387 1884 551 1938 Matth
612 1881 870 1937 l’etitdier
897 1881 1284 1937 dissertatione
1313 1878 1522 1933 decima
1566 1878 1621 1933 in
1666 1877 1865 1946 Script.
1903 1877 1986 1930 in—

387 1976 505 2046 quit
540 1993 552 2026 :
583 1975 699 2028 licet
749 1974 993 2043 temporis
1047 1987 1288 2040 processu
1331 1971 1586 2025 versiones
1645 1969 1820 2023 latitat:
1862 1983 1988 2035 pene

384 2071 602 2139 inﬁnita:
641 2070 956 2140 prodierint,
994 2084 1095 2120 una
1130 2076 1298 2120 tamen
1348 2066 1480 2118 inter
1517 2063 1671 2130 alias,
1701 2081 1853 2132 quam
1882 2062 1988 2113 Au-

387 2167 621 2236 gustinus
675 2163 899 2228 Italam,
954 2159 1300 2230 Hieronymus
1329 2157 1615 2229 Vulgalam
1645 2199 1660 2223 ,
1708 2158 1986 2230 Gregorius

382 2261 637 2317 Veterem
696 2265 1103 2325 nuncuparunt,
1178 2269 1429 2325 quamque
1479 2252 1707 2306 omnium
1766 2251 1984 2320 primum

385 2354 544 2423 fuisse
584 2350 766 2404 merito
795 2349 1168 2420 suspicamur,-
1198 2345 1482 2418 principem
1527 2344 1696 2398 locum
1744 2342 1981 2396 obtinuit.

390 2444 536 2498 Hanc
589 2444 682 2496 sub
725 2442 1076 2512 apostolorum
1122 2439 1435 2510 temporibus
1475 2437 1784 2492 elaboratant
1834 2436 1986 2489 inulti

384 2537 704 2605 apinantur,
751 2548 840 2586 nec
894 2533 1004 2586 sine
1051 2531 1225 2598 aliqua
1273 2529 1629 2602 fundamento,
1689 2545 1752 2582 ne
1796 2526 1983 2581 Latina

387 2628 618 2682 Ecclesia
652 2625 1043 2694 Scripturarum
1079 2625 1317 2676 thesauro
1359 2624 1555 2676 tamdiu
1603 2623 1908 2691 privaretur.
1939 2625 1977 2675 A

383 2737 490 2791 quo
540 2727 718 2772 tamen
772 2716 934 2772 fuerit
980 2716 1322 2778 concinnata,
1385 2715 1542 2768 nobis
1588 2716 1981 2784 incompertum

386 2821 504 2876 est;
532 2812 655 2864 licet
683 2809 848 2862 certis
882 2807 1094 2862 ind'.ciis
1150 2805 1428 2876 signisque
1474 2807 1588 2874 ipsa
1619 2808 1829 2861 secerni
1860 2823 1984 2876 pos-

384 2914 467 2960 set
490 2905 558 2957 ab
591 2901 709 2956 aliis
737 2900 1304 2970 interpretationibus;
1337 2898 1588 2969 quoniam
1631 2899 1690 2953 S.
1722 2897 1980 2967 Augusti-

383 3013 481 3052 nus
504 3013 602 3052 nos
621 2996 800 3060 docet,
830 2995 970 3049 inter
994 2995 1170 3048 varias
1201 2991 1417 3048 Latinas
1449 2991 1752 3058 versiones,
1790 2990 1980 3045 Italam

383 3090 547 3143 fuisse
607 3103 716 3156 pra:
762 3086 975 3140 caeteris
1027 3085 1335 3156 insignem,
1393 3083 1650 3153 qu0niam
1695 3085 1980 3138 sententiis

2097 1865 2245 1920 Unde
2270 1866 2486 1931 accidit,
2534 1875 2587 1918 ut
2633 1865 2773 1935 apud
2813 1882 2906 1919 nos
2959 1866 3118 1918 mixta
3163 1867 3277 1934 sint,
3305 1867 3498 1926 omnia,
3542 1876 3589 1920 et
3639 1867 3694 1920 in

2093 1957 2275 2011 Marco
2307 1959 2461 2026 plura
2514 1955 2672 2010 Luca:
2728 1968 2881 2024 atque
2913 1955 3182 2022 Mattlaei;
3222 1972 3425 2009 rursum
3470 1959 3523 2010 in
3557 1955 3693 2010 Μαι-

2096 2053 2228 2106 tliwo
2261 2052 2411 2121 plura
2465 2050 2689 2104 Joannis
2729 2061 2777 2103 et
2828 2048 3029 2113 Marci;
3069 2059 3116 2102 et
3156 2053 3206 2102 in
3245 2050 3442 2103 caeteris
3464 2050 3689 2120 reliquo-

2087 2163 2236 2212 rum,
2269 2162 2384 2216 qua:
2405 2146 2522 2198 aliis
2564 2145 2774 2213 prOpria
2816 2155 2967 2208 sunt,
3011 2144 3355 2197 inveniantur.
3393 2143 3578 2208 Plura,
3610 2144 3690 2198 in-

2087 2240 2203 2308 quit
2245 2238 2595 2292 (loctissinius
2629 2237 2818 2289 Petrus
2850 2235 3098 2289 Sabatier
3144 2237 3442 2289 monachus
3473 2235 3682 2290 ordinis

2090 2330 2145 2386 S.
2178 2330 2450 2385 Benedicti
2497 2347 2526 2383 e
2571 2330 2991 2397 congregatione
3039 2329 3097 2382 S.
3149 2327 3346 2394 lllauri,
3395 2331 3446 2381 in
3479 2327 3563 2381 bis
3621 2328 3684 2383 S.

2087 2421 2327 2476 doctoris
2377 2422 2559 2475 verbis
2600 2428 2729 2475 smit
2772 2420 3173 2488 perpendenda.
3220 2419 3404 2474 Primo
3444 2420 3683 2487 quidem,

2088 2513 2140 2566 in
2167 2529 2355 2567 eorum
2380 2527 2608 2567 numero
2635 2513 3048 2581 exemplarium,
3074 2527 3192 2580 qua:
3223 2513 3363 2566 inter
3391 2527 3449 2566 se
3479 2513 3686 2567 discre-

2088 2605 2286 2674 pabunt
2311 2648 2323 2670 ,
2372 2606 2519 2660 fuere
2550 2605 2792 2675 quandam
2825 2605 2925 2658 alia
2951 2603 3116 2673 magis
3143 2607 3352 2660 sincera
3387 2609 3480 2674 (ut
3509 2604 3684 2662 codex

2088 2700 2503 2770 Evangeliorum
2529 2700 2883 2768 Eusebianos)
2904 2716 2916 2753 :
2934 2716 2992 2754 ea
3011 2710 3188 2754 autem
3207 2701 3322 2753 aliis
3335 2711 3493 2754 erant
3509 2701 3684 2756 since-

2087 2794 2253 2858 riora,
2302 2794 2615 2864 Hieronymi
2665 2794 2892 2862 judicio,
2925 2811 3046 2863 qiue
3080 2793 3269 2849 Gril'CU
3318 2796 3491 2864 magis
3531 2803 3688 2849 erant

2084 2896 2473 2948 consentanea,
2529 2895 2586 2938 ut
2639 2885 2840 2939 diserte
2887 2885 3155 2955 signiﬁcat
3199 2895 3420 2940 sanctus
3472 2887 3680 2952 doctor,

2083 2990 2205 3031 cum
2232 2978 2326 3043 ait,
2373 2978 2424 3031 id
2463 2976 2565 3031 sibi
2596 2993 2732 3031 onus
2761 2979 3095 3046 impositum,
3147 2987 3204 3031 ut
3247 2978 3438 3031 arbiter
3468 2981 3682 3045 sedeat,

2085 3077 2140 3121 et
2185 3069 2327 3121 inter
2352 3068 2719 3138 discrepantia
2769 3069 2970 3123 Latina:
3022 3069 3486 3138 interpretationis
3532 3070 3685 3125 Seti-

382 3180 554 3250 magis
594 3187 714 3232 eral
763 3178 1044 3246 perspicua
1070 3218 1085 3239 ν
1152 3175 1550 3245 verborumque
1603 3176 1860 3230 ιειηιοίοιι,
1913 3174 1979 3228 ιη
2005 3179 2050 3242 C
2084 3170 2364 3231 pturarum
2386 3165 2733 3230 exetnplaria,
2755 3163 2993 3215 decernat
3017 3176 3129 3231 qua:
3156 3163 3255 3214 sint
3281 3162 3396 3225 illa,
3431 3177 3546 3230 qua:
3570 3179 3685 3216 cum

386 3272 514 3340 ipsis
569 3270 587 3341 (
629 3267 800 3338 inquit
833 3265 852 3338 )
901 3265 1397 3337 interpretationibus
1429 3281 1587 3320 ιτΑιΛ
1627 3267 1823 3320 cwteris
1845 3281 1980 3337 pra:-

381 3362 612 3432 [eratur;
664 3375 785 3412 nam
835 3369 907 3413 est
961 3359 1230 3412 verborum
1279 3357 1542 3425 tenacior,
1610 3374 1726 3410 cum
1778 3360 1978 3433 perspi-

380 3454 570 3507 cuitate
611 3451 890 3507 sententiis.
936 3450 1163 3518 itaque,
1214 3451 1258 3505 si
1312 3450 1556 3504 codicem
1611 3449 1976 3506 Ensebiamnn

381 3547 482 3600 hac
507 3545 709 3614 duplici
749 3544 876 3598 dote
903 3541 1226 3614 gaudentem
1269 3543 1584 3607 ostendero,
1614 3555 1822 3598 certum
1850 3545 1976 3610 erit,

379 3653 446 3692 eo
476 3635 745 3693 coiitineri
789 3635 1018 3702 Italam,
1068 3643 1380 3703 usurpatam
1428 3634 1482 3688 in
1535 3634 1799 3690 Ecclesia.
1833 3635 1980 3691 Prte-

381 3739 528 3782 terea
586 3727 696 3781 illa:
753 3727 1059 3794 labetulat,
1117 3728 1310 3797 quibus
1363 3727 1497 3781 Itala
1544 3743 1764 3797 aspersa
1821 3736 1976 3795 erat,

382 3820 560 3875 adhuc
611 3821 794 3873 insunt
843 3820 1060 3874 laudato
1106 3819 1321 3874 codici:
1360 3836 1524 3889 quare
1551 3820 1606 3874 in
1637 3820 1860 3876 dubium
1893 3837 1978 3876 re-

382 3911 566 3966 vocari
619 3911 924 3964 nullatenus
948 3918 1122 3979 potest
1146 3951 1160 3975 ,
1208 3912 1335 3980 quin
1370 3912 1482 3980 ipse
1512 3913 1756 3966 eamdem
1786 3912 1973 3967 Italam

382 4005 584 4060 nostris
635 4002 810 4057 oculis
858 4013 1232 4071 repraesentet.
1271 4003 1590 4058 Audiendos
1619 4005 1678 4060 S.
1715 4005 1980 4078 Hierony-

382 4111 526 4160 mus,
570 4094 659 4162 qui
691 4093 932 4149 codicem
977 4093 1397 4164 Evangeliorum
1455 4097 1601 4150 Itala:
1640 4113 1734 4151 seu
1770 4099 1978 4168 antiqui

382 4186 714 4257 interpretis,
739 4187 894 4256 jussu
923 4185 982 4240 Β.
1011 4186 1225 4240 Damasi
1250 4186 1411 4257 Papm
1441 4189 1506 4241 ad
1550 4187 1794 4244 Graecam
1819 4189 1975 4244 [idem

383 4282 603 4350 exigit:
642 4277 847 4333 Novum
894 4295 1022 4350 opus
1056 4276 1158 4350 (ad
1202 4278 1452 4334 eumdem
1504 4279 1789 4336 Damasum
1842 4285 1978 4337 seri-

384 4372 502 4442 liit)
530 4375 698 4443 facere
747 4387 826 4425 me
867 4371 1007 4442 cogis
1056 4387 1119 4425 ex
1149 4371 1357 4440 Veteri;
1401 4383 1458 4426 ut
1503 4383 1616 4443 post
1661 4375 1977 4443 exemplaria

383 4465 778 4534 Scripturarum
801 4472 904 4517 toto
928 4462 1063 4518 Orbe
1084 4464 1337 4535 dispersa,
1371 4465 1519 4532 quasi
1551 4466 1759 4535 quidam
1790 4468 1978 4520 arbiter

2089 3251 2270 3306 Grieca
2301 3257 2619 3307 consentiant
2671 3256 2899 3308 veritate.
2935 3257 3001 3307 At
3035 3270 3160 3308 vero
3210 3254 3298 3308 illa
3343 3254 3549 3309 Latinae
3596 3255 3683 3309 in-

2084 3348 2489 3416 terpretationis
2514 3347 2847 3418 exemplaria
2871 3390 2886 3415 ,
2935 3365 3054 3418 qua:
3084 3364 3205 3402 cum
3235 3347 3424 3404 Gneca
3453 3365 3686 3405 consen-

2085 3441 2222 3494 tiunt.
2273 3442 2520 3504 veritate,
2579 3442 2695 3511 ipsa
2738 3448 2866 3494 sunt
2921 3440 3251 3511 exemplaria
3309 3458 3430 3512 quae
3489 3459 3676 3512 puram

2083 3541 2268 3601 putata
2317 3531 2560 3586 Italicam
2605 3541 3021 3602 repraesentant,
3055 3548 3213 3602 quam
3265 3535 3478 3589 caeteris
3528 3544 3686 3589 ante-

2083 3623 2418 3694 ponendam,
2473 3634 2658 3693 utpote
2689 3625 2976 3678 verborum
3028 3625 3377 3693 tenaciorem,
3431 3641 3680 3695 pronun-

2084 3717 2181 3769 tiat
2208 3717 2557 3787 Augustinus.
2613 3716 2821 3770 Deinde
2865 3719 2917 3770 in
2961 3717 3192 3772 diversis
3225 3720 3370 3773 hisce
3399 3720 3686 3790 exenipls-

2082 3807 2231 3862 ribus
2275 3809 2440 3863 inulta
2470 3808 2720 3878 equidem
2749 3820 2923 3876 erant,
2977 3809 3057 3864 vel
3101 3827 3133 3862 a
3180 3811 3376 3864 vitiosis
3428 3812 3680 3882 interpre-

2083 3900 2219 3955 tibus
2270 3904 2400 3955 male
2446 3903 2669 3970 reddita,
2722 3906 2801 3958 vel
2857 3923 2886 3957 a
2930 3905 3383 3977 pra'sumptoribus
3430 3907 3683 3977 imperitis

2082 3995 2347 4049 emendata
2380 3999 2658 4066 perversius
2680 4040 2692 4064 ,
2728 3999 2802 4053 rel
2831 4017 2861 4053 a
2889 3999 3114 4054 librariis
3144 4000 3542 4056 dormitantibus
3594 4012 3684 4056 aut

2081 4088 2300 4157 addita,
2357 4101 2444 4144 aut
2490 4102 2708 4145 mutata.
2776 4092 2870 4146 Ha:
2925 4103 3104 4148 tamen
3169 4095 3441 4162 maculaa,
3489 4095 3685 4165 quibus

2081 4197 2299 4252 aspersa
2329 4195 2466 4252 erat,
2511 4184 2821 4256 Hieronymi
2851 4195 3030 4253 celate,
3061 4197 3219 4242 vetus
3259 4188 3681 4258 Evangeliorum

2080 4274 2476 4346 interpretatio,
2529 4279 2668 4333 adeo
2700 4280 3089 4348 impedimento
3118 4296 3224 4335 non
3269 4290 3423 4347 sunt,
3472 4284 3686 4351 querni-

2081 4386 2182 4426 nus
2213 4381 2393 4426 nostra
2421 4382 2579 4428 aetate
2608 4373 2978 4444 dignoscatur,
3020 4385 3076 4429 ut
3102 4375 3264 4430 etiam
3297 4377 3582 4445 plurimum
3613 4375 3680 4429 ad
3757 4414 3770 4424 .

2081 4480 2198 4519 eam
2238 4469 2626 4521 secernendam
2658 4468 2985 4522 conducant.
3037 4467 3304 4523 Caeterum
3351 4469 3490 4523 baud
3546 4469 3684 4524 tales

378 4560 618 4620 sedeam;
664 4565 712 4611 et
740 4559 861 4625 quia
902 4556 1032 4609 inter
1072 4572 1126 4609 se
1168 4556 1389 4623 variant,
1422 4572 1538 4628 qua:
1569 4559 1670 4611 sint
1712 4559 1834 4627 illa,
1862 4576 1977 4628 qua:
2001 4571 2055 4631 D
2083 4556 2180 4611 has
2218 4556 2384 4613 fuisse
2414 4559 2652 4614 maculas
2681 4559 3122 4626 existimandum,
3159 4572 3214 4615 ut
3243 4561 3312 4615 iis
3342 4561 3556 4631 penitus
3585 4560 3685 4616 fae-

379 4667 499 4705 cum
544 4647 727 4704 Graeca
758 4647 1076 4700 consentiant
1105 4648 1314 4701 veritate
1336 4688 1352 4715 ,
1400 4649 1688 4703 decernam.
1735 4651 1863 4706 Pius
1899 4653 1978 4706 la—

382 4744 493 4810 bor,
518 4743 606 4798 sed
633 4742 922 4814 periculosa
953 4741 1308 4811 praesumptio.
1345 4739 1413 4794 Et
1457 4754 1576 4811 post
1625 4757 1790 4812 pauci
1819 4761 1831 4796 :
1864 4744 1977 4812 quis

379 4838 534 4902 enim,
569 4852 682 4889 cum
709 4836 762 4889 in
783 4849 967 4887 manus
994 4834 1228 4886 volumen
1273 4836 1629 4901 assumpserit,
1658 4847 1702 4889 et
1733 4854 1764 4889 a
1793 4838 1974 4903 saliva,

377 4945 532 5001 quam
563 4930 715 4981 semel
741 4928 957 4993 imbibit,
1007 4925 1186 4980 viderit
1223 4925 1516 4998 discrepare
1558 4929 1695 4999 quod
1743 4931 1976 4998 lectitat,

380 5038 484 5076 non
511 5021 686 5074 statim
723 5030 953 5091 erumpat
983 5021 1037 5074 in
1066 5035 1268 5086 vocem,
1317 5035 1396 5073 me
1432 5021 1722 5091 falsarium,
1758 5039 1835 5076 me
1872 5025 1980 5077 cla-

380 5116 570 5170 mitans
599 5128 707 5167 esse
733 5113 1072 5182 sacrilegum,
1122 5113 1209 5183 qui
1229 5112 1444 5166 audeam
1471 5113 1668 5184 aliquid
1707 5115 1761 5167 in
1801 5117 1951 5168 veteri
1963 5145 1978 5154 -

379 5209 474 5264 bus
514 5206 656 5260 tibris
699 5204 917 5269 addere,
968 5213 1195 5271 mutare,
1228 5206 1517 5279 corrigere?
1542 5208 1798 5263 Adversus
1827 5225 1979 5280 quam

380 5302 626 5356 invidiam
657 5297 851 5368 duplex
891 5313 1045 5351 causa
1074 5313 1152 5350 me
1181 5301 1492 5367 consolatur,
1525 5301 1660 5370 quod
1699 5311 1745 5354 et
1786 5312 1862 5369 tu,
1891 5301 1982 5369 qui

383 5410 611 5446 summus
641 5388 882 5446 sacerdos
923 5405 996 5454 es,
1031 5388 1339 5459 [ierijubes;
1381 5401 1427 5443 et
1468 5406 1642 5444 verum
1688 5410 1788 5446 non
1835 5410 1978 5458 esse,

382 5486 521 5556 quod
553 5486 750 5549 variat,
801 5485 952 5536 etiam
988 5480 1356 5533 maledicorum
1403 5483 1692 5536 testimonio
1739 5501 1980 5554 compro-

383 5578 552 5633 batur.
587 5575 644 5629 Si
676 5577 806 5628 euim
847 5573 1048 5627 Latinis
1105 5569 1478 5639 exemplaribus
1530 5573 1658 5641 ﬁdes
1710 5583 1784 5628 est
1826 5575 1976 5627 adbi-

382 5670 571 5729 benda,
609 5668 970 5734 respondeant,
999 5663 1224 5736 quibus?
1254 5672 1328 5717 tot
1355 5665 1488 5718 enim
1517 5673 1634 5719 sunt
1664 5668 1980 5737 exemplaria

381 5777 532 5836 pene,
558 5769 677 5831 quot
707 5761 923 5815 codices.
960 5761 1055 5815 Sin
1079 5770 1252 5814 autem
1282 5759 1464 5816 veritas
1494 5768 1568 5816 est
1602 5763 1876 5830 quaerenda
1915 5764 1978 5820 de

2080 4649 2302 4704 daretur
2333 4659 2487 4722 vetus
2526 4652 2926 4722 interpretatio;
2977 4652 3416 4722 quandoquidem
3450 4652 3534 4706 vel
3566 4653 3683 4721 ipse

2081 4749 2309 4797 testatur
2336 4743 2716 4814 Hieronymus,
2759 4760 2818 4800 se
2859 4745 3087 4813 pluritna
3119 4745 3406 4815 reliquisse
3437 4745 3679 4811 intacta.

2032 4886 2041 4893 ,
2081 4851 2143 4889 ne
2170 4839 2387 4890 multum
2428 4836 2666 4909 (inquit)
2711 4856 2744 4891 a
2770 4839 3005 4892 lectionis
3062 4838 3263 4893 Latina:
3308 4838 3683 4894 consuetudine

2081 4928 2455 4999 discreparent,
2489 4933 2561 4987 ita
2587 4934 2789 4986 calamo
2816 4934 3228 5004 temperavimus,
3265 4944 3322 4987 ut
3350 4935 3430 4987 his
3457 4945 3677 5003 tantum,

2081 5037 2194 5092 qua:
2216 5040 2421 5077 sensum
2463 5025 2764 5079 videbantur
2805 5035 3022 5090 mutare,
3053 5027 3319 5092 correctis,
3347 5026 3544 5096 reliqua
3569 5041 3683 5079 nta-

2081 5129 2200 5166 nere
2240 5127 2551 5186 pateremur,
2581 5127 2635 5169 ut
2667 5118 2898 5187 [ue-rant.
2940 5119 3128 5187 Itaque
3169 5130 3274 5173 tam
3315 5119 3431 5174 hinc
3485 5120 3680 5174 Hiero-

2083 5204 2230 5276 nymi
2263 5206 2460 5274 verba,
2511 5208 2707 5278 quibus
2755 5209 2981 5275 menda,
3014 5221 3070 5264 et
3097 5211 3335 5264 maculas
3358 5251 3372 5276 ,
3423 5225 3585 5280 qnam
3628 5221 3688 5268 et

2081 5313 2178 5364 ea,
2235 5302 2429 5371 quibus
2473 5301 2789 5356 Latinarum
2840 5305 3347 5373 interpretationum
3396 5320 3683 5360 numerum

2084 5393 2410 5461 ampliﬁcat,
2444 5395 2705 5451 debemus
2749 5397 3092 5464 interpretari
3124 5398 3358 5462 mollius,
3393 5397 3592 5452 nedum
3619 5413 3682 5454 ea

2086 5500 2276 5556 urgere
2308 5487 2698 5543 vehementius.

2155 5578 2419 5645 Quoniam
2478 5596 2608 5637 vero
2659 5581 2908 5637 laudatus
2959 5582 3393 5652 sapientissimus
3432 5583 3682 5640 Sabatier

2081 5671 2343 5740 quasdam
2403 5675 2702 5745 praecipuas
2756 5679 2961 5730 veteris
2985 5693 3013 5728 a
3048 5692 3186 5729 nova
3211 5677 3686 5746 Linterpretatione

2082 5764 2476 5835 discrepantias
2509 5769 2557 5820 io
2589 5766 2822 5823 mcdimn
2855 5766 3081 5838 profert,
3105 5771 3451 5840 experiamur
3499 5778 3682 5826 utruut
