4054 6198
362 280 426 336 81
1401 276 1733 334 EPISTULA
1777 275 2107 334 RUGGERII
2145 274 2626 333 NOVARIENSIS.
3590 271 3662 329 82

356 410 436 450 ea:
466 409 686 454 omnes.
711 408 846 463 quas
873 392 1087 461 recitat,
1118 393 1256 448 tales
1285 393 1414 458 sint,
1438 408 1504 447 ex
1529 392 1722 461 quibus
1741 390 1946 460 protirii
1987 397 2040 455 Α
2067 389 2431 460 Euangeliario
2451 389 2755 463 quaduplici
2785 388 3044 456 exhibitis,
3065 387 3320 458 cognosci
3345 401 3441 442 sua
3470 395 3664 458 sponte

353 489 577 547 colores
608 486 760 543 Itala:
781 488 835 543 in
857 487 1045 543 codice
1067 487 1396 544 Vercellensi
1420 485 1649 554 aliisque
1689 485 1742 538 iu
1770 493 1954 538 nostro

437 675 676 731 Matthtei
728 675 906 745 capite
935 692 974 740 ι,
1022 690 1135 730 ver.
1180 675 1271 730 25.
1317 675 1374 729 ln
1421 673 1648 744 Vulgata
1700 670 1960 726 hodierna

359 768 580 839 legitur,
614 766 751 822 Ecce
776 767 928 840 Virgo
954 769 1005 822 in
1035 778 1177 822 utero
1193 767 1423 833 habebit;
1448 767 1503 822 in
1532 766 1748 836 antiqua
1779 773 1958 819 autem

359 861 433 914 ita
463 861 713 927 legerunt
766 859 894 913 olim
947 859 1204 927 lrenaeus,
1251 859 1574 930 Cyprianus,
1620 857 1958 921 Ambrosius,

361 954 724 1024 Augustinus,
768 953 993 1024 Vigilius
1021 953 1335 1022 Tapsensis,
1368 953 1474 1006 Leo
1497 951 1750 1020 Magnus,
1794 949 1962 1003 Maxi-

360 1064 485 1103 mus
499 1048 726 1102 Tauriu.
761 1059 892 1112 ctc.,
919 1049 971 1101 in
1003 1057 1145 1101 utero
1173 1046 1444 1114 concipiet,
1471 1045 1554 1099 vel
1581 1044 1816 1114 accipiet.

433 1230 625 1284 Matth.
672 1244 791 1299 cap.
845 1245 902 1294 ll,
935 1229 989 1284 5.
1019 1227 1399 1299 luterpretalio
1455 1234 1610 1280 vetus
1641 1224 1879 1289 ferebat,
1910 1227 1964 1278 in

364 1321 426 1376 Βι
443 1323 660 1376 thlehrm
687 1321 920 1388 Iudaeae;
949 1337 978 1376 e
1008 1321 1199 1377 Graeco
1225 1329 1317 1384 τῆς
1344 1319 1618 1384 Ἰουδαίας
1645 1333 1748 1372 nou
1778 1317 1961 1382 Jttdte,

371 1417 521 1487 quod
575 1419 624 1470 in
673 1416 898 1486 Vulgata
943 1415 1198 1470 hodierna
1244 1415 1454 1483 legitur.
1508 1413 1868 1481 Hieronymus
1913 1411 1963 1464 in

359 1509 556 1564 Matth.
589 1526 649 1572 ll,
687 1518 816 1563 tom.
851 1525 923 1572 tv,
953 1509 1056 1562 col.
1089 1509 1142 1573 9,
1192 1508 1439 1562 similiter
1495 1507 1644 1576 legit,
1672 1507 1726 1559 in
1766 1504 1968 1559 Bethle-

367 1602 486 1655 hem
523 1600 762 1666 ludicre;
790 1601 882 1654 sed
920 1602 1006 1655 hic
1038 1600 1381 1654 librariorum
1413 1614 1655 1653 errorem
1711 1613 1835 1654 esse
1875 1597 1971 1651 ad-

365 1704 586 1748 monet:
618 1693 872 1748 I’utamus
901 1695 1036 1747 enim
1064 1691 1280 1764 (inquit)
1304 1693 1367 1747 ab
1395 1692 1722 1764 Evangelista
1747 1694 1970 1760 primum

362 1786 582 1846 editum,
607 1786 741 1839 sicut
765 1786 817 1838 in
846 1786 960 1855 ipso
993 1784 1244 1838 Hebraico
1268 1785 1508 1854 legimus,
1540 1784 1718 1851 Judte,
1748 1795 1849 1839 nan
1877 1783 1970 1840 Ju—

370 1877 528 1931 dmze.
551 1877 880 1949 Hieronymo
899 1876 1191 1943 assentior,
1209 1885 1524 1933 eterrorcm
1555 1892 1676 1932 esse
1695 1877 1967 1932 concedo:
2003 1862 2051 1921 Β

365 1980 743 2024 verumtamen
769 1985 926 2024 error
947 1978 1049 2036 est,
1069 1985 1175 2038 quo
1199 1979 1354 2024 vetus
1379 1969 1755 2039 interpretatio
1783 1969 1970 2039 digno-

361 2064 558 2126 scitur,
589 2072 642 2116 et
670 2078 791 2116 cum
824 2061 1017 2116 Graeco
1050 2071 1198 2117 textu
1235 2065 1403 2132 magis
1444 2077 1568 2118 esse
1598 2071 1967 2119 consentanea

368 2156 802 2211 demonstratur.

440 2248 591 2302 Matt.
623 2263 745 2318 cap.
772 2265 825 2314 v,
859 2248 925 2302 7:
961 2247 1109 2302 Beati
1140 2249 1494 2303 misericordes
1515 2290 1529 2314 ,
1562 2249 1802 2319 quoniam
1843 2250 1972 2319 ipsis

367 2342 693 2396 miserebitur
714 2341 873 2406 Deus,
900 2357 964 2394 ex
988 2341 1116 2395 Itala
1138 2341 1401 2397 Versinne.
1425 2343 1688 2412 prodiisse
1701 2343 1976 2412 colligitur

368 2451 434 2488 cx
476 2433 684 2488 l-lilario
705 2476 719 2500 ,
752 2434 1072 2498 Ambrosio,
1111 2434 1434 2503 Augustino,
1463 2434 1778 2489 Chromatio
1805 2436 1973 2505 Aqui-

370 2527 561 2581 lein-nsi
587 2569 602 2591 ,
631 2534 857 2581 auctore
899 2527 1081 2595 operis
1105 2525 1427 2596 imperfecti,
1466 2527 1522 2582 S.
1587 2525 1873 2581 Valeriano
1920 2535 1979 2582 et

371 2619 519 2672 aliis.

449 2709 646 2764 Matth.
678 2708 855 2778 capite
896 2725 948 2761 v.
993 2709 1124 2762 lteut
1175 2717 1229 2762 et
1266 2723 1482 2763 versum
1517 2708 1589 2762 ‘22
1619 2708 1860 2778 ejmdem
1889 2723 1980 2762 ca-

376 2798 531 2869 pitis,
565 2798 766 2863 Omnis,
815 2801 901 2869 qui
945 2800 1181 2853 irascitur
1211 2799 1362 2870 fratri
1404 2816 1496 2852 suo
1545 2800 1654 2853 sine
1707 2816 1901 2866 causa,
1947 2813 1979 2854 e

373 2893 592 2954 Gra‘CO,
621 2897 725 2954 Πᾶς
757 2892 1128 2969 ὁόργιζὸμενος
1157 2900 1230 2963 τῷ
1269 2891 1463 2966 ἀδελφῷ
1491 2894 1649 2947 αὐτοῦ
1682 2895 1785 2950 εἰκή
1814 2909 1826 2944 :
1855 2907 1977 2945 nam

379 2983 627 3052 plerique
659 2983 846 3036 Patres
879 2986 1104 3053 ant:qni,
1140 2983 1372 3037 lrenzctts
1424 2984 1710 3047 videlicet,
1757 2983 1982 3052 Cypria-

378 3093 499 3138 nus,
527 3077 788 3142 Hilarius,
834 3077 1175 3140 Philastt-ius,
1207 3077 1563 3143 Augustinus,
1607 3077 1668 3131 S.
1705 3076 1978 3142 Paulinus,

378 3177 572 3223 auctor
612 3171 797 3238 aperis
841 3169 1168 3238 imperfecti,
1214 3168 1510 3239 Gregorius
1556 3169 1624 3222 Μ.
1661 3168 1865 3237 pariter
1885 3168 1981 3222 ad-

380 3260 537 3328 dunt,
567 3263 678 3314 sine
707 3278 885 3314 causa.

461 3533 649 3588 Matth.
699 3548 821 3603 cap.
871 3549 943 3598 vt,
973 3531 1027 3585 4.
1083 3532 1150 3585 Et
1178 3542 1323 3602 pater
1347 3540 1482 3596 tuus,
1513 3533 1601 3600 qui
1626 3531 1762 3584 videt
1788 3531 1841 3584 in
1863 3531 1981 3584 abs-

387 3629 614 3692 condito,
645 3629 728 3682 vel
753 3631 805 3680 in
833 3629 1102 3692 abscouso,
1133 3628 1308 3682 reddet
1340 3627 1428 3680 tibi
1451 3628 1502 3678 in
1529 3627 1720 3694 palam,
1754 3625 1821 3679 ad
1846 3640 1986 3678 eam-

382 3721 510 3776 dem
541 3722 775 3788 pertinet
805 3720 1135 3784 versionem,
1172 3728 1312 3773 teste
1342 3718 1663 3787 Augustino,
1691 3717 1778 3785 qui
1805 3716 1896 3769 lib.
1949 3731 1985 3768 tt

386 3817 461 3870 dc
495 3813 671 3869 Serm.
728 3814 882 3868 Dom.
915 3815 968 3867 in
1002 3822 1206 3875 monte,
1240 3815 1347 3864 ait:
1382 3811 1550 3864 Multa
1581 3810 1768 3862 Latina
1798 3809 1987 3863 Exem-

384 3908 557 3979 plaria
607 3907 681 3958 sic
727 3905 945 3970 habere;
1003 3904 1090 3958 sed
1131 3906 1274 3974 quia,
1309 3905 1499 3972 inquit,
1543 3903 1595 3956 in
1628 3901 1840 3968 Grtccis,
1875 3915 1988 3971 qutc

387 4001 566 4070 priora
593 4009 734 4061 sunt,
763 4014 864 4050 non
892 3997 1196 4061 invenimus,
1230 3995 1430 4064 palam,
1460 4012 1559 4048 non
1588 3995 1877 4064 putavimus
1905 3993 1990 4048 hic

388 4109 498 4147 esse
544 4092 744 4160 aliquid
786 4089 1183 4144 disserendum:
1216 4089 1266 4143 in
1299 4089 1490 4165 Grch
1518 4098 1694 4144 tamen
1727 4088 1990 4142 hodierno

387 4193 493 4248 est,
519 4182 785 4240 ἀποδώσει
812 4203 896 4238 σοι
923 4184 971 4235 ἐν
1000 4190 1073 4256 τῷ
1094 4190 1314 4258 φανερῷ.

468 4280 655 4333 Matth.
690 4294 810 4346 cap.
848 4293 925 4342 γι,
962 4277 1045 4330 Η.
1081 4277 1299 4347 Vulgata
1333 4283 1487 4330 vetus
1519 4276 1759 4347 legebat,
1795 4274 1992 4328 Panem

397 4383 624 4426 nostrum
670 4372 1024 4442 quotidianum
1073 4371 1139 4423 da
1191 4369 1336 4423 nobis
1366 4369 1554 4433 hodie;
1583 4380 1638 4424 et
1681 4369 1752 4422 ita
1798 4369 1993 4437 legisse

393 4475 608 4520 Constat
634 4465 1051 4528 Tertullianum,
1089 4462 1440 4534 Cyprianum,
1473 4463 1858 4527 Ambrosium,
1886 4462 1996 4516 Au-

394 4562 692 4630 gustinum,
725 4555 1124 4620 Chroxuatiuut,
1154 4555 1454 4610 Sedulium.
1500 4553 1839 4619 Prmtcrhos,
1868 4553 1995 4608 llic-

398 4627 680 4723 iouymus,
707 4651 800 4704 lib.
847 4665 886 4704 tt
935 4650 986 4702 in
1019 4649 1192 4719 Epist.
1217 4647 1284 4702 ad
1314 4647 1492 4701 Titum
1519 4646 1727 4702 diserte
1775 4646 1994 4712 asserit,
2025 4627 2081 4688 Ῑ)

394 4743 682 4798 secundum
712 4742 926 4795 Latinos
973 4742 1269 4811 interpretes
1309 4741 1556 4809 scriptum
1596 4754 1706 4792 esse
1736 4780 1750 4805 ,
1795 4737 1999 4792 Panem

399 4848 646 4892 nostrum
680 4833 1092 4906 quotidianum;
1127 4833 1215 4898 sed
1241 4832 1424 4887 melius
1470 4832 1525 4886 in
1558 4831 1737 4885 Gra'co
1785 4830 1996 4897 haberi,

402 4931 603 4986 Panem
630 4938 872 4982 nostrum
889 4928 1171 4990 ἐπιούσιον,
1195 4925 1249 4979 id
1264 4935 1336 4979 est
1357 4924 1695 4994 prtecipuum,
1715 4924 1999 4996 egregium,

403 5024 718 5094 peculiarem
786 5037 804 5075 :
857 5019 923 5074 Et
972 5029 1094 5090 post
1169 5034 1338 5089 pauca
1380 5035 1393 5071 :
1447 5018 1714 5086 Quidam,
1779 5017 1998 5086 inquit,

408 5117 667 5170 ἐπιοὺσιον
713 5115 1101 5168 existimant...
1155 5128 1339 5181 panem
1385 5112 1618 5178 dictum,
1669 5108 1806 5180 quod
1850 5124 2005 5180 super

413 5225 585 5262 omnes
616 5211 801 5270 οὐσίας
832 5209 938 5260 sit:
975 5216 1030 5261 et
1057 5205 1272 5260 Comm.
1307 5203 1359 5258 iu
1391 5202 1580 5258 Matth.
1620 5201 1773 5269 Quod
1801 5217 1894 5255 nos
1914 5215 2004 5254 su-

417 5300 922 5370 persubstantialem
979 5297 1358 5378 expressimus,
1429 5297 1483 5350 in
1555 5293 1736 5349 Grtuco
1791 5294 2005 5348 habetur

421 5395 680 5451 ἓπωύσων.

492 5487 721 5542 Μτιιιιιςιιὶ
737 5485 1016 5554 capitexx,
1040 5499 1089 5538 c.
1107 5482 1341 5538 “28.Post
1363 5480 1479 5536 haec
1512 5479 1672 5535 verba
1691 5493 1876 5534 versus
1897 5478 2001 5534 ἣδε

417 5576 563 5632 Sicut
585 5575 754 5631 Filius
768 5575 988 5628 hominis
1000 5591 1103 5628 non
1127 5575 1258 5628 venit
1273 5573 1573 5639 ministrari,
1590 5571 1677 5624 sed
1695 5571 2006 5636 ministrare,

415 5683 461 5725 et
475 5670 598 5724 dare
621 5671 850 5724 animant
866 5683 1011 5721 suam
1031 5667 1433 5736 redemptionem
1452 5681 1544 5734 pro
1566 5663 1760 5728 multis,
1787 5662 1900 5716 hinc
1922 5677 2009 5716 se-

414 5773 650 5830 quuntur
697 5762 751 5814 in
786 5773 887 5812 ms.
917 5755 1261 5825 Colhcrtino,
1295 5766 1349 5813 ttt
1379 5765 1433 5813 et
1459 5757 1513 5811 in
1541 5755 1660 5810 aliis
1687 5751 2011 5822 exemplati.

2007 3237 2054 3301 C

2064 481 2294 552 possint.

2141 666 2328 722 Matth.
2393 685 2511 739 cap.
2573 685 2630 735 t,
2695 671 2787 726 ‘25.
2833 671 3013 727 Codex
3087 670 3479 739 Vercellensis,
3528 672 3664 726 Ecce

2075 795 2139 816 ...
2169 779 2232 832 go
2261 763 2312 815 in
2344 779 2374 814 u
2499 779 2554 817 ro
2579 765 2854 834 concipiet.
2875 766 3168 834 Snppletttr
3187 781 3251 819 ex
3289 764 3586 820 Veronensi
3609 775 3665 820 et

2067 853 2414 920 Corbeicnsi,
2439 859 2527 927 qui
2562 859 2780 924 habent,
2813 858 2946 912 Ecce
2962 859 3114 930 Virgo
3145 861 3197 912 in
3225 870 3368 913 utero
3390 859 3662 927 concipiet.

2073 948 2143 1003 Et
2169 951 2236 1003 ita
2267 950 2653 1018 Tcrtullianus,
2699 954 2793 1008 lib.
2847 955 2917 1010 de
2959 954 3139 1016 Carne
3169 955 3388 1015 Christi,
3417 969 3535 1022 cap.
3570 951 3663 1006 Ἡ.

2073 1044 2211 1101 Vide
2239 1047 2605 1102 Martianatum
2638 1050 3022 1120 Bemarquesur
3045 1051 3095 1104 la
3124 1048 3336 1104 Vcrsiou
3359 1047 3582 1117 Italique
3602 1045 3666 1099 de

2072 1140 2358 1214 [‘Evangile
2383 1143 2445 1196 de
2473 1145 2529 1198 S.
2561 1145 2840 1211 Mallhieu,
2872 1161 2990 1214 pag.
3030 1145 3152 1200 HS.

2144 1233 2330 1287 Matth.
2364 1249 2482 1304 cap.
2518 1250 2586 1299 tt,
2616 1235 2668 1289 5.
2711 1235 2893 1291 Codex
2912 1236 3293 1300 Vercellensis,
3328 1235 3379 1287 in
3409 1233 3666 1286 Bethleem

2073 1324 2292 1380 Judtt'te.
2330 1327 2396 1380 Et
2433 1327 2503 1380 ila
2534 1328 2824 1382 Brixianus
2867 1340 2920 1384 el
2975 1327 3523 1385 Satt-Gertuanensis.
3559 1325 3664 1378 Vc.-

2078 1419 2330 1472 ronensis
2357 1434 2506 1484 vero,
2555 1421 2609 1472 iu
2641 1419 2900 1474 Bethleem
2935 1422 3143 1474 civitate
3177 1419 3394 1473 Jutta’te.
3434 1421 3491 1472 S.
3529 1418 3672 1472 llila-

2074 1511 2188 1564 rius
2217 1525 2432 1580 quoque
2463 1511 2515 1563 in
2545 1511 2742 1566 Psalm.
2773 1528 2957 1575 cxxn,
3001 1523 3055 1568 et
3095 1511 3153 1567 S.
3189 1513 3376 1567 Anthr.
3425 1512 3476 1564 itt
3516 1510 3668 1565 Psal-

2075 1619 2218 1658 tnum
2249 1620 2411 1672 xxxv,
2447 1606 2648 1675 legunt,
2682 1607 2735 1660 in
2768 1606 3023 1661 Bethleem
3049 1605 3270 1661 Judtcte.

2149 2243 2338 2299 Matth.
2361 2259 2480 2317 cap.
2515 2261 2569 2312 v,
2603 2262 2653 2300 ν.
2690 2247 2742 2302 7.
2776 2245 2960 2302 Codex
2994 2245 3378 2313 Vercellensis,
3407 2245 3669 2301 Beati

2078 2339 2210 2392 serie
2388 2340 2578 2393 rebitur
2610 2338 2767 2393 Deus.
2802 2340 3002 2394 Vero".
3059 2351 3113 2395 et
3153 2340 3476 2394 Sun—Germ.
3529 2339 3676 2392 Beati

2080 2429 2462 2498 misericordes,
2495 2433 2615 2500 quia
2642 2432 2986 2500 (Satn-Germ.
3019 2431 3283 2498 quoniam)
3315 2431 3440 2498 ipsis
3471 2431 3678 2483 misere-

2081 2521 2214 2574 bitur
2267 2521 2426 2574 Deus.
2479 2522 2613 2576 V’ide
2663 2523 2934 2576 laudatum
2977 2522 3367 2586 Martianmum,
3427 2537 3546 2592 pag.
3601 2522 3671 2576 12

2080 2613 2323 2682 ejusdem
2353 2614 2555 2682 operis.

2153 2703 2344 2758 Matth.
2377 2719 2493 2774 cap.
2529 2721 2591 2768 v,
2626 2705 2695 2760 ‘22
2715 2747 2731 2772 ,
2760 2705 2942 2761 Codex
2971 2705 3205 2762 Vercell.
3241 2705 3421 2760 Omnis
3448 2707 3534 2774 qui
3563 2707 3673 2760 ira-

2094 2797 2258 2850 scitur
2283 2798 2434 2866 fratri
2461 2815 2554 2852 suo
2585 2800 2696 2852 sine
2743 2816 2919 2852 causa.
2966 2800 3028 2853 Et
3074 2799 3145 2852 ita
3206 2799 3400 2853 Veron.
3449 2799 3596 2853 Brix.
3631 2807 3686 2853 et

2083 2889 2246 2944 Corb.
2284 2888 2516 2959 Legebat
2546 2891 2596 2943 iu
2628 2891 2907 2945 codicibus
2954 2890 3159 2944 Latinis
3200 2893 3257 2944 S.
3309 2889 3641 2956 Augustinus
3665 2931 3680 2954 ,

2083 2993 2139 3036 at
2169 2982 2222 3036 in
2257 2981 2462 3037 Graecis
2493 2998 2596 3036 non
2629 2983 2930 3048 invcuerat,
2971 2991 3028 3035 ut
3069 2981 3237 3037 refert
3269 2983 3360 3035 lib.
3397 2997 3435 3045 ι,
3463 2982 3677 3036 lletrac.

2084 3091 2206 3143 cap.
2240 3075 2325 3130 -l9.
2361 3076 2560 3130 Contra
2610 3090 2740 3129 vero
2789 3077 2848 3129 S.
2885 3075 3244 3144 Hieronymus
3287 3076 3336 3127 in
3372 3073 3680 3127 Manlia-um

2088 3165 2202 3232 hic,
2231 3167 2429 3220 auferri
2455 3167 2604 3235 jubet
2634 3167 2690 3222 τὸ
2721 3166 2830 3220 sine
2851 3183 3005 3219 causa
3042 3182 3105 3219 ex
3137 3165 3345 3220 Latinis
3372 3165 3680 3226 codicibus,

2089 3259 2142 3314 in
2170 3261 2366 3329 quibus
2398 3261 2711 3330 irrepserat,
2737 3275 3029 3330 veramque
3071 3260 3358 3316 lectionem
3391 3261 3584 3324 teneri,
3627 3261 3681 3313 in

2088 3355 2306 3423 optimis
2347 3354 2501 3409 libris
2542 3365 2830 3408 servatam.
2865 3354 3123 3409 Eamdetn
3158 3370 3270 3409 rem
3301 3351 3684 3408 animadvertit

2088 3443 2381 3501 Cassianus
2413 3447 2742 3501 lnSIitntion.
2778 3446 2870 3501 lib.
2902 3461 3016 3511 vttt,
3045 3462 3164 3515 cap.
3189 3447 3279 3502 20.

2161 3540 2348 3595 Matth.
2401 3557 2523 3609 cap.
2575 3556 2650 3607 v1,
2701 3539 2754 3594 4.
2799 3539 2981 3595 Codex
3025 3539 3408 3604 Vercellensis,
3443 3548 3498 3594 ct
3534 3538 3677 3594 San-

2089 3634 2300 3697 Gcrm.,
2331 3645 2376 3687 et
2406 3645 2549 3703 pater
2579 3643 2718 3700 tuus,
2747 3636 2836 3703 qui
2858 3634 2992 3687 videt
3021 3634 3073 3686 in
3101 3635 3370 3696 absconso,
3396 3633 3572 3686 reddet
3597 3634 3690 3688 tibi

2089 3727 2142 3780 in
2164 3729 2356 3795 palam.
2389 3725 2583 3779 Veron.
2608 3735 2655 3778 et
2685 3735 2828 3795 pater
2851 3725 3094 3795 tuus,qui
3122 3725 3253 3778 videt
3281 3734 3326 3778 te
3349 3725 3400 3778 in
3423 3726 3690 3790 absconso,

2089 3818 2262 3871 reddet
2294 3816 2381 3871 tibi
2409 3833 2462 3870 tu
2513 3818 2704 3887 palam.
2749 3818 2918 3882 llrix.,
2954 3828 2999 3870 et
3031 3827 3176 3880 pater
3205 3825 3325 3872 tuus
3353 3815 3440 3887 qui
3469 3816 3603 3871 videt
3636 3817 3690 3869 in

2090 3913 2335 3968 absconso
2379 3913 2552 3966 reddet
2579 3912 2669 3965 tibi
2696 3912 2746 3966 in
2777 3912 3066 3982 manifesto.

2170 4292 2360 4348 Matth.
2406 4307 2526 4362 cap.
2563 4307 2647 4358 vr,
2709 4293 2796 4348 ll.
2843 4291 3022 4347 Codex
3056 4292 3440 4357 Vercellcnsis,
3497 4291 3692 4347 Panem

2099 4397 2333 4441 nostrum
2360 4389 2694 4443 cottidianum
2729 4390 2795 4443 da
2832 4391 2976 4444 nobis
3005 4391 3172 4444 hodie.
3210 4389 3277 4443 Et
3309 4390 3376 4443 ita
3411 4388 3694 4444 Veronen-

2101 4481 2195 4546 sis,
2226 4481 2370 4535 Brix.
2400 4490 2454 4535 ct
2477 4480 2639 4537 Corl).

2188 5473 2422 5531 Matthzei
2471 5470 2647 5543 capite
2689 5486 2789 5526 xx.
2838 5469 3023 5526 Codex
3050 5464 3411 5525 Vercellensis
3442 5475 3563 5535 post
3587 5479 3708 5521 ver.

2119 5567 2191 5623 28
2233 5567 2348 5622 lucc
2371 5564 2551 5619 addit:
2592 5562 2694 5618 Vos
2720 5572 2890 5617 autem
2913 5561 3138 5631 quan-itis
3165 5560 3226 5611 de
3252 5556 3444 5627 pusillo
3465 5572 3710 5620 crescere,

2121 5673 2168 5717 et
2213 5662 2275 5715 de
2312 5663 2508 5732 majore
2534 5659 2754 5711 minores
2796 5671 2920 5708 esse.
2974 5651 3236 5705 Intrantes
3284 5660 3474 5718 autem,
3522 5659 3568 5704 et
3625 5665 3714 5702 ro-

2123 5756 2229 5824 gati
2271 5755 2338 5808 ad
2368 5767 2563 5806 comam
2591 5791 2606 5815 ,
2637 5766 2671 5802 η
2792 5744 3024 5798 recumbe
3139 5744 3192 5798 in
3220 5743 3347 5798 locis
3376 5759 3403 5796 e
3523 5741 3722 5797 ncntio-
