4054 6198
355 249 428 306 85
1717 246 2254 305 ΡιιυιΕαοιιιιῑΝΑ.

3597 252 3670 310 84

353 366 456 428 bus
484 368 683 423 veteris
713 368 1176 440 interpretationis
1195 410 1208 432 ,
1238 382 1359 437 qua;
1385 367 1604 438 quidem
1632 365 1944 422 desideran-
1973 377 2029 435 Α
2049 367 2129 421 rib
2150 405 2237 434 ...,
2269 383 2333 421 ne
2383 367 2516 438 forte
2567 370 2759 424 clarior
2785 378 2832 426 te
2875 387 2936 425 su
2963 408 3052 440 ...,
3075 371 3246 427 veniat
3263 390 3284 440 ;
3403 373 3610 429 cede
3640 391 3669 429 s

355 469 444 514 tur
474 461 524 514 in
563 461 784 530 Vulgata
822 462 1080 516 hodierna
1121 460 1397 528 Evangelii
1424 461 1578 529 juxta
1605 459 1950 514 Matthteum:

362 557 467 612 Vos
493 569 659 613 autem
687 560 917 629 quteritis
951 559 1014 612 de
1059 557 1250 628 pusillo
1277 573 1523 621 crescere,
1565 566 1614 611 et
1657 555 1722 609 de
1767 553 1957 626 majori

354 653 524 705 minor
545 652 607 722 (ι.
635 651 876 720 minores)
918 667 1044 706 esse.
1099 649 1360 705 Intrantes
1385 659 1575 712 autem,
1606 659 1654 702 et
1694 648 1861 720 rogati
1886 647 1955 700 ad

355 762 570 810 scenam,
624 747 778 800 nolite
805 744 1096 799 recumbere
1125 745 1177 799 in
1209 745 1335 799 locis
1385 743 1806 798 eminentioribus
1833 783 1846 805 ,
1895 757 1958 794 ne

357 841 490 908 forte
513 839 701 893 clarior
727 848 773 892 te
796 839 1114 908 superveniat
1137 855 1155 904 ;
1198 847 1244 891 et
1271 836 1513 891 accedens
1543 836 1628 906 qui
1659 835 1726 888 ad
1762 849 1957 888 caenam

354 930 547 982 vocavit
576 939 643 993 te,
675 930 810 982 dicat
841 930 930 982 tibi
957 945 970 980 :
997 929 1179 982 Adhuc
1221 929 1461 982 deorsum
1504 926 1688 980 accede
1713 942 1729 979 :
1750 935 1797 980 et
1827 943 1953 979 con-

269 1003 278 1015 ’
356 1021 615 1089 fundaris.
653 1020 715 1075 Si
738 1031 906 1074 autem
936 1020 1227 1074 recubueris
1256 1021 1309 1073 in
1336 1020 1449 1073 loco
1494 1019 1754 1090 inferiori,
1797 1027 1844 1071 et
1871 1033 1960 1071 su-

355 1113 637 1182 perpenerit
660 1112 904 1165 humilior
933 1122 1000 1178 te,
1034 1113 1166 1166 dicet
1197 1113 1285 1165 tibi
1315 1113 1402 1182 qui
1445 1121 1492 1166 te
1539 1110 1607 1164 ad
1633 1127 1830 1165 caenam
1869 1125 1958 1163 tto-

355 1207 487 1260 cavit
527 1205 790 1264 :Accede,
824 1206 995 1260 adhuc
1047 1207 1302 1276 superius.
1357 1205 1426 1260 Et
1471 1205 1567 1258 erit
1621 1205 1712 1258 tibi
1756 1203 1954 1258 utilius.

355 1297 625 1354 Juvencus
654 1309 854 1363 autem,
888 1314 1008 1353 cum
1035 1339 1049 1363 ,
1105 1300 1171 1352 ad
1216 1298 1662 1354 conscribendam
1713 1297 1958 1352 versibus

354 1390 632 1446 historiam
669 1393 1065 1463 Evangelicam,
1100 1392 1341 1448 codicem
1385 1392 1618 1447 Matthzci
1646 1390 1949 1446 secundum

355 1496 595 1541 veterem
621 1487 1127 1556 interpretationem
1157 1486 1378 1541 haberet
1406 1527 1420 1551 ,
1453 1486 1594 1541 hunc
1623 1495 1839 1540 secutus
1868 1499 1960 1538 co-

358 1577 554 1641 dicem,
587 1578 848 1649 quidquid
883 1581 934 1634 in
966 1578 1137 1634 veteri
1177 1579 1622 1649 interpretatione
1653 1577 1955 1648 legebatur,

357 1669 686 1726 carminibus
716 1672 918 1726 Latinis
941 1672 1020 1726 sic
1066 1671 1304 1727 reddidit
1333 1689 1345 1726 :

695 1809 917 1860 Hominis
940 1819 1082 1859 natus
1103 1810 1174 1859 sic
1199 1814 1370 1858 cuncta
1395 1809 1655 1866 ministrat,

451 1871 700 1934 Obsequio
721 1873 854 1922 solus
881 1889 888 1934 ι
910 1874 1072 1934 roprio
1089 1874 1164 1934 pia
1191 1885 1394 1920 munera
1422 1878 1640 1930 gestans,

449 1934 545 1982 Pro
570 1931 833 1996 multisque
859 1931 1067 1982 animam
1091 1931 1308 1996 pretioso
1329 1935 1572 1994 sanguine
1600 1931 1752 1996 ponit.

448 1996 519 2044 Ad
546 2009 630 2044 vos
657 2010 716 2044 ex
744 1995 958 2044 minimis
979 1995 1154 2057 Opibus
1172 1995 1523 2045 transcmndere
1548 1995 1710 2056 vultis,

449 2059 510 2108 lit
532 2060 603 2105 sic
625 2072 652 2107 e
677 2060 880 2106 summis
905 2059 1050 2119 lapsi,
1080 2060 1429 2119 comprenditis
1453 2059 1590 2106 imos.

447 2122 498 2168 Si
528 2133 612 2168 vos
635 2121 842 2182 quisque
870 2128 1006 2170 vocat
1031 2132 1184 2169 cmnae
1206 2122 1425 2169 convivia
1452 2131 1657 2182 ponens,

447 2180 688 2230 Cornibus
713 2180 984 2230 in‘summis
1007 2183 1200 2231 devitet
1223 2195 1412 2244 poni-re
1433 2180 1675 2244 membra,

448 2245 664 2303 Quisque
691 2246 816 2305 sapit
839 2259 850 2292 :
871 2247 1041 2294 veniet
1064 2241 1235 2293 forsan'
1249 2245 1288 2292 si
1315 2243 1490 2291 nobilis
1511 2241 1656 2304 alter,

446 2305 679 2368 Turpiter
703 2307 890 2355 eximio
908 2315 1117 2366 cogetur
1141 2306 1327 2354 cedere
1351 2319 1524 2368 cornu,

448 2367 605 2424 Quem
631 2374 792 2417 tumor
813 2369 964 2416 inﬂati
985 2367 1148 2416 cordis
1169 2381 1259 2428 per
1283 2381 1467 2414 summa
1494 2367 1693 2415 locarat.

445 2430 530 2492 Sin
555 2437 818 2492 contentus
843 2433 938 2478 erit
961 2430 1229 2479 mediocria
1255 2428 1513 2492 prendero
1527 2440 1702 2492 create,

448 2490 756 2553 Inferiorqne
781 2491 961 2540 dehinc
982 2492 1022 2540 si
1047 2505 1158 2540 mox
1183 2490 1385 2541 conviva
1412 2491 1616 2553 subibit,

449 2554 523 2602 Ad
548 2552 732 2615 potiora
758 2553 948 2614 pudens
969 2555 1193 2603 transibit
1219 2561 1368 2603 strata
1390 2552 1656 2603 thororum.

432 2701 560 2756 llmc
598 2700 842 2770 profecto
863 2699 1086 2756 Juvenci
1126 2699 1364 2755 carmina
1393 2699 1680 2754 manifesto
1713 2713 1832 2753 esse
1875 2714 1960 2751 ar-

353 2803 609 2864 gutncnto
636 2793 857 2857 debent,
888 2801 1098 2862 poetam
1147 2795 1199 2846 in
1227 2791 1616 2846 conscribentla
1649 2791 1958 2859 evangelii-tt

356 2889 577 2943 historia
630 2903 786 2943 usum
831 2887 994 2942 fuisse
1019 2887 1209 2942 codice
1236 2885 1448 2952 Latino,
1484 2887 1644 2956 plane
1676 2895 1862 2941 nostro
1887 2886 1961 2941 si-

356 2981 492 3046 mili,
509 2980 706 3050 qnique
731 2989 968 3035 veterem
992 2979 1491 3049 interpretationem
1518 2987 1956 3048 repraesentarct.

431 3075 592 3129 Marci
625 3089 743 3144 cap.
772 3090 854 3140 ιιι,
880 3075 932 3129 5.
967 3072 1314 3129 Observanda
1345 3073 1395 3126 in
1440 3072 1524 3126 his
1567 3072 1731 3126 Marci
1784 3071 1960 3126 Evan-

2059 460 2147 530 qui
2172 464 2242 514 ad
2265 476 2458 515 canam
2487 463 2682 516 vocavit
2714 471 2783 529 te,
2809 463 2949 518 dicat
2977 466 3068 519 tibi
3093 481 3112 520 :
3146 465 3330 521 Adhuc
3355 455 3596 522 deorsum
3623 505 3666 522 ..

2059 553 2180 607 cede
2201 569 2219 606 :
2248 563 2297 607 et
2319 553 2580 622 confunda
2749 565 2850 610 tem
2874 557 2928 610 in
2950 557 3064 612 loco
3086 559 3141 611 in
3253 559 3384 613 riori
3405 559 3597 614 recubu
3624 597 3664 614 ..

2058 647 2152 709 ris,
2180 657 2226 700 et
2254 649 2606 718 supervenerit
2625 648 2872 704 humilior
2907 661 2973 718 te,
3006 652 3140 705 dicet
3172 651 3282 718 tibi,
3308 652 3396 723 qui
3417 661 3463 707 te
3479 652 3548 706 ad
3566 668 3667 707 cae-

2066 755 2188 792 nam
2219 742 2415 795 vocavit
2440 756 2459 794 :
2486 742 2682 797 Accede
2709 741 2881 799 adhuc
2925 745 3182 814 superius.
3215 745 3284 800 Et
3313 748 3407 800 erit
3452 747 3548 800 hoc
3576 746 3666 801 tibi

2058 837 2258 889 utilius.
2293 835 2493 891 Veron.
2531 837 2636 892 Vos
2662 847 2832 891 autem
2857 837 3089 907 qutzritis
3109 839 3174 893 de
3198 839 3390 911 pusillo
3413 855 3661 906 crescere,

2061 938 2108 983 et
2128 928 2192 983 de
2213 931 2408 984 minore
2429 935 2653 1004 majores
2679 948 2807 985 esse.
2833 931 3096 986 latrantes
3117 943 3306 1002 autem,
3336 945 3383 989 et
3408 935 3576 1006 rogati
3595 931 3668 988 ad

2063 1039 2258 1076 ctenam
2283 1065 2296 1089 ,
2351 1025 2508 1078 nolite
2551 1025 2842 1079 recumbere
2867 1026 2920 1079 in
2952 1025 3080 1079 locis
3107 1027 3520 1082 eminentioribus
3553 1070 3567 1094 ,
3599 1045 3668 1084 ne

2061 1118 2193 1185 forte
2218 1115 2407 1169 clarior
2435 1125 2482 1170 te
2508 1118 2865 1186 superveniat;
2889 1127 2934 1171 et
2961 1120 3228 1186 accedens,
3260 1119 3349 1190 qui
3372 1120 3440 1172 ad
3461 1136 3656 1174 caenam

2061 1210 2256 1262 vocavit
2287 1219 2352 1272 te,
2399 1209 2534 1264 dicat
2567 1211 2656 1264 tibi
2681 1226 2700 1263 :
2731 1209 2914 1264 Adhuc
2942 1211 3183 1265 deorsum
3211 1211 3396 1266 accede
3419 1229 3439 1267 :
3461 1221 3507 1267 et
3534 1229 3661 1267 con-

2061 1301 2320 1372 fttndaris.
2361 1302 2422 1356 Si
2447 1311 2616 1356 autem
2641 1303 2695 1356 in
2721 1303 2832 1357 loco
2860 1304 3094 1375 inferiori
3134 1305 3445 1373 recubueris,
3483 1317 3529 1360 et
3571 1325 3661 1362 sn-

2062 1386 2344 1466 pervenerit
2374 1395 2616 1450 humilior
2646 1406 2714 1462 te,
2743 1397 2873 1451 dicet
2904 1396 2994 1449 tibi
3035 1397 3122 1466 qui
3147 1398 3214 1450 ad
3240 1414 3436 1452 caenam
3471 1401 3667 1455 vocavit

2062 1495 2110 1540 te
2132 1504 2151 1541 :
2181 1487 2376 1542 Accede
2403 1487 2572 1542 adhuc
2600 1504 2826 1542 sursum.
2861 1487 2927 1542 Et
2958 1491 3053 1543 erit
3084 1490 3179 1543 hoc
3200 1491 3290 1544 tibi
3321 1493 3519 1547 utilius.
3561 1493 3664 1548 Pa-

2062 1580 2139 1634 ria
2169 1580 2369 1636 habent
2386 1580 3420 1648 CodicesCorheien.,Son-Germanen.
3446 1596 3500 1641 et
3522 1587 3664 1644 alius

2063 1671 2373 1728 Monasterii
2404 1674 2587 1729 Sancti
2618 1675 2850 1730 Andrezc
2886 1689 3044 1730 secus
3082 1677 3440 1732 Avenionem.
3477 1678 3664 1733 Exstat

1979 1764 2026 1822 Β
2056 1779 2270 1835 quoque
2292 1766 2433 1821 idem
2461 1777 2828 1823 assumentutn
2858 1769 2909 1822 in
2940 1769 2974 1822 2
3026 1768 3234 1824 Latinis
3261 1770 3423 1825 codd.
3457 1771 3655 1827 biblio-

2019 1847 2026 1877 ⁵
2063 1854 2235 1913 theca:
2265 1858 2596 1925 Bodleiantn,
2627 1869 2681 1914 et
2712 1859 2765 1915 in
2813 1861 3134 1931 quibusdam
3190 1863 3465 1917 veteribus
3514 1863 3664 1919 libris

2067 1952 2340 2007 Versionis
2362 1953 2642 2010 Saxonicze
2665 1955 2806 2025 apud
2830 1954 2958 2010 Var.
2992 1955 3146 2011 Lect.
3163 1955 3309 2010 Millii
3333 1975 3345 2009 :
3373 1957 3500 2011 item
3523 1957 3662 2027 apud

2065 2045 2123 2100 S.
2159 2046 2414 2100 llilztritnn
2464 2047 2582 2113 hic,
2614 2063 2766 2102 num.
2814 2048 2904 2112 12,
2938 2057 2993 2102 et
3023 2049 3164 2117 apud
3197 2047 3254 2105 S.
3288 2047 3525 2106 Leonem
3558 2050 3666 2105 Ma-

2061 2152 2226 2208 gnum
2257 2139 2306 2192 in
2335 2137 2495 2209 epist.
2523 2139 2589 2194 ad
2615 2138 2957 2195 Pulcheriam
2994 2141 3314 2212 Augustam.

2138 3069 2296 3124 Marci
2328 3084 2448 3139 cap.
2485 3085 2564 3136 ιιι,
2599 3070 2652 3123 5.
2683 3068 2867 3125 Codex
2904 3069 3264 3126 Vercellensis
3285 3113 3298 3136 ,
3332 3069 3400 3124 Et
3442 3071 3664 3125 circum-

356 3167 480 3234 gelii
507 3166 685 3221 verbis
713 3167 928 3236 antiqua
955 3166 1138 3219 Latina
1164 3165 1287 3218 itala
1331 3164 1738 3232 interpretatio:
1772 3161 1838 3215 Et
1860 3163 1963 3216 cir-
1988 3144 2032 3204 Ο
2067 3163 2291 3230 spiciens
2334 3177 2418 3215 eos
2447 3179 2562 3215 cum
2607 3147 2902 3226 iracundia,
2957 3163 3136 3217 dolens
3181 3177 3338 3233 super
3386 3151 3666 3248 excitarem

356 3258 693 3326 cumspiciens
715 3273 798 3310 eos
812 3274 924 3310 cum
948 3257 1300 3327 indignatione
1320 3271 1474 3326 super
1493 3263 1722 3308 entortua
1755 3255 1964 3308 illorum

359 3349 539 3412 corda,
557 3350 686 3402 dixit
703 3349 930 3402 homini:
956 3347 1190 3401 Extende
1210 3363 1418 3399 manum
1449 3356 1606 3399 tuam.
1633 3345 1696 3400 Et
1714 3345 1960 3412 extendit,

357 3451 404 3493 et
456 3443 689 3495 restituta
715 3453 788 3496 est
815 3457 998 3494 manus
1025 3442 1093 3504 ei,
1116 3441 1247 3494 sicut
1271 3451 1319 3495 et
1345 3441 1507 3494 altera
1540 3455 1636 3507 pro
1670 3440 1864 3507 quibus
1910 3440 1962 3494 in

362 3535 590 3605 Vulgata
623 3536 888 3607 legimus:
924 3535 988 3588 Et
1020 3535 1437 3605 circumspiciens
1463 3550 1548 3588 eos
1578 3549 1691 3586 cum
1713 3534 1808 3596 ira,
1836 3549 1963 3587 con-

362 3631 592 3685 tristatus
623 3647 778 3700 super
808 3631 1035 3684 ctecitate
1060 3629 1233 3682 cordis
1281 3644 1479 3691 eorum,
1512 3627 1638 3681 dicit
1670 3627 1958 3681 homini...

364 3732 410 3774 ct
437 3722 670 3775 restituta
709 3731 782 3774 est
815 3737 998 3774 manus
1025 3720 1104 3774 illi
1129 3735 1146 3773 :
1175 3734 1296 3788 quae
1321 3719 1495 3788 magis
1521 3719 1814 3771 concinnnt
1835 3732 1958 3770 cunt

361 3812 572 3874 Grtcco,
606 3811 693 3866 ubi
737 3813 818 3866 sic
862 3812 1091 3864 habetur
1133 3829 1146 3864 :
1182 3814 1274 3865 Καὶ
1304 3809 1744 3886 περιῶκεφὰμενος
1773 3810 1963 3868 αὐτοὺς·

362 3895 473 3978 μιετὃ
501 3907 678 3982 ὀργῆς,
710 3903 1126 3976 συλλυπούμενος
1156 3904 1240 3957 ἐπὶ
1265 3912 1327 3977 τῇ
1357 3905 1599 3977 πωρώσει
1634 3909 1726 3961 τῆς
1747 3899 1964 3978 καρδίας

361 4000 551 4059 αὐτῶν,
581 3997 712 4067 λέγει
735 4003 808 4050 τῶ
838 3997 1211 4068 ἀνθρώπῳ.....
1246 3996 1331 4047 καὶ
1357 3993 1754 4049 ἀποκατεστάθη
1779 3993 1809 4049 ἡ
1840 3993 1961 4065 χεὶρ

360 4090 518 4143 αὐτοῦ
548 4089 616 4148 ὡς
646 4089 677 4146 ἠ
707 4084 852 4144 ἄλλη.
1855 4083 1860 4089 ’

436 4361 599 4422 Marci
641 4376 762 4432 cap.
795 4377 848 4428 ιι,
881 4361 971 4416 l7.
1007 4358 1234 4428 Quidam
1263 4356 1668 4430 adgeniculans,
1719 4354 1918 4410 dicebat
1946 4372 1960 4410 :

361 4470 482 4524 qua:
513 4456 595 4510 Itis
628 4455 928 4509 redduntur
949 4455 1130 4509 verbis
1158 4453 1209 4507 in
1241 4452 1468 4522 Vulgata
1497 4460 1704 4518 nostra,
1737 4449 1966 4504 Procur-

364 4565 480 4604 rens
507 4548 738 4619 quidam,
770 4565 902 4620 genu
925 4549 1062 4618 ﬂexo
1091 4558 1210 4601 ante
1235 4564 1371 4614 eum,
1403 4546 1616 4616 rogabat
1645 4562 1779 4600 eum.

436 4729 598 4784 Marci
618 4743 737 4800 cap.
769 4745 823 4795 ιι,
849 4728 939 4783 58.
970 4727 1091 4783 Vin’
1112 4736 1167 4782 et
1195 4727 1339 4782 aliud
1367 4742 1398 4782 e
1438 4727 1589 4783 Novo
1611 4727 1962 4784 Testamento

363 4824 698 4891 exemplum,
727 4838 834 4893 quo
864 4822 1081 4891 planum
1135 4820 1225 4873 liat
1255 4861 1268 4885 ,
1327 4819 1518 4874 Irena'i
1573 4819 1960 4889 interpretem,

363 4913 658 4982 Scriptura:
690 4914 991 4970 versiculos
1020 4929 1089 4968 ex
1131 4912 1326 4967 Latino
1351 4912 1541 4967 codice
1571 4913 1771 4966 veteris
1798 4910 1969 4968 Inter-

365 5003 688 5075 pretationis
715 5005 1110 5075 descripsisse?
1161 5003 1398 5059 Irenqu
1443 5003 1536 5058 lib.
1569 5019 1606 5071 ι,
1634 5018 1753 5073 cap.
1783 5003 1876 5070 2|,
1907 5020 1962 5060 ιι.

367 5097 404 5150 2
429 5139 443 5162 ,
500 5097 573 5150 ita
621 5111 688 5151 ex
737 5096 1028 5166 Evangelio
1062 5098 1222 5153 Marci
1259 5096 1442 5152 laudat
1477 5097 1731 5152 eumdem
1757 5113 1808 5151 v.
1845 5097 1916 5152 38
1949 5116 1960 5150 :

365 5193 588 5249 Δύνασθέ
615 5211 670 5246 τε
697 5191 972 5264 βάπτισμα
992 5188 1399 5262 βαπτισθῆναι,δ
1427 5191 1525 5264 ἐγὼ
1545 5192 1704 5266 μέλλω
1717 5192 1966 5264 βαπτίζε-

365 5287 502 5340 σθαι.
529 5286 623 5340 Ille
655 5299 785 5338 vero
816 5283 899 5337 his
925 5285 1105 5338 verbis
1135 5286 1423 5350 transfert,
1467 5283 1686 5340 Potestis
1707 5285 1964 5356 baptisma

367 5379 462 5450 (al.
491 5374 824 5449 baptismum)
855 5376 1131 5446 baptizari,
1167 5376 1305 5444 quod
1339 5393 1430 5449 ego
1475 5377 1634 5431 habeo
1665 5379 1964 5447 baptizari?

366 5485 487 5539 qum
518 5470 718 5538 pariter
738 5470 806 5525 ab
828 5467 1118 5539 antiquiori
1149 5465 1402 5522 versione
1438 5469 1704 5536 prodiisse
1739 5467 1962 5524 Colber-

368 5560 726 5616 tinuS'codex
774 5561 994 5626 indicat,
1047 5557 1271 5614 Potestis
1323 5559 1632 5628 baptismum
1670 5559 1956 5630 baptizari,

364 5667 514 5720 quem
545 5666 636 5721 ego
665 5651 918 5719 baptizari
945 5653 1125 5706 habeo.

381 5759 386 5762 ·
433 5743 726 5812 Marcicap.
756 5758 849 5807 λιι,
867 5743 932 5796 9.4
953 5744 1041 5796 nhi
1062 5743 1282 5814 Vulgata
1307 5741 1493 5810 habet,
1518 5739 1692 5798 Vidua
1707 5757 1811 5798 una
1832 5758 1961 5814 pau-

2068 3255 2239 3309 cordis
2277 3271 2470 3316 eorum,
2499 3255 2570 3308 ait
2601 3254 2840 3310 homini:
2875 3254 3106 3309 Extende
3146 3272 3353 3309 manum
3394 3265 3555 3310 tuam.
3599 3255 3668 3310 Et

2068 3346 2331 3409 extendit;
2361 3355 2406 3398 et
2434 3346 2670 3399 restituta
2701 3355 2771 3398 est
2806 3362 2986 3399 manus
3015 3347 3149 3417 ejus,
3173 3347 3303 3399 sicut
3330 3355 3377 3400 et
3411 3347 3535 3400 alia.
3566 3346 3670 3401 Vo-

2068 3453 2188 3492 ron.
2226 3435 2294 3489 Et
2321 3438 2733 3506 circumspiciens
2755 3454 2838 3491 cos
2863 3454 2976 3490 cum
2999 3439 3095 3502 ira,
3113 3438 3224 3490 indi
3361 3439 3416 3491 in
3440 3439 3670 3493 ctecitate

2070 3529 2241 3584 cordis
2266 3546 2462 3592 eorum,
2490 3529 2561 3583 ait
2607 3529 2799 3583 homini
2824 3545 2842 3583 :
2874 3528 3102 3583 Extende
3130 3546 3338 3583 manum
3389 3539 3548 3584 luant.
3601 3529 3668 3584 Et

2070 3620 2336 3685 extendit;
2367 3631 2415 3674 et
2444 3623 2680 3675 restituta
2705 3630 2776 3675 est
2806 3636 2990 3674 manus
3015 3621 3130 3693 ejus
3150 3663 3164 3685 ,
3198 3621 3332 3674 sicut
3361 3622 3485 3676 alia.
3512 3609 3662 3674 Briit.

2072 3711 2136 3766 Et
2167 3713 2580 3785 circumspiciens
2611 3730 2694 3767 eos
2723 3731 2838 3766 cum
2860 3714 2959 3776 ira,
2993 3715 3326 3768 contristatus
3347 3711 3463 3784 (est)
3488 3715 3541 3767 in
3566 3729 3666 3768 ca:-

2067 3807 2269 3861 citatem
2308 3808 2476 3861 cordis
2532 3823 2729 3870 eorum,
2759 3807 2889 3860 dixit
2919 3805 3157 3862 homini:
3179 3807 3414 3862 Extende
3459 3825 3667 3862 manum

2068 3909 2224 3953 tuam.
2275 3899 2343 3952 Et
2372 3900 2640 3963 extendit;
2673 3908 2719 3953 et
2763 3897 3002 3954 restituta
3039 3911 3113 3954 est
3155 3917 3339 3954 manus
3369 3901 3500 3971 ejus.
3531 3900 3667 3956 Vin-

2071 3988 2181 4045 dob
2307 4006 2423 4043 cum
2453 3991 2824 4062 indignatione,
2853 3993 3184 4046 contristatus
3221 4001 3295 4047 est
3322 4009 3473 4063 super
3503 4009 3671 4047 emor-

2068 4093 2158 4135 tua
2199 4082 2358 4136 corda
2407 4099 2661 4139 eorum...
2688 4084 2922 4138 restituta
2968 4083 3060 4138 est'
3087 4101 3270 4139 manus
3318 4087 3433 4153 eius
3458 4087 3653 4142 statim.

2067 4175 2232 4230 Corb.
2263 4190 2475 4246 Qtwque
2505 4177 2689 4242 habet,
2715 4187 2762 4232 et
2782 4175 3021 4232 restituta
3038 4187 3109 4232 est
3136 4195 3319 4232 manus
3338 4182 3452 4251 ejus
3471 4168 3663 4236 statim.

2075 4265 2199 4322 Cat.
2233 4275 2284 4320 et
2312 4269 2546 4322 restituta
2566 4277 2640 4321 est
2660 4285 2842 4322 manus
2872 4269 3012 4323 illius
3057 4271 3288 4334 sanitati,
3321 4273 3456 4325 sicut
3480 4271 3666 4325 altera.

2138 4357 2296 4412 Marci
2328 4373 2446 4429 eap.
2479 4376 2532 4427 ιι,
2554 4359 2837 4416 i7.Codcx
2866 4360 3245 4427 Vercellensis,
3272 4379 3405 4416 unus
3429 4364 3648 4434 genibus

2072 4461 2362 4518 prostratus
2389 4451 2598 4524 rogabat
2625 4469 2762 4518 eum,
2794 4453 2989 4508 dicens.
3039 4453 3241 4509 Veron.
3275 4454 3485 4525 quidam
3512 4455 3669 4526 adge—

1989 4540 2046 4614 Π
2067 4545 2325 4611 niculans,
2350 4562 2540 4617 rogans
2562 4562 2696 4612 eum,
2730 4557 2775 4601 et
2822 4547 3018 4601 dicens.
3063 4547 3196 4604 Vide
3232 4551 3501 4604 variantes
3545 4549 3660 4604 Icc-

2009 4619 2016 4646 I'
2064 4638 2238 4693 tiones
2266 4638 2438 4694 Grmci
2467 4649 2644 4694 textus
2691 4640 2830 4709 apud
2863 4641 3106 4696 Millinm.
3431 4645 3440 4650 ’

2137 4733 2300 4787 Marci
2327 4749 2446 4802 cap.
2473 4749 2528 4797 χ,
2554 4731 2642 4811 58'.
2673 4731 2853 4789 Codex
2881 4729 3107 4790 Vercell.
3138 4735 3349 4804 potestis
3465 4736 3662 4804 baptis-

2067 4839 2231 4889 mum,
2283 4824 2422 4895 quod
2469 4841 2562 4895 (go
2614 4825 2863 4897 baptizor,
2897 4827 3176 4895 baptizari.
3225 4829 3291 4882 Et
3339 4829 3408 4882 ita
3466 4827 3663 4884 Veron.

2072 4915 2513 4972 Vindobonensis
2551 4929 2733 4973 autem
2789 4929 2846 4974 et
2880 4917 3026 4976 Brix.
3059 4913 3376 5002 potatis...“
3409 4922 3671 4994 baptizare

2071 5007 2400 5080 baptismum,
2432 5027 2531 5083 quo
2558 5027 2650 5084 ego
2676 5009 2927 5084 baptizor'.
3431 5005 3434 5008 ί

2138 5738 2302 5796 Marci
2330 5753 2451 5810 cap.
2484 5753 2589 5809 ιιιι,
2620 5737 2714 5795 Ξι.
2745 5737 2930 5796 Codex
2957 5736 3346 5808 Vercellensis,
3373 5755 3480 5796 una
3505 5739 3662 5797 vidua
