4054 6198
386 259 463 319 85
1436 261 1773 320 EPISTOLA
1812 261 2151 321 RUCGERII
2186 263 2667 321 NOVARIENSIS.
3620 268 3694 325 86

380 393 477 449 per
497 378 638 431 misit
685 378 788 431 duo
814 378 1038 445 minuta,
1070 377 1280 433 ferebat
1318 386 1475 434 vetus
1503 380 1706 445 versit),
1738 418 1775 432 ..

381 484 489 522 cra
518 470 647 521 duo.

455 560 627 617 Marci
655 578 775 631 cap.
811 578 926 627 xm,
964 562 1050 617 15.
1073 562 1176 630 Qui
1220 564 1273 617 in
1308 564 1680 633 superioribus,
1734 580 1833 618 non
1873 565 1990 618 des-

378 658 570 709 cendat
594 671 612 709 :
636 670 756 726 qum
813 657 883 710 ita
912 656 968 710 in
1025 656 1256 723 Vulgata
1301 668 1486 714 nostra
1513 660 1913 730 exprimuntur,
1941 668 1989 713 et

377 748 474 816 qui
496 762 651 817 super
679 756 888 814 tectum,
919 764 984 802 ne
1004 747 1297 803 descendat.

453 933 525 989 Ut
572 933 692 1003 plus
738 933 945 988 inesset
991 932 1245 1003 ponderis
1275 931 1401 987 huic
1442 932 1565 988 rudi
1606 932 1815 987 Iudicio
1852 947 1995 998 meo,

379 1034 546 1096 atque
590 1026 962 1080 innotescerct
1007 1025 1150 1079 Itala:
1195 1026 1459 1080 versionis
1497 1040 1666 1095 genus
1706 1025 1990 1079 sacerrimi

377 1118 589 1172 codicis
620 1115 993 1171 Vercellarum
1018 1158 1033 1184 ,
1069 1119 1122 1172 in
1154 1118 1386 1172 medium
1415 1118 1614 1186 protuli
1643 1117 1741 1171 hos
1772 1118 1991 1171 univer-

376 1225 477 1267 sos
502 1210 919 1280 Evangeliorum
946 1211 1115 1277 lucos,
1140 1228 1275 1281 quos
1294 1211 1743 1279 Sapientissimus
1760 1211 1992 1265 domnus

378 1301 579 1357 Petrus
603 1301 851 1357 Sabatier
886 1303 939 1357 in
966 1302 1125 1357 Pra-l'.
1160 1304 1398 1373 generali
1428 1303 1683 1373 allegavit
1717 1318 1780 1357 ex
1812 1303 1989 1357 Patri-

372 1394 482 1450 bus
525 1394 834 1463 primitivis,
878 1407 1039 1465 atque
1081 1412 1145 1450 ex
1184 1396 1462 1451 codicibus
1490 1411 1625 1452 mss.
1666 1396 1990 1451 veneranda:

370 1488 735 1557 antiquitatis,
760 1488 827 1541 ad
852 1489 1263 1558 exprimendam
1298 1490 1586 1559 imaginem
1615 1490 1854 1559 antiqua:
1884 1488 1988 1543 La-

378 1580 509 1634 tina:
539 1580 686 1635 itala:
718 1581 1113 1636 translationis.
1140 1582 1283 1637 Nihil
1310 1583 1379 1636 ab
1401 1598 1465 1636 eo
1499 1583 1745 1653 praestari
1773 1592 1989 1653 poterat

374 1674 434 1739 in
458 1673 560 1726 hoc
589 1688 794 1742 genere
821 1673 1032 1727 doctius
1081 1683 1241 1743 atque
1300 1674 1567 1739 lucidius;
1596 1675 1846 1744 quoniam
1870 1674 1987 1744 ipse

1786 417 1824 434 ..
1854 379 1991 433 misit
2025 395 2067 452 Α
2095 380 2235 432 ntisit
2263 381 2460 433 minuta
2487 380 2608 434 duo.
2647 381 2880 437 Vindob.
2930 398 3034 435 una
3063 384 3215 436 vidua
3242 384 3380 439 misit
3422 402 3526 439 tera
3569 386 3696 440 duo.

2100 471 2297 525 Veron.
2337 488 2439 525 una
2465 472 2618 526 vidua
2642 474 2778 527 misit
2803 490 2911 527 tera
2938 473 3181 545 (minuta)
3214 472 3340 530 duo.

2173 564 2333 618 Marci
2360 579 2480 632 cap.
2514 582 2635 629 xm,
2671 567 2759 631 15,
2788 565 2971 621 Codex
2998 566 3380 634 Vercellensis,
3412 570 3502 639 qui
3544 586 3698 641 super

2102 667 2288 711 tectum
2312 658 2486 727 fuerit,
2513 674 2611 711 non
2630 657 2923 712 descendat.
2943 656 3105 713 Corl).
3131 660 3220 729 qui
3244 661 3297 714 in
3318 662 3695 731 superioribus,

2104 765 2203 802 non
2236 749 2567 803 descendant.
2597 747 2798 803 Veron.
2827 758 2883 803 et
2904 749 3179 805 Brix......

2166 930 2357 984 Matth.
2388 944 2506 999 cap.
2548 945 2622 994 vi,
2679 929 2767 987 18.
2812 930 2871 985 In
2900 929 3231 996 Vercellen.,
3256 930 3456 990 Veron.
3482 935 3693 991 etSan-

2088 1022 2422 1079 .Gertnanen.
2455 1022 2690 1085 additur,
2718 1023 2772 1076 in
2798 1023 2991 1095 palam,
3019 1034 3077 1079 ut
3108 1025 3157 1079 in
3185 1024 3375 1081 Crteco
3408 1034 3582 1083 textu.

2164 1117 2354 1172 Matth.
2386 1132 2504 1185 cap.
2525 1133 2583 1182 χ,
2608 1116 2697 1171 25.
2722 1116 3347 1183 Vercellen.,Corbeicn.
3374 1130 3427 1174 et
3452 1120 3691 1176 Brixian.

2098 1209 2390 1293 licet/totout.
2427 1210 2602 1267 Graeci
2634 1226 2849 1280 quoque
2879 1212 3095 1275 codices
3118 1216 3328 1283 tegunt,
3361 1215 3691 1281 Βιελζεϐοὺλ,

2094 1302 2236 1370 quod
2259 1301 2547 1358 Chaldaice
2572 1311 2675 1368 est,
2706 1304 3109 1357 Deussordium.

2167 1394 2354 1449 Matth.
2398 1408 2518 1463 cap.
2569 1411 2680 1460 ut,
2724 1411 2778 1449 v.
2820 1396 2911 1451 5i.
2964 1395 3295 1465 Vercellen.,
3344 1398 3609 1462 t'erouen.
3638 1409 3694 1455 et

2090 1485 2378 1541 Cnrbeien.
2409 1485 2602 1540 Dicunt
2637 1490 2719 1541 ei:
2750 1488 3081 1544 novissimus.
3116 1490 3180 1543 Et
3208 1490 3279 1544 ita
3306 1501 3516 1548 veteres
3547 1508 3688 1547 non-

2090 1580 2228 1639 nulli
2269 1579 2483 1634 codices
2532 1580 2707 1635 Crtrci
2756 1591 2812 1634 et
2857 1579 3033 1637 Latini
3098 1581 3207 1637 hoc
3250 1583 3368 1639 loco
3414 1583 3691 1649 ferebant,

2095 1681 2249 1739 prout
2266 1669 2575 1741 Cantabrig.
2598 1671 2934 1727 Graeco-Lat.
2956 1672 3151 1744 Copht.
3174 1674 3394 1730 Arinen.
3417 1674 3689 1731 Leichest.

372 1765 597 1833 omnii,
629 1764 963 1835 quatallert,
996 1766 1109 1818 loca
1140 1766 1434 1831 variantia,
1466 1781 1573 1820 non
1598 1765 1793 1820 leviter
1824 1766 1988 1819 attin-
2018 1767 2063 1825 Β
2092 1776 2141 1819 et
2190 1764 2363 1819 l‘aris.
2413 1765 2467 1829 6,
2516 1766 2656 1835 apud
2696 1765 2945 1823 Millium.
3000 1770 3068 1822 At
3114 1778 3299 1823 nostra
3353 1778 3512 1824 relate
3556 1770 3683 1825 libri

370 1858 478 1929 git,
517 1857 686 1911 multo
714 1857 892 1910 minus
927 1867 1150 1923 temere,
1184 1866 1277 1911 aut
1302 1873 1370 1912 ex
1408 1858 1777 1927 prtejudicatis
1808 1858 1987 1911 notio-

374 1950 584 2023 pibns;
616 1950 712 2005 sed
743 1951 1005 2021 inspectis
1043 1951 1364 2022 collatisque
1400 1952 1603 2006 Graecis
1658 1950 1991 2020 exemplari-

374 2042 506 2111 bus,
540 2044 815 2113 explorata
843 2043 1004 2097 etiam
1031 2041 1350 2097 Latinorum
1385 2044 1590 2107 indole,
1621 2043 1672 2096 in
1702 2044 1988 2097 consilium

374 2134 608 2202 insuper
630 2132 891 2207 adh.bitis
921 2134 1179 2202 operibus
1205 2135 1303 2209 SS.
1338 2134 1552 2199 Patrum
1585 2116 1945 2203 antitptiorum
1968 2173 1984 2199 ,

372 2226 607 2301 singulis
654 2226 891 2297 denique
937 2242 1145 2301 summa
1192 2244 1313 2281 cum
1357 2227 1631 2297 diligentia
1682 2227 1983 2297 pensitatis,

532 2320 587 2373 in
620 2294 928 2388 ltujnsmodi
962 2294 1311 2393 inquisitione
1343 2294 1479 2377 lucis
1507 2294 1783 2393 quidpiam
1816 2321 1990 2377 Rene-

373 2412 486 2471 rari
536 2428 701 2484 posse
743 2413 1083 2487 videbantur.
1130 2412 1265 2489 Cum
1304 2418 1445 2470 enim
1493 2416 1545 2469 in
1592 2415 1848 2483 l’ala-stra
1888 2416 1988 2471 hac

374 2507 608 2583 multum
627 2517 770 2563 esset
794 2514 1064 2572 versatus,
1095 2516 1148 2562 et
1171 2504 1449 2576 explorate
1476 2508 1703 2563 subinde
1726 2509 1828 2578 ipsi
1851 2522 1986 2562 con-

376 2594 552 2673 staret
596 2600 663 2651 de
709 2598 997 2669 luculentis
1042 2600 1368 2655 testimoniis
1415 2614 1447 2671 a
1494 2614 1552 2671 se
1593 2599 1858 2669 prolatis,
1910 2598 1985 2651 nil

378 2689 663 2765 mirum,si
694 2692 743 2745 in
772 2692 962 2767 iisdem
988 2692 1290 2762 allegandis
1321 2708 1612 2762 numquam
1640 2692 1987 2762 ceSpitavcrit

382 2783 469 2835 vir
496 2782 789 2837 maximus.
830 2783 935 2841 Sed
965 2785 1216 2853 quoniam
1248 2799 1315 2839 ex
1348 2768 1531 2838 multis
1559 2784 1839 2847 labeculis,
1868 2783 1987 2852 qui-

378 2876 484 2932 bus
512 2876 641 2933 ltala
666 2877 723 2930 in
752 2876 1034 2932 codicibus
1061 2877 1222 2932 modo
1245 2891 1490 2943 respersa
1515 2887 1620 2941 est,
1645 2877 1714 2929 ita
1740 2884 1983 2930 veterem

379 2973 533 3042 quasi
566 2970 798 3025 formam
833 2972 1101 3041 aliquibus
1128 2970 1343 3027 videtur
1371 2971 1645 3036 amisisse,
1678 2970 1763 3024 vix
1783 2970 1893 3043 jam
1926 2976 1986 3023 ut

378 3063 493 3134 ipsa
518 3064 779 3135 (agnosci
802 3073 998 3139 queat;
1024 3075 1077 3118 et
1098 3064 1446 3120 simulacrum
1465 3063 1742 3118 dumtaxat
1767 3062 1981 3132 aliquod

2092 1856 2289 1921 Grarci,
2322 1868 2377 1912 et
2406 1859 2579 1913 Latini
2618 1860 2757 1929 typis
2791 1860 2990 1929 vulgati
3018 1862 3224 1931 legunt,
3257 1864 3477 1933 primus.
3505 1863 3689 1919 Oritur

2095 1952 2145 2005 id
2178 1967 2236 2005 ex
2281 1952 2699 2021 transpositionc
2728 1953 3117 2009 versiculorum
3146 1955 3216 2012 29
3247 1965 3298 2011 et
3324 1955 3414 2021 50,
3452 1956 3509 2009 in
3544 1956 3685 2009 hunc

2095 2043 2310 2096 modum
2343 2061 2353 2097 :
2390 2043 2549 2097 Pater
2572 2044 2819 2099 accedens
2847 2048 2913 2101 ad
2945 2048 3191 2117 primum,
3216 2047 3377 2101 dixit:
3409 2046 3525 2117 (29)
3556 2044 3688 2110 Fili,

2092 2136 2216 2188 t'ade
2244 2134 2412 2203 hodie,
2444 2152 2656 2205 Operare
2686 2137 2737 2189 itt
2767 2138 2912 2193 vinea
2946 2153 3082 2203 mea.
3124 2137 3190 2191 At
3228 2137 3316 2191 ille
3345 2138 3685 2206 respondens,

2091 2228 2161 2280 ait
2189 2242 2207 2280 .'
2239 2225 2334 2292 Eo,
2364 2226 2619 2293 Domine;
2641 2239 2685 2283 et
2717 2246 2817 2283 non
2843 2230 2953 2284 iuit.
2987 2228 3104 2302 (50)
3134 2230 3390 2285 Accedens
3420 2240 3592 2284 autem
3619 2230 3690 2283 ad

2090 2319 2331 2381 alterum,
2373 2320 2501 2373 dixit
2541 2322 2796 2377 similiter.
2837 2321 2941 2377 Ille
2980 2334 3153 2376 autem
3194 2324 3529 2390 respondens,
3572 2324 3686 2378 ait:

2092 2414 2230 2466 noto.
2268 2411 2459 2466 Postea
2488 2416 2782 2483 pwttitentia
2817 2424 3007 2481 motus,
3035 2415 3183 2468 abiit.
3220 2414 3351 2478 Quis
3388 2430 3453 2467 ea:
3481 2415 3688 2468 duobus

2092 2505 2209 2573 fecit
2246 2507 2556 2559 voluntatem
2601 2504 2815 2559 Patris?
2847 2504 3034 2558 Dicunt
3064 2506 3147 2559 ei:
3182 2504 3524 2559 Nouissimas.
3559 2505 3686 2561 Haec

2090 2604 2238 2652 certe
2268 2598 2535 2651 orationis
2564 2597 2875 2654 distributio
2890 2597 3028 2654 hanc
3057 2598 3469 2667 responsionem
3503 2607 3689 2668 postu-

2088 2687 2194 2751 lat;
2232 2688 2445 2742 Codices
2476 2688 2689 2757 quidam
2718 2690 2857 2759 apud
2889 2690 3203 2760 llieronym.
3240 2689 3392 2746 Vers.
3429 2691 3592 2746 Arab.
3624 2707 3690 2747 ac

2088 2780 2213 2836 Sax.
2249 2779 2416 2837 llilar.
2445 2781 2583 2851 Aug.
2612 2780 2745 2836 Cod.
2780 2780 2968 2838 Const.
3001 2796 3108 2852 quo
3136 2795 3267 2837 usus
3287 2791 3372 2837 est
3405 2781 3687 2850 Erasmus,

2088 2886 2175 2928 etc
2244 2874 2484 2944 Vulgata:
2527 2874 2772 2930 ordinem
2814 2886 3069 2940 servant,
3118 2884 3174 2931 et
3225 2885 3404 2931 tamen
3449 2875 3629 2932 lerunt
3662 2918 3679 2942 ,

2089 2968 2417 3035 novissimus,
2465 2982 2592 3033 non,
2635 2969 2871 3039 primus:
2912 2968 3075 3038 idque
3104 2983 3173 3024 ex
3206 2982 3272 3023 eo
3307 2968 3498 3037 oritur,
3542 2969 3686 3038 quod

2087 3061 2581 3116 aniintulvertentes
2626 3042 2823 3131 aliqui,
2878 3061 2932 3116 in
2970 3061 3331 3132 explicatione
3376 3062 3678 3133 parabolae,

377 3154 436 3209 in
458 3156 829 3225 snperioribns
857 3158 991 3210 locis
1018 3157 1419 3219 admnbratum,
1445 3152 1709 3224 nobisque
1736 3154 1980 3208 relictum
2010 3154 2055 3217 C
2090 3155 2408 3224 publicanos
2456 3165 2511 3209 et
2562 3157 2877 3211 meretrices
2905 3171 3025 3226 qua:
3053 3156 3330 3211 hominum
3354 3173 3551 3227 genera
3583 3172 3682 3211 no-

382 3258 609 3320 putant:
646 3265 746 3320 ego
787 3240 1142 3303 excellentem
1175 3248 1416 3320 ejusdem
1446 3246 1595 3301 Itala:
1629 3245 1985 3318 pulchritudi-

379 3336 506 3394 nem
542 3341 735 3393 iterum
770 3341 820 3394 in
853 3341 1100 3396 Palribus
1131 3356 1367 3411 quaeram
1396 3357 1410 3405 ;
1444 3350 1603 3409 atque
1637 3340 1869 3392 nativam
1902 3339 1985 3393 ei-

378 3416 597 3501 ligiem,
644 3440 765 3501 post
812 3442 1017 3487 tantum
1064 3434 1280 3498 virum,
1334 3434 1385 3486 in
1432 3431 1752 3503 primigenio
1796 3429 1985 3486 Gra'co

384 3526 535 3578 tum
561 3524 824 3578 cntiosius
851 3524 1285 3593 contemplabor,
1315 3533 1373 3578 ut
1404 3524 1603 3577 nullam
1638 3540 1665 3574 a
1701 3540 1785 3577 me
1813 3524 1986 3593 patiar

383 3617 681 3687 diligentia:
706 3626 910 3687 partem
941 3617 1239 3672 desiderari
1270 3617 1337 3672 ad
1366 3617 1725 3672 Vercellensis
1750 3632 1986 3687 evange-

377 3709 525 3764 liarii
548 3709 748 3763 codicis
778 3710 1220 3765 illustrationem.
1251 3694 1329 3765 En
1358 3724 1489 3780 ergo
1520 3710 1728 3780 sylvam
1757 3710 1983 3763 aliarum

379 3801 763 3872 parallelarum
797 3802 1095 3857 lectionum
1123 3846 1137 3870 ,
1180 3816 1317 3873 quas
1348 3818 1450 3873 ego
1476 3802 1670 3870 collegi
1699 3817 1764 3855 ex
1798 3802 1900 3856 ΡΙ).
1932 3811 1986 3857 ct

376 3896 691 3951 Comment.
723 3910 967 3967 quaSqne
998 3897 1085 3951 hic
1116 3896 1289 3951 libens
1321 3896 1372 3950 in
1402 3895 1635 3950 medium
1668 3895 1854 3950 all‘ero.

453 3990 612 4045 Joan.
671 4006 791 4059 cap.
869 4006 991 4055 nx,
1046 3990 1111 4044 51
1160 3991 1462 4045 Vercellen.
1513 3998 1569 4044 et
1609 3988 1810 4044 Veron.
1842 4005 1983 4043 coena

378 4100 531 4155 pura.
572 4082 662 4138 Sic
702 4080 890 4137 vocem
938 4086 1245 4158 παρασκεύη
1288 4083 1468 4136 reddit
1499 4090 1651 4137 vetus
1692 4083 1981 4150 interpres,

378 4184 437 4232 et
458 4174 661 4246 optime
682 4175 932 4244 quidem:
960 4192 1080 4229 nam
1104 4190 1433 4242 parasceven,
1461 4175 1633 4243 inquit
1654 4173 1983 4243 Augustinus

382 4269 438 4322 in
468 4278 622 4321 tract.
666 4267 766 4322 1ὶο
796 4264 851 4322 in
890 4265 1086 4321 Joann.
1134 4282 1540 4337 cazuattrpuram
1571 4264 1765 4327 Judaei,
1801 4265 1985 4319 Latine

382 4362 620 4415 usitatius
651 4360 795 4430 apud
821 4377 946 4425 nos,
978 4370 1177 4415 vocant.
1215 4362 1381 4430 Hujus
1409 4362 1641 4416 nominis
1673 4361 1876 4415 mentio
1898 4369 1985 4415 est

378 4456 545 4509 etiam
568 4455 712 4525 apud
745 4454 1165 4520 Tertullianum,
1196 4454 1291 4510 lib.
1316 4470 1343 4508 ν
1368 4456 1629 4511 adversus
1656 4454 1981 4510 Marciunem

380 4562 504 4617 cap.
534 4548 589 4602 4.

460 4640 590 4694 Luc.
622 4653 745 4709 cap.
786 4654 825 4703 t,
884 4638 976 4694 29.
1020 4639 1322 4695 Vercellen.
1352 4680 1367 4695 .
1402 4681 1414 4694 .
1452 4679 1465 4695 .
1522 4658 1579 4695 sa
1628 4658 1715 4695 att.
1746 4682 1761 4696 .
1799 4683 1811 4697 .

381 4734 528 4790 vidit.
559 4773 571 4786 .
607 4771 621 4783 .
646 4742 696 4784 ta
721 4743 812 4786 est.
843 4732 1043 4801 Supple
1070 4734 1316 4788 lacunam
1340 4750 1402 4788 ex
1433 4734 1629 4790 Veron.
1666 4745 1719 4789 et
1740 4735 1977 4790 Brixian.

381 4825 509 4896 Ipsa
538 4835 733 4889 autem,
774 4836 829 4879 ut
862 4824 986 4879 vidit
1021 4842 1160 4889 eum,
1192 4839 1331 4881 mota
1366 4838 1438 4881 est
1487 4828 1747 4901 (Brixian.
1781 4831 1984 4883 turbata

381 4920 501 4990 est).
535 4919 762 4975 Graecus
798 4917 981 4981 habet,
1010 4916 1125 4973 ’Πδε
1157 4918 1346 4975 ἰδοῦσα
1369 4919 1704 4995 διεταράχθη,
1739 4920 1839 4976 hoc
1878 4930 1982 4988 cst,

381 5012 475 5065 illa
510 5020 682 5064 autem
713 5010 912 5075 uidens,
945 5009 1146 5064 turbata
1172 5020 1263 5071 est.

456 5105 588 5160 Luc.
621 5119 742 5173 cap.
772 5120 845 5165 ιχ,
873 5103 927 5159 4.
966 5104 1264 5158 Vercellen.
1311 5116 1358 5159 et
1401 5105 1526 5160 inde
1567 5106 1735 5173 exite,
1770 5108 1987 5162 confor-

388 5200 548 5254 miter
595 5198 807 5260 Graeco,
850 5200 938 5253 καὶ
974 5199 1161 5254 inuideat
1213 5200 1487 5276 ἐξέρχεσθε
1511 5242 1525 5265 .
1555 5201 1605 5257 id
1643 5211 1758 5267 est,
1791 5211 1836 5255 et
1866 5201 1986 5256 inde

393 5294 545 5357 exite,
571 5292 777 5348 Veron.
806 5301 857 5347 et
881 5290 1003 5346 inde
1029 5291 1437 5361 proﬁt'iseitnini,
1471 5301 1527 5348 ut
1549 5294 1715 5349 codex
1746 5292 1909 5350 Corb.

465 5382 591 5439 Luc.
639 5399 761 5453 cap.
816 5399 970 5448 xxnv,
1019 5381 1188 5438 v.43.
1236 5385 1288 5439 In
1338 5385 1984 5451 Vercellen.,Veronen.,

400 5473 673 5531 Corbeicn.
707 5484 765 5531 et
801 5475 1039 5530 Brixian.
1068 5476 1255 5541 deest,
1297 5493 1503 5531 sumens
1534 5478 1806 5545 reliquias,
1846 5478 1985 5533 dedit

391 5568 500 5621 eis:
526 5585 623 5624 nec
651 5568 884 5624 habetur
912 5567 964 5622 iu
998 5575 1148 5623 textu
1178 5584 1377 5637 graeco.

460 5660 653 5725 Matth,
688 5674 811 5731 cap.
846 5675 918 5728 vt,
963 5658 1050 5714 l4.
1085 5659 1283 5727 Verba,
1316 5662 1502 5718 delicta
1554 5672 1739 5730 vestra,
1790 5663 1987 5722 desunt

391 5756 447 5810 in
475 5754 812 5818 Vercellen.,
842 5752 1065 5817 Veron.,
1094 5752 1401 5812 Brixiamet
1430 5763 1572 5811 textu
1596 5755 1805 5811 Graeco.

2091 3252 2233 3304 mine
2259 3248 2479 3303 alterius
2512 3249 2601 3303 lilii
2630 3249 2948 3314 innuuntur,
2985 3248 3226 3317 praeferri
3253 3249 3469 3305 ueteris
3492 3291 3508 3317 ,
3545 3265 3683 3320 quos

2089 3342 2261 3409 major
2285 3351 2409 3396 natu
2434 3340 2578 3396 ﬁlius
2596 3342 2818 3407 iudicat,
2838 3342 3004 3397 veluti
3027 3342 3344 3413 Pharisais,
3366 3343 3679 3399 censuerint

2087 3435 2345 3490 mendum
2395 3450 2518 3490 esse
2563 3435 2617 3490 in
2655 3442 2824 3500 textu,
2871 3435 3299 3506 legendumque,
3342 3436 3679 3502 novissimus,

2088 3528 2295 3584 scilicet
2324 3530 2459 3583 alter
2482 3530 2645 3594 ﬁlius,
2684 3545 2788 3603 non
2809 3568 2821 3591 ,
2856 3529 3075 3599 primus,
3108 3542 3300 3603 nempe
3332 3529 3505 3597 major
3527 3539 3679 3584 uatn.

2087 3621 2156 3674 At
2188 3621 2406 3675 minime
2437 3620 2633 3675 dicitur
2658 3636 2779 3676 esse
2821 3629 2951 3675 natu
2989 3621 3161 3689 major
3193 3623 3236 3675 is
3285 3636 3447 3691 quem
3500 3622 3678 3690 primo

2089 3712 2209 3767 loco
2236 3712 2348 3767 adit
2370 3712 2551 3778 Pater,
2577 3728 2751 3783 neque
2779 3722 2904 3769 natu
2929 3714 3105 3768 minor
3125 3714 3237 3777 ille,
3262 3728 3419 3784 quem
3442 3714 3683 3771 secundo

2087 3806 2355 3861 convenit.
2402 3804 2599 3860 Contra
2630 3808 2811 3875 potius
2841 3807 3110 3877 pat'abolzn
3146 3806 3281 3862 ordo
3319 3808 3590 3877 postulat,
3625 3819 3685 3863 ut

2089 3907 2244 3967 pater
2289 3898 2434 3968 prius
2476 3902 2743 3955 vocaverit
2783 3909 2911 3954 natn
2952 3900 3215 3956 minorem
3239 3942 3256 3968 ,
3296 3900 3683 3972 ﬂagitiosmum

2088 3992 2365 4046 hominum
2392 3993 2639 4063 ﬁguram,
2668 3992 2866 4048 deinde
2890 4007 3019 4049 vero
3046 3997 3326 4065 majorem,
3359 4009 3467 4063 quo
3491 3993 3682 4049 Phari-

2087 4085 2181 4138 διιιὶ
2213 4085 2676 4154 signifiCnbantur.
2723 4085 2798 4142 Ita
2828 4085 2912 4141 Cl.
2942 4087 3153 4143 Calmet
3182 4087 3233 4142 in
3274 4084 3581 4145 Comment.
3613 4088 3683 4143 ad

2088 4175 2229 4230 hunc
2258 4176 2456 4231 locum.

2160 4272 2343 4326 Matth.
2373 4288 2493 4343 cap.
2527 4288 2659 4339 χιιι,
2690 4288 2740 4326 v.
2777 4274 2863 4328 15.
2892 4273 3198 4329 Vercellen.
3236 4311 3253 4328 .
3289 4314 3301 4327 .
3332 4286 3379 4329 te
3412 4276 3579 4330 illum.
3611 4314 3625 4329 .
3665 4316 3679 4330 .

2087 4363 2180 4417 bus
2203 4407 2215 4427 ,
2250 4375 2294 4418 et
2326 4382 2427 4417 ma.
2476 4405 2489 4419 .
2526 4407 2536 4417 .
2569 4365 2659 4418 bus
2686 4408 2698 4426 ,
2740 4375 2785 4417 et
2814 4365 2967 4420 mitti.
3005 4406 3019 4421 .
3055 4404 3069 4420 .
3101 4364 3303 4436 Supple
3336 4366 3584 4423 lacunam
3614 4382 3683 4424 ex

2088 4457 2316 4523 Veron,
2348 4458 2508 4511 tollite
2547 4458 2696 4511 illum
2739 4457 2972 4524 pedibus,
3008 4464 3054 4511 et
3093 4456 3351 4525 manibus,
3394 4468 3441 4513 et
3476 4459 3682 4527 mittite,

2011 4543 2063 4614 Ι)
2089 4558 2198 4604 etc.
2222 4550 2511 4605 Corbeien.
2547 4548 2710 4617 tollite
2730 4565 2866 4613 eum,
2897 4548 3068 4618 ligatis
3095 4548 3331 4618 pedibus,
3355 4558 3401 4611 et
3428 4549 3680 4615 manibus,

1847 4681 1864 4708 ,
1931 4652 1985 4696 ut
2083 4654 2131 4698 et
2155 4645 2357 4707 mittite,
2392 4653 2498 4698 etc.
2538 4642 2774 4697 Brixian.
2800 4643 3007 4713 atligate
3036 4642 3083 4696 ei
3110 4641 3285 4713 pedes,
3324 4650 3370 4695 et
3407 4657 3610 4705 manus,
3633 4650 3683 4696 et

2085 4736 2252 4790 tollite
2277 4752 2413 4802 eum,
2446 4745 2492 4790 et
2516 4736 2713 4798 mittite,
2739 4744 2847 4791 etc.
2877 4736 2935 4791 S.
2953 4735 3193 4791 Irenmus
3217 4734 3377 4797 tollite
3403 4751 3518 4788 eum
3538 4751 3569 4787 a
3595 4751 3685 4805 pe-

2091 4826 2581 4893 dibus,etntanibus,
2606 4836 2653 4881 et
2674 4827 2880 4893 mittite,
2900 4835 3005 4881 etc.
3049 4826 3113 4885 Et
3139 4825 3211 4879 ita
3240 4822 3451 4879 Lucifer
3475 4824 3687 4889 Calari-

2091 4929 2245 4973 lnttUs
2269 4920 2319 4972 in
2350 4920 2443 4975 lib.
2494 4936 2529 4973 ll
2561 4934 2657 4989 pro
2682 4920 2741 4975 S.
2769 4920 3086 4984 Athanasio,
3115 4917 3316 4975 omissa
3346 4926 3524 4991 tamep
3547 4937 3685 4992 prte—

2089 5011 2358 5081 positione
2400 5030 2450 5065 tt.
2485 5012 2849 5067 Concinnerat
2884 5012 2931 5064 ei
2974 5012 3029 5083 ξ.
3075 5009 3393 5069 Ambrosius
3433 5013 3485 5085 in
3520 5012 3681 5082 Apol.

2091 5102 2259 5158 David
2291 5119 2410 5173 cap.
2442 5119 2523 5166 tv,
2563 5117 2680 5171 pag.
2718 5102 2843 5157 699.
2893 5101 2965 5156 At
2996 5114 3175 5174 neque
3215 5101 3473 5173 Vulgata,
3509 5119 3685 5173 neque

2089 5198 2369 5249 vcrsinues
2398 5193 2681 5261 Cophtica,
2716 5194 2962 5264 Syriaca,
3005 5195 3251 5271 Arapica,
3280 5205 3442 5263 atque
3471 5196 3659 5255 [Ethio

2091 5288 2231 5357 pica,
2280 5300 2452 5355 neque
2478 5286 2709 5341 Sanctus
2751 5285 3083 5355 Augustinus
3121 5287 3305 5357 legunt
3344 5288 3460 5350 lucc
3497 5289 3681 5357 verba,

2090 5380 2257 5450 capite
2285 5380 2453 5451 illum.
2494 5380 2677 5433 Codex
2708 5379 3152 5450 Cantabrigensis
3191 5390 3405 5446 tamen,
3437 5381 3683 5457 pedibus,

2090 5483 2138 5527 et
2170 5471 2403 5526 manibus
2426 5472 2590 5541 capite
2618 5488 2751 5526 eum.

2166 5566 2353 5623 Matth.
2399 5580 2518 5635 cap.
2568 5581 2736 5626 xxiii,
2781 5565 2870 5619 23.
2902 5563 3109 5619 Vcrcel.
3131 5605 3144 5628 ,
3175 5564 3328 5631 plena
3358 5576 3477 5621 sunt
3497 5568 3683 5637 rapina

2093 5673 2141 5717 et
2189 5661 2601 5731 intemperantia.
2647 5659 2822 5715 Graeci
2865 5658 3082 5717 codices
3110 5656 3262 5714 multi
3296 5661 3439 5729 apud
3467 5661 3688 5718 Milliutn

2098 5772 2221 5811 cum
2264 5755 2485 5823 Vulgata
2517 5752 2905 5809 consentiunt:
2939 5759 2997 5805 at
3046 5750 3188 5821 typis
3237 5755 3685 5826 vulgatiﬂcgunt,
