4054 6198
371 258 441 313 87
1736 237 2274 298 PROLEGOMENA.
3605 230 3679 289 88

372 373 621 444 Γέμουσιν
646 371 695 434 ἐξ
721 368 979 443 ἁρπαγῆς,
1012 369 1094 420 καὶ
1138 366 1391 439 ἀκρασίας
1410 380 1433 443 Ιε
1462 359 1515 416 id
1554 366 1659 424 est,
1688 358 1823 427 pleni
1849 356 1969 411 estis

2100 354 2325 409 nvem're.
2354 351 2590 409 Brixian.
2614 360 2663 406 et
2680 351 2735 405 in
2755 365 2837 405 me
2857 364 2961 404 non
2983 347 3203 403 inveniet
3222 347 3516 418 quicquam.
3538 346 3680 404 Ver-

382 464 442 537 (l.
473 466 611 529 sunt)
646 461 830 531 rapina
874 468 921 512 et
944 455 1358 524 intemperantia,
1387 462 1447 507 ut
1466 451 1673 507 Veron.

449 560 603 614 .lonn.
636 572 757 626 cap.
792 570 901 621 vn,
947 553 1039 606 23$.
1082 551 1414 615 Vercellcn.,
1466 548 1679 617 quidam
1723 544 1973 599 Hieroso-

383 653 598 723 lymitw.
679 649 948 703 Veroncn.
1028 645 1237 715 quidam
1311 658 1377 697 ea;
1464 636 1970 709 Hierosolymitanis.

382 744 621 798 Brixian.
772 756 836 794 ex
874 737 1277 808 lerosolgmitis,
1316 742 1370 790 et
1404 734 1475 789 ita
1506 740 1688 789 textus
1726 731 1973 795 Graecus,

386 838 443 891 ὶκ
467 843 569 890 τῶν
594 833 1035 908 Ἱεροσολυμιτῶν.

456 928 615 983 Joan.
671 943 791 997 cap.
857 941 961 991 vn,
1028 925 1118 979 55.
1220 920 1525 977 Vercellen.
1586 928 1642 974 et
1700 917 1976 974 Veronen.

378 1020 630 1091 numquid
653 1021 705 1074 in
727 1019 1097 1088 dispersionem
1134 1015 1433 1070 Graecorum
1456 1015 1622 1067 iturus
1644 1021 1716 1067 est
1740 1011 1974 1081 (Veron.

377 1115 589 1185 incipiet
614 1112 719 1183 ire)
769 1121 816 1165 et
857 1111 1040 1164 docere
1090 1110 1317 1164 Gra’cos.
1362 1108 1566 1163 Textus
1610 1106 1829 1161 Grzrcus
1883 1105 1979 1158 ha-

380 1208 495 1272 bet,
537 1210 619 1268 Εἰς
647 1212 736 1265 τὴν
763 1205 1048 1281 διασπορὰν
1076 1212 1174 1261 τῶν
1199 1202 1437 1262 Ἐλλήνων
1458 1202 1623 1274 μέλλει
1650 1202 1977 1275 πορεύεσθαι,

385 1307 471 1360 καὶ
500 1303 757 1360 διδάσκειν
780 1306 901 1365 τοὺς
927 1300 1170 1361 Ἐλληνας
1192 1317 1205 1351 ε
1240 1299 1506 1368 Numquid
1532 1299 1586 1350 in
1611 1295 1982 1366 dispersionem

386 1398 682 1452 Gra'corum
702 1399 868 1450 iturus
891 1406 985 1460 est,
1010 1405 1055 1451 et
1078 1394 1323 1448 docturus
1349 1392 1576 1456 (ἐι-(εσσε,
1602 1390 1654 1445 id
1683 1398 1766 1445 est
1794 1387 1983 1443 Ethni-

384 1504 479 1545 cos
509 1489 784 1545 Gentesve
821 1503 915 1558 per
954 1498 1124 1541 totum
1156 1486 1344 1541 orbem
1388 1483 1665 1553 dispersas
1705 1490 1760 1535 et
1819 1477 1982 1533 dill‘u-

386 1598 495 1637 sas.
534 1582 624 1637 Sic
653 1582 794 1635 enim
834 1581 1078 1649 plerique
1108 1578 1538 1647 interpretantur
1567 1572 1935 1641 dispersionem
1962 1585 1981 1624 :

387 1683 513 1728 sunt
552 1684 731 1727 tamen
779 1674 867 1743 qui
924 1680 1143 1741 putant,
1180 1673 1326 1739 ipsos
1356 1668 1573 1723 Iudaeos
1600 1663 1981 1734 intelligendos

2080 447 2259 502 siones
2295 445 2417 518 Syr.
2450 444 2616 501 Goth.
2648 442 2797 499 .‘Eth.
2842 444 3175 497 Armcncet
3214 440 3315 496 SS.
3349 439 3512 510 Greg.
3542 440 3681 512 Nys-

2078 554 2195 594 sen.
2238 537 2438 592 Athan.
2488 535 2654 592 Basil.
2699 534 2899 604 aliique
2942 531 3119 589 Graeci
3160 532 3380 599 Patres,
3412 542 3467 587 et
3503 531 3675 587 Codd.

2079 631 2283 702 legunt,
2315 633 2408 686 Καὶ
2428 632 2476 685 ἐν
2498 630 2609 702 ἐμοὶ
2631 630 2733 699 οὐχ
2754 628 2964 703 εὑρήσει
2984 623 3147 680 οὐδὲν.
3174 623 3245 679 Ει
3264 623 3482 695 quidam
3502 623 3679 678 Latini

2079 724 2292 789 Patres,
2323 738 2519 792 nempe
2546 721 2605 777 S.
2634 719 2956 775 Ambrosius
2987 717 3081 772 lib.
3127 732 3164 772 ιι
3208 716 3277 771 de
3304 715 3450 787 Fuga
3478 714 3677 771 Surculi

2080 832 2200 887 cap.
2220 816 2275 882 4,
2299 825 2353 871 et
2375 814 2434 871 S.
2461 813 2756 885 Gregorius
2780 810 3002 880 Magnus
3026 808 3256 864 llomilia
3284 807 3376 872 59,
3410 808 3463 862 in
3496 805 3678 862 Evan-

2080 908 2217 979 gelia
2247 906 2468 970 habent,
2497 917 2543 959 et
2581 906 2635 959 in
2660 920 2742 958 me
2769 920 2871 958 non
2903 902 3123 956 inveniet
3147 901 3447 971 quidquam.
3478 899 3679 956 Verum

2082 1003 2225 1059 idem
2277 1000 2335 1058 S.
2385 999 2704 1056 Ambrosius
2756 997 2811 1052 in
2868 997 3011 1052 libro
3064 997 3133 1051 de
3181 995 3385 1059 Tobia,
3447 1004 3576 1048 tom.
3627 1008 3675 1060 ι,

2085 1111 2207 1167 pag.
2234 1094 2364 1160 601,
2389 1104 2441 1148 et
2458 1095 2511 1146 in
2535 1108 2613 1146 me
2624 1106 2774 1144 suum
2791 1105 2895 1144 non
2915 1088 3102 1142 invenit
3120 1086 3459 1156 nihil:quam
3487 1084 3682 1141 lectio-

2086 1205 2208 1245 nem
2237 1189 2397 1244 etiam
2429 1186 2665 1257 explicat
2701 1185 2753 1239 in
2807 1183 3025 1238 laudato
3048 1180 3145 1236 lib.
3188 1179 3258 1235 de
3284 1179 3429 1250 Fuga
3459 1178 3681 1244 Surculi,

2084 1297 2207 1353 cap.
2239 1280 2305 1347 4,
2359 1297 2411 1333 ιι.
2456 1280 2547 1333 9.4.
2578 1277 2639 1334 S.
2676 1276 3005 1347 Augustinus
3031 1288 3248 1344 quoque
3289 1273 3341 1326 in
3391 1271 3485 1326 lib.
3534 1286 3569 1325 ιι
3615 1270 3683 1326 de

2084 1373 2298 1443 Nuptiis
2344 1380 2400 1427 et
2423 1369 2884 1441 concupiscentia,
2909 1375 3044 1422 tam.
3070 1382 3127 1431 χ,
3154 1372 3295 1436 part.
3328 1364 3384 1430 1,
3409 1378 3528 1435 pag.
3552 1363 3680 1431 507,

2087 1476 2132 1521 et
2154 1467 2207 1520 in
2234 1483 2313 1520 me
2331 1466 2461 1519 nihil
2491 1464 2703 1518 invenit.

2157 1582 2289 1637 an.
2318 1596 2438 1652 cap.
2469 1596 2563 1646 ιιι,
2595 1581 2682 1635 15.
2728 1577 3038 1635 Vercellen.
3071 1575 3223 1631 Nihil
3251 1575 3370 1647 plus
3391 1573 3681 1646 exegeritis,

2087 1693 2239 1746 quam
2269 1674 2406 1746 quod
2433 1681 2776 1728 constitutum
2797 1680 2871 1727 est
2896 1670 3058 1725 vobis.
3088 1668 3362 1724 Veronen.
3398 1664 3551 1720 Nihil
3572 1681 3684 1718 am-

388 1781 509 1820 0559
534 1808 547 1831 ν
582 1766 674 1834 ‘1"i
712 1776 861 1819 θκιτεὶ
890 1764 1132 1819 λειόθεηηῖ
1183 1761 1453 1831 degebant
1514 1769 1568 1813 θί
1621 1757 1984 1812 cell-‘ebamu"
2015 1764 2060 1823 B
2092 1771 2227 1839 ptius
2258 1768 2502 1838 exigatis,
2534 1782 2685 1837 quam
2723 1764 2863 1834 quod
2894 1763 3227 1817 constitutum
3268 1770 3341 1815 est
3366 1759 3525 1813 vobis.
3558 1757 3683 1814 Gat.

388 1860 615 1929 dispersi
638 1877 651 1924 ;
677 1858 932 1928 quioniam
960 1867 1014 1913 et
1041 1858 1316 1927 regiones,
1343 1855 1430 1908 ubi
1460 1853 1538 1907 sic
1558 1850 1788 1921 dispersi
1815 1850 1981 1919 dege-

392 1954 538 2014 Ιιτιιιι,
582 1952 901 2006 dicebautur
950 1949 1314 2017 dispersiones.
1373 1946 1446 2000 Ita
1487 1944 1750 2021 διασπορὰ
1798 1942 1982 1997 Πόντου

390 2047 639 2115 άὶερενεὶο
684 2044 872 2110 Ponti,
907 2042 1280 2111 appellabatur
1335 2040 1486 2106 regio
1546 2040 1727 2102 I‘onti,
1776 2034 1831 2089 in
1880 2049 1988 2103 qua

392 2147 546 2192 crant
575 2137 766 2192 Jud2ci.
796 2137 910 2191 Vox
940 2135 1026 2191 illa
1055 2135 1316 2209 διασπορὰ
1343 2131 1597 2201 dispersio
1618 2171 1631 2193 ,
1657 2129 1708 2181 in
1743 2126 1987 2195 pluribus

396 2231 689 2297 Scriptura:
737 2229 870 2281 locis
913 2234 1206 2296 usurpatur
1260 2240 1356 2294 pro
1413 2218 1767 2292 signiﬁcando
1826 2217 1989 2271 exilio

393 2324 702 2377 .ludaeorum
738 2324 787 2374 in
820 2322 1053 2375 diversis
1083 2319 1233 2371 orbis
1257 2315 1568 2387 regionibus
1595 2356 1609 2379 ,
1652 2328 1679 2364 a
1714 2328 1820 2381 quo
1850 2310 1991 2363 Deus

396 2426 747 2470 remeaturus
819 2421 938 2467 erat.
1016 2427 1113 2467 eos
1196 2408 1518 2479 aliquando,
1577 2415 1632 2460 ut
1683 2404 1992 2475 praedicitur

396 2507 537 2561 Psal.
553 2505 876 2566 cx1.vr,v.ﬁl:
895 2506 989 2564 τὰς
1007 2503 1295 2578 διασπορὰς
1318 2507 1411 2557 τοῦ
1431 2498 1641 2570 Ἰσμαήλ
1671 2496 1991 2559 ὲπισκευάξει

395 2599 734 2665 dispersiones
766 2595 973 2648 lsrnelis
1002 2594 1350 2664 congregabit.
1384 2593 1566 2660 Itaque
1607 2588 1831 2660 (aiunt)
1878 2587 1992 2640 dis-

396 2688 680 2757 persioues
713 2686 817 2739 illa:
845 2684 1098 2737 Gentium
1123 2723 1138 2746 ,
1171 2696 1293 2751 qua:
1321 2680 1637 2734 Gr:ccorum
1669 2682 1889 2731 nomine
1914 2678 1996 2729 in-

399 2779 607 2833 terdum
652 2777 1051 2847 signiﬁcantur,
1086 2784 1242 2829 erant
1271 2772 1504 2826 diversa:
1531 2770 1680 2825 orbis
1719 2770 1992 2838 regiones,

399 2889 498 2945 per
543 2887 678 2942 quas
735 2870 909 2940 sparsi
953 2878 1109 2924 erant
1153 2865 1352 2928 Judaei,
1405 2873 1462 2918 ut
1508 2863 1745 2932 loquitur
1794 2860 1994 2915 Tobias

399 2982 521 3036 cap.
578 2980 694 3030 xm,
725 2964 779 3026 5,
823 2964 950 3032 quia
992 2961 1133 3015 Deus
1179 2958 1466 3035 διέσπειρεν
1518 2959 1654 3029 ἡμᾶς
1707 2957 1758 3009 ἓν
1798 2956 1992 3013 αὐτοῖς.

402 3060 543 3127 Ergo
570 3073 636 3110 ex
671 3056 895 3109 istorum
939 3052 1233 3117 sententia,
1267 3051 1523 3105 dicebant
1546 3048 1717 3103 Judaei
1746 3064 1759 3100 :
1792 3048 1875 3100 An
1901 3044 1997 3099 ibit

398 3150 465 3203 ad
492 3149 710 3204 Judreos
730 3147 1003 3215 dispersos
1036 3144 1177 3198 inter
1204 3142 1427 3204 Gentes,
1458 3151 1503 3193 et
1527 3139 1772 3193 docturus
1808 3136 1995 3191 Gentes
2022 3151 2066 3213 ρ

397 3243 665 3306 Ἕλληνας,
697 3256 795 3296 eos
839 3254 1034 3308 nempe
1071 3238 1161 3307 qui
1196 3237 1337 3290 inter
1366 3233 1613 3289 Gentiles
1639 3232 1924 3285 habitant?

472 3339 606 3393 Joan
637 3351 757 3404 cap.
804 3350 860 3398 x,
886 3332 977 3386 26.
1020 3330 1328 3385 Vercellen.
1366 3326 1636 3381 Veronen.
1669 3334 1724 3379 et
1753 3324 1993 3378 Brixian.

402 3440 523 3499 post
573 3427 718 3492 meis,
782 3424 1004 3489 addunt,
1039 3423 1168 3475 sicut
1199 3420 1308 3473 dimi
1360 3418 1521 3482 vobis,
1579 3417 1730 3486 juxta
1790 3424 1994 3469 textum

402 3520 649 3575 Grzecum
685 3533 698 3571 :
730 3519 800 3572 Οὐ
823 3518 923 3593 ’γάρ
950 3518 1067 3572 ἔστε
1102 3516 1153 3568 ἐκ
1180 3520 1282 3570 τῶν
1311 3513 1584 3587 προϐάτων
1604 3518 1705 3565 τῶν
1727 3511 1881 3577 ἐμῶν,
1906 3531 1997 3564 κα-

400 3617 499 3676 θῶς
524 3609 664 3669 εἶπον
691 3614 831 3683 ὑμῖν.

473 3705 630 3759 Joan.
656 3718 776 3772 cap.
804 3717 902 3765 xu,
926 3700 1017 3754 20.
1053 3696 1358 3753 Vercelleu.
1387 3693 1550 3750 Erant
1574 3693 1782 3764 quidam
1804 3690 1991 3745 Grazci.

403 3801 470 3855 Et
495 3800 564 3852 ita
600 3797 869 3851 Veronen.
924 3803 981 3847 et
1033 3792 1315 3847 Corbeien.
1347 3789 1593 3844 Gentiles
1622 3790 1732 3849 isti,
1762 3783 1996 3846 Ἐλληνες

402 3902 559 3947 erant
604 3888 891 3959 l’r0sclyti,
945 3901 1051 3941 non
1103 3902 1169 3939 cx
1209 3883 1432 3949 Judmis,
1468 3881 1562 3935 sed
1610 3896 1673 3935 ex
1731 3879 1996 3934 Gentibus

402 3990 534 4042 nati.
568 3985 768 4041 Omnes
796 3984 905 4037 lere
935 3980 1166 4052 populos
1212 3978 1280 4032 de
1326 3993 1431 4030 non
1461 3975 1759 4029 Israelitica
1798 3972 1993 4037 Gente,

399 4082 607 4139 ἕλληνας
621 4076 827 4131 Gra’cos
857 4073 1206 4143 appellabant
1222 4069 1422 4133 Judmi;
1446 4068 1795 4132 Ἑλληνιστάς,
1822 4064 1999 4120 Helle-

402 4174 563 4226 nistas
591 4183 748 4231 vero,
781 4166 1000 4222 Judzeos
1021 4204 1036 4231 ,
1068 4163 1159 4233 qui
1190 4162 1377 4216 Graeca
1408 4159 1579 4214 Biblia
1612 4160 1664 4212 in
1694 4158 1995 4229 Synagogis

405 4262 674 4333 legebant.
729 4258 863 4313 Vide
915 4265 1094 4310 tamen
1168 4268 1289 4325 quae
1349 4251 1589 4306 diximus
1652 4249 1814 4320 paulo
1870 4262 1991 4317 sup.

401 4373 526 4427 cap.
552 4370 644 4420 vu,
668 4369 720 4407 v.
752 4354 843 4409 55.

474 4449 632 4504 Joan.
667 4461 788 4516 cap.
819 4461 926 4509 xlv,
959 4444 1046 4499 10.
1079 4441 1382 4497 Vercellcn.
1409 4438 1514 4495 Sed
1544 4436 1705 4491 Pater
1732 4437 1816 4507 qui
1838 4437 1891 4490 in
1919 4451 1996 4489 me

2094 1872 2149 1918 et
2169 1862 2409 1917 Brixian.
2438 1877 2589 1931 quam
2616 1859 2947 1913 constitutum
2970 1867 3043 1912 est
3066 1856 3239 1921 vobis,
3267 1854 3499 1924 exigatis.
3538 1851 3689 1908 Crte-

2090 1969 2186 2009 cus
2237 1953 2377 2021 fert,
2433 1952 2594 2011 Μηδὲν
2637 1953 2787 2007 πλέον
2828 1952 2973 2026 παρά
3025 1951 3085 2005 τὸ
3130 1946 3522 2021 διατεταγμένον
3568 1947 3687 2017 ὑμῖν

2091 2052 2380 2122 πράσσετε,
2427 2047 2617 2102 Latine
2664 2044 2997 2109 reddendus,
3047 2042 3213 2113 Nihil
3241 2042 3486 2112 amplius,
3536 2056 3687 2109 quam

2091 2140 2227 2211 quod
2264 2141 2593 2193 constitutum
2636 2145 2711 2192 est
2754 2135 2915 2199 vobis,
2968 2135 3208 2204 exigatis.
3253 2132 3501 2189 Cra-cum
3544 2132 3689 2185 enim

2097 2236 2339 2310 πράσσω,
2366 2231 2681 2302 frequenter
2711 2238 3003 2300 usurpatur
3024 2239 3124 2298 pro
3140 2226 3346 2296 exigere
3377 2242 3395 2280 :
3422 2229 3686 2299 πράσσετε

2097 2328 2147 2381 id
2172 2336 2254 2380 est
2283 2326 2520 2396 exigatis.
2545 2324 2689 2378 Hanc
2718 2322 2864 2377 enim
2893 2318 3343 2390 signiﬁcationem
3373 2316 3537 2371 habet
3564 2332 3688 2370 vcr-

2097 2419 2223 2473 hum
2258 2417 2505 2474 Gnccum
2524 2459 2539 2483 ,
2569 2431 2600 2470 ιι
2629 2430 2737 2486 quo
2761 2418 3076 2492 πράκτορες,
3106 2421 3386 2467 exactores.
3415 2409 3588 2465 Graeci
3612 2410 3693 2463 di-

2097 2524 2243 2579 cunt,
2275 2514 2449 2583 inquit
2475 2511 2739 2582 Agellius,
2771 2510 2869 2564 lib.
2902 2525 2997 2577 xv,
3030 2522 3081 2562 c.
3115 2508 3213 2572 M,
3246 2504 3587 2583 ιίσεπράξατὸ
3626 2527 3689 2575 με

2098 2610 2343 2685 ἀργύριον
2366 2649 2381 2673 ,
2414 2607 2576 2675 exegit
2609 2621 2687 2658 me
2730 2603 2995 2674 pecuniant
3025 2618 3043 2657 :
3074 2600 3168 2656 sed
3196 2608 3250 2655 et
3280 2600 3396 2669 ipse
3433 2597 3692 2667 Vulgatus

2099 2699 2375 2769 [interpres
2467 2701 2779 2776 πράκτορα,
2857 2694 3093 2752 reddidit
3158 2704 3489 2757 exactorem,
3556 2689 3692 2745 Luc.

2100 2808 2221 2858 cap.
2266 2807 2362 2855 xu,
2414 2791 2685 2845 versiculo
2714 2790 2803 2844 58.
2843 2788 3107 2845 Similiter
3135 2800 3235 2855 cap
3267 2799 3384 2848 nx,
3423 2782 3515 2847 25,
3563 2781 3692 2836 illud

2100 2887 2197 2941 σὺν
2249 2885 2374 2940 rex...
2407 2880 2466 2939 ἂν
2496 2882 2693 2959 ἔπραξα
2734 2883 2881 2947 αὐτὸ,
2922 2880 3309 2950 interpretatur
3356 2891 3474 2930 cum
3524 2874 3696 2929 usuris

2102 2978 2276 3048 utique
2305 2976 2581 3045 exegissem
2608 2976 2775 3029 illam.

2173 3092 2305 3148 Luc.
2334 3108 2454 3162 cap.
2487 3108 2539 3158 ν,
2576 3090 2665 3146 Μ.
2704 3088 3006 3145 Vercellen.
3041 3103 3163 3142 cum
3188 3086 3247 3143 S.
3281 3085 3590 3141 Ambrosio.
3627 3083 3697 3139 Ut

2099 3188 2163 3242 sit
2192 3188 2243 3241 in
2271 3186 2620 3241 testimonium
2648 3184 2743 3238 hoc
2768 3183 2929 3237 vobis.
2964 3180 3163 3237 Veron.
3201 3178 3268 3235 Ut
3298 3180 3363 3232 sit
3385 3180 3438 3233 in
3469 3179 3699 3232 testimo-

2100 3279 2315 3332 nium...
2345 3278 2502 3331 vobis.
2522 3276 2810 3331 Corbcicn.
2841 3273 2906 3329 Ut
2925 3275 2988 3327 sit
3014 3274 3067 3327 in
3096 3272 3384 3326 testimonia
3405 3269 3502 3323 hoc
3529 3267 3693 3325 vobis.

2098 3371 2250 3427 Multi
2280 3370 2450 3426 ϐιωρὶ
2481 3369 2695 3425 codices
2732 3369 2917 3439 legunt
2950 3384 2962 3417 :
3002 3364 3067 3421 Ut
3113 3366 3178 3419 sit
3219 3364 3561 3417 testimonium
3601 3363 3699 3416 hoc

2097 3464 2265 3523 vobis,
2294 3461 2397 3518 Ἰνα
2469 3465 2755 3540 μαρτύριον
2774 3469 2928 3517 τοῦτο
2948 3460 3088 3532 ὑμῖν.
3113 3468 3166 3512 cl
3194 3458 3265 3511 ita
3293 3456 3529 3511 Marcion
3556 3453 3698 3526 apud

2097 3557 2155 3613 S.
2193 3556 2555 3627 Epipltauium
2589 3566 2642 3609 ct
2672 3554 2993 3610 Tertullian.

2170 3671 2303 3726 Luc.
2328 3686 2447 3741 cap.
2484 3686 2560 3736 Ix,
2605 3671 2691 3723 54.
2728 3667 3027 3723 Vcrcellen.
3064 3664 3336 3721 Veronen.
3362 3672 3415 3719 et
3450 3661 3693 3718 Brixian.

2100 3766 2151 3821 iu
2194 3769 2299 3821 liuc
2331 3766 2574 3831 addunt,
2599 3765 2731 3817 sicut
2760 3762 3037 3833 (Brixian.
3070 3761 3200 3814 sicut
3220 3758 3304 3831 et)
3340 3757 3520 3813 Helias
3550 3757 3693 3827 fecit,

2100 3868 2159 3914 ut
2186 3870 2362 3914 textus
2389 3859 2630 3923 Gra'cus,
2656 3857 2743 3919 Ὠς
2764 3861 2845 3913 καὶ
2870 3856 3034 3917 ιι“λίας
3065 3856 3298 3915 ἐποίησε.
3318 3853 3366 3907 id
3391 3862 3495 3918 est,
3522 3866 3697 3923 quem-
3778 3922 3781 3925 ἢ

2100 3953 2377 4006 admodum
2417 3962 2459 4004 et
2494 3949 2640 4004 Elius
2671 3950 2810 4021 fecit.
2844 3946 3205 4003 Consentium
3233 3945 3528 4001 Versioucs
3564 3944 3699 3998 Ara-

2100 4044 2215 4100 bica
2238 4086 2252 4110 ,
2289 4045 2525 4109 Persica,
2559 4041 2813 4113 Syriaca,
2844 4039 3151 4110 Ethiopica
3207 4048 3264 4093 et
3314 4036 3563 4093 Gnthica.
3592 4035 3699 4091 Ve-

2098 4148 2247 4195 retur
2274 4137 2531 4203 Grotius,
2577 4151 2643 4190 ne
2691 4134 2806 4189 lucc
2855 4133 3035 4188 ablata
3079 4130 3190 4186 sint
3213 4145 3243 4183 a
3272 4128 3526 4195 librariis,
3552 4125 3694 4197 quod

2099 4247 2164 4288 ea
2186 4231 2518 4286 Marcionitis
2546 4228 2728 4283 lavere
2749 4225 3041 4282 crederent
3066 4241 3078 4277 :
3105 4238 3211 4294 qua
3239 4222 3309 4277 de
3333 4235 3393 4276 re
3415 4218 3536 4275 vide
3557 4218 3694 4274 Ter-

2101 4346 2308 4402 lullian.
2340 4346 2434 4401 lib.
2465 4361 2536 4412 tv,
2563 4358 2687 4415 pag.
2714 4341 2842 4407 540,
2872 4349 3058 4396 contra
3098 4338 3451 4394 Marcionem.

2171 4440 2333 4494 Marc.
2361 4453 2480 4509 cap.
2513 4453 2574 4503 ιι,
2606 4438 2694 4492 id.
2718 4432 3308 4490 Vercellen.Veronen.
3332 4428 3691 4487 etGorbeicn.

403 4551 596 4606 ninnet,
642 4542 749 4613 ipse
790 4539 1036 4609 loquitur,
1061 4545 1104 4590 et
1133 4551 1309 4605 opera,
1333 4548 1447 4601 qua:
1476 4548 1567 4603 ego
1592 4531 1749 4602 facio,
1780 4530 1891 4597 ipse
1918 4530 1999 4599 fa-
2024 4534 2078 4595 D
2103 4534 2229 4589 vidit
2275 4531 2528 4587 Iacobum
2565 4530 2791 4602 Alphwi,
2824 4538 2879 4583 et
2924 4529 2996 4582 ita
3050 4526 3224 4582 Graeci
3275 4524 3399 4580 libri
3430 4525 3692 4595 plerique.

401 4643 489 4694 cit.
525 4637 725 4693 Veron.
760 4633 915 4687 Pater
943 4641 1113 4685 autem
1156 4630 1210 4682 in
1246 4644 1327 4682 me
1355 4643 1586 4691 manens,
1615 4625 1724 4696 ipse
1749 4624 1992 4694 loquitur.

403 4742 450 4786 et
479 4747 634 4802 opera
658 4768 675 4795 ,
706 4741 820 4794 qua:
850 4738 940 4794 ego
972 4723 1111 4795 facio
1136 4761 1151 4785 ,
1183 4721 1291 4791 ipse
1322 4720 1465 4791 facit.
1511 4717 1798 4772 Corbeien.
1836 4714 1997 4768 Pater

403 4836 594 4887 autem,
625 4823 711 4891 qui
737 4822 791 4874 in
819 4833 899 4871 me
923 4824 1122 4881 manet,
1152 4816 1263 4884 ipse
1292 4813 1516 4879 loquitur
1541 4851 1556 4874 ,
1591 4822 1637 4865 et
1674 4827 1851 4881 opera,
1882 4824 1995 4879 qua?

402 4920 538 4989 facio
562 4956 577 4981 ,
617 4917 726 4983 ipse
755 4916 899 4980 facit.
932 4909 1171 4964 Brixian.
1220 4905 1328 4960 Sed
1376 4902 1556 4967 Pater,
1584 4903 1672 4972 qui
1702 4904 1755 4955 in
1779 4917 1857 4954 me
1887 4918 1997 4954 ma-

402 5018 507 5073 net,
566 5007 676 5074 ipse
717 5005 841 5073 facit
888 5004 996 5055 hare
1047 5015 1225 5071 opera.
1283 4997 1515 5052 Sanctus
1570 4996 1893 5050 Ambrosius
1941 4995 1994 5049 in

403 5100 497 5155 lib.
529 5112 585 5150 ιιι
619 5096 688 5149 de
720 5091 873 5158 Fide,
898 5108 1017 5161 cap.
1044 5092 1101 5155 2,
1148 5105 1264 5161 pag.
1320 5088 1427 5143 515
1457 5104 1470 5141 :
1506 5085 1663 5141 Pater
1688 5095 1877 5145 autem,
1909 5087 1996 5153 qui

400 5193 453 5246 in
478 5205 560 5243 me
590 5194 779 5248 manet,
805 5182 912 5254 ipse
942 5184 1067 5253 facit
1091 5199 1267 5252 Opera,
1298 5191 1343 5234 et
1367 5196 1527 5249 opera
1574 5196 1687 5249 qua:
1713 5196 1804 5250 ego
1834 5179 1991 5249 facio,

398 5288 509 5355 ipse
538 5281 681 5351 facit.
710 5279 843 5333 Item
888 5277 940 5329 in
991 5276 1084 5329 lib.
1115 5291 1200 5341 ιν,
1243 5290 1364 5345 cap.
1397 5274 1431 5327 6
1454 5316 1468 5340 ,
1495 5290 1616 5345 pag.
1651 5274 1758 5331 5'55
1792 5292 1803 5327 :
1836 5272 1994 5328 Pater

402 5393 541 5431 meus
564 5417 578 5440 ,
608 5374 695 5443 qui
721 5373 774 5425 in
804 5386 885 5424 me
908 5377 1079 5421 manet
1104 5408 1117 5429 ,
1149 5369 1258 5435 ipse
1301 5367 1545 5436 loquitur,
1600 5376 1647 5418 et
1677 5383 1831 5437 opera
1876 5381 1991 5436 quia

395 5487 491 5541 ego
518 5469 684 5540 facio,
705 5468 814 5538 ipse
835 5448 1058 5534 facit,et
1082 5462 1155 5513 ita
1185 5460 1238 5513 in
1272 5460 1361 5513 lib.
1395 5474 1448 5524 ν,
1482 5473 1601 5527 pag.
1637 5459 1765 5521 διδ,
1791 5459 1993 5513 omisso

397 5573 602 5624 tamen,
635 5575 795 5611 meus.
832 5556 985 5612 Paria
1024 5554 1187 5607 habet
1213 5553 1265 5606 in
1293 5551 1386 5606 lib.
1420 5551 1489 5605 de
1522 5550 1733 5605 lucarn.
1771 5550 1986 5607 Domin.

402 5656 644 5713 Sacram.
669 5665 788 5719 cap.
815 5650 872 5714 8,
901 5664 1025 5720 pag.
1058 5646 1183 5701 722.

482 5750 635 5806 Joau.
667 5760 787 5816 cap.
817 5760 923 5809 XIV,
959 5744 1048 5800 '50.
1080 5742 1387 5800 Vercellcn.
1422 5750 1469 5797 et
1497 5740 1550 5795 in
1585 5756 1663 5796 me
1691 5740 1823 5795 nihil
1846 5742 1992 5796 habet

2103 4624 2413 4694 Gatitabrig.
2445 4637 2575 4677 vero
2602 4620 2945 4677 Graeco-Lat.
2989 4626 3045 4674 et
3081 4617 3315 4672 Leicest.
3343 4629 3399 4671 et
3427 4615 3600 4670 Paris.
3638 4612 3697 4679 6,

2100 4725 2156 4774 et
2193 4718 2283 4772 alii
2313 4715 2485 4771 Codd.
2524 4724 2661 4770 teste
2695 4714 2916 4770 Victore
2964 4709 3302 4768 Antiocheno
3325 4751 3340 4775 ,
3372 4709 3496 4762 vidit
3535 4706 3698 4761 Jaco-

2099 4812 2216 4867 bum
2243 4811 2412 4882 filiam
2454 4808 2676 4878 Alphazi.
2718 4808 2865 4863 Brix.
2898 4804 3023 4862 Gat.
3046 4813 3102 4860 et
3128 4803 3257 4859 Mm.
3280 4801 3442 4857 Levia
3466 4798 3694 4871 Alphtei.

2099 4905 2250 4975 Orig.
2297 4906 2393 4960 lib.
2446 4920 2485 4970 ι,
2516 4914 2703 4959 contra
2757 4899 2975 4956 Celsum
3007 4906 3188 4969 negat,
3218 4898 3360 4951 hunc
3386 4894 3546 4949 Levia
3572 4907 3699 4949 esse

2098 4997 2438 5069 Apostolum.
2498 4994 2607 5051 Alii
2657 4995 2886 5065 legunt,
2932 4992 3060 5046 vidit
3108 4989 3415 5043 Matthwum
3458 4987 3698 5059 publica-

2099 5106 2257 5153 num;
2312 5104 2409 5159 pro
2473 5103 2539 5143 eo
2608 5087 2751 5156 quod
2816 5086 2867 5155 in
2917 5083 3183 5155 Vulgata,
3239 5090 3295 5136 et
3336 5081 3390 5135 in
3422 5077 3698 5150 plerisque

2097 5184 2411 5246 Codicibus,
2446 5193 2553 5239 tam
2581 5198 2716 5237 mss.
2746 5195 2906 5253 quam
2935 5179 3218 5252 impressis
3246 5175 3455 5233 Graecis
3477 5174 3693 5246 legitur.

2096 5276 2219 5331 Levi
2278 5277 2627 5346 publicanum.
2687 5273 2916 5328 Fallitur
2960 5287 3083 5326 cum
3130 5269 3281 5339 Orig.
3313 5266 3566 5330 Grotius,
3600 5266 3696 5336 qui

2097 5382 2250 5443 putat
2297 5371 2420 5425 Levi
2445 5372 2674 5424 fortasse
2697 5368 2871 5437 ipsum
2900 5365 3068 5419 luisse
3095 5362 3399 5433 mancipem
3427 5360 3697 5429 portorio-

2094 5481 2252 5529 rum;
2278 5461 2587 5517 Mattha-um
2612 5474 2742 5515 vero
2769 5459 2913 5513 illius
2942 5456 3202 5511 vicarium
3233 5472 3248 5509 :
3281 5462 3337 5509 et
3359 5452 3691 5519 convivium,

2093 5557 2162 5613 de
2190 5571 2296 5625 quo
2323 5555 2381 5610 S.
2415 5554 2720 5617 Mattiacas,
2765 5565 2873 5606 non
2920 5549 2975 5603 in
3028 5544 3265 5603 Matthxi
3293 5543 3478 5611 domo,
3512 5544 3607 5599 sed
3637 5547 3695 5597 in

2093 5650 2221 5706 Levi
2247 5648 2410 5703 fuisse
2434 5647 2775 5701 instructum.
3768 5706 3771 5709 _

2166 5741 2331 5797 Marc.
2360 5753 2481 5810 cap.
2514 5754 2625 5805 xtv,
2658 5736 2749 5793 6|.
2780 5735 2834 5791 in
2879 5732 3186 5790 Vercellen.
3239 5738 3367 5789 ante
3420 5727 3695 5793 benedicti,
