4054 6198
294 257 373 316 89
1327 254 1665 313 EPISTOLA
1703 251 2038 311 RUGGERH
2077 253 2331 312 NOVARI
2344 255 2560 315 ENSIS.
3527 255 3600 311 90

296 374 471 443 deest,
504 373 630 441 Dei,
657 384 711 431 et
743 375 812 429 ita
848 373 901 429 iu
950 372 1012 429 8.
1061 371 1286 438 Hilario,
1332 372 1426 428 lib.
1458 387 1510 425 vt
1538 370 1605 427 de
1632 370 1880 427 Trinitatt

2073 372 2261 426 Matth.
2296 388 2416 442 cap.
2456 390 2527 441 vn,
2556 373 2622 429 19
2653 383 2708 429 et
2730 374 2819 429 20.
2856 373 3182 439 Vercellen.,
3203 372 3430 434 νει-οη..
3462 372 3599 427 Cor-

291 476 427 522 tom.
453 484 492 522 ιι
518 510 535 535 ,
567 482 688 538 pag.
723 465 848 531 170,
875 467 1108 536 itemque
1138 466 1190 519 in
1217 463 1393 519 Tcxtu
1430 463 1643 519 Graeco.

364 564 561 619 Matth.
587 578 705 635 cap.
733 579 851 629 vm,
882 564 971 619 51.
1004 564 1058 617 lu
1094 561 1424 623 Vercellen.,
1458 560 1656 615 Veron.
1691 568 1747 614 et
1778 561 1895 615 Bri-

289 658 448 712 xian.
476 658 630 712 deest
650 658 791 721 hinc,
823 664 879 710 et
906 657 981 709 ita
1010 656 1062 709 in
1088 655 1264 710 Textu
1296 654 1505 709 Graeco.

368 752 560 805 Matth.
603 765 725 818 cap.
771 765 897 814 xm,
928 748 1016 803 50.
1050 749 1107 803 In
1138 748 1444 803 Vercellen.
1482 754 1604 816 post
1643 744 1891 810 verbum,

288 844 546 907 dentium,
594 841 833 907 additur,
863 851 918 896 et
944 842 1095 895 dixit.
1130 840 1185 895 lu
1221 840 1459 895 Brixian.
1496 854 1654 906 vero,
1686 840 1757 892 ait
1787 838 1895 892 illis

286 934 482 1001 Iesus,
514 934 870 989 conformiter
911 934 1179 1003 plerisaue
1210 932 1414 988 Grmcis
1457 932 1889 1000 Exemplaribus.

364 1026 555 1081 Matth.
590 1041 713 1095 cap.
750 1042 861 1091 art,
908 1027 994 1081 18.
1048 1026 1348 1082 Vercellen.
1400 1036 1455 1080 et
1498 1024 1787 1080 Corbeicn.
1825 1024 1891 1079 Et

287 1128 454 1187 porta:
482 1118 679 1187 inferni
708 1118 1020 1191 (Corbeien.
1054 1120 1374 1189 inferorum)
1405 1134 1505 1172 non
1528 1118 1727 1171 vincent
1755 1133 1888 1172 eam.

284 1210 499 1267 Tenus
554 1210 775 1266 Grtccus
830 1211 1036 1277 habet,
1077 1212 1350 1267 καὶπύλαι
1400 1210 1527 1285 ᾅδου
1588 1213 1646 1265 οὐ
1713 1232 1893 1265 κατισ-

286 1308 561 1378 χύσουσιν
584 1307 745 1367 αὐτῆς
772 1322 784 1358 :
813 1304 881 1359 Et
912 1316 1075 1376 porta!
1109 1306 1267 1374 inferi
1302 1321 1406 1359 non
1446 1304 1791 1375 prwvalebunt
1822 1303 1889 1360 ei.

361 1400 555 1455 Matth.
584 1414 707 1470 cap.
741 1414 853 1462 xvn,
887 1399 979 1454 20.
1024 1398 1079 1453 lu
1138 1398 1464 1463 Vercellen.,
1512 1397 1785 1451 Veronen.
1836 1406 1892 1451 et

283 1490 574 1547 Corbeien.
602 1493 895 1555 omittitur,
917 1490 1071 1545 Iesus
1100 1507 1118 1545 :
1148 1504 1247 1546 nec
1289 1490 1484 1560 legitur
1524 1489 1577 1544 in
1614 1490 1893 1545 codicibus

282 1585 428 1641 bene
480 1586 689 1650 multis,
745 1601 867 1640 cum
912 1586 1140 1651 Grmcis,
1174 1591 1289 1639 tum
1344 1584 1567 1650 Latinis,
1622 1585 1810 1639 relatis
1858 1599 1890 1639 a

283 1683 419 1738 Mill.
469 1683 524 1737 in
558 1682 685 1737 Var.
738 1681 889 1736 Lect.
943 1680 1228 1749 ipsumque
1277 1694 1473 1735 nomen
1514 1678 1795 1733 abundare
1834 1676 1887 1733 in

286 1776 544 1847 Vulgata,
572 1776 923 1846 quamplures
952 1774 1308 1829 arbitrantur.

354 1868 548 1923 Matth.
594 1884 717 1936 cap.
747 1882 875 1921 xvtn
901 1908 917 1933 ,
949 1866 1037 1922 19.
1070 1865 1404 1930 Vercellen.,
1462 1865 1690 1930 Veron.,
1748 1862 1885 1919 Cor-

278 1961 492 2024 beien.,
510 1958 982 2015 San-Gernianen.
1017 1968 1070 2013 ct
1102 1958 1367 2022 Brixiau.,
1383 1960 1571 2011 iterum
1598 1973 1746 2011 amen
1769 1958 1887 2010 dico

280 2054 443 2117 nobis,
477 2066 534 2106 et
586 2051 659 2105 ita
699 2050 877 2105 Graeci
935 2049 1153 2105 codices
1196 2051 1347 2104 multi
1404 2064 1468 2104 ac
1520 2064 1652 2103 mss.
1710 2048 1886 2103 Latini

282 2146 395 2201 fere
424 2144 643 2215 triginta
672 2154 927 2215 quatuor,
977 2154 1031 2199 et
1085 2144 1267 2214 plures
1295 2142 1563 2197 editiones
1598 2142 1739 2213 apud
1770 2142 1887 2197 Mil-

284 2238 442 2294 lium.

354 2329 544 2384 Matth.
590 2344 712 2400 eap.
760 2345 793 2383 v
838 2328 1028 2384 eodem
1053 2370 1068 2393 ,
1104 2327 1410 2383 Vercellen.
1444 2337 1498 2382 et
1523 2326 1810 2383 Corbeieu.
1840 2330 1887 2383 si

278 2423 483 2477 duobus
545 2423 856 2477 convenerit.
932 2422 1230 2488 Veronen.,
1298 2422 1762 2477 San-Gcrntanet‘t.
1831 2429 1887 2475 et

280 2518 425 2572 Brix.
452 2519 497 2571 si
524 2517 724 2571 duobus
749 2529 811 2571 ea:
839 2516 979 2570 vobis
1020 2516 1309 2570 convenerit
1333 2532 1351 2580 ;
1374 2527 1428 2569 et
1459 2516 1531 2569 ita
1564 2515 1621 2570 8.
1653 2515 1880 2585 Cypria-

276 2625 380 2666 nus
413 2627 466 2678 p.
498 2609 591 2675 41,
624 2618 681 2665 et
733 2610 782 2663 in
826 2608 921 2663 lib.
954 2624 1012 2661 ιιι
1050 2607 1351 2663 'l‘cstimon.
1388 2624 1443 2661 ιι.
1474 2608 1531 2671 5,
1563 2616 1619 2661 ct
1660 2606 1717 2662 8.
1754 2608 1885 2662 Am-

282 2701 493 2756 brosius
521 2704 573 2756 in
605 2702 700 2755 lib.
754 2702 821 2755 de
866 2701 1101 2754 lnstitut.
1129 2699 1337 2770 Virgin.
1371 2715 1489 2770 cap.
1523 2700 1579 2763 2,
1606 2714 1726 2770 pag.
1751 2701 1878 2755 252.

348 2792 543 2848 Matth.
588 2808 711 2863 cap.
766 2808 883 2858 xu,
938 2792 990 2846 l.
1048 2791 1351 2847 Vercellen.
1382 2800 1437 2845 et
1472 2791 1735 2847 Veroncn.
1767 2808 1884 2845 cum

284 2886 483 2940 locutus
511 2896 643 2940 esset
675 2885 851 2941 Iesus.
896 2885 1181 2941 Corbcien.
1216 2900 1432 2956 quoque
1453 2925 1468 2949 ,
1519 2902 1635 2941 cum
1685 2885 1883 2940 locutus

283 2978 606 3043 essetIesus,
636 2987 692 3032 et
718 2978 789 3032 ita
814 2977 871 3034 8.
909 2977 1077 3032 Hilar.

352 3071 540 3126 Matth.
584 3086 706 3141 cap.
758 3071 975 3135 eodem,
1020 3071 1108 3126 10.
1133 3071 1462 3138 Vercellen.,
1496 3070 1771 3127 Veruuen.
1826 3082 1881 3129 et

2005 466 2214 533 beien.,
2245 467 2392 521 Brix.
2427 478 2477 521 et
2502 468 2969 523 Satn-Germanen.
3002 467 3325 531 exterminat,
3360 475 3413 519 et
3443 464 3515 518 ita
3538 462 3598 518 S.

1997 560 2255 631 Cyprian.
2292 563 2343 615 in
2372 563 2463 615 lib.
2491 563 2559 617 de
2580 561 2743 631 Oper.
2772 572 2826 617 ct
2856 565 3125 618 Eleemos.
3156 577 3276 631 pag.
3307 560 3435 625 505,
3457 569 3514 615 et
3545 560 3594 612 in

2002 657 2093 712 lib.
2126 673 2180 711 ιιι
2230 657 2295 711 ad
2325 658 2479 724 Quir.
2510 657 2567 713 S.
2600 658 2852 711 Ambros.
2879 656 2930 709 in
2964 656 3056 710 lib.
3087 670 3122 709 ιι
3146 655 3214 709 de
3236 654 3380 723 Spir.
3409 652 3595 707 Sanct.

2000 767 2053 823 p.
2086 752 2213 817 655,
2245 758 2297 804 ct
2328 751 2386 805 S.
2420 751 2701 821 Augustin.
2737 752 2789 805 in
2822 751 2914 805 lib.
2964 766 3000 804 ιι
3042 748 3109 804 de
3148 747 3327 803 Serm.
3362 747 3517 801 Dom.
3544 746 3597 799 iu

2000 860 2205 910 monte,
2242 857 2376 900 tom.
2408 861 2491 909 ιιι,
2530 854 2670 915 part.
2704 861 2761 909 ιι,
2802 860 2919 912 pag.
2950 843 3077 896 217.

2067 940 2257 995 Matth.
2289 956 2407 1008 eap.
2445 956 2554 1005 vm,
2594 940 2681 993 18.
2718 938 2845 991 l’ost
2888 937 3112 991 verbum
3158 934 3340 1008 jussit,
3372 935 3421 987 in
3456 932 3594 987 Ver-

1997 1033 2192 1088 cellen.
2224 1045 2275 1086 et
2307 1033 2575 1086 Veroneu.
2608 1031 2883 1085 adduntur
2912 1028 3074 1082 verba
3104 1067 3117 1090 ,
3147 1026 3429 1093 discipulos
3451 1042 3593 1090 suos,

1998 1137 2053 1181 et
2087 1129 2156 1181 ita
2191 1127 2240 1179 in
2273 1127 2523 1180 versione
2549 1124 2767 1191 Coptica
2796 1166 2810 1189 ,
2866 1126 2916 1177 in
2950 1123 3007 1177 8.
3060 1121 3285 1187 Hilario,
3332 1130 3385 1176 et
3429 1121 3481 1175 in
3533 1120 3591 1176 8.

1998 1220 2347 1292 Hieronymo.
2385 1222 2438 1275 ln
2471 1219 2722 1274 Cod.San
2753 1217 3080 1272 Germanen.
3111 1230 3243 1269 vero
3265 1257 3279 1279 ,
3326 1214 3597 1284 discipulis

1995 1316 2125 1368 suis.

2068 1406 2255 1460 Matth.
2300 1422 2420 1475 cap.
2476 1422 2529 1470 ιι,
2562 1404 2652 1459 29.
2705 1404 3029 1468 Vercellen.,
3093 1402 3403 1467 Veroneu.,
3460 1399 3594 1455 Cor-

1996 1498 2177 1555 beieu.
2204 1510 2257 1555 et
2310 1500 2574 1564 Brixian.,
2607 1500 2715 1552 sine
2741 1498 3000 1551 voluntate
3028 1496 3199 1549 Patris
3228 1498 3402 1559 restri,
3436 1504 3489 1548 ct
3521 1494 3591 1547 ita

1997 1592 2178 1646 versio
2212 1593 2461 1653 Arabica,
2492 1592 2548 1645 S.
2580 1591 2816 1644 lremeus
2842 1589 2895 1643 iu
2920 1589 3012 1644 ιιι).
3041 1603 3075 1642 ιι
3103 1596 3288 1643 contra
3320 1586 3587 1650 llarreses,

1998 1697 2127 1741 tom.
2180 1702 2218 1749 ι,
2270 1703 2388 1755 pag.
2425 1685 2549 1749 154,
2582 1684 2948 1739 'l‘crtnlliauus
2978 1698 3082 1735 non
3115 1682 3306 1745 semel,
3339 1678 3592 1732 Nm‘atia-

1917 1782 1966 1841 B
1994 1795 2095 1834 nus
2124 1779 2192 1833 tle
2220 1779 2504 1843 Trinitate,
2533 1792 2652 1846 cap.
2687 1778 2741 1843 8,
2775 1776 2833 1831 S.
2866 1776 3165 1846 Cyprianus
3206 1774 3258 1828 iu
3286 1772 3460 1841 Epist.
3494 1771 3586 1837 55,

1987 1871 2137 1940 juxta
2186 1871 2501 1932 Pamelium,
2538 1869 2666 1940 (l9.
2694 1868 2903 1938 Oxon.)
2952 1870 3009 1923 S.
3064 1867 3297 1921 Hilarius
3328 1866 3377 1919 in
3407 1865 3501 1918 lib.
3533 1879 3587 1917 tv

1990 1964 2058 2018 de
2085 1962 2351 2017 Triuitate
2383 1972 2509 2015 ιωιιι.
2546 1977 2605 2027 ιι,
2641 1976 2760 2032 pag.
2795 1961 2886 2025 76,
2914 1960 3136 2028 aliique.

2064 2054 2253 2109 Μαιιιι.
2281 2070 2401 2121 cap.
2439 2069 2564 2119 xm,
2620 2054 2707 2115 15.
2760 2052 3060 2106 Vercellen.
3110 2066 3263 2103 aures
3313 2058 3360 2102 et
3412 2047 3586 2101 oculos

1988 2162 2163 2200 eorum
2195 2162 2374 2215 grana.
2410 2145 2613 2200 Veron.
2657 2154 2706 2199 et
2751 2159 2903 2197 aures
2933 2158 3109 2195 eorum
3134 2144 3359 2205 obstrue,
3384 2150 3429 2192 ει
3460 2155 3584 2193 οειι·

1992 2242 2070 2295 los
2114 2256 2291 2294 eorum
2334 2256 2507 2311 grava.
2542 2239 2601 2293 S.
2632 2238 2898 2305 Irenaeus,
2926 2246 2971 2291 et
2997 2251 3150 2289 aures
3180 2250 3357 2289 eorum
3385 2232 3585 2300 obtura,

1990 2345 2039 2388 et
2062 2334 2239 2387 oculos
2265 2350 2443 2387 eorum
2474 2348 2693 2387 excteca.

2062 2424 2250 2480 Matth.
2303 2440 2425 2495 cap.
2468 2440 2584 2491 xm,
2640 2424 2736 2477 47.
2792 2422 3096 2478 Vercellen.
3150 2422 3296 2475 retia:
3333 2421 3504 2473 missa,
3531 2421 3585 2474 in

1988 2521 2143 2585 mari,
2174 2535 2289 2586 qua:
2328 2535 2391 2572 ea:
2424 2520 2560 2571 omni
2590 2532 2774 2587 genere
2799 2517 3015 2585 piscium
3273 2512 3477 2582 Supple
3508 2513 3584 2567 la-

1989 2626 2180 2665 cunam
2214 2627 2277 2664 ex
2314 2611 2582 2664 Verou.et
2612 2610 2853 2663 Brixian.
2878 2608 2967 2677 qui
3001 2608 3220 2671 habent,
3252 2609 3394 2661 retice
3416 2608 3585 2660 missa:

1988 2703 2041 2756 in
2089 2704 2242 2767 mari,
2296 2719 2412 2772 qua:
2441 2720 2505 2757 ea:
2532 2703 2673 2755 omni
2717 2717 2898 2772 genere
2944 2702 3163 2769 piscium
3192 2700 3417 2771 collegit.
3442 2700 3582 2754 San-

1987 2794 2316 2851 Germanen.
2350 2797 2492 2850 retia:
2529 2796 2701 2849 missa:
2727 2796 2778 2847 in
2807 2810 2964 2856 mare,
3000 2809 3113 2862 qua:
3144 2810 3206 2847 ea:
3235 2796 3373 2847 omni
3402 2808 3584 2864 genere

1986 2889 2203 2961 piscium
2240 2889 2469 2943 collexit.
2498 2888 2557 2943 S.
2592 2888 2911 2942 Ambrosius
2944 2888 2995 2941 iu
3049 2887 3139 2940 lib.
3170 2886 3238 2941 de
3270 2885 3583 2956 Virginitate

1985 2995 2105 3050 cap.
2132 2981 2219 3047 l9,
2247 2996 2366 3051 pag.
2387 2982 2514 3045 245,
2544 2983 2639 3035 reti
2670 2982 2822 3035 misso
2850 2982 2902 3034 in
2932 2997 3092 3046 mare,
3117 2990 3225 3035 etc.
3260 2990 3313 3033 et
3343 2980 3393 3032 in
3427 2979 3518 3032 lib.
3552 2994 3582 3031 v

1990 3072 2230 3129 Ilexarm.
2269 3091 2387 3145 cap.
2413 3076 2466 3140 6,
2499 3091 2619 3145 pag.
2656 3075 2747 3139 85,
2778 3074 2879 3128 reti
2905 3074 3062 3127 misso
3089 3074 3139 3126 in
3171 3089 3330 3137 mare,
3355 3072 3493 3143 quod
3520 3088 3583 3126 ea:

286 3162 345 3219 S.
389 3161 749 3227 Germanen.,
794 3180 953 3217 causa
984 3164 1081 3216 viri
1100 3204 1114 3229 ,
1159 3173 1213 3218 et
1253 3164 1325 3217 ita
1360 3164 1417 3220 S.
1458 3164 1778 3220 Ambrosius
1826 3167 1878 3220 in
1908 3158 1952 3218 C
1986 3168 2125 3221 onmi
2152 3185 2333 3237 genere
2361 3168 2579 3238 piscium
2600 3168 2946 3238 congregavit.

282 3255 373 3310 lib.
406 3256 472 3310 de
499 3256 824 3326 Virginitate
868 3271 991 3321 cap.
1023 3256 1078 3321 6,
1114 3272 1234 3326 pag.
1287 3257 1416 3323 220,
1468 3265 1524 3312 et
1562 3258 1613 3312 iu
1669 3259 1762 3313 lib.
1812 3259 1881 3315 de

285 3348 680 3405 Exhortatioue
711 3350 1046 3421 Virginitatis
1073 3364 1195 3420 cap.
1225 3351 1279 3416 5,
1311 3367 1432 3421 pag.
1460 3352 1593 3407 282.

348 3442 538 3496 Matth.
587 3458 706 3511 cap.
742 3458 891 3508 xxvr,
941 3442 1028 3496 ll.
1074 3441 1374 3497 Vercellen.
1432 3460 1603 3497 non...
1654 3458 1745 3516 per
1782 3446 1881 3499 Ιια-

280 3534 460 3589 bebi...
504 3534 707 3606 Supple
766 3535 1014 3591 lacunam
1082 3552 1150 3589 ex
1228 3536 1430 3591 Veron.
1478 3538 1765 3593 Corbeien.
1825 3549 1881 3595 et

281 3627 521 3684 Brixian.
560 3629 652 3699 qui
682 3630 904 3691 habent,
940 3645 1041 3683 non
1079 3644 1280 3697 semper
1305 3628 1571 3684 habebitis.
1596 3638 1651 3683 et
1678 3632 1745 3684 ita
1773 3631 1880 3687 duo

278 3718 467 3775 Greca
512 3719 882 3789 Excmplaria,
918 3737 1017 3776 nec
1059 3736 1164 3776 non
1198 3722 1325 3790 aliq.
1352 3722 1647 3777 Succorum
1678 3726 1878 3795 regina:

281 3826 412 3865 mss.
448 3810 581 3867 bibl.
615 3822 663 3866 et
687 3812 897 3867 Sixtiua
926 3814 1115 3869 editio.

345 3904 539 3959 Matth.
570 3920 691 3973 cap.
757 3922 905 3971 xxvr,
954 3908 1044 3962 6|.
1097 3907 1428 3974 Vercellen.,
1485 3907 1773 3965 Corbeien.
1824 3921 1879 3965 et

279 3997 519 4052 Brixiae.
551 3997 839 4066 wdi/icare,
866 4008 922 4053 et
947 4000 1014 4054 ita
1050 3998 1274 4055 Grmcus
1312 4010 1526 4069 textus,
1551 4009 1606 4055 et
1637 4002 1878 4073 plerique

280 4106 407 4147 mss.
442 4090 502 4147 S.
542 4091 833 4163 Augustini
871 4093 923 4145 in
954 4092 1047 4146 lib.
1083 4108 1116 4146 ιι
1146 4091 1214 4147 de
1241 4108 1511 4147 Consensu
1540 4093 1873 4163 Evangelist.

344 4201 504 4257 Joan.
541 4218 663 4273 cap.
692 4219 734 4266 ι,
763 4202 853 4258 50.
888 4203 1221 4271 Vercellen.,
1267 4204 1469 4259 Veron.
1524 4214 1579 4260 et
1630 4205 1870 4263 Brixian.

278 4296 477 4364 majora
532 4297 740 4361 horum,
787 4305 842 4351 et
886 4296 957 4350 ita
1007 4295 1179 4352 Gra-c.
1224 4300 1382 4368 μείζω
1412 4298 1628 4364 τούτων,
1658 4312 1872 4369 nempe,

277 4391 480 4460 majora
510 4389 613 4443 Itis.

342 4480 535 4536 Matth.
590 4496 711 4551 cap.
757 4496 795 4543 ι,
842 4480 928 4535 16.
984 4480 1287 4537 Vercellen.
1317 4490 1371 4536 et
1399 4481 1869 4539 San-Germanen.

276 4573 355 4625 cui
374 4574 690 4643 desponsata
726 4572 883 4644 Virgo
908 4573 1079 4627 Maria
1100 4614 1113 4636 ,
1138 4575 1312 4645 genuit
1332 4572 1533 4629 Iesum.
1565 4574 1761 4630 Veron.
1792 4576 1875 4628 cui

276 4664 587 4732 desponsata
626 4676 733 4717 erat
775 4663 931 4733 Virgo
960 4663 1150 4717 Maria.
1195 4664 1354 4735 Virgo
1392 4675 1564 4718 autent
1596 4664 1767 4718 Maria
1789 4682 1878 4736 ge-

276 4757 380 4808 nuit
408 4754 615 4808 Iesum.
663 4755 720 4810 S.
776 4754 1110 4810 Gaudentius
1142 4756 1192 4810 in
1224 4757 1398 4810 Serm.
1434 4756 1488 4821 8,
1518 4770 1639 4825 pag.
1670 4755 1761 4819 95,
1791 4757 1876 4810 cui

276 4847 585 4918 desponsata
643 4846 802 4919 Virgo
853 4847 1047 4915 Maria,
1094 4866 1208 4919 qua:
1252 4849 1429 4920 genuit
1455 4849 1656 4903 Iesum.
1688 4848 1870 4906 Codex

279 4938 607 4996 Veronensis
632 4941 685 4994 in
709 4940 863 4995 tertia
895 4941 1309 4996 tessaradecade
1341 4941 1566 4996 Mariam
1608 4940 1867 5011 Virginem

277 5029 327 5085 in
348 5046 515 5087 censu
546 5033 958 5101 generationum
988 5034 1161 5104 ponit,
1210 5048 1334 5088 cum
1384 5035 1585 5089 Sancto
1618 5033 1820 5090 Hilario
1852 5053 1865 5091 :

276 5136 401 5193 ergo
429 5125 575 5178 nulla
603 5122 760 5179 deest
788 5126 1090 5195 generatio.

343 5214 682 5286 Matth.eap.
718 5232 799 5281 ιιι,
854 5217 941 5271 11.
993 5215 1324 5281 Vercellen.,
1374 5218 1462 5288 qui
1508 5227 1677 5272 autent
1714 5220 1867 5273 venit.

278 5308 475 5363 Veron.
526 5309 997 5366 San—Cermauen.
1050 5317 1106 5364 et
1153 5309 1416 5375 Brixian.,
1440 5312 1526 5378 qui
1555 5320 1725 5365 autem
1756 5321 1870 5381 post

274 5416 359 5455 me
394 5403 546 5467 venit,
594 5411 651 5457 et
693 5402 765 5456 ita
824 5402 879 5457 8.
934 5402 1235 5474 Cyprianus
1280 5403 1332 5456 in
1366 5403 1460 5457 lib.
1494 5419 1533 5468 ι,
1565 5403 1877 5461 Testitnou.

270 5492 535 5548 adversus
553 5494 773 5549 Indaaos
799 5496 865 5549 ad
896 5494 1201 5563 Quirinum,
1233 5511 1353 5563 cap.
1382 5496 1473 5562 12,
1502 5511 1623 5567 pag.
1649 5498 1772 5564 545,
1804 5498 1862 5552 8.

269 5586 509 5643 Hilarius
528 5590 579 5643 in
606 5588 790 5643 Tract.
817 5588 873 5643 in
900 5587 1091 5658 psalm.
1117 5604 1302 5653 cxvm,
1335 5597 1467 5644 tom.
1500 5590 1551 5653 1,
1578 5604 1698 5661 pag.
1731 5589 1865 5654 290,

268 5688 321 5734 et
361 5679 421 5735 S.
455 5679 783 5736 Ambrosius
807 5679 863 5736 in
894 5680 1155 5752 Apologia
1207 5681 1376 5737 David
1422 5681 1615 5749 altera,
1649 5696 1770 5754 cap.
1807 5685 1863 5751 8,

273 5789 386 5847 pag.
404 5775 537 5831 722.

2056 3262 2245 3316 Matth.
2295 3277 2413 3334 cap.
2466 3278 2605 3327 ιιιιι,
2647 3262 2739 3315 48.
2824 3260 3127 3316 Vercellen.
3196 3276 3311 3314 cum
3372 3269 3578 3314 aut.....

1982 3364 2261 3420 ess.....ta,
2296 3355 2583 3409 eduxerunt
2612 3372 2725 3410 eam
2754 3355 2832 3408 ad
2868 3355 3028 3420 litus;
3058 3364 3103 3409 et
3132 3355 3361 3407 sedentes
3400 3356 3574 3424 eleg...

1982 3457 2105 3500 runt
2165 3448 2385 3516 optimos
2425 3449 2595 3517 pi.....
2649 3464 2825 3501 su.....
2858 3447 3063 3501 Veron.
3096 3464 3212 3500 cum
3239 3458 3407 3500 autem
3453 3456 3581 3501 esset

1983 3539 2216 3606 impleta,
2244 3539 2526 3592 eduxerunt
2556 3555 2668 3592 eam
2696 3539 2764 3591 ad
2791 3540 2914 3592 litus
2939 3580 2951 3601 ,
2984 3550 3034 3591 et
3064 3539 3293 3591 sedentes
3321 3539 3579 3608 elegerunt

1983 3631 2205 3698 Optimos
2257 3631 2417 3697 pisces
2457 3631 2511 3683 in
2566 3631 2699 3684 uasis
2740 3632 2870 3683 suis.
2917 3629 3407 3694 Sau-Germanen.,
3461 3646 3577 3683 cum

1981 3730 2151 3774 autem
2179 3732 2307 3774 esset
2338 3720 2568 3788 impleta,
2600 3720 2858 3774 duxerunt
2896 3736 3005 3773 eam
3037 3720 3106 3772 ad
3134 3721 3291 3785 litus;
3314 3730 3360 3774 et
3390 3720 3575 3774 seden-

1981 3821 2055 3865 tes
2080 3813 2300 3884 optimos
2330 3813 2589 3883 elegerunt
2635 3814 2687 3865 in
2715 3812 2847 3865 uasis
2883 3815 3010 3866 suis.
3042 3812 3307 3877 Brixiau.,
3336 3827 3453 3865 cum
3478 3828 3576 3864 au-

1981 3915 2083 3959 tem
2107 3905 2322 3973 impleta
2350 3914 2498 3969 esset,
2531 3904 2818 3959 eduxerunt
2846 3921 2955 3958 eam
2987 3905 3054 3957 ad
3085 3905 3206 3957 litus
3227 3947 3241 3971 ,
3272 3916 3317 3958 et
3344 3905 3577 3969 sedente.

1978 4000 2242 4069 elegerunt
2271 3999 2429 4053 bonos
2456 4000 2508 4052 in
2538 3999 2673 4053 vasis
2700 3996 2829 4052 suis.
2861 3998 2918 4052 8.
2956 3998 3275 4052 Ambrosius
3320 3998 3371 4051 in
3420 3998 3513 4052 lib.
3540 4013 3575 4051 v

1981 4092 2247 4147 Hexacm.
2272 4108 2391 4161 cap.
2422 4092 2477 4155 6,
2519 4108 2636 4162 pag.
2681 4092 2773 4157 85,
2814 4108 2929 4145 cum
2950 4101 3119 4145 autem
3142 4101 3268 4145 esset
3286 4092 3571 4161 impletum,

1980 4186 2239 4240 duxerunt
2284 4186 2339 4237 id
2364 4186 2431 4238 ad
2461 4186 2626 4252 littus,
2658 4194 2706 4239 et
2733 4185 2965 4238 sedentes
2993 4184 3252 4255 elegerunt
3274 4183 3494 4253 optimos
3520 4185 3573 4237 in

1978 4280 2113 4332 vasis
2143 4279 2267 4333 suis.

2050 4371 2240 4425 Matth.
2268 4385 2385 4440 cap.
2420 4386 2509 4435 xv,
2536 4369 2629 4424 26.
2663 4368 2967 4423 Vercellen.
3020 4368 3321 4432 Veronen.,
3355 4376 3409 4423 et
3432 4368 3567 4423 Cor-

1977 4463 2182 4527 beien.,
2230 4481 2331 4518 non
2379 4464 2492 4517 licet
2518 4466 2771 4533 accipere,
2823 4471 2877 4517 et
2934 4462 3005 4515 ita
3045 4461 3101 4517 S.
3157 4464 3478 4519 Ambrosius
3518 4465 3571 4520 in

1905 4540 1952 4599 Ῑ)
1982 4558 2227 4612 Euarrat.
2269 4557 2321 4610 iu
2355 4556 2553 4611 Psalm.
2589 4570 2739 4618 xun,
2773 4569 2891 4624 pag.
2926 4554 3053 4617 907,
3090 4554 3330 4610 Brixian.
3360 4571 3572 4626 quoque

1979 4650 2162 4716 habet,
2203 4650 2456 4718 accipere.
2510 4648 2661 4702 Pers.
2706 4648 2831 4701 item
2865 4644 3019 4701 Vers.
3054 4656 3107 4700 et
3137 4646 3194 4700 8.
3228 4646 3462 4700 Hilarius
3494 4647 3571 4701 le-

1975 4752 2127 4814 gunt,
2157 4760 2258 4797 non
2294 4744 2430 4809 licet,
2456 4752 2562 4797 etc.
2615 4743 2654 4797 E
2708 4740 2916 4796 Grtccis
2946 4740 3002 4797 S.
3035 4740 3269 4796 Basilius
3308 4739 3570 4795 Seleucus

1976 4837 2136 4893 habet
2159 4839 2315 4903 ἕξεσι,
2346 4850 2466 4906 pro,
2491 4834 2595 4893 ἕσι.

2043 4931 2237 4987 .loann.
2283 4946 2405 5001 cap.
2456 4948 2533 4996 ιιι,
2566 4931 2652 4986 16.
2688 4929 2996 4986 Vercellen.
3028 4936 3116 4981 vos
3136 4942 3268 4998 aqua
3298 4928 3569 5001 baptizabo

1968 5025 2025 5080 in
2065 5025 2463 5095 pwnitentimnu,
2488 5024 2682 5079 Veron.
2719 5039 2805 5077 vos
2834 5039 2969 5092 aqua
2997 5021 3200 5092 baptizo
3228 5022 3281 5075 in
3320 5024 3569 5093 paeniten-

1971 5121 2117 5175 tiam.
2162 5119 2285 5174 Gat.
2326 5119 2379 5172 in
2411 5118 2730 5189 pauitantia.
2766 5116 2808 5170 Τ
2812 5115 3135 5171 ertullianus
3166 5131 3286 5187 pag.
3320 5116 3567 5181 228,'vos

1971 5215 2083 5267 sola
2109 5212 2402 5284 paenitentia
2427 5212 2592 5281 tingo.

2046 5305 2241 5359 Ioaun.
2284 5300 2414 5372 Cap.
2451 5318 2502 5367 v,
2530 5300 2622 5356 44.
2659 5300 2964 5358 Vercellen.
3000 5310 3047 5355 et
3066 5302 3284 5374 gloriam
3314 5303 3376 5355 ab
3413 5302 3565 5355 unico

1975 5417 2075 5453 non
2102 5396 2372 5465 quwritis?
2402 5395 2697 5465 Veronen.,
2727 5404 2774 5448 et
2808 5396 3054 5450 honorem
3094 5400 3239 5469 ejus,
3268 5395 3451 5463 quiest
3475 5411 3565 5450 so-

1974 5494 2074 5561 lus,
2120 5510 2221 5548 non
2258 5494 2526 5561 qttteritis?
2564 5492 2623 5548 8.
2681 5496 2931 5561 Hilarius,
2963 5506 3011 5549 et
3048 5496 3288 5548 honorem
3316 5495 3450 5565 ejus,
3480 5492 3568 5560 qui

1974 5588 2117 5641 solus
2144 5597 2217 5642 est
2244 5587 2402 5655 Deus,
2431 5604 2532 5642 non
2561 5590 2841 5658 requiritis.

2046 5680 2178 5735 Luc.
2207 5696 2326 5749 cap.
2364 5697 2419 5746 ιι,
2450 5679 2544 5735 22.
2578 5681 2906 5745 Vercellen.,
2938 5689 2985 5733 et
3014 5694 3161 5733 nemo
3190 5679 3328 5735 novit
3351 5680 3465 5752 quis
3493 5689 3569 5735 est

1976 5771 2157 5838 Pater,
2182 5774 2282 5828 nisi
2315 5772 2506 5839 Filius,
2534 5782 2638 5828 etc.
2670 5772 2894 5838 Veron.,
2921 5782 2969 5827 et
2999 5787 3146 5829 nemo
3170 5774 3308 5829 novit
3333 5773 3561 5837 Patrem,
