4054 6198
426 276 489 337 9|
1632 319 1637 323 .
1791 270 2339 329 pnowcouens.
3635 273 3743 335 r92

424 396 527 451 nisi
556 394 750 460 Filius,
782 404 829 448 et
874 409 1133 464 que.......
1163 394 1233 447 vit
1266 390 1519 449 Fili......
1556 374 1663 447 nisi
1714 391 1890 459 Pater,
1921 403 2028 447 etc.
2062 403 2112 461 Α
2138 396 2379 463 quoniam
2402 403 2811 447 consummatum
2856 401 2967 447 erat
3010 392 3186 466 vinum
3225 392 3546 463 nuptiarum;
3574 402 3631 450 et
3665 394 3739 448 ita

428 486 663 543 Sanctus
722 486 956 541 lren:cus
986 486 1036 538 in
1063 486 1156 538 lib.
1207 501 1245 538 ιι
1294 495 1484 540 contra
1529 485 1780 540 lianreses
1812 497 1944 540 tom.
1990 500 2029 547 ι,

430 592 555 648 ρης.
592 578 717 642 122,
761 594 905 630 nemo
933 576 1193 647 cognoscit
1227 575 1467 643 Patrem,
1517 576 1616 631 nisi
1648 575 1843 639 Filius,
1872 593 2033 645 neque

429 670 652 738 Filium,
677 670 797 735 nisi,
825 669 1005 735 Pater,
1028 680 1134 723 etc.

502 763 688 817 Matth.
720 778 840 831 cap.
874 778 953 829 ιιι,
1008 762 1061 817 9.
1096 763 1426 826 Vercellen.,
1457 774 1508 818 et
1531 765 1689 818 nolite
1710 764 2028 819 existimare.

436 853 707 909 Veronen.
740 864 793 909 et
826 856 1064 909 Brixian.
1117 863 1165 909 et
1212 856 1369 910 nolite
1408 861 1651 927 prtcferre
1692 873 1799 911 vos.
1848 857 2032 913 Codex

433 965 650 1021 quoque
680 950 1171 1019 regio-Gallicanus
1205 952 1263 1007 8.
1296 951 1487 1006 Hilarii
1519 962 1674 1007 tract.
1723 953 1776 1007 in
1828 952 2030 1006 Psalm.

433 1059 563 1109 va,
594 1044 795 1098 relatus
822 1045 890 1098 ab
914 1045 1213 1100 editoribus
1238 1046 1296 1101 S.
1324 1045 1495 1100 Mauri
1520 1059 1650 1101 tom.
1684 1062 1723 1114 ι,
1753 1062 1875 1117 ρης.
1903 1047 2030 1113 201,

437 1137 621 1200 habet,
659 1138 926 1206 prwferre,
959 1147 1064 1193 etc.

510 1228 699 1283 Matth.
726 1245 846 1298 cap.
874 1246 927 1295 ν,
961 1230 1053 1285 11.
1086 1230 1420 1295 Vercellen.,
1456 1248 1574 1285 cum
1598 1248 1684 1286 vos
1704 1232 2032 1299 maledicent,

437 1331 485 1376 et
516 1332 906 1391 persequentur,
941 1335 985 1376 et
1013 1324 1183 1378 dicent
1225 1341 1591 1380 omne.........
1627 1328 1903 1397 justitiam.
1933 1327 2037 1381 Ve-

437 1433 583 1483 ron.,
618 1434 735 1471 cum
770 1433 857 1471 vos
901 1417 1210 1473 maledi.....
1243 1430 1568 1489 quent.......
1604 1432 1714 1474 cent
1746 1437 1895 1475 omne
1921 1438 2038 1474 nta-

440 1510 548 1563 lum
579 1510 845 1563 adversam
875 1526 964 1564 vos
1002 1521 1209 1582 propter
1226 1513 1507 1584 justitiam.
1541 1512 2033 1579 Sun-Germauen.,

449 1603 774 1668 maledicent,
823 1613 870 1656 et
898 1616 1285 1674 persequentur,
1339 1615 1384 1660 et
1433 1607 1603 1660 dicent
1655 1623 1802 1661 omne
1850 1608 2039 1661 malum

444 1693 712 1747 adversum
743 1712 829 1749 ros
856 1707 1062 1765 propter
1102 1699 1399 1766 justitiam,
1429 1709 1485 1754 et
1530 1699 1603 1753 ita
1635 1700 1692 1755 8.
1724 1700 2040 1754 Ambrosius

445 1788 500 1842 in
545 1788 637 1840 lib.
674 1804 686 1842 l
720 1788 786 1843 de
815 1787 971 1844 Oflic.
1016 1789 1251 1845 Ministr.
1304 1806 1426 1861 cap.
1482 1793 1570 1859 16,
1625 1808 1745 1863 pag.
1789 1794 1876 1855 17,
1910 1794 2038 1848 etin
2074 1800 2118 1860 Β

445 1880 538 1934 lib.
572 1897 631 1947 ll,
656 1896 775 1951 cap.
815 1883 869 1947 5,
921 1898 1041 1951 pag.
1089 1885 1175 1940 75.
1217 1884 1453 1939 llilarius
1496 1900 1712 1955 quoque
1754 1885 2035 1952 diaconus,

448 1974 549 2028 sub
606 1974 876 2029 Ambrosii
920 1976 1141 2031 nomine
1190 1977 1471 2046 vulgatus,
1528 1977 1581 2031 iu
1638 1986 1931 2032 comment.
1990 1978 2040 2031 iu

448 2068 609 2137 epist.
635 2070 692 2123 S.
729 2068 877 2123 Pauli
910 2070 977 2124 ad
1011 2069 1167 2124 [ἶοιιι.
1203 2085 1323 2138 pag.
1356 2069 1447 2135 52,
1482 2086 1599 2123 cum
1625 2086 1712 2124 vos
1742 2086 2046 2139 persequen-

451 2169 554 2225 tur,
582 2171 631 2216 et
658 2162 828 2217 dicent
877 2179 1025 2217 omne
1068 2163 1262 2217 malum
1288 2164 1560 2218 adversum
1586 2180 1671 2218 vos
1694 2176 1907 2235 propter
1925 2168 2046 2236 jus-

448 2254 639 2309 titiam.
668 2254 799 2309 Item
831 2255 1097 2317 Brixian.,
1130 2266 1514 2327 persequentur.

524 2345 711 2399 Matth.
743 2360 863 2416 cap.
894 2363 947 2413 κ,
983 2348 1068 2402 10.
1102 2348 1406 2403 Vercellen.
1442 2364 1605 2419 neque
1648 2349 1845 2419 virgas;
1876 2346 1935 2403 et
1977 2348 2044 2401 ita

452 2434 637 2505 legunt
662 2437 849 2507 Steph.
882 2439 1044 2494 codd.
1071 2442 1157 2495 10.
1192 2441 1345 2497 Bodl.
1388 2441 1445 2507 4,
1496 2441 1681 2496 Vcsul.
1716 2444 1769 2507 1,
1800 2441 1966 2497 llum.
1995 2442 2047 2504 1,

456 2528 644 2584 USser.
671 2531 729 2595 2,
762 2529 933 2585 Laud.
958 2532 1013 2597 2,
1038 2532 1235 2603 aliique
1261 2534 1644 2604 quamplurimi
1672 2534 2049 2596 vetustissimi,

454 2622 523 2675 de
553 2623 746 2690 quibus
780 2624 886 2678 late
913 2624 1132 2681 Miltius.
1177 2626 1312 2680 Huic
1342 2628 1556 2681 leCtioui
1583 2627 1853 2683 consentit
1884 2627 2047 2681 etiam

457 2714 630 2768 Lucas
661 2729 780 2778 cap.
809 2730 881 2783 Ix,
915 2718 968 2771 5.

530 2807 714 2862 Matth.
744 2822 865 2877 cap.
897 2823 957 2872 ιι,
992 2807 1083 2863 42.
1128 2808 1459 2875 Vercellen.,
1495 2810 1676 2879 peribit
1701 2824 1892 2863 merces
1920 2810 2051 2879 ejus.

461 2901 665 2956 Veron.
694 2903 877 2973 peribit
908 2919 1097 2957 merces
1150 2918 1265 2956 sua.
1297 2902 1531 2973 Vulgata
1572 2903 1758 2957 Italica
1798 2903 1952 2957 initio
1982 2904 2059 2957 le-

458 2994 639 3064 gebat,
667 2995 849 3063 peribit
875 3012 1066 3050 nu'rces
1094 3006 1260 3049 vestra
1280 3037 1294 3061 ,
1327 2996 1499 3064 inquit
1527 2995 1727 3049 Millius
1757 2996 1807 3049 in
1842 2995 2055 3064 Prolcg.

461 3101 583 3155 pag.
627 3087 716 3152 42,
767 3104 887 3141 cum
919 3089 979 3143 8.
1020 3088 1313 3160 Cypt-iano.
1366 3088 1635 3143 Hodierna
1664 3089 1862 3161 lectio,
1894 3088 2059 3143 Marci

461 3194 582 3232 esse
612 3178 844 3242 videtur,
879 3182 984 3235 huc
1009 3182 1121 3251 jam
1153 3183 1282 3236 olim
1330 3182 1614 3237 translata.

533 3269 721 3324 Matth.
769 3288 887 3340 cap.
935 3288 1047 3337 XIII,
1104 3275 1188 3328 15.
1228 3274 1534 3329 Vercellen.
1565 3284 1620 3327 ut
1677 3275 1901 3329 videntes
1955 3291 2059 3328 non

461 3362 683 3428 uideant,
711 3374 755 3416 et
787 3363 1052 3419 audientes
1080 3382 1180 3419 non
1210 3367 1450 3421 audiant.
1476 3367 1678 3422 Veron.
1702 3374 1758 3420 et.
1783 3365 2057 3421 Sun-Ger-

463 3469 680 3510 maneu.
713 3466 766 3509 ut
806 3457 1030 3512 videntes
1061 3475 1159 3513 non
1192 3459 1419 3525 videant,
1451 3470 1497 3512 et
1528 3460 1795 3512 audientes
1823 3459 2059 3523 audiant,

459 3557 505 3599 ct
539 3564 639 3600 non
672 3549 984 3619 intelligant.
1012 3550 1325 3616 Corbeien.,
1358 3561 1415 3606 ut
1444 3551 1670 3606 videntes
1703 3568 1803 3605 non
1833 3552 2059 3616 videant,

461 3646 512 3692 et
533 3641 791 3698 audientes
815 3659 915 3696 non
937 3644 1173 3705 audiant,
1199 3660 1359 3714 neque
1378 3644 1690 3711 intelligant.
1716 3642 1773 3697 8.
1803 3642 2055 3707 lreumus,

463 3742 518 3785 ut
550 3734 773 3787 videntes
799 3753 902 3789 nun
928 3738 1129 3790 videant
1153 3779 1167 3802 ,
1199 3749 1243 3792 et
1274 3737 1539 3791 audientes
1568 3740 1681 3790 non
1711 3736 1949 3800 audiant,
1982 3736 2063 3788 in-

466 3825 750 3897 telligentes
777 3845 876 3881 non
900 3830 1213 3899 intelligant.

560 3921 749 3977 Matth.
807 3939 923 3993 cap.
956 3941 1044 3979 ιιι-ι
1073 3966 1085 3988 ,
1114 3925 1211 3980 22.
1276 3924 1586 3979 Vercellen.
1637 3927 1893 3997 propitius
1932 3927 2019 3981 tibi
2048 3968 2062 3991 ,

473 4011 713 4078 Domine,
746 4031 847 4067 non
879 4016 971 4067 erit
1021 4016 1209 4080 istud,
1240 4006 1299 4069 et
1326 4017 1395 4069 ita
1424 4016 1481 4070 S.
1515 4017 1750 4070 Hilarius
1781 4019 1832 4069 in
1870 4018 1962 4071 lib.
2010 4034 2063 4073 Vl

472 4105 541 4160 de
564 4106 828 4162 'l‘rinitate
876 4119 1008 4162 tom.
1033 4124 1091 4175 ιι,
1123 4125 1242 4178 ρης.
1270 4109 1394 4163 102.
1422 4110 1620 4164 Veron.
1643 4111 1771 4163 absit
1795 4127 1826 4163 a
1852 4120 1918 4175 te,
1946 4129 2066 4181 pro—

475 4199 634 4269 pitius
654 4212 791 4263 esto,
819 4198 1069 4267 Domine,
1097 4216 1199 4254 non
1226 4203 1319 4254 erit
1351 4201 1494 4254 istut.
1539 4200 1778 4257 Brixian.
1815 4204 2069 4275 propitius

474 4302 578 4370 esto
610 4292 735 4357 tibi,
778 4290 1018 4357 Domine,
1040 4300 1170 4359 etc,
1217 4303 1270 4345 ct
1293 4295 1359 4345 ita
1487 4293 1723 4349 llilarius
1746 4338 1760 4361 ,
1792 4295 1910 4349 loco
1951 4299 2065 4349 latt-

473 4381 633 4445 dato,
681 4384 733 4437 in
760 4386 990 4455 quodam
1014 4387 1198 4441 codice
1227 4385 1483 4442 Vaticano
1511 4405 1525 4452 ;
1568 4388 1803 4457 itemque
1828 4388 1880 4443 in
1907 4387 2065 4444 Com-

476 4491 644 4533 utaut.
682 4481 731 4534 in
757 4484 897 4536 hunc
930 4482 1159 4536 Matthayi
1191 4483 1388 4537 locum.

2136 486 2193 541 S.
2224 486 2562 542 Gaudentius
2588 486 2640 540 in
2672 485 2922 541 Sermon.
2949 501 3063 547 vni.
3097 501 3153 555 p.
3178 484 3258 541 88
3313 495 3368 540 et
3399 501 3453 555 p.
3480 487 3571 552 97,
3602 502 3742 542 con-

2133 579 2251 633 sule
2278 580 2359 635 Cl.
2393 579 2642 634 Galeardi
2679 579 3003 633 Editionem.
3040 578 3317 632 Veronen.
3348 588 3394 632 et
3423 580 3599 634 uinum
3638 597 3745 634 non

2136 672 2407 733 habebant,
2439 675 2680 740 quoniam
2712 673 2917 741 ﬁnitum
2934 681 3039 725 erat
3065 672 3240 725 vinum
3262 672 3579 741 nuptiarum.
3609 674 3744 728 Cor-

2134 765 2314 820 beien.
2346 807 2362 831 ,
2408 774 2452 818 et
2483 767 2660 818 vinum
2689 781 2789 818 non
2821 763 3072 818 habebant
3097 805 3111 829 ,
3142 765 3388 830 quoniam
3418 781 3746 820 consumam-

2136 866 2244 911 tum
2274 866 2346 911 est
2369 857 2543 911 vinum
2568 858 2895 926 nuptiarum.

2206 950 2400 1005 Joann.
2434 965 2554 1019 cap.
2585 966 2665 1015 ιιι,
2708 950 2795 1005 56.
2834 950 3136 1004 Vercellen.
3169 950 3257 1018 qui
3281 950 3497 1005 indicto
3528 950 3746 1005 inobau-

2135 1043 2279 1097 diens
2310 1054 2380 1098 est
2410 1042 2581 1107 Filio,
2609 1043 2667 1097 8.
2701 1042 3006 1114 Cyprianus
3034 1042 3086 1096 in
3136 1041 3228 1097 lib.
3256 1058 3292 1097 ιι
3340 1042 3605 1097 adversus
3649 1043 3745 1098 Ju-

2136 1133 2283 1189 dzcos
2309 1150 2429 1203 cap.
2457 1135 2525 1189 27
2548 1176 2560 1198 ,
2595 1149 2715 1204 ρης.
2751 1135 2849 1188 561
2882 1175 2897 1199 ,
2927 1135 3015 1199 qui
3041 1133 3178 1187 dicto
3214 1150 3319 1187 non
3344 1133 3559 1188 audiens
3583 1143 3659 1189 est
3689 1135 3744 1188 in

2138 1227 2358 1282 Filium.
2391 1228 2616 1294 Quidam
2649 1242 2753 1281 ms.
2786 1227 2907 1281 cod.
2940 1227 3189 1296 ejusdem
3218 1229 3403 1298 operis
3428 1227 3487 1284 8.
3519 1228 3746 1300 Cypria-

2140 1321 2193 1375 ni
2226 1322 2276 1374 in
2317 1321 2435 1374 loco
2466 1322 2636 1374 citato
2664 1319 2849 1385 habet,
2872 1320 2969 1388 qui
2988 1321 3042 1372 in
3071 1318 3209 1372 dicto
3237 1320 3533 1375 inobediens
3557 1331 3632 1376 est
3653 1321 3748 1375 Fi-

2139 1412 2229 1467 lio.
2278 1412 2544 1467 Veronen.
2581 1412 2871 1466 Corbeien.
2918 1421 2972 1465 et
3011 1410 3251 1465 Brixian.
3296 1413 3383 1481 qui
3427 1422 3596 1467 autem
3644 1430 3747 1467 non

2140 1505 2303 1560 credit
2333 1505 2491 1559 Filio.
2516 1506 2572 1561 S.
2599 1504 2931 1575 Augustinus
2960 1504 3010 1558 in
3038 1503 3320 1559 Enchirid.
3346 1504 3415 1561 de
3435 1505 3585 1572 Fide,
3612 1505 3748 1576 Spe,

2143 1607 2199 1653 et
2224 1598 2523 1665 Charitatc,
2560 1608 2691 1652 tum.
2723 1613 2795 1665 Vl,
2831 1613 2952 1669 pag.
2978 1597 3108 1664 209,
3138 1598 3224 1667 qui
3251 1607 3423 1652 autem
3462 1616 3565 1653 non
3590 1600 3753 1653 credit

2143 1692 2199 1746 in
2241 1691 2461 1745 Filium.

2218 1785 2375 1839 Joan.
2403 1800 2523 1854 cap.
2559 1801 2633 1850 VI,
2666 1785 2755 1840 58.
2790 1784 3095 1840 Vercellen.
3245 1786 3331 1856 qui
3356 1803 3437 1840 me
3461 1786 3618 1853 misit,
3650 1784 3757 1841 Pa-

2147 1879 2257 1932 tris.
2298 1878 2565 1932 Veronen.
2591 1919 2606 1943 ,
2639 1877 2749 1932 Nec
2773 1879 2907 1932 enim
2929 1876 3171 1933 descendi
3190 1879 3254 1931 de
3283 1880 3440 1945 caelo,
3476 1886 3532 1932 ut
3562 1879 3756 1948 faciam

2144 1972 2460 2027 voluntatem
2489 1988 2677 2037 meam,
2710 1971 2799 2025 sed
2829 1973 3140 2026 voluntatem
3169 1971 3349 2025 Patris
3368 2011 3383 2035 ,
3420 1972 3510 2042 qui
3551 1987 3633 2025 me
3660 1973 3759 2025 nti-

2146 2065 2233 2119 sit.
2291 2066 2698 2119 Ambrosiastcr
2745 2064 2797 2118 iu
2846 2064 3006 2133 epist.
3061 2064 3127 2117 ad
3180 2064 3408 2117 Ruinau.
3477 2077 3598 2133 cap.
3653 2064 3755 2128 14,

2152 2172 2273 2227 pag.
2312 2155 2416 2211 104
2446 2175 2457 2210 :
2501 2156 2626 2229 Non
2651 2158 2785 2235 enipi
2818 2157 3060 2211 descendi
3090 2156 3155 2210 de
3184 2158 3331 2223 coelo,
3364 2166 3416 2211 ut
3443 2160 3633 2227 faciam
3668 2174 3758 2212 vo—

2153 2252 2400 2305 luntatem
2444 2268 2610 2305 nteant
2634 2292 2650 2317 ,
2694 2251 2783 2304 sed
2825 2251 3136 2305 voluntatem
3170 2254 3295 2324 'ejus
3327 2292 3342 2319 ,
3392 2253 3480 2322 qui
3512 2253 3651 2306 misit
3681 2269 3760 2306 me

2156 2342 2358 2398 Patris.

2226 2438 2384 2495 Joan.
2411 2452 2531 2506 cap.
2562 2452 2657 2499 xu.
2689 2435 2777 2491 35.
2840 2434 3206 2492 Vercellensis
3229 2476 3243 2499 ,
3291 2435 3621 2491 Veronensis
3645 2478 3661 2503 ,
3706 2445 3763 2490 et

2156 2531 2528 2597 Corheiensis,
2559 2531 2749 2586 Adhuc
2775 2531 3031 2584 modicum
3053 2539 3269 2600 tempus.
3304 2529 3545 2585 Brisian.
3573 2529 3760 2584 Adhuc

2152 2626 2411 2681 modicum
2426 2623 3125 2694 temporis.TextusGr;ecus
3137 2621 3510 2693 quoqueaddit
3531 2620 3754 2699 χρόνον,

2158 2720 2210 2774 id
2234 2729 2316 2773 est
2346 2729 2546 2785 tempus
2570 2734 2583 2779 ;
2617 2732 2737 2787 quae
2766 2730 2867 2771 vos
2899 2717 2950 2770 in
2981 2715 3202 2785 Vulgata
3226 2714 3448 2783 aliisque
3475 2714 3762 2769 codicibus

2163 2812 2437 2868 nonnullis
2467 2810 2827 2865 desideratur.

2231 2905 2387 2960 Joan.
2421 2918 2541 2972 cap.
2569 2918 2681 2970 xw,
2713 2904 2766 2956 7.
2804 2899 3131 2964 Vercellen.,
3163 2898 3227 2953 Si
3254 2914 3337 2952 me
3363 2896 3688 2969 cognovistis,
3719 2906 3766 2950 et

2162 2996 2373 3051 Patrem
2395 3012 2559 3048 meum
2589 2994 2917 3067 cognovistis.
2954 2992 3152 3046 Veron.
3178 3000 3233 3045 et
3258 2990 3549 3045 Corbeien.
3578 2989 3622 3042 si
3646 3004 3767 3059 cog-

2164 3089 2375 3143 novistis
2399 3104 2479 3140 me
2498 3129 2511 3152 ,
2542 3097 2589 3139 et
2617 3084 2830 3139 Patrem
2857 3098 3021 3138 meum
3052 3083 3381 3152 cognovistis.
3424 3080 3481 3137 8.
3516 3080 3770 3149 Augusti-

2088 3192 2132 3254 C
2166 3200 2266 3239 nus
2290 3185 2339 3237 in
2367 3183 2523 3237 .loan.
2559 3182 2815 3252 Evangcl.
2844 3196 2963 3250 cap.
2993 3180 3082 3241 14,
3117 3178 3300 3232 Tract.
3331 3176 3424 3242 71,
3445 3174 3604 3239 6172,
3632 3184 3765 3226 ῑοιιι.

2167 3293 2224 3331 ιιι
2253 3319 2265 3341 ,
2294 3292 2410 3346 par.
2438 3275 2472 3328 2
2498 3316 2510 3338 ,
2548 3291 2668 3345 pag.
2693 3274 2799 3329 685
2823 3315 2839 3338 ,
2872 3274 2915 3327 si
2947 3271 3258 3342 cognovistis
3288 3284 3368 3322 me
3396 3306 3412 3331 ,
3458 3275 3506 3320 et
3556 3265 3771 3319 Patrem

2168 3388 2333 3425 meum
2362 3371 2532 3441 utique
2562 3369 2888 3439 cognovistis.
2924 3368 3133 3421 Erasm.
3177 3376 3231 3419 et
3262 3362 3403 3419 Gall.
3447 3376 3581 3417 mss.
3615 3361 3773 3415 item-

2169 3485 2269 3536 que
2317 3468 2375 3523 8.
2407 3469 2645 3522 lrenmus
2695 3466 2745 3519 in
2786 3464 2880 3518 lib.
2914 3479 2963 3517 tv
2990 3504 3003 3529 ,
3036 3469 3225 3516 contra
3260 3460 3502 3513 haereses
3530 3455 3769 3520 habent,

2166 3564 2210 3615 si
2232 3561 2539 3631 cOgnovistis
2567 3575 2666 3613 me.
2704 3559 2770 3613 Et
2793 3558 2866 3613 ita
2893 3558 2949 3613 S.
2987 3556 3224 3612 Hilarius
3252 3555 3305 3609 in
3332 3553 3429 3609 lib.
3474 3567 3544 3606 vn
3570 3550 3635 3605 de
3653 3549 3774 3603 Tri-

2170 3656 2354 3718 nitate,
2390 3664 2520 3707 tom.
2558 3668 2614 3715 ιι,
2649 3668 2769 3721 pag.
2801 3650 2927 3705 202.

2239 3748 2398 3803 .Ιοηιι.
2427 3761 2548 3814 cap.
2584 3759 2676 3798 xw
2699 3784 2712 3809 ,
2748 3744 2835 3799 10.
2894 3739 3225 3804 Vercellen.,
3255 3737 3528 3793 Veronen.
3564 3743 3619 3790 et
3647 3733 3771 3788 Bri-

2170 3841 2315 3894 xiau.
2343 3882 2355 3901 ,
2390 3855 2491 3891 non
2529 3837 2739 3890 credis?
2775 3844 2829 3888 et
2860 3836 2933 3887 ita
2962 3830 3021 3888 S.
3056 3831 3292 3886 Hilarius
3334 3830 3392 3884 in
3450 3828 3545 3883 lib.
3598 3842 3672 3881 vn
3708 3826 3777 3881 tle

2166 3932 2453 3995 Triuitate,
2486 3940 2616 3983 tom.
2647 3944 2705 3993 ιι,
2738 3943 2856 3998 pag.
2891 3926 3021 3989 202,
3049 3935 3102 3980 et
3133 3922 3351 3994 quidam
3380 3936 3511 3977 mss.
3536 3920 3683 3984 cod.,
3710 3921 3772 3973 8.

2170 4026 2422 4081 Ambros.
2468 4025 2519 4077 in
2575 4024 2670 4077 lib.
2714 4039 2731 4077 ι
2780 4019 3021 4090 Exposit.
3066 4017 3324 4087 Evangel.
3373 4031 3483 4070 sec.
3534 4015 3666 4069 Luc.
3713 4028 3771 4083 p.

2175 4120 2311 4174 1267
2340 4163 2352 4173 .
2383 4119 2436 4173 8.
2471 4116 2805 4187 Augustinus
2862 4129 2991 4167 vero
3034 4112 3085 4165 in
3117 4111 3370 4166 Sermon.
3416 4107 3481 4161 ad
3512 4105 3779 4162 Catechu-

2173 4227 2382 4277 mentis,
2413 4223 2542 4265 tom.
2573 4225 2644 4273 tv,
2681 4222 2804 4278 pag.
2833 4206 2959 4270 559,
2984 4220 3158 4258 annon
3179 4201 3414 4271 agnoscis
3441 4199 3466 4253 ?

2242 4305 2398 4361 Joan.
2434 4320 2552 4371 cap.
2585 4318 2698 4367 M1,
2728 4301 2813 4355 14.
2862 4296 3171 4352 Vercellen.
3203 4291 3587 4362 honoriﬁcavit;
3615 4298 3672 4361 et
3703 4288 3778 4343 ita

2173 4399 2231 4454 8.
2269 4398 2504 4452 llilarius
2527 4398 2577 4450 in
2604 4396 2696 4449 lib.
2755 4410 2813 4449 ιιι
2854 4392 2922 4446 de
2944 4390 3205 4445 'l'rinitate
3230 4427 3247 4455 ,
3297 4400 3427 4442 tom.
3456 4401 3533 4450 ιι,
3574 4399 3628 4455 p.
3660 4384 3728 4440 47
3762 4422 3780 4447 ,

2179 4492 2440 4555 Brixian.,
2473 4488 2745 4559 clariﬁcat.

552 4574 739 4653 Matth.
775 4590 893 4646 cap.
928 4592 1068 4643 xvtt,
1096 4577 1186 4630 20.
1230 4577 1529 4631 Vercellen.
1553 4616 1568 4641 ,
1606 4592 1764 4646 genus
1796 4575 2069 4631 Dtemonii.
2102 4585 2155 4651 D
2250 4583 2405 4639 Joan,
2436 4597 2559 4645 cap,
2599 4597 2692 4645 xx,
2719 4578 2813 4633 22,
2851 4577 3070 4640 Veram,
3107 4575 3204 4630 hoc
3226 4618 3239 4641 ,
3274 4584 3328 4629 οι
3359 4574 3432 4629 ita
3462 4572 3520 4629 s,
3551 4569 3785 4627 Αιῃιηοο-

481 4667 780 4732 Vcroacn.,
814 4684 970 4736 genus
997 4667 1397 4721 Dtemoniorum.
1431 4668 1486 4723 8.
1522 4669 1837 4723 Ambrosius
1861 4684 2074 4737 quoque

477 4760 533 4812 in
559 4759 717 4830 epist.
749 4760 822 4815 42
867 4759 1026 4831 prim.
1057 4762 1241 4826 class.,
1280 4776 1403 4830 pag.
1435 4761 1539 4815 969
1568 4802 1581 4827 ,
1614 4771 1668 4815 et
1695 4762 1747 4815 in
1773 4766 1934 4830 epist.
1967 4762 2070 4827 05,

478 4864 600 4919 pag.
637 4853 793 4915 1026,
822 4854 990 4918 addit,
1019 4851 1423 4908 Dwmoniorum.

551 4943 736 4997 Matth.
768 4961 887 5014 cap.
916 4962 1049 5008 xxv,
1080 4946 1170 5000 41.
1207 4946 1504 5000 Vercellen.
1529 4986 1541 5009 ,
1573 4945 1712 5016 quod
1733 4947 1931 5016 paravit
1962 4945 2074 4999 Pa-

483 5042 560 5086 ter
586 5051 742 5088 meus.
804 5038 999 5092 Veron.
1035 5049 1086 5092 et
1120 5036 1408 5092 Corbeien.
1437 5077 1451 5102 ,
1499 5054 1642 5105 quem
1690 5038 1887 5108 paravit
1920 5036 2079 5092 Pater

484 5145 645 5183 meus.
682 5130 739 5184 8.
770 5130 1004 5186 [renatus
1032 5133 1083 5185 in
1112 5132 1205 5187 lib.
1239 5147 1327 5199 ιιι,
1360 5142 1547 5185 contra
1592 5130 1828 5184 haereses
1874 5141 2001 5184 tom.
2027 5145 2077 5195 ι,

485 5237 605 5293 pag.
640 5220 739 5274 221
769 5264 783 5286 ,
818 5234 867 5275 ει
900 5225 950 5277 iu
987 5225 1077 5277 lib.
1113 5240 1165 5278 tv
1192 5268 1204 5286 ,
1234 5241 1355 5295 pag.
1386 5226 1493 5280 2ῖό
1518 5266 1532 5290 ,
1578 5240 1726 5295 quem
1775 5226 2081 5293 prtepararit

492 5315 647 5370 Pater
687 5332 847 5379 meus,
886 5326 941 5371 et
982 5318 1050 5371 ita
1114 5319 1268 5373 lectio
1313 5322 1547 5389 antiqua:
1567 5319 1829 5374 versionis
1856 5320 2076 5384 Italiczc,

485 5424 643 5475 quam
677 5406 846 5462 cdidit
871 5406 952 5462 Cl.
986 5409 1043 5463 Ι).
1078 5411 1308 5463 dmnnus
1338 5412 1701 5466 Martianmus.

560 5500 745 5557 Matth.
777 5516 897 5573 cap.
931 5518 1060 5569 xxv,
1094 5502 1187 5569 29,
1224 5502 1549 5571 Vercellen.,
1580 5506 1848 5560 Veronen.
1873 5514 1923 5560 et
1952 5503 2085 5560 Cor-

488 5591 699 5656 bcien.,
744 5596 881 5662 quod
919 5597 1065 5651 habet
1093 5638 1106 5664 ,
1141 5601 1439 5668 auferetur,
1480 5606 1537 5652 et
1578 5599 1647 5652 ita
1676 5598 1733 5654 8.
1767 5598 1997 5653 llilarius
2030 5600 2085 5654 in

485 5688 853 5745 Commentar.
887 5693 937 5746 in
969 5692 1302 5758 Malthmum,
1328 5707 1448 5763 cap.
1476 5691 1567 5746 27.

563 5781 759 5838 Joann.
787 5798 906 5855 cap.
928 5803 987 5854 ιι,
1012 5790 1068 5843 5.
1088 5788 1395 5845 Vercellen.
1420 5798 1467 5845 et
1489 5791 1662 5843 vinum
1686 5803 1787 5843 non
1810 5787 2081 5859 habebant,

2178 4677 2291 4731 sius
2318 4678 2368 4729 in
2401 4674 2661 4743 exposit.,
2692 4673 2894 4727 Psalm.
2923 4684 3113 4734 csvtu,
3149 4682 3270 4737 pag.
3292 4665 3453 4724 1092.

2251 4772 2408 4825 .Ι‹›ηιι.
2440 4785 2561 4835 cap.
2594 4783 2682 4833 xx,
2714 4767 2809 4820 25.
2842 4762 3154 4819 Vercellen.
3183 4803 3199 4829 ,
3226 4761 3271 4815 si
3301 4762 3450 4830 cujus
3486 4756 3786 4814 remiseritis

2183 4872 2410 4934 peccata,
2438 4862 2651 4914 remissa
2674 4867 2820 4913 erunt
2842 4858 2943 4920 illi,
2973 4856 3016 4909 si
3044 4858 3190 4927 cujus
3213 4854 3477 4909 tenueritis
3496 4893 3512 4918 ,
3540 4850 3787 4906 tenebun-

2180 4966 2283 5010 tur.
2331 4954 2532 5007 Verou.
2572 4963 2614 5007 et
2641 4968 2857 5021 quorum
2882 4949 3202 5002 detinueritis
3227 4989 3242 5012 ,
3274 4946 3479 5001 detenta
3506 4954 3687 5007 erunt,
3726 4951 3786 4998 et.

2180 5051 2251 5104 ita
2282 5048 2339 5103 8.
2376 5047 2690 5103 Ambrosius
2720 5047 2772 5099 in
2795 5045 2887 5100 lib.
2920 5044 2986 5097 de
3005 5041 3391 5097 Exhortatione
3414 5038 3627 5107 Virgiu.
3651 5050 3778 5105 cap.

2183 5146 2238 5205 5,
2266 5152 2321 5197 et
2343 5143 2436 5195 lib.
2472 5156 2486 5195 t
2516 5141 2583 5194 (lc
2637 5140 2832 5193 Pmnit.
2866 5152 2985 5205 cap.
3016 5136 3082 5198 2,
3112 5150 3229 5205 ρης.
3258 5133 3387 5199 591,
3419 5131 3542 5186 Gal.
3579 5170 3594 5183 .
3617 5170 3631 5183 .
3655 5169 3668 5182 .
3703 5144 3787 5183 rc-

2186 5238 2453 5289 mittentur
2504 5234 2578 5287 eis
2602 5275 2616 5296 ,
2670 5241 2716 5286 et
2751 5245 2969 5300 quorum
2999 5226 3321 5282 detinueritis
3345 5265 3361 5289 ,
3412 5225 3613 5277 detenta
3642 5231 3781 5275 sunt.

2185 5329 2424 5383 Brixian.
2458 5328 2499 5379 si
2524 5327 2607 5378 cui
2649 5322 2943 5377 remis-eritis
2970 5330 3176 5389 peccata
3201 5358 3215 5380 ,
3260 5318 3591 5371 remittuntur
3615 5315 3664 5367 ei
3688 5355 3703 5376 ,
3742 5313 3789 5366 si

2183 5422 2330 5489 cujus
2359 5418 2675 5473 detinueritis
2708 5458 2720 5479 ,
2751 5414 3129 5468 deinebuntur.
3169 5410 3225 5466 8.
3251 5408 3548 5481 Cyprianus
3579 5409 3631 5462 in
3660 5408 3789 5474 Epi-

2186 5513 2324 5567 Stola
2357 5513 2427 5567 75
2456 5553 2469 5575 ,
2504 5526 2625 5582 pag.
2656 5509 2764 5564 202
2790 5550 2803 5573 ,
2835 5509 2878 5561 si
2900 5506 3049 5575 cuius
3244 5502 3564 5556 remittemur
3589 5500 3710 5564 illi,
3738 5508 3789 5553 ct

2186 5605 2231 5657 si
2256 5604 2404 5673 cujus
2432 5602 2713 5668 tenueritis,
2738 5600 3059 5655 tenebuntur.

2261 5696 2391 5752 Luc.
2418 5712 2538 5766 cap.
2564 5711 2602 5759 1,
2636 5694 2726 5751 50.
2762 5692 3064 5747 Vercellen.
3094 5729 3109 5754 ,
3142 5690 3197 5742 in
3231 5686 3540 5741 steculorum
3573 5684 3786 5739 stecttla.

2190 5789 2417 5859 Veron.,
2440 5790 2493 5843 in
2516 5788 2705 5845 stt'cula
2729 5785 3056 5841 swculorum.
3090 5780 3379 5837 Corbeien.
3412 5787 3469 5835 ct
3502 5777 3744 5835 Brixian.
3771 5815 3791 5847 ,
