  <div class='ocr_page' id='page_1' title='image "/cluster/home/n/w/nwhite01/storage/ocr_20150623/12/hvd.32044096580410/052.png"; bbox 0 0 4054 6198; ppageno 0'>
   <div class='ocr_carea' id='block_1_1' title="bbox 281 271 363 329">
    <p class='ocr_par' dir='ltr' id='par_1_1' title="bbox 281 271 363 329">
     <span class='ocr_line' id='line_1_1' title="bbox 281 271 363 329; baseline 0 0"><span class='ocrx_word' id='word_1_1' title='bbox 281 271 363 329; x_wconf 77' lang='lat'><strong><em>9&#39;5</em></strong></span> 
     </span>
    </p>
   </div>
   <div class='ocr_carea' id='block_1_2' title="bbox 1323 268 2561 333">
    <p class='ocr_par' dir='ltr' id='par_1_2' title="bbox 1323 268 2561 333">
     <span class='ocr_line' id='line_1_2' title="bbox 1323 268 2561 333; baseline 0.005 -8"><span class='ocrx_word' id='word_1_2' title='bbox 1323 268 1663 327; x_wconf 80' lang='lat' dir='ltr'><strong><em>EPISTOLA</em></strong></span> <span class='ocrx_word' id='word_1_3' title='bbox 1702 269 2037 328; x_wconf 75' lang='lat' dir='ltr'><strong><em>RUGGERII</em></strong></span> <span class='ocrx_word' id='word_1_4' title='bbox 2077 270 2561 333; x_wconf 78' lang='lat' dir='ltr'><strong><em>NOVARIENSIS.</em></strong></span> 
     </span>
    </p>
   </div>
   <div class='ocr_carea' id='block_1_3' title="bbox 3533 280 3602 338">
    <p class='ocr_par' dir='ltr' id='par_1_3' title="bbox 3533 280 3602 338">
     <span class='ocr_line' id='line_1_3' title="bbox 3533 280 3602 338; baseline -0.014 0"><span class='ocrx_word' id='word_1_5' title='bbox 3533 280 3602 338; x_wconf 73' lang='grc'><strong><em>94</em></strong></span> 
     </span>
    </p>
   </div>
   <div class='ocr_carea' id='block_1_4' title="bbox 275 384 3601 460">
    <p class='ocr_par' dir='ltr' id='par_1_4' title="bbox 275 384 3601 460">
     <span class='ocr_line' id='line_1_4' title="bbox 275 384 3601 460; baseline 0.004 -18"><span class='ocrx_word' id='word_1_6' title='bbox 275 388 338 442; x_wconf 83' lang='lat' dir='ltr'><strong><em>in</em></strong></span> <span class='ocrx_word' id='word_1_7' title='bbox 361 386 662 457; x_wconf 76' lang='lat' dir='ltr'><strong><em>progeniem</em></strong></span> <span class='ocrx_word' id='word_1_8' title='bbox 688 394 735 439; x_wconf 85' lang='lat' dir='ltr'><strong><em>et</em></strong></span> <span class='ocrx_word' id='word_1_9' title='bbox 761 385 1094 456; x_wconf 86' lang='lat' dir='ltr'><strong><em>progeniem,</em></strong></span> <span class='ocrx_word' id='word_1_10' title='bbox 1123 384 1248 441; x_wconf 86' lang='lat' dir='ltr'><strong><em>Gat.</em></strong></span> <span class='ocrx_word' id='word_1_11' title='bbox 1287 387 1344 441; x_wconf 87' lang='lat' dir='ltr'><strong><em>in</em></strong></span> <span class='ocrx_word' id='word_1_12' title='bbox 1384 387 1623 458; x_wconf 80' lang='lat' dir='ltr'><strong><em>progenie</em></strong></span> <span class='ocrx_word' id='word_1_13' title='bbox 1667 396 1715 440; x_wconf 89' lang='lat' dir='ltr'><strong><em>et</em></strong></span> <span class='ocrx_word' id='word_1_14' title='bbox 1768 403 1886 456; x_wconf 86' lang='lat' dir='ltr'><strong><em>pro-</em></strong></span> <span class='ocrx_word' id='word_1_15' title='bbox 1915 391 1971 451; x_wconf 81' lang='grc' dir='ltr'><strong>Α</strong></span> <span class='ocrx_word' id='word_1_16' title='bbox 1995 390 2173 445; x_wconf 87' lang='lat' dir='ltr'><strong><em>nasio.</em></strong></span> <span class='ocrx_word' id='word_1_17' title='bbox 2225 391 2353 446; x_wconf 90' lang='lat' dir='ltr'><strong><em>ltem</em></strong></span> <span class='ocrx_word' id='word_1_18' title='bbox 2402 391 2458 444; x_wconf 92' lang='lat' dir='ltr'><strong><em>S.</em></strong></span> <span class='ocrx_word' id='word_1_19' title='bbox 2494 393 2730 449; x_wconf 61' lang='lat' dir='ltr'><strong><em>[renatus</em></strong></span> <span class='ocrx_word' id='word_1_20' title='bbox 2772 393 2824 448; x_wconf 90' lang='lat' dir='ltr'><strong><em>in</em></strong></span> <span class='ocrx_word' id='word_1_21' title='bbox 2873 394 2968 450; x_wconf 87' lang='lat' dir='ltr'><strong><em>lib.</em></strong></span> <span class='ocrx_word' id='word_1_22' title='bbox 3000 409 3052 449; x_wconf 85' lang='lat' dir='ltr'><strong><em>tv</em></strong></span> <span class='ocrx_word' id='word_1_23' title='bbox 3106 402 3294 450; x_wconf 88' lang='lat' dir='ltr'><strong><em>contra</em></strong></span> <span class='ocrx_word' id='word_1_24' title='bbox 3352 396 3601 460; x_wconf 70' lang='lat' dir='ltr'><strong><em>llmreses</em></strong></span> 
     </span>
    </p>
   </div>
   <div class='ocr_carea' id='block_1_5' title="bbox 275 476 1890 551">
    <p class='ocr_par' dir='ltr' id='par_1_5' title="bbox 275 476 1890 551">
     <span class='ocr_line' id='line_1_5' title="bbox 275 476 1890 551; baseline -0.001 -18"><span class='ocrx_word' id='word_1_25' title='bbox 275 481 470 551; x_wconf 85' lang='lat' dir='ltr'><strong><em>genies.</em></strong></span> <span class='ocrx_word' id='word_1_26' title='bbox 498 479 616 532; x_wconf 89' lang='lat' dir='ltr'><strong><em>Duo</em></strong></span> <span class='ocrx_word' id='word_1_27' title='bbox 644 476 809 531; x_wconf 81' lang='lat' dir='ltr'><strong><em>Biblia</em></strong></span> <span class='ocrx_word' id='word_1_28' title='bbox 835 477 952 532; x_wconf 88' lang='lat' dir='ltr'><strong><em>Lat.</em></strong></span> <span class='ocrx_word' id='word_1_29' title='bbox 974 477 1182 547; x_wconf 75' lang='lat' dir='ltr'><strong><em>regina:</em></strong></span> <span class='ocrx_word' id='word_1_30' title='bbox 1201 477 1499 534; x_wconf 84' lang='lat' dir='ltr'><strong><em>Succorum</em></strong></span> <span class='ocrx_word' id='word_1_31' title='bbox 1534 491 1664 532; x_wconf 87' lang='lat' dir='ltr'><strong><em>mss.</em></strong></span> <span class='ocrx_word' id='word_1_32' title='bbox 1694 479 1750 531; x_wconf 90' lang='lat' dir='ltr'><strong><em>in</em></strong></span> <span class='ocrx_word' id='word_1_33' title='bbox 1775 494 1890 547; x_wconf 84' lang='lat' dir='ltr'><strong><em>pro-</em></strong></span> 
     </span>
    </p>
   </div>
   <div class='ocr_carea' id='block_1_6' title="bbox 273 571 832 643">
    <p class='ocr_par' dir='ltr' id='par_1_6' title="bbox 273 571 832 643">
     <span class='ocr_line' id='line_1_6' title="bbox 273 571 832 643; baseline -0.011 -16"><span class='ocrx_word' id='word_1_34' title='bbox 273 573 454 643; x_wconf 86' lang='lat' dir='ltr'><strong><em>genies</em></strong></span> <span class='ocrx_word' id='word_1_35' title='bbox 475 580 524 625; x_wconf 87' lang='lat' dir='ltr'><strong><em>et</em></strong></span> <span class='ocrx_word' id='word_1_36' title='bbox 549 571 832 640; x_wconf 75' lang='lat' dir='ltr'><strong><em>progenies.</em></strong></span> 
     </span>
    </p>
   </div>
   <div class='ocr_carea' id='block_1_7' title="bbox 349 660 1886 731">
    <p class='ocr_par' dir='ltr' id='par_1_7' title="bbox 349 660 1886 731">
     <span class='ocr_line' id='line_1_7' title="bbox 349 660 1886 731; baseline 0.001 -14"><span class='ocrx_word' id='word_1_37' title='bbox 349 663 484 718; x_wconf 88' lang='lat' dir='ltr'><strong><em>Luc.</em></strong></span> <span class='ocrx_word' id='word_1_38' title='bbox 515 677 635 731; x_wconf 88' lang='lat' dir='ltr'><strong><em>cap.</em></strong></span> <span class='ocrx_word' id='word_1_39' title='bbox 665 677 722 724; x_wconf 96' lang='grc' dir='ltr'><strong><em>ιι,</em></strong></span> <span class='ocrx_word' id='word_1_40' title='bbox 758 662 848 717; x_wconf 78' lang='lat'><strong><em>53.</em></strong></span> <span class='ocrx_word' id='word_1_41' title='bbox 900 660 1161 728; x_wconf 88' lang='lat' dir='ltr'><strong><em>Vercell.,</em></strong></span> <span class='ocrx_word' id='word_1_42' title='bbox 1190 660 1489 728; x_wconf 87' lang='lat' dir='ltr'><strong><em>Veronen.,</em></strong></span> <span class='ocrx_word' id='word_1_43' title='bbox 1514 661 1804 718; x_wconf 85' lang='lat' dir='ltr'><strong><em>Corheicn.</em></strong></span> <span class='ocrx_word' id='word_1_44' title='bbox 1831 673 1886 718; x_wconf 91' lang='lat' dir='ltr'><strong><em>et</em></strong></span> 
     </span>
    </p>
   </div>
   <div class='ocr_carea' id='block_1_8' title="bbox 269 752 1885 824">
    <p class='ocr_par' dir='ltr' id='par_1_8' title="bbox 269 752 1885 824">
     <span class='ocr_line' id='line_1_8' title="bbox 269 752 1885 824; baseline -0.001 -14"><span class='ocrx_word' id='word_1_45' title='bbox 269 755 522 810; x_wconf 79' lang='lat' dir='ltr'><strong><em>Brixian.</em></strong></span> <span class='ocrx_word' id='word_1_46' title='bbox 557 766 675 823; x_wconf 83' lang='lat' dir='ltr'><strong><em>post</em></strong></span> <span class='ocrx_word' id='word_1_47' title='bbox 701 754 928 809; x_wconf 80' lang='lat' dir='ltr'><strong><em>verbum</em></strong></span> <span class='ocrx_word' id='word_1_48' title='bbox 949 765 1077 819; x_wconf 87' lang='lat' dir='ltr'><strong><em>erat,</em></strong></span> <span class='ocrx_word' id='word_1_49' title='bbox 1106 752 1304 808; x_wconf 91' lang='lat' dir='ltr'><strong><em>habent</em></strong></span> <span class='ocrx_word' id='word_1_50' title='bbox 1327 754 1546 824; x_wconf 83' lang='lat' dir='ltr'><strong><em>.loseph,</em></strong></span> <span class='ocrx_word' id='word_1_51' title='bbox 1571 769 1687 823; x_wconf 87' lang='lat' dir='ltr'><strong><em>pro,</em></strong></span> <span class='ocrx_word' id='word_1_52' title='bbox 1721 753 1885 808; x_wconf 84' lang='lat' dir='ltr'><strong><em>Pater</em></strong></span> 
     </span>
    </p>
   </div>
   <div class='ocr_carea' id='block_1_9' title="bbox 267 843 1882 920">
    <p class='ocr_par' dir='ltr' id='par_1_9' title="bbox 267 843 1882 920">
     <span class='ocr_line' id='line_1_9' title="bbox 267 843 1882 920; baseline 0 -20"><span class='ocrx_word' id='word_1_53' title='bbox 267 850 406 920; x_wconf 78' lang='lat' dir='ltr'><strong><em>ejus,</em></strong></span> <span class='ocrx_word' id='word_1_54' title='bbox 461 848 520 901; x_wconf 81' lang='grc' dir='ltr'><strong><em>τὸ</em></strong></span> <span class='ocrx_word' id='word_1_55' title='bbox 548 843 750 916; x_wconf 75' lang='lat' dir='ltr'><strong><em>Ioseph</em></strong></span> <span class='ocrx_word' id='word_1_56' title='bbox 779 846 998 914; x_wconf 90' lang='lat' dir='ltr'><strong><em>irrepsit</em></strong></span> <span class='ocrx_word' id='word_1_57' title='bbox 1027 861 1098 901; x_wconf 80' lang='lat' dir='ltr'><strong><em>ex</em></strong></span> <span class='ocrx_word' id='word_1_58' title='bbox 1126 845 1370 914; x_wconf 76' lang='lat' dir='ltr'><strong><em>margine</em></strong></span> <span class='ocrx_word' id='word_1_59' title='bbox 1389 887 1404 910; x_wconf 94' lang='lat'><strong><em>,</em></strong></span> <span class='ocrx_word' id='word_1_60' title='bbox 1439 856 1492 898; x_wconf 89' lang='lat' dir='ltr'><strong><em>ut</em></strong></span> <span class='ocrx_word' id='word_1_61' title='bbox 1519 846 1736 912; x_wconf 90' lang='lat' dir='ltr'><strong><em>conjicit</em></strong></span> <span class='ocrx_word' id='word_1_62' title='bbox 1769 847 1882 900; x_wconf 80' lang='lat' dir='ltr'><strong><em>Mil-</em></strong></span> 
     </span>
    </p>
   </div>
   <div class='ocr_carea' id='block_1_10' title="bbox 268 937 981 1007">
    <p class='ocr_par' dir='ltr' id='par_1_10' title="bbox 268 937 981 1007">
     <span class='ocr_line' id='line_1_10' title="bbox 268 937 981 1007; baseline -0.001 -13"><span class='ocrx_word' id='word_1_63' title='bbox 268 940 379 994; x_wconf 85' lang='lat' dir='ltr'><strong><em>lius</em></strong></span> <span class='ocrx_word' id='word_1_64' title='bbox 411 940 465 993; x_wconf 90' lang='lat' dir='ltr'><strong><em>in</em></strong></span> <span class='ocrx_word' id='word_1_65' title='bbox 486 939 706 1007; x_wconf 85' lang='lat' dir='ltr'><strong><em>Proleg.</em></strong></span> <span class='ocrx_word' id='word_1_66' title='bbox 743 953 863 1007; x_wconf 85' lang='lat' dir='ltr'><strong><em>pag.</em></strong></span> <span class='ocrx_word' id='word_1_67' title='bbox 890 937 981 993; x_wconf 73' lang='grc'><strong><em>44.</em></strong></span> 
     </span>
    </p>
   </div>
   <div class='ocr_carea' id='block_1_11' title="bbox 341 1030 1879 1100">
    <p class='ocr_par' dir='ltr' id='par_1_11' title="bbox 341 1030 1879 1100">
     <span class='ocr_line' id='line_1_11' title="bbox 341 1030 1879 1100; baseline -0.001 -14"><span class='ocrx_word' id='word_1_68' title='bbox 341 1031 618 1100; x_wconf 72' lang='grc' dir='ltr'>1..ιιε.ι;;ψ.</span> <span class='ocrx_word' id='word_1_69' title='bbox 643 1047 682 1086; x_wconf 95' lang='grc' dir='ltr'><strong><em>ιι</em></strong></span> <span class='ocrx_word' id='word_1_70' title='bbox 708 1072 723 1097; x_wconf 93' lang='grc'>,</span> <span class='ocrx_word' id='word_1_71' title='bbox 753 1031 846 1087; x_wconf 70' lang='grc'><strong><em>51.</em></strong></span> <span class='ocrx_word' id='word_1_72' title='bbox 900 1030 1206 1086; x_wconf 84' lang='lat' dir='ltr'><strong><em>Verecllen.</em></strong></span> <span class='ocrx_word' id='word_1_73' title='bbox 1231 1072 1246 1096; x_wconf 93' lang='lat'><strong><em>,</em></strong></span> <span class='ocrx_word' id='word_1_74' title='bbox 1277 1030 1649 1085; x_wconf 75' lang='lat' dir='ltr'><strong><em>contradicitur</em></strong></span> <span class='ocrx_word' id='word_1_75' title='bbox 1671 1071 1685 1097; x_wconf 90' lang='lat'><strong><em>,</em></strong></span> <span class='ocrx_word' id='word_1_76' title='bbox 1721 1039 1776 1086; x_wconf 92' lang='lat' dir='ltr'><strong><em>et</em></strong></span> <span class='ocrx_word' id='word_1_77' title='bbox 1807 1031 1879 1085; x_wconf 90' lang='lat' dir='ltr'><strong><em>ita</em></strong></span> 
     </span>
    </p>
   </div>
   <div class='ocr_carea' id='block_1_12' title="bbox 263 1122 1878 1196">
    <p class='ocr_par' dir='ltr' id='par_1_12' title="bbox 263 1122 1878 1196">
     <span class='ocr_line' id='line_1_12' title="bbox 263 1122 1878 1196; baseline 0 -17"><span class='ocrx_word' id='word_1_78' title='bbox 263 1125 487 1193; x_wconf 83' lang='lat' dir='ltr'><strong><em>quidam</em></strong></span> <span class='ocrx_word' id='word_1_79' title='bbox 521 1139 653 1179; x_wconf 87' lang='lat' dir='ltr'><strong><em>mss.</em></strong></span> <span class='ocrx_word' id='word_1_80' title='bbox 702 1124 920 1178; x_wconf 89' lang='lat' dir='ltr'><strong><em>codices</em></strong></span> <span class='ocrx_word' id='word_1_81' title='bbox 964 1132 1022 1178; x_wconf 90' lang='lat' dir='ltr'><strong><em>et</em></strong></span> <span class='ocrx_word' id='word_1_82' title='bbox 1043 1123 1314 1179; x_wconf 74' lang='lat' dir='ltr'><strong><em>editiones</em></strong></span> <span class='ocrx_word' id='word_1_83' title='bbox 1357 1122 1422 1179; x_wconf 90' lang='lat' dir='ltr'><strong><em>S.</em></strong></span> <span class='ocrx_word' id='word_1_84' title='bbox 1465 1123 1780 1196; x_wconf 83' lang='lat' dir='ltr'><strong><em>Hieronymi</em></strong></span> <span class='ocrx_word' id='word_1_85' title='bbox 1825 1125 1878 1180; x_wconf 85' lang='lat' dir='ltr'><strong><em>in</em></strong></span> 
     </span>
    </p>
   </div>
   <div class='ocr_carea' id='block_1_13' title="bbox 263 1218 1011 1289">
    <p class='ocr_par' dir='ltr' id='par_1_13' title="bbox 263 1218 1011 1289">
     <span class='ocr_line' id='line_1_13' title="bbox 263 1218 1011 1289; baseline -0.001 -16"><span class='ocrx_word' id='word_1_86' title='bbox 263 1219 446 1289; x_wconf 76' lang='lat' dir='ltr'><strong><em>Epist.</em></strong></span> <span class='ocrx_word' id='word_1_87' title='bbox 488 1219 589 1274; x_wconf 72' lang='lat'><strong><em>120</em></strong></span> <span class='ocrx_word' id='word_1_88' title='bbox 611 1219 674 1273; x_wconf 85' lang='lat' dir='ltr'><strong><em>ad</em></strong></span> <span class='ocrx_word' id='word_1_89' title='bbox 706 1218 1011 1274; x_wconf 85' lang='lat' dir='ltr'><strong><em>lledibiam.</em></strong></span> 
     </span>
    </p>
   </div>
   <div class='ocr_carea' id='block_1_14' title="bbox 337 1309 1869 1383">
    <p class='ocr_par' dir='ltr' id='par_1_14' title="bbox 337 1309 1869 1383">
     <span class='ocr_line' id='line_1_14' title="bbox 337 1309 1869 1383; baseline -0.001 -16"><span class='ocrx_word' id='word_1_90' title='bbox 337 1312 474 1367; x_wconf 90' lang='lat' dir='ltr'><strong><em>Luc.</em></strong></span> <span class='ocrx_word' id='word_1_91' title='bbox 519 1328 635 1383; x_wconf 84' lang='lat' dir='ltr'><strong><em>cap.</em></strong></span> <span class='ocrx_word' id='word_1_92' title='bbox 671 1327 764 1374; x_wconf 82' lang='lat' dir='ltr'><strong><em>tv,</em></strong></span> <span class='ocrx_word' id='word_1_93' title='bbox 809 1313 861 1366; x_wconf 85' lang='grc'>1.</span> <span class='ocrx_word' id='word_1_94' title='bbox 933 1311 1145 1368; x_wconf 88' lang='lat' dir='ltr'><strong><em>Vercel.</em></strong></span> <span class='ocrx_word' id='word_1_95' title='bbox 1173 1320 1226 1367; x_wconf 91' lang='lat' dir='ltr'><strong><em>et</em></strong></span> <span class='ocrx_word' id='word_1_96' title='bbox 1251 1311 1456 1367; x_wconf 87' lang='lat' dir='ltr'><strong><em>Veron.</em></strong></span> <span class='ocrx_word' id='word_1_97' title='bbox 1495 1310 1557 1364; x_wconf 90' lang='lat' dir='ltr'><strong><em>ab</em></strong></span> <span class='ocrx_word' id='word_1_98' title='bbox 1582 1309 1869 1365; x_wconf 72' lang='lat' dir='ltr'><strong><em>Iordanen.</em></strong></span> 
     </span>
    </p>
   </div>
   <div class='ocr_carea' id='block_1_15' title="bbox 259 1403 1870 1472">
    <p class='ocr_par' dir='ltr' id='par_1_15' title="bbox 259 1403 1870 1472">
     <span class='ocr_line' id='line_1_15' title="bbox 259 1403 1870 1472; baseline -0.001 -12"><span class='ocrx_word' id='word_1_99' title='bbox 259 1405 411 1460; x_wconf 83' lang='lat' dir='ltr'><strong><em>Brix.</em></strong></span> <span class='ocrx_word' id='word_1_100' title='bbox 437 1406 504 1458; x_wconf 78' lang='lat' dir='ltr'><strong><em>ab</em></strong></span> <span class='ocrx_word' id='word_1_101' title='bbox 521 1403 776 1471; x_wconf 69' lang='lat' dir='ltr'><strong><em>Iordane,</em></strong></span> <span class='ocrx_word' id='word_1_102' title='bbox 809 1414 864 1460; x_wconf 89' lang='lat' dir='ltr'><strong><em>et</em></strong></span> <span class='ocrx_word' id='word_1_103' title='bbox 887 1405 958 1459; x_wconf 93' lang='lat' dir='ltr'><strong><em>ita</em></strong></span> <span class='ocrx_word' id='word_1_104' title='bbox 993 1404 1051 1462; x_wconf 89' lang='lat' dir='ltr'><strong><em>S.</em></strong></span> <span class='ocrx_word' id='word_1_105' title='bbox 1079 1404 1334 1458; x_wconf 85' lang='lat' dir='ltr'><strong><em>Ambros.</em></strong></span> <span class='ocrx_word' id='word_1_106' title='bbox 1367 1405 1418 1464; x_wconf 86' lang='lat' dir='ltr'><strong><em>in</em></strong></span> <span class='ocrx_word' id='word_1_107' title='bbox 1447 1403 1542 1458; x_wconf 88' lang='lat' dir='ltr'><strong><em>lib.</em></strong></span> <span class='ocrx_word' id='word_1_108' title='bbox 1586 1420 1602 1459; x_wconf 92' lang='grc' dir='ltr'><strong><em>ι</em></strong></span> <span class='ocrx_word' id='word_1_109' title='bbox 1633 1404 1700 1458; x_wconf 89' lang='lat' dir='ltr'><strong><em>de</em></strong></span> <span class='ocrx_word' id='word_1_110' title='bbox 1728 1404 1870 1472; x_wconf 82' lang='lat' dir='ltr'><strong><em>Spir.</em></strong></span> 
     </span>
    </p>
   </div>
   <div class='ocr_carea' id='block_1_16' title="bbox 257 1495 1012 1567">
    <p class='ocr_par' dir='ltr' id='par_1_16' title="bbox 257 1495 1012 1567">
     <span class='ocr_line' id='line_1_16' title="bbox 257 1495 1012 1567; baseline 0 -15"><span class='ocrx_word' id='word_1_111' title='bbox 257 1495 447 1552; x_wconf 87' lang='lat' dir='ltr'><strong><em>Sanct.</em></strong></span> <span class='ocrx_word' id='word_1_112' title='bbox 478 1513 602 1567; x_wconf 87' lang='lat' dir='ltr'><strong><em>cap.</em></strong></span> <span class='ocrx_word' id='word_1_113' title='bbox 638 1497 695 1561; x_wconf 89' lang='lat'><strong><em>9,</em></strong></span> <span class='ocrx_word' id='word_1_114' title='bbox 729 1512 849 1566; x_wconf 83' lang='lat' dir='ltr'><strong><em>pag.</em></strong></span> <span class='ocrx_word' id='word_1_115' title='bbox 883 1496 1012 1552; x_wconf 90' lang='lat' dir='ltr'><strong><em>6l8.</em></strong></span> 
     </span>
    </p>
   </div>
   <div class='ocr_carea' id='block_1_17' title="bbox 330 1587 1869 1658">
    <p class='ocr_par' dir='ltr' id='par_1_17' title="bbox 330 1587 1869 1658">
     <span class='ocr_line' id='line_1_17' title="bbox 330 1587 1869 1658; baseline 0.004 -17"><span class='ocrx_word' id='word_1_116' title='bbox 330 1589 460 1642; x_wconf 88' lang='lat' dir='ltr'><strong><em>Luc.</em></strong></span> <span class='ocrx_word' id='word_1_117' title='bbox 491 1603 617 1658; x_wconf 88' lang='lat' dir='ltr'><strong><em>cap.</em></strong></span> <span class='ocrx_word' id='word_1_118' title='bbox 650 1604 704 1652; x_wconf 73' lang='grc' dir='ltr'><strong><em>ν,</em></strong></span> <span class='ocrx_word' id='word_1_119' title='bbox 733 1589 825 1643; x_wconf 78' lang='grc'><strong><em>20.</em></strong></span> <span class='ocrx_word' id='word_1_120' title='bbox 860 1588 1096 1654; x_wconf 89' lang='lat' dir='ltr'><strong><em>Vercel.,</em></strong></span> <span class='ocrx_word' id='word_1_121' title='bbox 1130 1587 1333 1643; x_wconf 82' lang='lat' dir='ltr'><strong><em>Veron.</em></strong></span> <span class='ocrx_word' id='word_1_122' title='bbox 1366 1597 1422 1644; x_wconf 89' lang='lat' dir='ltr'><strong><em>et</em></strong></span> <span class='ocrx_word' id='word_1_123' title='bbox 1448 1589 1614 1646; x_wconf 89' lang='lat' dir='ltr'><strong><em>Corb.</em></strong></span> <span class='ocrx_word' id='word_1_124' title='bbox 1655 1593 1869 1647; x_wconf 81' lang='lat' dir='ltr'><strong><em>remissa</em></strong></span> 
     </span>
    </p>
   </div>
   <div class='ocr_carea' id='block_1_18' title="bbox 254 1679 1867 1746">
    <p class='ocr_par' dir='ltr' id='par_1_18' title="bbox 254 1679 1867 1746">
     <span class='ocr_line' id='line_1_18' title="bbox 254 1679 1867 1746; baseline 0.004 -14"><span class='ocrx_word' id='word_1_125' title='bbox 254 1688 395 1734; x_wconf 84' lang='lat' dir='ltr'><strong><em>sunt.</em></strong></span> <span class='ocrx_word' id='word_1_126' title='bbox 421 1679 571 1735; x_wconf 80' lang='lat' dir='ltr'><strong><em>Brix.</em></strong></span> <span class='ocrx_word' id='word_1_127' title='bbox 603 1680 819 1734; x_wconf 81' lang='lat' dir='ltr'><strong><em>dimissa</em></strong></span> <span class='ocrx_word' id='word_1_128' title='bbox 842 1690 990 1746; x_wconf 77' lang='lat' dir='ltr'><strong><em>sunt,</em></strong></span> <span class='ocrx_word' id='word_1_129' title='bbox 1019 1689 1076 1736; x_wconf 89' lang='lat' dir='ltr'><strong><em>et</em></strong></span> <span class='ocrx_word' id='word_1_130' title='bbox 1115 1681 1188 1736; x_wconf 88' lang='lat' dir='ltr'><strong><em>ita</em></strong></span> <span class='ocrx_word' id='word_1_131' title='bbox 1221 1681 1280 1738; x_wconf 90' lang='lat' dir='ltr'><strong><em>S.</em></strong></span> <span class='ocrx_word' id='word_1_132' title='bbox 1307 1683 1499 1738; x_wconf 80' lang='lat' dir='ltr'><strong><em>Ambr.</em></strong></span> <span class='ocrx_word' id='word_1_133' title='bbox 1554 1683 1650 1739; x_wconf 90' lang='lat' dir='ltr'><strong><em>lib.</em></strong></span> <span class='ocrx_word' id='word_1_134' title='bbox 1684 1700 1744 1739; x_wconf 91' lang='grc' dir='ltr'><strong><em>ιιι</em></strong></span> <span class='ocrx_word' id='word_1_135' title='bbox 1799 1686 1867 1739; x_wconf 86' lang='lat' dir='ltr'><strong><em>de</em></strong></span> 
     </span>
    </p>
   </div>
   <div class='ocr_carea' id='block_1_19' title="bbox 253 1771 968 1841">
    <p class='ocr_par' dir='ltr' id='par_1_19' title="bbox 253 1771 968 1841">
     <span class='ocr_line' id='line_1_19' title="bbox 253 1771 968 1841; baseline 0.001 -14"><span class='ocrx_word' id='word_1_136' title='bbox 253 1771 413 1836; x_wconf 76' lang='lat' dir='ltr'><strong><em>Fide,</em></strong></span> <span class='ocrx_word' id='word_1_137' title='bbox 443 1787 567 1840; x_wconf 85' lang='lat' dir='ltr'><strong><em>cap.</em></strong></span> <span class='ocrx_word' id='word_1_138' title='bbox 593 1773 650 1837; x_wconf 70' lang='grc'><strong><em>2,</em></strong></span> <span class='ocrx_word' id='word_1_139' title='bbox 686 1786 806 1841; x_wconf 86' lang='lat' dir='ltr'><strong><em>pag.</em></strong></span> <span class='ocrx_word' id='word_1_140' title='bbox 841 1773 968 1828; x_wconf 70' lang='lat'><strong><em>499.</em></strong></span> 
     </span>
    </p>
   </div>
   <div class='ocr_carea' id='block_1_20' title="bbox 247 1960 1863 2034">
    <p class='ocr_par' dir='ltr' id='par_1_20' title="bbox 247 1960 1863 2034">
     <span class='ocr_line' id='line_1_20' title="bbox 247 1960 1863 2034; baseline 0.002 -18"><span class='ocrx_word' id='word_1_141' title='bbox 247 1968 304 2016; x_wconf 84' lang='lat' dir='ltr'><strong><em>et</em></strong></span> <span class='ocrx_word' id='word_1_142' title='bbox 352 1963 429 2016; x_wconf 87' lang='lat' dir='ltr'><strong><em>ita</em></strong></span> <span class='ocrx_word' id='word_1_143' title='bbox 479 1960 846 2017; x_wconf 82' lang='lat' dir='ltr'><strong><em>Tertullianus</em></strong></span> <span class='ocrx_word' id='word_1_144' title='bbox 891 1961 1196 2032; x_wconf 74' lang='lat' dir='ltr'><strong><em>pag._435,</em></strong></span> <span class='ocrx_word' id='word_1_145' title='bbox 1245 1962 1483 2027; x_wconf 72' lang='lat' dir='ltr'><strong><em>Veram,</em></strong></span> <span class='ocrx_word' id='word_1_146' title='bbox 1530 1975 1576 2017; x_wconf 87' lang='lat' dir='ltr'><strong><em>et</em></strong></span> <span class='ocrx_word' id='word_1_147' title='bbox 1616 1975 1728 2034; x_wconf 84' lang='lat' dir='ltr'><strong><em>post</em></strong></span> <span class='ocrx_word' id='word_1_148' title='bbox 1755 1965 1863 2019; x_wconf 84' lang='lat' dir='ltr'><strong><em>dies</em></strong></span> 
     </span>
    </p>
   </div>
   <div class='ocr_carea' id='block_1_21' title="bbox 249 2065 374 2110">
    <p class='ocr_par' dir='ltr' id='par_1_21' title="bbox 249 2065 374 2110">
     <span class='ocr_line' id='line_1_21' title="bbox 249 2065 374 2110; baseline 0.008 -1"><span class='ocrx_word' id='word_1_149' title='bbox 249 2065 374 2110; x_wconf 76' lang='grc' dir='ltr'>υεε.</span> 
     </span>
    </p>
   </div>
   <div class='ocr_carea' id='block_1_22' title="bbox 316 2144 1856 2220">
    <p class='ocr_par' dir='ltr' id='par_1_22' title="bbox 316 2144 1856 2220">
     <span class='ocr_line' id='line_1_22' title="bbox 316 2144 1856 2220; baseline 0.002 -15"><span class='ocrx_word' id='word_1_150' title='bbox 316 2150 486 2206; x_wconf 71' lang='lat' dir='ltr'><strong><em>Marc.</em></strong></span> <span class='ocrx_word' id='word_1_151' title='bbox 521 2165 644 2220; x_wconf 89' lang='lat' dir='ltr'><strong><em>cap.</em></strong></span> <span class='ocrx_word' id='word_1_152' title='bbox 678 2166 791 2216; x_wconf 86' lang='lat' dir='ltr'><strong><em>vm,</em></strong></span> <span class='ocrx_word' id='word_1_153' title='bbox 821 2144 912 2208; x_wconf 75' lang='lat'><strong><em>38.</em></strong></span> <span class='ocrx_word' id='word_1_154' title='bbox 939 2151 1482 2215; x_wconf 84' lang='lat' dir='ltr'><strong><em>Verecllen.,Veron.</em></strong></span> <span class='ocrx_word' id='word_1_155' title='bbox 1509 2161 1562 2208; x_wconf 89' lang='lat' dir='ltr'><strong><em>et</em></strong></span> <span class='ocrx_word' id='word_1_156' title='bbox 1583 2152 1856 2220; x_wconf 72' lang='lat' dir='ltr'><strong><em>Brixiam,</em></strong></span> 
     </span>
    </p>
   </div>
   <div class='ocr_carea' id='block_1_23' title="bbox 245 2243 1857 2313">
    <p class='ocr_par' dir='ltr' id='par_1_23' title="bbox 245 2243 1857 2313">
     <span class='ocr_line' id='line_1_23' title="bbox 245 2243 1857 2313; baseline 0.003 -15"><span class='ocrx_word' id='word_1_157' title='bbox 245 2243 525 2313; x_wconf 74' lang='lat' dir='ltr'><strong><em>ean/undet</em></strong></span> <span class='ocrx_word' id='word_1_158' title='bbox 571 2261 727 2309; x_wconf 88' lang='lat' dir='ltr'><strong><em>eum;</em></strong></span> <span class='ocrx_word' id='word_1_159' title='bbox 786 2255 842 2299; x_wconf 89' lang='lat' dir='ltr'><strong><em>et</em></strong></span> <span class='ocrx_word' id='word_1_160' title='bbox 885 2247 956 2299; x_wconf 88' lang='lat' dir='ltr'><strong><em>ita</em></strong></span> <span class='ocrx_word' id='word_1_161' title='bbox 1155 2245 1476 2300; x_wconf 59' lang='lat' dir='ltr'><strong><em>Ambrosius</em></strong></span> <span class='ocrx_word' id='word_1_162' title='bbox 1526 2246 1576 2299; x_wconf 93' lang='lat' dir='ltr'><strong><em>in</em></strong></span> <span class='ocrx_word' id='word_1_163' title='bbox 1645 2245 1738 2302; x_wconf 89' lang='lat' dir='ltr'><strong><em>lib.</em></strong></span> <span class='ocrx_word' id='word_1_164' title='bbox 1800 2263 1857 2303; x_wconf 86' lang='grc' dir='ltr'><strong><em>ιιι</em></strong></span> 
     </span>
    </p>
   </div>
   <div class='ocr_carea' id='block_1_24' title="bbox 245 2336 1856 2408">
    <p class='ocr_par' dir='ltr' id='par_1_24' title="bbox 245 2336 1856 2408">
     <span class='ocr_line' id='line_1_24' title="bbox 245 2336 1856 2408; baseline 0.002 -17"><span class='ocrx_word' id='word_1_165' title='bbox 245 2336 311 2393; x_wconf 84' lang='lat' dir='ltr'><strong><em>de</em></strong></span> <span class='ocrx_word' id='word_1_166' title='bbox 341 2336 499 2403; x_wconf 86' lang='lat' dir='ltr'><strong><em>Fide,</em></strong></span> <span class='ocrx_word' id='word_1_167' title='bbox 524 2352 645 2406; x_wconf 86' lang='lat' dir='ltr'><strong><em>cap.</em></strong></span> <span class='ocrx_word' id='word_1_168' title='bbox 684 2337 771 2402; x_wconf 76' lang='grc'>15,</span> <span class='ocrx_word' id='word_1_169' title='bbox 805 2347 934 2392; x_wconf 89' lang='lat' dir='ltr'><strong><em>tom.</em></strong></span> <span class='ocrx_word' id='word_1_170' title='bbox 967 2353 1024 2402; x_wconf 89' lang='grc' dir='ltr'>ιι,</span> <span class='ocrx_word' id='word_1_171' title='bbox 1056 2353 1178 2407; x_wconf 83' lang='lat' dir='ltr'><strong><em>pag.</em></strong></span> <span class='ocrx_word' id='word_1_172' title='bbox 1211 2337 1338 2402; x_wconf 84' lang='lat' dir='ltr'><strong><em>5t6,</em></strong></span> <span class='ocrx_word' id='word_1_173' title='bbox 1363 2347 1417 2392; x_wconf 86' lang='lat' dir='ltr'><strong><em>et</em></strong></span> <span class='ocrx_word' id='word_1_174' title='bbox 1444 2336 1500 2393; x_wconf 92' lang='lat' dir='ltr'><strong><em>S.</em></strong></span> <span class='ocrx_word' id='word_1_175' title='bbox 1522 2338 1856 2408; x_wconf 74' lang='lat' dir='ltr'><strong><em>Augustinus</em></strong></span> 
     </span>
    </p>
   </div>
   <div class='ocr_carea' id='block_1_25' title="bbox 247 2430 1851 2502">
    <p class='ocr_par' dir='ltr' id='par_1_25' title="bbox 247 2430 1851 2502">
     <span class='ocr_line' id='line_1_25' title="bbox 247 2430 1851 2502; baseline 0.001 -17"><span class='ocrx_word' id='word_1_176' title='bbox 247 2430 296 2485; x_wconf 81' lang='lat' dir='ltr'><strong><em>in</em></strong></span> <span class='ocrx_word' id='word_1_177' title='bbox 324 2431 567 2500; x_wconf 87' lang='lat' dir='ltr'><strong><em>Speculo</em></strong></span> <span class='ocrx_word' id='word_1_178' title='bbox 585 2430 656 2486; x_wconf 81' lang='lat' dir='ltr'><strong><em>de</em></strong></span> <span class='ocrx_word' id='word_1_179' title='bbox 675 2432 989 2502; x_wconf 76' lang='lat' dir='ltr'><strong><em>Evangelia,</em></strong></span> <span class='ocrx_word' id='word_1_180' title='bbox 1021 2431 1318 2486; x_wconf 86' lang='lat' dir='ltr'><strong><em>secundum</em></strong></span> <span class='ocrx_word' id='word_1_181' title='bbox 1346 2431 1606 2498; x_wconf 80' lang='lat' dir='ltr'><strong><em>Marcum,</em></strong></span> <span class='ocrx_word' id='word_1_182' title='bbox 1629 2443 1758 2488; x_wconf 90' lang='lat' dir='ltr'><strong><em>tom.</em></strong></span> <span class='ocrx_word' id='word_1_183' title='bbox 1775 2449 1851 2500; x_wconf 93' lang='grc' dir='ltr'>ιιι,</span> 
     </span>
    </p>
   </div>
   <div class='ocr_carea' id='block_1_26' title="bbox 245 2527 788 2598">
    <p class='ocr_par' dir='ltr' id='par_1_26' title="bbox 245 2527 788 2598">
     <span class='ocr_line' id='line_1_26' title="bbox 245 2527 788 2598; baseline 0 -16"><span class='ocrx_word' id='word_1_184' title='bbox 245 2529 386 2598; x_wconf 80' lang='lat' dir='ltr'><strong><em>part.‘</em></strong></span> <span class='ocrx_word' id='word_1_185' title='bbox 423 2529 478 2595; x_wconf 93' lang='grc'><strong><em>1,</em></strong></span> <span class='ocrx_word' id='word_1_186' title='bbox 505 2542 628 2598; x_wconf 85' lang='lat' dir='ltr'><strong><em>pag.</em></strong></span> <span class='ocrx_word' id='word_1_187' title='bbox 662 2527 788 2584; x_wconf 70' lang='lat'><strong><em>764.</em></strong></span> 
     </span>
    </p>
   </div>
   <div class='ocr_carea' id='block_1_27' title="bbox 311 2619 1855 2691">
    <p class='ocr_par' dir='ltr' id='par_1_27' title="bbox 311 2619 1855 2691">
     <span class='ocr_line' id='line_1_27' title="bbox 311 2619 1855 2691; baseline -0.001 -17"><span class='ocrx_word' id='word_1_188' title='bbox 311 2621 480 2675; x_wconf 83' lang='lat' dir='ltr'><strong><em>Mare.</em></strong></span> <span class='ocrx_word' id='word_1_189' title='bbox 511 2635 633 2691; x_wconf 88' lang='lat' dir='ltr'><strong><em>cap.</em></strong></span> <span class='ocrx_word' id='word_1_190' title='bbox 662 2636 757 2676; x_wconf 76' lang='lat' dir='ltr'><strong><em>xw</em></strong></span> <span class='ocrx_word' id='word_1_191' title='bbox 777 2662 793 2688; x_wconf 91' lang='lat'><strong><em>,</em></strong></span> <span class='ocrx_word' id='word_1_192' title='bbox 825 2619 917 2676; x_wconf 82' lang='grc'><strong><em>56.</em></strong></span> <span class='ocrx_word' id='word_1_193' title='bbox 960 2619 1287 2685; x_wconf 86' lang='lat' dir='ltr'><strong><em>Verecllen.,</em></strong></span> <span class='ocrx_word' id='word_1_194' title='bbox 1315 2636 1420 2674; x_wconf 88' lang='lat' dir='ltr'><strong><em>non</em></strong></span> <span class='ocrx_word' id='word_1_195' title='bbox 1463 2629 1611 2673; x_wconf 88' lang='lat' dir='ltr'><strong><em>erant</em></strong></span> <span class='ocrx_word' id='word_1_196' title='bbox 1635 2621 1855 2687; x_wconf 66' lang='lat' dir='ltr'><strong><em>aequalia</em></strong></span> 
     </span>
    </p>
   </div>
   <div class='ocr_carea' id='block_1_28' title="bbox 244 2713 1850 2792">
    <p class='ocr_par' dir='ltr' id='par_1_28' title="bbox 244 2713 1850 2792">
     <span class='ocr_line' id='line_1_28' title="bbox 244 2713 1850 2792; baseline 0.002 -26"><span class='ocrx_word' id='word_1_197' title='bbox 244 2714 532 2768; x_wconf 82' lang='lat' dir='ltr'><strong><em>testimonia</em></strong></span> <span class='ocrx_word' id='word_1_198' title='bbox 560 2729 759 2769; x_wconf 86' lang='lat' dir='ltr'><strong><em>eorum.</em></strong></span> <span class='ocrx_word' id='word_1_199' title='bbox 810 2715 1051 2779; x_wconf 76' lang='lat' dir='ltr'><strong><em>Graecus,</em></strong></span> <span class='ocrx_word' id='word_1_200' title='bbox 1087 2719 1179 2772; x_wconf 75' lang='grc' dir='ltr'><strong><em>Καὶ</em></strong></span> <span class='ocrx_word' id='word_1_201' title='bbox 1207 2713 1319 2770; x_wconf 76' lang='grc' dir='ltr'><strong><em>ἴσαι</em></strong></span> <span class='ocrx_word' id='word_1_202' title='bbox 1349 2715 1402 2768; x_wconf 82' lang='grc' dir='ltr'><em>αἱ</em></span> <span class='ocrx_word' id='word_1_203' title='bbox 1437 2718 1723 2792; x_wconf 81' lang='grc' dir='ltr'><strong><em>μαρτυρίαι</em></strong></span> <span class='ocrx_word' id='word_1_204' title='bbox 1761 2718 1850 2770; x_wconf 76' lang='grc' dir='ltr'><strong><em>οὐκ</em></strong></span> 
     </span>
    </p>
   </div>
   <div class='ocr_carea' id='block_1_29' title="bbox 245 2803 1852 2875">
    <p class='ocr_par' dir='ltr' id='par_1_29' title="bbox 245 2803 1852 2875">
     <span class='ocr_line' id='line_1_29' title="bbox 245 2803 1852 2875; baseline 0 -12"><span class='ocrx_word' id='word_1_205' title='bbox 245 2803 397 2871; x_wconf 74' lang='grc' dir='ltr'><strong><em>ἦσαν,</em></strong></span> <span class='ocrx_word' id='word_1_206' title='bbox 431 2806 522 2875; x_wconf 89' lang='lat' dir='ltr'><strong><em>qui</em></strong></span> <span class='ocrx_word' id='word_1_207' title='bbox 553 2804 622 2861; x_wconf 88' lang='lat' dir='ltr'><strong><em>ad</em></strong></span> <span class='ocrx_word' id='word_1_208' title='bbox 653 2806 878 2862; x_wconf 79' lang='lat' dir='ltr'><strong><em>verbum</em></strong></span> <span class='ocrx_word' id='word_1_209' title='bbox 906 2816 1085 2872; x_wconf 85' lang='lat' dir='ltr'><strong><em>sonat,</em></strong></span> <span class='ocrx_word' id='word_1_210' title='bbox 1109 2816 1157 2860; x_wconf 87' lang='lat' dir='ltr'><strong><em>et</em></strong></span> <span class='ocrx_word' id='word_1_211' title='bbox 1177 2806 1400 2872; x_wconf 69' lang='lat' dir='ltr'><strong><em>(equalia</em></strong></span> <span class='ocrx_word' id='word_1_212' title='bbox 1431 2807 1720 2862; x_wconf 86' lang='lat' dir='ltr'><strong><em>testimonia</em></strong></span> <span class='ocrx_word' id='word_1_213' title='bbox 1749 2825 1852 2863; x_wconf 87' lang='lat' dir='ltr'><strong><em>non</em></strong></span> 
     </span>
    </p>
   </div>
   <div class='ocr_carea' id='block_1_30' title="bbox 247 2908 406 2952">
    <p class='ocr_par' dir='ltr' id='par_1_30' title="bbox 247 2908 406 2952">
     <span class='ocr_line' id='line_1_30' title="bbox 247 2908 406 2952; baseline 0 -2"><span class='ocrx_word' id='word_1_214' title='bbox 247 2908 406 2952; x_wconf 67' lang='lat' dir='ltr'><strong><em>aunt.</em></strong></span> 
     </span>
    </p>
   </div>
   <div class='ocr_carea' id='block_1_31' title="bbox 307 2989 1843 3065">
    <p class='ocr_par' dir='ltr' id='par_1_31' title="bbox 307 2989 1843 3065">
     <span class='ocr_line' id='line_1_31' title="bbox 307 2989 1843 3065; baseline 0.002 -21"><span class='ocrx_word' id='word_1_215' title='bbox 307 2989 438 3044; x_wconf 85' lang='lat' dir='ltr'><strong><em>Luc.</em></strong></span> <span class='ocrx_word' id='word_1_216' title='bbox 471 3004 596 3060; x_wconf 87' lang='lat' dir='ltr'><strong><em>cap.</em></strong></span> <span class='ocrx_word' id='word_1_217' title='bbox 631 3005 691 3056; x_wconf 89' lang='grc' dir='ltr'><strong><em>ιι,</em></strong></span> <span class='ocrx_word' id='word_1_218' title='bbox 717 2990 810 3046; x_wconf 74' lang='lat'><strong><em>2‘2.</em></strong></span> <span class='ocrx_word' id='word_1_219' title='bbox 845 2990 1173 3059; x_wconf 81' lang='lat' dir='ltr'><strong><em>Verecllen.,</em></strong></span> <span class='ocrx_word' id='word_1_220' title='bbox 1208 3001 1398 3047; x_wconf 83' lang='lat' dir='ltr'><strong><em>etcum</em></strong></span> <span class='ocrx_word' id='word_1_221' title='bbox 1426 2994 1614 3065; x_wconf 76' lang='lat' dir='ltr'><strong><em>expleti</em></strong></span> <span class='ocrx_word' id='word_1_222' title='bbox 1659 3004 1843 3048; x_wconf 84' lang='lat' dir='ltr'><strong><em>essent.</em></strong></span> 
     </span>
    </p>
   </div>
   <div class='ocr_carea' id='block_1_32' title="bbox 244 3081 1842 3156">
    <p class='ocr_par' dir='ltr' id='par_1_32' title="bbox 244 3081 1842 3156">
     <span class='ocr_line' id='line_1_32' title="bbox 244 3081 1842 3156; baseline 0 -18"><span class='ocrx_word' id='word_1_223' title='bbox 244 3081 298 3138; x_wconf 89' lang='lat' dir='ltr'><strong><em>S.</em></strong></span> <span class='ocrx_word' id='word_1_224' title='bbox 327 3082 566 3138; x_wconf 65' lang='lat' dir='ltr'><strong><em>ltenmus</em></strong></span> <span class='ocrx_word' id='word_1_225' title='bbox 609 3082 663 3137; x_wconf 90' lang='lat' dir='ltr'><strong><em>in</em></strong></span> <span class='ocrx_word' id='word_1_226' title='bbox 696 3084 792 3138; x_wconf 86' lang='lat' dir='ltr'><strong><em>lib.</em></strong></span> <span class='ocrx_word' id='word_1_227' title='bbox 851 3099 925 3138; x_wconf 82' lang='lat' dir='ltr'><strong><em>vn</em></strong></span> <span class='ocrx_word' id='word_1_228' title='bbox 973 3094 1162 3139; x_wconf 89' lang='lat' dir='ltr'><strong><em>contra</em></strong></span> <span class='ocrx_word' id='word_1_229' title='bbox 1193 3084 1439 3140; x_wconf 73' lang='lat' dir='ltr'><strong><em>llzereses</em></strong></span> <span class='ocrx_word' id='word_1_230' title='bbox 1471 3095 1601 3140; x_wconf 89' lang='lat' dir='ltr'><strong><em>tom.</em></strong></span> <span class='ocrx_word' id='word_1_231' title='bbox 1635 3102 1688 3148; x_wconf 94' lang='grc' dir='ltr'><strong><em>ι,</em></strong></span> <span class='ocrx_word' id='word_1_232' title='bbox 1722 3100 1842 3156; x_wconf 87' lang='lat' dir='ltr'><strong><em>pag.</em></strong></span> 
     </span>
    </p>
   </div>
   <div class='ocr_carea' id='block_1_33' title="bbox 1994 483 3600 556">
    <p class='ocr_par' dir='ltr' id='par_1_33' title="bbox 1994 483 3600 556">
     <span class='ocr_line' id='line_1_33' title="bbox 1994 483 3600 556; baseline 0.007 -22"><span class='ocrx_word' id='word_1_233' title='bbox 1994 491 2126 535; x_wconf 88' lang='lat' dir='ltr'><strong><em>tom.</em></strong></span> <span class='ocrx_word' id='word_1_234' title='bbox 2151 498 2188 547; x_wconf 87' lang='lat' dir='ltr'><strong><em>t,</em></strong></span> <span class='ocrx_word' id='word_1_235' title='bbox 2219 497 2343 552; x_wconf 90' lang='lat' dir='ltr'><strong><em>pag.</em></strong></span> <span class='ocrx_word' id='word_1_236' title='bbox 2384 483 2512 548; x_wconf 72' lang='lat'><strong><em>277,</em></strong></span> <span class='ocrx_word' id='word_1_237' title='bbox 2538 494 2592 540; x_wconf 91' lang='lat' dir='ltr'><strong><em>et</em></strong></span> <span class='ocrx_word' id='word_1_238' title='bbox 2619 485 2674 540; x_wconf 91' lang='lat' dir='ltr'><strong><em>S.</em></strong></span> <span class='ocrx_word' id='word_1_239' title='bbox 2708 486 3027 541; x_wconf 87' lang='lat' dir='ltr'><strong><em>Ambrosius</em></strong></span> <span class='ocrx_word' id='word_1_240' title='bbox 3053 487 3109 541; x_wconf 92' lang='lat' dir='ltr'><strong><em>in</em></strong></span> <span class='ocrx_word' id='word_1_241' title='bbox 3138 488 3232 542; x_wconf 88' lang='lat' dir='ltr'><strong><em>lib.</em></strong></span> <span class='ocrx_word' id='word_1_242' title='bbox 3267 505 3299 543; x_wconf 89' lang='lat' dir='ltr'><strong>v</strong></span> <span class='ocrx_word' id='word_1_243' title='bbox 3320 531 3335 556; x_wconf 90' lang='lat'><strong><em>,</em></strong></span> <span class='ocrx_word' id='word_1_244' title='bbox 3365 489 3435 545; x_wconf 91' lang='lat' dir='ltr'><strong><em>de</em></strong></span> <span class='ocrx_word' id='word_1_245' title='bbox 3467 490 3600 546; x_wconf 83' lang='lat' dir='ltr'><strong><em>Fide</em></strong></span> 
     </span>
    </p>
   </div>
   <div class='ocr_carea' id='block_1_34' title="bbox 1992 575 2791 644">
    <p class='ocr_par' dir='ltr' id='par_1_34' title="bbox 1992 575 2791 644">
     <span class='ocr_line' id='line_1_34' title="bbox 1992 575 2791 644; baseline 0.001 -14"><span class='ocrx_word' id='word_1_246' title='bbox 1992 587 2112 641; x_wconf 76' lang='lat' dir='ltr'><strong><em>cap.</em></strong></span> <span class='ocrx_word' id='word_1_247' title='bbox 2145 575 2197 640; x_wconf 86' lang='lat'><strong><em>7,</em></strong></span> <span class='ocrx_word' id='word_1_248' title='bbox 2231 590 2350 644; x_wconf 81' lang='lat' dir='ltr'><strong><em>pag.</em></strong></span> <span class='ocrx_word' id='word_1_249' title='bbox 2380 575 2508 640; x_wconf 81' lang='lat'><strong><em>567,</em></strong></span> <span class='ocrx_word' id='word_1_250' title='bbox 2534 578 2669 631; x_wconf 85' lang='lat' dir='ltr'><strong><em>mis-it</em></strong></span> <span class='ocrx_word' id='word_1_251' title='bbox 2697 579 2791 631; x_wconf 84' lang='lat' dir='ltr'><strong><em>eis.</em></strong></span> 
     </span>
    </p>
   </div>
   <div class='ocr_carea' id='block_1_35' title="bbox 2062 665 3597 737">
    <p class='ocr_par' dir='ltr' id='par_1_35' title="bbox 2062 665 3597 737">
     <span class='ocr_line' id='line_1_35' title="bbox 2062 665 3597 737; baseline 0.003 -15"><span class='ocrx_word' id='word_1_252' title='bbox 2062 665 2250 722; x_wconf 83' lang='lat' dir='ltr'><strong><em>Matth.</em></strong></span> <span class='ocrx_word' id='word_1_253' title='bbox 2281 683 2398 737; x_wconf 90' lang='lat' dir='ltr'><strong><em>eap.</em></strong></span> <span class='ocrx_word' id='word_1_254' title='bbox 2431 685 2566 724; x_wconf 80' lang='lat' dir='ltr'><strong><em>xxw</em></strong></span> <span class='ocrx_word' id='word_1_255' title='bbox 2592 711 2606 732; x_wconf 87' lang='lat'><strong><em>,</em></strong></span> <span class='ocrx_word' id='word_1_256' title='bbox 2640 670 2729 725; x_wconf 78' lang='lat'><strong><em>&#39;56.</em></strong></span> <span class='ocrx_word' id='word_1_257' title='bbox 2782 669 3082 726; x_wconf 86' lang='lat' dir='ltr'><strong><em>Verecllen.</em></strong></span> <span class='ocrx_word' id='word_1_258' title='bbox 3137 682 3191 726; x_wconf 88' lang='lat' dir='ltr'><strong><em>et</em></strong></span> <span class='ocrx_word' id='word_1_259' title='bbox 3221 672 3464 729; x_wconf 85' lang='lat' dir='ltr'><strong><em>Brixiau.</em></strong></span> <span class='ocrx_word' id='word_1_260' title='bbox 3501 675 3597 731; x_wconf 90' lang='lat' dir='ltr'><strong><em>ha-</em></strong></span> 
     </span>
    </p>
   </div>
   <div class='ocr_carea' id='block_1_36' title="bbox 1989 756 3592 832">
    <p class='ocr_par' dir='ltr' id='par_1_36' title="bbox 1989 756 3592 832">
     <span class='ocr_line' id='line_1_36' title="bbox 1989 756 3592 832; baseline 0.006 -22"><span class='ocrx_word' id='word_1_261' title='bbox 1989 756 2138 826; x_wconf 79' lang='lat' dir='ltr'><strong><em>bent,</em></strong></span> <span class='ocrx_word' id='word_1_262' title='bbox 2171 776 2331 826; x_wconf 86' lang='lat' dir='ltr'><strong><em>neque</em></strong></span> <span class='ocrx_word' id='word_1_263' title='bbox 2361 761 2543 831; x_wconf 83' lang='lat' dir='ltr'><strong><em>Angeli</em></strong></span> <span class='ocrx_word' id='word_1_264' title='bbox 2570 763 2813 816; x_wconf 62' lang='lat' dir='ltr'><strong><em>caelorum</em></strong></span> <span class='ocrx_word' id='word_1_265' title='bbox 2839 805 2853 827; x_wconf 93' lang='lat'><strong><em>,</em></strong></span> <span class='ocrx_word' id='word_1_266' title='bbox 2879 780 3037 832; x_wconf 88' lang='lat' dir='ltr'><strong><em>neque</em></strong></span> <span class='ocrx_word' id='word_1_267' title='bbox 3061 763 3252 818; x_wconf 75' lang='lat' dir='ltr'><strong><em>Filius.</em></strong></span> <span class='ocrx_word' id='word_1_268' title='bbox 3305 765 3506 822; x_wconf 86' lang='lat' dir='ltr'><strong><em>Veron.</em></strong></span> <span class='ocrx_word' id='word_1_269' title='bbox 3537 777 3592 822; x_wconf 82' lang='lat' dir='ltr'><strong><em>et</em></strong></span> 
     </span>
    </p>
   </div>
   <div class='ocr_carea' id='block_1_37' title="bbox 1987 848 3584 926">
    <p class='ocr_par' dir='ltr' id='par_1_37' title="bbox 1987 848 3584 926">
     <span class='ocr_line' id='line_1_37' title="bbox 1987 848 3584 926; baseline 0.006 -24"><span class='ocrx_word' id='word_1_270' title='bbox 1987 848 2271 910; x_wconf 69' lang='lat' dir='ltr'><strong><em>Cor-beicn.</em></strong></span> <span class='ocrx_word' id='word_1_271' title='bbox 2303 869 2462 919; x_wconf 83' lang='lat' dir='ltr'><strong><em>neque</em></strong></span> <span class='ocrx_word' id='word_1_272' title='bbox 2487 855 2655 924; x_wconf 82' lang='lat' dir='ltr'><strong><em>angeli</em></strong></span> <span class='ocrx_word' id='word_1_273' title='bbox 2680 855 2921 908; x_wconf 75' lang='lat' dir='ltr'><strong><em>ctrlorum</em></strong></span> <span class='ocrx_word' id='word_1_274' title='bbox 2968 855 2985 926; x_wconf 95' lang='lat'>(</span> <span class='ocrx_word' id='word_1_275' title='bbox 3010 855 3297 910; x_wconf 76' lang='lat' dir='ltr'><strong><em>(Zorhcien.</em></strong></span> <span class='ocrx_word' id='word_1_276' title='bbox 3347 859 3436 911; x_wconf 85' lang='lat' dir='ltr'><strong><em>sed</em></strong></span> <span class='ocrx_word' id='word_1_277' title='bbox 3465 875 3584 924; x_wconf 87' lang='lat' dir='ltr'><strong><em>nec,</em></strong></span> 
     </span>
    </p>
   </div>
   <div class='ocr_carea' id='block_1_38' title="bbox 1987 944 3587 1018">
    <p class='ocr_par' dir='ltr' id='par_1_38' title="bbox 1987 944 3587 1018">
     <span class='ocr_line' id='line_1_38' title="bbox 1987 944 3587 1018; baseline 0.004 -22"><span class='ocrx_word' id='word_1_278' title='bbox 1987 944 2118 1014; x_wconf 89' lang='lat' dir='ltr'><strong><em>etc.)</em></strong></span> <span class='ocrx_word' id='word_1_279' title='bbox 2149 962 2239 998; x_wconf 87' lang='lat' dir='ltr'><strong><em>nec</em></strong></span> <span class='ocrx_word' id='word_1_280' title='bbox 2278 945 2569 1000; x_wconf 85' lang='lat' dir='ltr'><strong><em>Filius:ex</em></strong></span> <span class='ocrx_word' id='word_1_281' title='bbox 2599 949 2654 1001; x_wconf 91' lang='lat' dir='ltr'><strong><em>S.</em></strong></span> <span class='ocrx_word' id='word_1_282' title='bbox 2687 948 2864 1002; x_wconf 85' lang='lat' dir='ltr'><strong><em>Marco</em></strong></span> <span class='ocrx_word' id='word_1_283' title='bbox 2915 949 3025 1018; x_wconf 87' lang='lat' dir='ltr'><strong><em>qni,</em></strong></span> <span class='ocrx_word' id='word_1_284' title='bbox 3075 964 3194 1017; x_wconf 85' lang='lat' dir='ltr'><strong><em>cap.</em></strong></span> <span class='ocrx_word' id='word_1_285' title='bbox 3228 965 3339 1013; x_wconf 77' lang='lat' dir='ltr'><strong><em>xm,</em></strong></span> <span class='ocrx_word' id='word_1_286' title='bbox 3373 949 3466 1014; x_wconf 73' lang='grc'><strong><em>52,</em></strong></span> <span class='ocrx_word' id='word_1_287' title='bbox 3488 949 3587 1003; x_wconf 82' lang='lat' dir='ltr'><strong><em>ad-</em></strong></span> 
     </span>
    </p>
   </div>
   <div class='ocr_carea' id='block_1_39' title="bbox 1985 1034 3587 1109">
    <p class='ocr_par' dir='ltr' id='par_1_39' title="bbox 1985 1034 3587 1109">
     <span class='ocr_line' id='line_1_39' title="bbox 1985 1034 3587 1109; baseline 0.005 -21"><span class='ocrx_word' id='word_1_288' title='bbox 1985 1034 2099 1100; x_wconf 88' lang='lat' dir='ltr'><strong><em>dit,</em></strong></span> <span class='ocrx_word' id='word_1_289' title='bbox 2133 1054 2293 1106; x_wconf 79' lang='lat' dir='ltr'><strong><em>neque</em></strong></span> <span class='ocrx_word' id='word_1_290' title='bbox 2325 1037 2512 1092; x_wconf 72' lang='lat' dir='ltr'><strong><em>Filius.</em></strong></span> <span class='ocrx_word' id='word_1_291' title='bbox 2563 1039 2687 1092; x_wconf 69' lang='lat' dir='ltr'><strong><em>Hme</em></strong></span> <span class='ocrx_word' id='word_1_292' title='bbox 2727 1041 2888 1094; x_wconf 84' lang='lat' dir='ltr'><strong><em>verba</em></strong></span> <span class='ocrx_word' id='word_1_293' title='bbox 2930 1039 3072 1109; x_wconf 85' lang='lat' dir='ltr'><strong><em>apud</em></strong></span> <span class='ocrx_word' id='word_1_294' title='bbox 3101 1041 3408 1096; x_wconf 69' lang='lat' dir='ltr'><strong><em>Matthteum</em></strong></span> <span class='ocrx_word' id='word_1_295' title='bbox 3462 1042 3587 1096; x_wconf 87' lang='lat' dir='ltr'><strong><em>inde</em></strong></span> 
     </span>
    </p>
   </div>
   <div class='ocr_carea' id='block_1_40' title="bbox 1985 1129 3582 1202">
    <p class='ocr_par' dir='ltr' id='par_1_40' title="bbox 1985 1129 3582 1202">
     <span class='ocr_line' id='line_1_40' title="bbox 1985 1129 3582 1202; baseline 0.003 -21"><span class='ocrx_word' id='word_1_296' title='bbox 1985 1129 2243 1182; x_wconf 78' lang='lat' dir='ltr'><strong><em>translata</em></strong></span> <span class='ocrx_word' id='word_1_297' title='bbox 2276 1130 2528 1200; x_wconf 88' lang='lat' dir='ltr'><strong><em>leguntur</em></strong></span> <span class='ocrx_word' id='word_1_298' title='bbox 2570 1132 2621 1185; x_wconf 92' lang='lat' dir='ltr'><strong><em>in</em></strong></span> <span class='ocrx_word' id='word_1_299' title='bbox 2654 1131 2839 1186; x_wconf 90' lang='lat' dir='ltr'><strong><em>codice</em></strong></span> <span class='ocrx_word' id='word_1_300' title='bbox 2886 1147 3100 1202; x_wconf 89' lang='lat' dir='ltr'><strong><em>quoque</em></strong></span> <span class='ocrx_word' id='word_1_301' title='bbox 3131 1131 3539 1201; x_wconf 84' lang='lat' dir='ltr'><strong><em>Cantabrigensi</em></strong></span> <span class='ocrx_word' id='word_1_302' title='bbox 3567 1175 3582 1198; x_wconf 95' lang='lat'><strong><em>,</em></strong></span> 
     </span>
    </p>
   </div>
   <div class='ocr_carea' id='block_1_41' title="bbox 1982 1221 3583 1294">
    <p class='ocr_par' dir='ltr' id='par_1_41' title="bbox 1982 1221 3583 1294">
     <span class='ocr_line' id='line_1_41' title="bbox 1982 1221 3583 1294; baseline 0.004 -20"><span class='ocrx_word' id='word_1_303' title='bbox 1982 1221 2264 1294; x_wconf 76' lang='lat' dir='ltr'><strong><em>(Ihrysost.</em></strong></span> <span class='ocrx_word' id='word_1_304' title='bbox 2303 1223 2472 1278; x_wconf 83' lang='lat' dir='ltr'><strong><em>Paris.</em></strong></span> <span class='ocrx_word' id='word_1_305' title='bbox 2505 1224 2626 1279; x_wconf 88' lang='lat' dir='ltr'><strong><em>cod.</em></strong></span> <span class='ocrx_word' id='word_1_306' title='bbox 2661 1225 2715 1289; x_wconf 89' lang='lat'><strong><em>6,</em></strong></span> <span class='ocrx_word' id='word_1_307' title='bbox 2749 1225 2978 1293; x_wconf 81' lang='lat' dir='ltr'><strong><em>aliisque</em></strong></span> <span class='ocrx_word' id='word_1_308' title='bbox 3006 1224 3286 1279; x_wconf 88' lang='lat' dir='ltr'><strong><em>nonnullis</em></strong></span> <span class='ocrx_word' id='word_1_309' title='bbox 3316 1225 3502 1279; x_wconf 80' lang='lat' dir='ltr'><strong><em>relatis</em></strong></span> <span class='ocrx_word' id='word_1_310' title='bbox 3532 1226 3583 1280; x_wconf 92' lang='lat' dir='ltr'><strong><em>in</em></strong></span> 
     </span>
    </p>
   </div>
   <div class='ocr_carea' id='block_1_42' title="bbox 1985 1315 3584 1392">
    <p class='ocr_par' dir='ltr' id='par_1_42' title="bbox 1985 1315 3584 1392">
     <span class='ocr_line' id='line_1_42' title="bbox 1985 1315 3584 1392; baseline 0.005 -24"><span class='ocrx_word' id='word_1_311' title='bbox 1985 1315 2109 1371; x_wconf 87' lang='lat' dir='ltr'><strong><em>Var.</em></strong></span> <span class='ocrx_word' id='word_1_312' title='bbox 2143 1318 2292 1372; x_wconf 87' lang='lat' dir='ltr'><strong><em>Lect.</em></strong></span> <span class='ocrx_word' id='word_1_313' title='bbox 2320 1335 2347 1372; x_wconf 90' lang='lat' dir='ltr'><strong><em>a</em></strong></span> <span class='ocrx_word' id='word_1_314' title='bbox 2379 1319 2565 1374; x_wconf 82' lang='lat' dir='ltr'><strong><em>Millio.</em></strong></span> <span class='ocrx_word' id='word_1_315' title='bbox 2602 1319 2699 1374; x_wconf 88' lang='lat' dir='ltr'><strong><em>SS.</em></strong></span> <span class='ocrx_word' id='word_1_316' title='bbox 2735 1320 2992 1385; x_wconf 86' lang='lat' dir='ltr'><strong><em>llilarius,</em></strong></span> <span class='ocrx_word' id='word_1_317' title='bbox 3019 1320 3374 1386; x_wconf 88' lang='lat' dir='ltr'><strong><em>Ambrosius,</em></strong></span> <span class='ocrx_word' id='word_1_318' title='bbox 3403 1320 3584 1392; x_wconf 84' lang='lat' dir='ltr'><strong><em>Augu-</em></strong></span> 
     </span>
    </p>
   </div>
   <div class='ocr_carea' id='block_1_43' title="bbox 1978 1410 3584 1482">
    <p class='ocr_par' dir='ltr' id='par_1_43' title="bbox 1978 1410 3584 1482">
     <span class='ocr_line' id='line_1_43' title="bbox 1978 1410 3584 1482; baseline 0.004 -20"><span class='ocrx_word' id='word_1_319' title='bbox 1978 1410 2153 1463; x_wconf 85' lang='lat' dir='ltr'><strong><em>stinus</em></strong></span> <span class='ocrx_word' id='word_1_320' title='bbox 2176 1453 2191 1476; x_wconf 93' lang='lat'><strong><em>,</em></strong></span> <span class='ocrx_word' id='word_1_321' title='bbox 2241 1410 2682 1482; x_wconf 87' lang='lat' dir='ltr'><strong><em>’l‘heophylactus</em></strong></span> <span class='ocrx_word' id='word_1_322' title='bbox 2702 1412 2891 1467; x_wconf 88' lang='lat' dir='ltr'><strong><em>eadem</em></strong></span> <span class='ocrx_word' id='word_1_323' title='bbox 2934 1412 3100 1468; x_wconf 88' lang='lat' dir='ltr'><strong><em>verba</em></strong></span> <span class='ocrx_word' id='word_1_324' title='bbox 3133 1413 3235 1468; x_wconf 91' lang='lat' dir='ltr'><strong><em>hoc</em></strong></span> <span class='ocrx_word' id='word_1_325' title='bbox 3266 1414 3386 1469; x_wconf 91' lang='lat' dir='ltr'><strong><em>loco</em></strong></span> <span class='ocrx_word' id='word_1_326' title='bbox 3413 1417 3584 1470; x_wconf 87' lang='lat' dir='ltr'><strong><em>inter-</em></strong></span> 
     </span>
    </p>
   </div>
   <div class='ocr_carea' id='block_1_44' title="bbox 1975 1504 3580 1576">
    <p class='ocr_par' dir='ltr' id='par_1_44' title="bbox 1975 1504 3580 1576">
     <span class='ocr_line' id='line_1_44' title="bbox 1975 1504 3580 1576; baseline 0.005 -22"><span class='ocrx_word' id='word_1_327' title='bbox 1975 1512 2291 1570; x_wconf 85' lang='lat' dir='ltr'><strong><em>pretantur:</em></strong></span> <span class='ocrx_word' id='word_1_328' title='bbox 2327 1504 2452 1559; x_wconf 90' lang='lat' dir='ltr'><strong><em>hinc</em></strong></span> <span class='ocrx_word' id='word_1_329' title='bbox 2485 1515 2662 1560; x_wconf 90' lang='lat' dir='ltr'><strong><em>tamen</em></strong></span> <span class='ocrx_word' id='word_1_330' title='bbox 2695 1521 2802 1560; x_wconf 91' lang='lat' dir='ltr'><strong><em>non</em></strong></span> <span class='ocrx_word' id='word_1_331' title='bbox 2831 1506 2954 1576; x_wconf 85' lang='lat' dir='ltr'><strong><em>jure</em></strong></span> <span class='ocrx_word' id='word_1_332' title='bbox 2980 1507 3268 1575; x_wconf 81' lang='lat' dir='ltr'><strong><em>collegeris</em></strong></span> <span class='ocrx_word' id='word_1_333' title='bbox 3294 1548 3309 1572; x_wconf 97' lang='lat'><strong><em>,</em></strong></span> <span class='ocrx_word' id='word_1_334' title='bbox 3342 1507 3463 1566; x_wconf 91' lang='lat' dir='ltr'><strong><em>illos</em></strong></span> <span class='ocrx_word' id='word_1_335' title='bbox 3483 1522 3580 1562; x_wconf 88' lang='lat' dir='ltr'><strong><em>ea-</em></strong></span> 
     </span>
    </p>
   </div>
   <div class='ocr_carea' id='block_1_45' title="bbox 1974 1594 3580 1671">
    <p class='ocr_par' dir='ltr' id='par_1_45' title="bbox 1974 1594 3580 1671">
     <span class='ocr_line' id='line_1_45' title="bbox 1974 1594 3580 1671; baseline 0.006 -23"><span class='ocrx_word' id='word_1_336' title='bbox 1974 1594 2095 1650; x_wconf 89' lang='lat' dir='ltr'><strong><em>dem</em></strong></span> <span class='ocrx_word' id='word_1_337' title='bbox 2128 1598 2178 1648; x_wconf 93' lang='lat' dir='ltr'><strong><em>in</em></strong></span> <span class='ocrx_word' id='word_1_338' title='bbox 2211 1597 2321 1651; x_wconf 80' lang='lat' dir='ltr'><strong><em>suis</em></strong></span> <span class='ocrx_word' id='word_1_339' title='bbox 2346 1598 2496 1653; x_wconf 89' lang='lat' dir='ltr'><strong><em>libris</em></strong></span> <span class='ocrx_word' id='word_1_340' title='bbox 2523 1597 2796 1654; x_wconf 89' lang='lat' dir='ltr'><strong><em>habuisse.</em></strong></span> <span class='ocrx_word' id='word_1_341' title='bbox 2831 1601 2921 1654; x_wconf 82' lang='lat' dir='ltr'><strong><em>llla</em></strong></span> <span class='ocrx_word' id='word_1_342' title='bbox 2947 1604 3144 1671; x_wconf 88' lang='lat' dir='ltr'><strong><em>quippe</em></strong></span> <span class='ocrx_word' id='word_1_343' title='bbox 3174 1617 3239 1657; x_wconf 75' lang='lat' dir='ltr'><strong><em>ex</em></strong></span> <span class='ocrx_word' id='word_1_344' title='bbox 3266 1602 3445 1658; x_wconf 83' lang='lat' dir='ltr'><strong><em>Marco</em></strong></span> <span class='ocrx_word' id='word_1_345' title='bbox 3463 1619 3580 1657; x_wconf 91' lang='lat' dir='ltr'><strong><em>mu-</em></strong></span> 
     </span>
    </p>
   </div>
   <div class='ocr_carea' id='block_1_46' title="bbox 1974 1687 3579 1762">
    <p class='ocr_par' dir='ltr' id='par_1_46' title="bbox 1974 1687 3579 1762">
     <span class='ocr_line' id='line_1_46' title="bbox 1974 1687 3579 1762; baseline 0.007 -24"><span class='ocrx_word' id='word_1_346' title='bbox 1974 1687 2302 1754; x_wconf 88' lang='lat' dir='ltr'><strong><em>tnahantur,</em></strong></span> <span class='ocrx_word' id='word_1_347' title='bbox 2348 1700 2405 1743; x_wconf 90' lang='lat' dir='ltr'><strong><em>ut</em></strong></span> <span class='ocrx_word' id='word_1_348' title='bbox 2453 1691 2668 1746; x_wconf 82' lang='lat' dir='ltr'><strong><em>Arianis</em></strong></span> <span class='ocrx_word' id='word_1_349' title='bbox 2715 1693 3128 1762; x_wconf 74' lang='lat' dir='ltr'><strong><em>respoaderent.</em></strong></span> <span class='ocrx_word' id='word_1_350' title='bbox 3183 1694 3579 1750; x_wconf 71' lang='lat' dir='ltr'><strong><em>Animadvertit</em></strong></span> 
     </span>
    </p>
   </div>
   <div class='ocr_carea' id='block_1_47' title="bbox 1896 1779 3576 1856">
    <p class='ocr_par' dir='ltr' id='par_1_47' title="bbox 1896 1779 3576 1856">
     <span class='ocr_line' id='line_1_47' title="bbox 1896 1779 3576 1856; baseline 0.006 -24"><span class='ocrx_word' id='word_1_351' title='bbox 1896 1792 1943 1851; x_wconf 74' lang='grc' dir='ltr'>Β</span> <span class='ocrx_word' id='word_1_352' title='bbox 1972 1779 2031 1833; x_wconf 89' lang='lat' dir='ltr'><strong><em>S.</em></strong></span> <span class='ocrx_word' id='word_1_353' title='bbox 2067 1780 2464 1852; x_wconf 84' lang='lat' dir='ltr'><strong><em>Hieronymus,</em></strong></span> <span class='ocrx_word' id='word_1_354' title='bbox 2511 1783 2624 1838; x_wconf 70' lang='lat' dir='ltr'><strong><em>hazc</em></strong></span> <span class='ocrx_word' id='word_1_355' title='bbox 2651 1799 2756 1837; x_wconf 91' lang='lat' dir='ltr'><strong><em>non</em></strong></span> <span class='ocrx_word' id='word_1_356' title='bbox 2786 1783 2950 1838; x_wconf 78' lang='lat' dir='ltr'><strong><em>fuisse</em></strong></span> <span class='ocrx_word' id='word_1_357' title='bbox 2981 1785 3032 1838; x_wconf 93' lang='lat' dir='ltr'><strong><em>in</em></strong></span> <span class='ocrx_word' id='word_1_358' title='bbox 3067 1785 3218 1839; x_wconf 90' lang='lat' dir='ltr'><strong><em>libris</em></strong></span> <span class='ocrx_word' id='word_1_359' title='bbox 3245 1784 3490 1856; x_wconf 79' lang='lat' dir='ltr'><strong><em>Origcnis</em></strong></span> <span class='ocrx_word' id='word_1_360' title='bbox 3520 1797 3576 1842; x_wconf 89' lang='lat' dir='ltr'><strong><em>et</em></strong></span> 
     </span>
    </p>
   </div>
   <div class='ocr_carea' id='block_1_48' title="bbox 322 1865 1856 1941">
    <p class='ocr_par' dir='ltr' id='par_1_48' title="bbox 322 1865 1856 1941">
     <span class='ocr_line' id='line_1_48' title="bbox 322 1865 1856 1941; baseline 0 -19"><span class='ocrx_word' id='word_1_361' title='bbox 322 1867 460 1922; x_wconf 89' lang='lat' dir='ltr'><strong><em>Luc.</em></strong></span> <span class='ocrx_word' id='word_1_362' title='bbox 484 1881 604 1935; x_wconf 89' lang='lat' dir='ltr'><strong><em>cap.</em></strong></span> <span class='ocrx_word' id='word_1_363' title='bbox 636 1882 711 1932; x_wconf 83' lang='lat' dir='ltr'><strong><em>ix,</em></strong></span> <span class='ocrx_word' id='word_1_364' title='bbox 748 1865 839 1925; x_wconf 75' lang='grc'><strong><em>22.</em></strong></span> <span class='ocrx_word' id='word_1_365' title='bbox 873 1867 1206 1935; x_wconf 81' lang='lat' dir='ltr'><strong><em>Verecllen.,</em></strong></span> <span class='ocrx_word' id='word_1_366' title='bbox 1235 1877 1283 1922; x_wconf 89' lang='lat' dir='ltr'><strong><em>et</em></strong></span> <span class='ocrx_word' id='word_1_367' title='bbox 1312 1877 1428 1938; x_wconf 86' lang='lat' dir='ltr'><strong><em>post</em></strong></span> <span class='ocrx_word' id='word_1_368' title='bbox 1449 1871 1655 1924; x_wconf 88' lang='lat' dir='ltr'><strong><em>tertium</em></strong></span> <span class='ocrx_word' id='word_1_369' title='bbox 1687 1871 1819 1924; x_wconf 88' lang='lat' dir='ltr'><strong><em>diem</em></strong></span> <span class='ocrx_word' id='word_1_370' title='bbox 1842 1921 1856 1941; x_wconf 69' lang='lat'><strong><em>,</em></strong></span> 
     </span>
    </p>
   </div>
   <div class='ocr_carea' id='block_1_49' title="bbox 1970 1871 3571 1946">
    <p class='ocr_par' dir='ltr' id='par_1_49' title="bbox 1970 1871 3571 1946">
     <span class='ocr_line' id='line_1_49' title="bbox 1970 1871 3571 1946; baseline 0.007 -21"><span class='ocrx_word' id='word_1_371' title='bbox 1970 1871 2150 1932; x_wconf 84' lang='lat' dir='ltr'><strong><em>Pierii.</em></strong></span> <span class='ocrx_word' id='word_1_372' title='bbox 2182 1874 2460 1930; x_wconf 78' lang='lat' dir='ltr'><strong><em>Habentur</em></strong></span> <span class='ocrx_word' id='word_1_373' title='bbox 2490 1885 2668 1932; x_wconf 87' lang='lat' dir='ltr'><strong><em>tamen</em></strong></span> <span class='ocrx_word' id='word_1_374' title='bbox 2701 1879 2751 1933; x_wconf 91' lang='lat' dir='ltr'><strong><em>in</em></strong></span> <span class='ocrx_word' id='word_1_375' title='bbox 2778 1878 2957 1934; x_wconf 86' lang='lat' dir='ltr'><strong><em>Veteri</em></strong></span> <span class='ocrx_word' id='word_1_376' title='bbox 2993 1879 3218 1946; x_wconf 63' lang='lat' dir='ltr'><strong><em>Vulgata</em></strong></span> <span class='ocrx_word' id='word_1_377' title='bbox 3253 1881 3571 1936; x_wconf 69' lang='lat' dir='ltr'><strong><em>Martianari.</em></strong></span> 
     </span>
    </p>
   </div>
   <div class='ocr_carea' id='block_1_50' title="bbox 1975 1965 3571 2039">
    <p class='ocr_par' dir='ltr' id='par_1_50' title="bbox 1975 1965 3571 2039">
     <span class='ocr_line' id='line_1_50' title="bbox 1975 1965 3571 2039; baseline 0.006 -20"><span class='ocrx_word' id='word_1_378' title='bbox 1975 1965 2151 2021; x_wconf 87' lang='lat' dir='ltr'><strong><em>Locus</em></strong></span> <span class='ocrx_word' id='word_1_379' title='bbox 2180 1968 2266 2021; x_wconf 91' lang='lat' dir='ltr'><strong><em>hic</em></strong></span> <span class='ocrx_word' id='word_1_380' title='bbox 2297 1984 2612 2039; x_wconf 86' lang='lat' dir='ltr'><strong><em>magnarum</em></strong></span> <span class='ocrx_word' id='word_1_381' title='bbox 2650 1971 2821 2024; x_wconf 89' lang='lat' dir='ltr'><strong><em>litiutn</em></strong></span> <span class='ocrx_word' id='word_1_382' title='bbox 2846 1986 3002 2039; x_wconf 86' lang='lat' dir='ltr'><strong><em>seges</em></strong></span> <span class='ocrx_word' id='word_1_383' title='bbox 3033 1972 3129 2025; x_wconf 82' lang='lat' dir='ltr'><strong><em>fuit</em></strong></span> <span class='ocrx_word' id='word_1_384' title='bbox 3155 1972 3461 2027; x_wconf 86' lang='lat' dir='ltr'><strong><em>Catholicos</em></strong></span> <span class='ocrx_word' id='word_1_385' title='bbox 3488 1974 3571 2027; x_wconf 85' lang='lat' dir='ltr'><strong><em>in-</em></strong></span> 
     </span>
    </p>
   </div>
   <div class='ocr_carea' id='block_1_51' title="bbox 1968 2059 3568 2133">
    <p class='ocr_par' dir='ltr' id='par_1_51' title="bbox 1968 2059 3568 2133">
     <span class='ocr_line' id='line_1_51' title="bbox 1968 2059 3568 2133; baseline 0.006 -23"><span class='ocrx_word' id='word_1_386' title='bbox 1968 2065 2053 2112; x_wconf 89' lang='lat' dir='ltr'><strong><em>ter</em></strong></span> <span class='ocrx_word' id='word_1_387' title='bbox 2084 2069 2136 2112; x_wconf 92' lang='lat' dir='ltr'><strong><em>et</em></strong></span> <span class='ocrx_word' id='word_1_388' title='bbox 2178 2059 2443 2124; x_wconf 84' lang='lat' dir='ltr'><strong><em>Arianos;</em></strong></span> <span class='ocrx_word' id='word_1_389' title='bbox 2477 2077 2598 2115; x_wconf 90' lang='lat' dir='ltr'><strong><em>cum</em></strong></span> <span class='ocrx_word' id='word_1_390' title='bbox 2626 2061 2763 2116; x_wconf 80' lang='lat' dir='ltr'><strong><em>hiex</em></strong></span> <span class='ocrx_word' id='word_1_391' title='bbox 2791 2077 2856 2116; x_wconf 91' lang='lat' dir='ltr'><strong><em>eo</em></strong></span> <span class='ocrx_word' id='word_1_392' title='bbox 2876 2062 3011 2118; x_wconf 83' lang='lat' dir='ltr'><strong><em>falso</em></strong></span> <span class='ocrx_word' id='word_1_393' title='bbox 3027 2064 3368 2133; x_wconf 84' lang='lat' dir='ltr'><strong><em>colligerent,</em></strong></span> <span class='ocrx_word' id='word_1_394' title='bbox 3400 2066 3568 2120; x_wconf 91' lang='lat' dir='ltr'><strong><em>Deum</em></strong></span> 
     </span>
    </p>
   </div>
   <div class='ocr_carea' id='block_1_52' title="bbox 1963 2150 3568 2224">
    <p class='ocr_par' dir='ltr' id='par_1_52' title="bbox 1963 2150 3568 2224">
     <span class='ocr_line' id='line_1_52' title="bbox 1963 2150 3568 2224; baseline 0.006 -22"><span class='ocrx_word' id='word_1_395' title='bbox 1963 2164 2070 2203; x_wconf 84' lang='lat' dir='ltr'><strong><em>non</em></strong></span> <span class='ocrx_word' id='word_1_396' title='bbox 2097 2164 2219 2204; x_wconf 80' lang='lat' dir='ltr'><strong><em>esse</em></strong></span> <span class='ocrx_word' id='word_1_397' title='bbox 2246 2150 2453 2216; x_wconf 87' lang='lat' dir='ltr'><strong><em>Jesum,</em></strong></span> <span class='ocrx_word' id='word_1_398' title='bbox 2487 2169 2607 2207; x_wconf 87' lang='lat' dir='ltr'><strong><em>cum</em></strong></span> <span class='ocrx_word' id='word_1_399' title='bbox 2641 2154 2841 2224; x_wconf 85' lang='lat' dir='ltr'><strong><em>aliquid</em></strong></span> <span class='ocrx_word' id='word_1_400' title='bbox 2871 2163 3038 2219; x_wconf 86' lang='lat' dir='ltr'><strong><em>esset,</em></strong></span> <span class='ocrx_word' id='word_1_401' title='bbox 3072 2155 3214 2224; x_wconf 84' lang='lat' dir='ltr'><strong><em>quod</em></strong></span> <span class='ocrx_word' id='word_1_402' title='bbox 3247 2157 3394 2210; x_wconf 89' lang='lat' dir='ltr'><strong><em>illius</em></strong></span> <span class='ocrx_word' id='word_1_403' title='bbox 3424 2159 3568 2212; x_wconf 87' lang='lat' dir='ltr'><strong><em>noti-</em></strong></span> 
     </span>
    </p>
   </div>
   <div class='ocr_carea' id='block_1_53' title="bbox 1962 2239 3568 2319">
    <p class='ocr_par' dir='ltr' id='par_1_53' title="bbox 1962 2239 3568 2319">
     <span class='ocr_line' id='line_1_53' title="bbox 1962 2239 3568 2319; baseline 0.006 -27"><span class='ocrx_word' id='word_1_404' title='bbox 1962 2239 2089 2294; x_wconf 87' lang='lat' dir='ltr'><strong><em>tiam</em></strong></span> <span class='ocrx_word' id='word_1_405' title='bbox 2121 2241 2354 2310; x_wconf 84' lang='lat' dir='ltr'><strong><em>lugeret.</em></strong></span> <span class='ocrx_word' id='word_1_406' title='bbox 2391 2244 2523 2299; x_wconf 91' lang='lat' dir='ltr'><strong><em>lluic</em></strong></span> <span class='ocrx_word' id='word_1_407' title='bbox 2547 2245 2838 2314; x_wconf 88' lang='lat' dir='ltr'><strong><em>ohjectioni</em></strong></span> <span class='ocrx_word' id='word_1_408' title='bbox 2871 2261 3164 2301; x_wconf 79' lang='lat' dir='ltr'><strong><em>occurrens</em></strong></span> <span class='ocrx_word' id='word_1_409' title='bbox 3189 2247 3227 2302; x_wconf 92' lang='lat' dir='ltr'><strong><em>S</em></strong></span> <span class='ocrx_word' id='word_1_410' title='bbox 3246 2247 3568 2319; x_wconf 75' lang='lat' dir='ltr'><strong><em>Ambrosius</em></strong></span> 
     </span>
    </p>
   </div>
   <div class='ocr_carea' id='block_1_54' title="bbox 1961 2330 3568 2406">
    <p class='ocr_par' dir='ltr' id='par_1_54' title="bbox 1961 2330 3568 2406">
     <span class='ocr_line' id='line_1_54' title="bbox 1961 2330 3568 2406; baseline 0.006 -21"><span class='ocrx_word' id='word_1_411' title='bbox 1961 2330 2056 2385; x_wconf 90' lang='lat' dir='ltr'><strong><em>lib.</em></strong></span> <span class='ocrx_word' id='word_1_412' title='bbox 2105 2349 2134 2385; x_wconf 85' lang='grc' dir='ltr'><strong>ν</strong></span> <span class='ocrx_word' id='word_1_413' title='bbox 2184 2335 2250 2388; x_wconf 88' lang='lat' dir='ltr'><strong><em>de</em></strong></span> <span class='ocrx_word' id='word_1_414' title='bbox 2298 2335 2450 2400; x_wconf 85' lang='lat' dir='ltr'><strong><em>Fide,</em></strong></span> <span class='ocrx_word' id='word_1_415' title='bbox 2485 2352 2602 2406; x_wconf 90' lang='lat' dir='ltr'><strong><em>cap.</em></strong></span> <span class='ocrx_word' id='word_1_416' title='bbox 2633 2340 2664 2393; x_wconf 90' lang='lat'><strong>8</strong></span> <span class='ocrx_word' id='word_1_417' title='bbox 2696 2379 2710 2402; x_wconf 94' lang='lat'><strong><em>,</em></strong></span> <span class='ocrx_word' id='word_1_418' title='bbox 2742 2339 2848 2392; x_wconf 85' lang='lat' dir='ltr'><strong><em>ait:</em></strong></span> <span class='ocrx_word' id='word_1_419' title='bbox 2916 2338 3120 2392; x_wconf 68' lang='lat' dir='ltr'><strong><em>Veteres</em></strong></span> <span class='ocrx_word' id='word_1_420' title='bbox 3167 2337 3335 2393; x_wconf 76' lang='lat' dir='ltr'><strong><em>erci</em></strong></span> <span class='ocrx_word' id='word_1_421' title='bbox 3364 2341 3568 2395; x_wconf 77' lang='lat' dir='ltr'><strong><em>codices</em></strong></span> 
     </span>
    </p>
   </div>
   <div class='ocr_carea' id='block_1_55' title="bbox 1965 2423 3565 2494">
    <p class='ocr_par' dir='ltr' id='par_1_55' title="bbox 1965 2423 3565 2494">
     <span class='ocr_line' id='line_1_55' title="bbox 1965 2423 3565 2494; baseline 0.005 -18"><span class='ocrx_word' id='word_1_422' title='bbox 1965 2423 2177 2494; x_wconf 80' lang='lat' dir='ltr'><strong><em>(Marci)</em></strong></span> <span class='ocrx_word' id='word_1_423' title='bbox 2197 2443 2298 2479; x_wconf 88' lang='lat' dir='ltr'><strong><em>non</em></strong></span> <span class='ocrx_word' id='word_1_424' title='bbox 2321 2428 2506 2481; x_wconf 83' lang='lat' dir='ltr'><strong><em>habent</em></strong></span> <span class='ocrx_word' id='word_1_425' title='bbox 2530 2444 2547 2480; x_wconf 94' lang='lat'><em>:</em></span> <span class='ocrx_word' id='word_1_426' title='bbox 2569 2447 2589 2479; x_wconf 73' lang='grc' dir='ltr'><strong><em>ι</em></strong></span> <span class='ocrx_word' id='word_1_427' title='bbox 2633 2429 2784 2494; x_wconf 84' lang='lat' dir='ltr'><strong><em>Quod</em></strong></span> <span class='ocrx_word' id='word_1_428' title='bbox 2811 2446 2900 2482; x_wconf 89' lang='lat' dir='ltr'><strong><em>nec</em></strong></span> <span class='ocrx_word' id='word_1_429' title='bbox 2934 2428 3105 2482; x_wconf 80' lang='lat' dir='ltr'><strong><em>Filius</em></strong></span> <span class='ocrx_word' id='word_1_430' title='bbox 3131 2431 3259 2492; x_wconf 89' lang='lat' dir='ltr'><strong><em>scit;</em></strong></span> <span class='ocrx_word' id='word_1_431' title='bbox 3289 2449 3307 2482; x_wconf 78' lang='grc' dir='ltr'><strong><em>ι</em></strong></span> <span class='ocrx_word' id='word_1_432' title='bbox 3343 2432 3434 2483; x_wconf 86' lang='lat' dir='ltr'><strong><em>sed</em></strong></span> <span class='ocrx_word' id='word_1_433' title='bbox 3461 2449 3565 2485; x_wconf 86' lang='lat' dir='ltr'><strong><em>non</em></strong></span> 
     </span>
    </p>
   </div>
   <div class='ocr_carea' id='block_1_56' title="bbox 1957 2517 3564 2591">
    <p class='ocr_par' dir='ltr' id='par_1_56' title="bbox 1957 2517 3564 2591">
     <span class='ocr_line' id='line_1_56' title="bbox 1957 2517 3564 2591; baseline 0.004 -23"><span class='ocrx_word' id='word_1_434' title='bbox 1957 2517 2144 2570; x_wconf 87' lang='lat' dir='ltr'><strong><em>mirum</em></strong></span> <span class='ocrx_word' id='word_1_435' title='bbox 2166 2528 2261 2581; x_wconf 81' lang='lat' dir='ltr'><strong><em>est,</em></strong></span> <span class='ocrx_word' id='word_1_436' title='bbox 2305 2520 2351 2570; x_wconf 69' lang='lat' dir='ltr'><strong><em>si</em></strong></span> <span class='ocrx_word' id='word_1_437' title='bbox 2379 2529 2428 2571; x_wconf 89' lang='lat' dir='ltr'><strong><em>et</em></strong></span> <span class='ocrx_word' id='word_1_438' title='bbox 2458 2521 2555 2571; x_wconf 84' lang='lat' dir='ltr'><strong><em>hoc</em></strong></span> <span class='ocrx_word' id='word_1_439' title='bbox 2576 2520 2867 2588; x_wconf 81' lang='lat' dir='ltr'><strong><em>falsarum,</em></strong></span> <span class='ocrx_word' id='word_1_440' title='bbox 2894 2521 2980 2588; x_wconf 86' lang='lat' dir='ltr'><strong><em>qui</em></strong></span> <span class='ocrx_word' id='word_1_441' title='bbox 3013 2520 3315 2589; x_wconf 83' lang='lat' dir='ltr'><strong><em>Scripturas</em></strong></span> <span class='ocrx_word' id='word_1_442' title='bbox 3336 2521 3564 2591; x_wconf 82' lang='lat' dir='ltr'><strong><em>interpo-</em></strong></span> 
     </span>
    </p>
   </div>
   <div class='ocr_carea' id='block_1_57' title="bbox 1957 2593 3565 2668">
    <p class='ocr_par' dir='ltr' id='par_1_57' title="bbox 1957 2593 3565 2668">
     <span class='ocr_line' id='line_1_57' title="bbox 1957 2593 3565 2668; baseline 0.002 -4"><span class='ocrx_word' id='word_1_443' title='bbox 1957 2607 2122 2664; x_wconf 78' lang='lat' dir='ltr'><strong><em>lavere</em></strong></span> <span class='ocrx_word' id='word_1_444' title='bbox 2137 2609 2355 2664; x_wconf 68' lang='lat' dir='ltr'><strong><em>divitias.</em></strong></span> <span class='ocrx_word' id='word_1_445' title='bbox 2389 2610 2655 2663; x_wconf 69' lang='lat' dir='ltr'><strong><em>Caeterum</em></strong></span> <span class='ocrx_word' id='word_1_446' title='bbox 2689 2610 2909 2665; x_wconf 91' lang='lat' dir='ltr'><strong><em>codices</em></strong></span> <span class='ocrx_word' id='word_1_447' title='bbox 2939 2593 3128 2666; x_wconf 83' lang='lat' dir='ltr'><strong><em>omnes</em></strong></span> <span class='ocrx_word' id='word_1_448' title='bbox 3158 2610 3330 2666; x_wconf 72' lang='lat' dir='ltr'><strong><em>Graeci</em></strong></span> <span class='ocrx_word' id='word_1_449' title='bbox 3385 2621 3440 2666; x_wconf 95' lang='lat' dir='ltr'><strong><em>et</em></strong></span> <span class='ocrx_word' id='word_1_450' title='bbox 3467 2613 3565 2668; x_wconf 87' lang='lat' dir='ltr'><strong><em>La-</em></strong></span> 
     </span>
    </p>
   </div>
   <div class='ocr_carea' id='block_1_58' title="bbox 1958 2699 3553 2772">
    <p class='ocr_par' dir='ltr' id='par_1_58' title="bbox 1958 2699 3553 2772">
     <span class='ocr_line' id='line_1_58' title="bbox 1958 2699 3553 2772; baseline 0.004 -18"><span class='ocrx_word' id='word_1_451' title='bbox 1958 2699 2057 2770; x_wconf 78' lang='lat' dir='ltr'><strong><em>tini</em></strong></span> <span class='ocrx_word' id='word_1_452' title='bbox 2083 2739 2097 2764; x_wconf 98' lang='lat'><strong><em>,</em></strong></span> <span class='ocrx_word' id='word_1_453' title='bbox 2132 2702 2220 2769; x_wconf 83' lang='lat' dir='ltr'><strong><em>qui</em></strong></span> <span class='ocrx_word' id='word_1_454' title='bbox 2252 2712 2434 2755; x_wconf 89' lang='lat' dir='ltr'><strong><em>nostra</em></strong></span> <span class='ocrx_word' id='word_1_455' title='bbox 2465 2711 2624 2756; x_wconf 82' lang='lat' dir='ltr'><strong><em>aetate</em></strong></span> <span class='ocrx_word' id='word_1_456' title='bbox 2662 2715 2991 2772; x_wconf 88' lang='lat' dir='ltr'><strong><em>supersunt,</em></strong></span> <span class='ocrx_word' id='word_1_457' title='bbox 3035 2721 3194 2758; x_wconf 89' lang='lat' dir='ltr'><strong><em>manu</em></strong></span> <span class='ocrx_word' id='word_1_458' title='bbox 3245 2706 3448 2760; x_wconf 77' lang='lat' dir='ltr'><strong><em>exarati</em></strong></span> <span class='ocrx_word' id='word_1_459' title='bbox 3497 2719 3553 2761; x_wconf 89' lang='lat' dir='ltr'><strong><em>et</em></strong></span> 
     </span>
    </p>
   </div>
   <div class='ocr_carea' id='block_1_59' title="bbox 1956 2792 3554 2869">
    <p class='ocr_par' dir='ltr' id='par_1_59' title="bbox 1956 2792 3554 2869">
     <span class='ocr_line' id='line_1_59' title="bbox 1956 2792 3554 2869; baseline 0.003 -22"><span class='ocrx_word' id='word_1_460' title='bbox 1956 2792 2098 2862; x_wconf 88' lang='lat' dir='ltr'><strong><em>typis</em></strong></span> <span class='ocrx_word' id='word_1_461' title='bbox 2127 2793 2283 2858; x_wconf 87' lang='lat' dir='ltr'><strong><em>editi,</em></strong></span> <span class='ocrx_word' id='word_1_462' title='bbox 2313 2808 2422 2848; x_wconf 89' lang='lat' dir='ltr'><strong><em>uno</em></strong></span> <span class='ocrx_word' id='word_1_463' title='bbox 2451 2809 2720 2850; x_wconf 88' lang='lat' dir='ltr'><strong><em>consensu</em></strong></span> <span class='ocrx_word' id='word_1_464' title='bbox 2749 2797 2863 2851; x_wconf 66' lang='lat' dir='ltr'><strong><em>haec</em></strong></span> <span class='ocrx_word' id='word_1_465' title='bbox 2889 2797 3028 2867; x_wconf 90' lang='lat' dir='ltr'><strong><em>apud</em></strong></span> <span class='ocrx_word' id='word_1_466' title='bbox 3061 2798 3299 2852; x_wconf 79' lang='lat' dir='ltr'><strong><em>Marcum</em></strong></span> <span class='ocrx_word' id='word_1_467' title='bbox 3341 2799 3554 2869; x_wconf 84' lang='lat' dir='ltr'><strong><em>legunt,</em></strong></span> 
     </span>
    </p>
   </div>
   <div class='ocr_carea' id='block_1_60' title="bbox 1954 2888 3556 2961">
    <p class='ocr_par' dir='ltr' id='par_1_60' title="bbox 1954 2888 3556 2961">
     <span class='ocr_line' id='line_1_60' title="bbox 1954 2888 3556 2961; baseline 0.004 -20"><span class='ocrx_word' id='word_1_468' title='bbox 1954 2895 2010 2941; x_wconf 90' lang='lat' dir='ltr'><strong><em>et</em></strong></span> <span class='ocrx_word' id='word_1_469' title='bbox 2038 2888 2190 2942; x_wconf 90' lang='lat' dir='ltr'><strong><em>multi</em></strong></span> <span class='ocrx_word' id='word_1_470' title='bbox 2221 2888 2382 2943; x_wconf 80' lang='lat' dir='ltr'><strong><em>etiam</em></strong></span> <span class='ocrx_word' id='word_1_471' title='bbox 2410 2889 2550 2958; x_wconf 90' lang='lat' dir='ltr'><strong><em>apud</em></strong></span> <span class='ocrx_word' id='word_1_472' title='bbox 2576 2889 2909 2944; x_wconf 83' lang='lat' dir='ltr'><strong><em>Matthaeum.</em></strong></span> <span class='ocrx_word' id='word_1_473' title='bbox 2955 2890 3267 2961; x_wconf 79' lang='lat' dir='ltr'><strong><em>Agnoscunt</em></strong></span> <span class='ocrx_word' id='word_1_474' title='bbox 3298 2901 3556 2960; x_wconf 64' lang='lat' dir='ltr'><strong><em>prasterea</em></strong></span> 
     </span>
    </p>
   </div>
   <div class='ocr_carea' id='block_1_61' title="bbox 1952 2981 2378 3036">
    <p class='ocr_par' dir='ltr' id='par_1_61' title="bbox 1952 2981 2378 3036">
     <span class='ocr_line' id='line_1_61' title="bbox 1952 2981 2378 3036; baseline 0.005 -1"><span class='ocrx_word' id='word_1_475' title='bbox 1952 2982 2132 3035; x_wconf 67' lang='lat' dir='ltr'><strong><em>caeteri</em></strong></span> <span class='ocrx_word' id='word_1_476' title='bbox 2166 2981 2378 3036; x_wconf 84' lang='lat' dir='ltr'><strong><em>Patres.</em></strong></span> 
     </span>
    </p>
   </div>
   <div class='ocr_carea' id='block_1_62' title="bbox 2021 3073 3555 3147">
    <p class='ocr_par' dir='ltr' id='par_1_62' title="bbox 2021 3073 3555 3147">
     <span class='ocr_line' id='line_1_62' title="bbox 2021 3073 3555 3147; baseline 0.004 -19"><span class='ocrx_word' id='word_1_477' title='bbox 2021 3073 2179 3129; x_wconf 83' lang='lat' dir='ltr'><strong><em>Joan.</em></strong></span> <span class='ocrx_word' id='word_1_478' title='bbox 2214 3091 2329 3143; x_wconf 87' lang='lat' dir='ltr'><strong><em>cap.</em></strong></span> <span class='ocrx_word' id='word_1_479' title='bbox 2365 3091 2444 3139; x_wconf 92' lang='grc' dir='ltr'>ιιι,</span> <span class='ocrx_word' id='word_1_480' title='bbox 2478 3075 2532 3132; x_wconf 90' lang='lat'><strong><em>6.</em></strong></span> <span class='ocrx_word' id='word_1_481' title='bbox 2577 3074 2886 3132; x_wconf 84' lang='lat' dir='ltr'><strong><em>Verecllen.</em></strong></span> <span class='ocrx_word' id='word_1_482' title='bbox 2919 3077 3106 3145; x_wconf 88' lang='lat' dir='ltr'><strong><em>addit,</em></strong></span> <span class='ocrx_word' id='word_1_483' title='bbox 3137 3077 3257 3147; x_wconf 87' lang='lat' dir='ltr'><strong><em>quia</em></strong></span> <span class='ocrx_word' id='word_1_484' title='bbox 3297 3079 3362 3132; x_wconf 86' lang='lat' dir='ltr'><strong><em>de</em></strong></span> <span class='ocrx_word' id='word_1_485' title='bbox 3400 3095 3555 3134; x_wconf 86' lang='lat' dir='ltr'><strong><em>carne</em></strong></span> 
     </span>
    </p>
   </div>
   <div class='ocr_carea' id='block_1_63' title="bbox 241 3167 1844 3243">
    <p class='ocr_par' dir='ltr' id='par_1_63' title="bbox 241 3173 1844 3243">
     <span class='ocr_line' id='line_1_63' title="bbox 241 3173 1844 3243; baseline 0.004 -15"><span class='ocrx_word' id='word_1_486' title='bbox 241 3173 346 3230; x_wconf 84' lang='grc'><strong><em>187</em></strong></span> <span class='ocrx_word' id='word_1_487' title='bbox 371 3218 386 3243; x_wconf 92' lang='grc'>,</span> <span class='ocrx_word' id='word_1_488' title='bbox 415 3192 532 3229; x_wconf 74' lang='lat' dir='ltr'><strong><em>cum</em></strong></span> <span class='ocrx_word' id='word_1_489' title='bbox 560 3177 761 3243; x_wconf 83' lang='lat' dir='ltr'><strong><em>impleti</em></strong></span> <span class='ocrx_word' id='word_1_490' title='bbox 782 3187 965 3232; x_wconf 88' lang='lat' dir='ltr'><strong><em>essent.</em></strong></span> <span class='ocrx_word' id='word_1_491' title='bbox 1010 3178 1067 3232; x_wconf 93' lang='lat' dir='ltr'><strong><em>S.</em></strong></span> <span class='ocrx_word' id='word_1_492' title='bbox 1105 3178 1424 3234; x_wconf 87' lang='lat' dir='ltr'><strong><em>Ambrosius</em></strong></span> <span class='ocrx_word' id='word_1_493' title='bbox 1449 3178 1502 3234; x_wconf 88' lang='lat' dir='ltr'><strong><em>in</em></strong></span> <span class='ocrx_word' id='word_1_494' title='bbox 1545 3180 1639 3234; x_wconf 90' lang='lat' dir='ltr'><strong><em>lib.</em></strong></span> <span class='ocrx_word' id='word_1_495' title='bbox 1699 3195 1735 3234; x_wconf 89' lang='grc' dir='ltr'><strong><em>ιι</em></strong></span> <span class='ocrx_word' id='word_1_496' title='bbox 1777 3180 1844 3234; x_wconf 87' lang='lat' dir='ltr'><strong><em>de</em></strong></span> 
     </span>
    </p>
   </div>
   <div class='ocr_carea' id='block_1_64' title="bbox 1958 3167 3556 3243">
    <p class='ocr_par' dir='ltr' id='par_1_64' title="bbox 1958 3167 3556 3236">
     <span class='ocr_line' id='line_1_64' title="bbox 1958 3167 3556 3236; baseline 0.004 -18"><span class='ocrx_word' id='word_1_497' title='bbox 1958 3175 2126 3218; x_wconf 88' lang='lat' dir='ltr'><strong><em>natum</em></strong></span> <span class='ocrx_word' id='word_1_498' title='bbox 2151 3177 2243 3220; x_wconf 84' lang='lat' dir='ltr'><strong><em>est.</em></strong></span> <span class='ocrx_word' id='word_1_499' title='bbox 2274 3167 2476 3221; x_wconf 88' lang='lat' dir='ltr'><strong><em>Veron.</em></strong></span> <span class='ocrx_word' id='word_1_500' title='bbox 2509 3169 2752 3236; x_wconf 88' lang='lat' dir='ltr'><strong><em>quoniam</em></strong></span> <span class='ocrx_word' id='word_1_501' title='bbox 2780 3169 2843 3221; x_wconf 90' lang='lat' dir='ltr'><strong><em>de</em></strong></span> <span class='ocrx_word' id='word_1_502' title='bbox 2870 3184 3024 3222; x_wconf 81' lang='lat' dir='ltr'><strong><em>carne</em></strong></span> <span class='ocrx_word' id='word_1_503' title='bbox 3064 3178 3238 3223; x_wconf 87' lang='lat' dir='ltr'><strong><em>natum</em></strong></span> <span class='ocrx_word' id='word_1_504' title='bbox 3276 3180 3370 3224; x_wconf 89' lang='lat' dir='ltr'><strong><em>est.</em></strong></span> <span class='ocrx_word' id='word_1_505' title='bbox 3425 3171 3556 3224; x_wconf 81' lang='lat' dir='ltr'><strong><em>Ter-</em></strong></span> 
     </span>
    </p>
   </div>
   <div class='ocr_carea' id='block_1_65' title="bbox 237 3269 1843 3343">
    <p class='ocr_par' dir='ltr' id='par_1_65' title="bbox 237 3269 1843 3343">
     <span class='ocr_line' id='line_1_65' title="bbox 237 3269 1843 3343; baseline 0.002 -21"><span class='ocrx_word' id='word_1_506' title='bbox 237 3269 513 3324; x_wconf 78' lang='lat' dir='ltr'><strong><em>Abraham</em></strong></span> <span class='ocrx_word' id='word_1_507' title='bbox 559 3278 695 3324; x_wconf 91' lang='lat' dir='ltr'><strong><em>tom.</em></strong></span> <span class='ocrx_word' id='word_1_508' title='bbox 742 3286 789 3337; x_wconf 90' lang='grc' dir='ltr'><strong><em>ι,</em></strong></span> <span class='ocrx_word' id='word_1_509' title='bbox 838 3286 956 3341; x_wconf 88' lang='lat' dir='ltr'><strong><em>pag.</em></strong></span> <span class='ocrx_word' id='word_1_510' title='bbox 999 3270 1106 3326; x_wconf 76' lang='grc'><strong><em>555</em></strong></span> <span class='ocrx_word' id='word_1_511' title='bbox 1135 3313 1151 3339; x_wconf 94' lang='grc'>,</span> <span class='ocrx_word' id='word_1_512' title='bbox 1193 3288 1308 3325; x_wconf 89' lang='lat' dir='ltr'><strong><em>eum</em></strong></span> <span class='ocrx_word' id='word_1_513' title='bbox 1355 3272 1464 3327; x_wconf 87' lang='lat' dir='ltr'><strong><em>dies</em></strong></span> <span class='ocrx_word' id='word_1_514' title='bbox 1502 3272 1843 3343; x_wconf 86' lang='lat' dir='ltr'><strong><em>quadraginta</em></strong></span> 
     </span>
    </p>
   </div>
   <div class='ocr_carea' id='block_1_66' title="bbox 235 3362 1262 3431">
    <p class='ocr_par' dir='ltr' id='par_1_66' title="bbox 235 3362 1262 3431">
     <span class='ocr_line' id='line_1_66' title="bbox 235 3362 1262 3431; baseline 0.001 -17"><span class='ocrx_word' id='word_1_515' title='bbox 235 3362 638 3431; x_wconf 79' lang='lat' dir='ltr'><strong><em>complerentur.</em></strong></span> <span class='ocrx_word' id='word_1_516' title='bbox 1255 3387 1262 3390; x_wconf 82' lang='lat'><strong><em>-</em></strong></span> 
     </span>
    </p>
   </div>
   <div class='ocr_carea' id='block_1_67' title="bbox 308 3453 1842 3526">
    <p class='ocr_par' dir='ltr' id='par_1_67' title="bbox 308 3453 1842 3526">
     <span class='ocr_line' id='line_1_67' title="bbox 308 3453 1842 3526; baseline 0.001 -19"><span class='ocrx_word' id='word_1_517' title='bbox 308 3454 504 3508; x_wconf 80' lang='lat' dir='ltr'><strong><em>Matth.</em></strong></span> <span class='ocrx_word' id='word_1_518' title='bbox 530 3468 653 3522; x_wconf 90' lang='lat' dir='ltr'><strong><em>cap.</em></strong></span> <span class='ocrx_word' id='word_1_519' title='bbox 682 3468 748 3520; x_wconf 70' lang='grc' dir='ltr'><strong><em>ν,</em></strong></span> <span class='ocrx_word' id='word_1_520' title='bbox 792 3453 847 3508; x_wconf 74' lang='grc'><strong>4.</strong></span> <span class='ocrx_word' id='word_1_521' title='bbox 903 3454 1207 3510; x_wconf 84' lang='lat' dir='ltr'><strong><em>Verecllen.</em></strong></span> <span class='ocrx_word' id='word_1_522' title='bbox 1239 3496 1253 3519; x_wconf 94' lang='lat'><strong><em>,</em></strong></span> <span class='ocrx_word' id='word_1_523' title='bbox 1291 3455 1588 3509; x_wconf 79' lang='lat' dir='ltr'><strong><em>luereditate</em></strong></span> <span class='ocrx_word' id='word_1_524' title='bbox 1611 3455 1842 3526; x_wconf 86' lang='lat' dir='ltr'><strong><em>posside-</em></strong></span> 
     </span>
    </p>
   </div>
   <div class='ocr_carea' id='block_1_68' title="bbox 235 3547 1838 3613">
    <p class='ocr_par' dir='ltr' id='par_1_68' title="bbox 235 3547 1838 3613">
     <span class='ocr_line' id='line_1_68' title="bbox 235 3547 1838 3613; baseline 0.002 -13"><span class='ocrx_word' id='word_1_525' title='bbox 235 3547 360 3601; x_wconf 81' lang='lat' dir='ltr'><strong><em>bunt</em></strong></span> <span class='ocrx_word' id='word_1_526' title='bbox 398 3557 609 3601; x_wconf 87' lang='lat' dir='ltr'><strong><em>terram.</em></strong></span> <span class='ocrx_word' id='word_1_527' title='bbox 666 3547 906 3603; x_wconf 82' lang='lat' dir='ltr'><strong><em>Brixian.</em></strong></span> <span class='ocrx_word' id='word_1_528' title='bbox 959 3548 1332 3602; x_wconf 79' lang='lat' dir='ltr'><strong><em>htcreditabunt</em></strong></span> <span class='ocrx_word' id='word_1_529' title='bbox 1378 3558 1569 3603; x_wconf 88' lang='lat' dir='ltr'><strong><em>terram</em></strong></span> <span class='ocrx_word' id='word_1_530' title='bbox 1597 3589 1612 3613; x_wconf 90' lang='lat'><strong><em>,</em></strong></span> <span class='ocrx_word' id='word_1_531' title='bbox 1668 3557 1723 3603; x_wconf 86' lang='lat' dir='ltr'><strong><em>et</em></strong></span> <span class='ocrx_word' id='word_1_532' title='bbox 1768 3550 1838 3603; x_wconf 86' lang='lat' dir='ltr'><strong><em>ita</em></strong></span> 
     </span>
    </p>
   </div>
   <div class='ocr_carea' id='block_1_69' title="bbox 238 3640 1832 3711">
    <p class='ocr_par' dir='ltr' id='par_1_69' title="bbox 238 3640 1832 3711">
     <span class='ocr_line' id='line_1_69' title="bbox 238 3640 1832 3711; baseline -0.001 -16"><span class='ocrx_word' id='word_1_533' title='bbox 238 3640 470 3695; x_wconf 82' lang='lat' dir='ltr'><strong><em>Sanctus</em></strong></span> <span class='ocrx_word' id='word_1_534' title='bbox 511 3641 748 3695; x_wconf 67' lang='lat' dir='ltr'><strong><em>lrcnirus</em></strong></span> <span class='ocrx_word' id='word_1_535' title='bbox 794 3641 847 3694; x_wconf 94' lang='lat' dir='ltr'><strong><em>in</em></strong></span> <span class='ocrx_word' id='word_1_536' title='bbox 882 3642 975 3695; x_wconf 90' lang='lat' dir='ltr'><strong><em>lib.</em></strong></span> <span class='ocrx_word' id='word_1_537' title='bbox 1019 3645 1090 3696; x_wconf 85' lang='grc' dir='ltr'><strong><em>ἰιι</em></strong></span> <span class='ocrx_word' id='word_1_538' title='bbox 1154 3650 1342 3695; x_wconf 86' lang='lat' dir='ltr'><strong><em>contra</em></strong></span> <span class='ocrx_word' id='word_1_539' title='bbox 1394 3641 1674 3706; x_wconf 72' lang='lat' dir='ltr'><strong><em>tltereses,</em></strong></span> <span class='ocrx_word' id='word_1_540' title='bbox 1709 3655 1832 3711; x_wconf 86' lang='lat' dir='ltr'><strong><em>pag.</em></strong></span> 
     </span>
    </p>
   </div>
   <div class='ocr_carea' id='block_1_70' title="bbox 235 3724 1833 3804">
    <p class='ocr_par' dir='ltr' id='par_1_70' title="bbox 235 3724 1833 3804">
     <span class='ocr_line' id='line_1_70' title="bbox 235 3724 1833 3804; baseline 0.001 -18"><span class='ocrx_word' id='word_1_541' title='bbox 235 3732 336 3790; x_wconf 76' lang='grc'><strong><em>210</em></strong></span> <span class='ocrx_word' id='word_1_542' title='bbox 360 3774 378 3799; x_wconf 94' lang='grc'>,</span> <span class='ocrx_word' id='word_1_543' title='bbox 410 3740 469 3788; x_wconf 88' lang='lat' dir='ltr'><strong><em>et</em></strong></span> <span class='ocrx_word' id='word_1_544' title='bbox 489 3733 549 3787; x_wconf 88' lang='lat' dir='ltr'><strong><em>S.</em></strong></span> <span class='ocrx_word' id='word_1_545' title='bbox 577 3724 951 3803; x_wconf 80' lang='lat' dir='ltr'><strong><em>Cyprianus&#39;in</em></strong></span> <span class='ocrx_word' id='word_1_546' title='bbox 981 3733 1075 3788; x_wconf 91' lang='lat' dir='ltr'><strong><em>lib.</em></strong></span> <span class='ocrx_word' id='word_1_547' title='bbox 1127 3749 1186 3787; x_wconf 89' lang='grc' dir='ltr'><strong><em>ιιι</em></strong></span> <span class='ocrx_word' id='word_1_548' title='bbox 1252 3732 1553 3788; x_wconf 89' lang='lat' dir='ltr'><strong><em>Testimon.</em></strong></span> <span class='ocrx_word' id='word_1_549' title='bbox 1601 3747 1722 3804; x_wconf 87' lang='lat' dir='ltr'><strong><em>cap.</em></strong></span> <span class='ocrx_word' id='word_1_550' title='bbox 1759 3733 1792 3787; x_wconf 83' lang='grc'>5</span> <span class='ocrx_word' id='word_1_551' title='bbox 1819 3774 1833 3798; x_wconf 96' lang='grc'>,</span> 
     </span>
    </p>
   </div>
   <div class='ocr_carea' id='block_1_71' title="bbox 232 3818 672 3893">
    <p class='ocr_par' dir='ltr' id='par_1_71' title="bbox 232 3818 672 3893">
     <span class='ocr_line' id='line_1_71' title="bbox 232 3818 672 3893; baseline 0.002 -15"><span class='ocrx_word' id='word_1_552' title='bbox 232 3818 283 3893; x_wconf 66' lang='grc' dir='ltr'><strong><em>β.</em></strong></span> <span class='ocrx_word' id='word_1_553' title='bbox 311 3825 440 3879; x_wconf 75' lang='lat'><strong><em>575.</em></strong></span> <span class='ocrx_word' id='word_1_554' title='bbox 667 3833 672 3846; x_wconf 91' lang='grc'>·</span> 
     </span>
    </p>
   </div>
   <div class='ocr_carea' id='block_1_72' title="bbox 255 3915 1835 3990">
    <p class='ocr_par' dir='ltr' id='par_1_72' title="bbox 255 3915 1835 3990">
     <span class='ocr_line' id='line_1_72' title="bbox 255 3915 1835 3990; baseline -0.001 -21"><span class='ocrx_word' id='word_1_555' title='bbox 255 3986 262 3990; x_wconf 25' lang='grc' dir='ltr'>α</span> <span class='ocrx_word' id='word_1_556' title='bbox 294 3915 483 3970; x_wconf 75' lang='lat' dir='ltr'><strong><em>Matth.</em></strong></span> <span class='ocrx_word' id='word_1_557' title='bbox 516 3930 640 3985; x_wconf 90' lang='lat' dir='ltr'><strong><em>cap.</em></strong></span> <span class='ocrx_word' id='word_1_558' title='bbox 671 3931 739 3984; x_wconf 79' lang='grc' dir='ltr'><strong><em>ν,</em></strong></span> <span class='ocrx_word' id='word_1_559' title='bbox 771 3917 824 3971; x_wconf 91' lang='lat'><strong><em>7.</em></strong></span> <span class='ocrx_word' id='word_1_560' title='bbox 873 3915 1183 3973; x_wconf 89' lang='lat' dir='ltr'><strong><em>Verecllen.</em></strong></span> <span class='ocrx_word' id='word_1_561' title='bbox 1213 3957 1228 3972; x_wconf 96' lang='lat'><strong><em>.</em></strong></span> <span class='ocrx_word' id='word_1_562' title='bbox 1256 3955 1270 3970; x_wconf 96' lang='lat'><strong><em>.</em></strong></span> <span class='ocrx_word' id='word_1_563' title='bbox 1299 3957 1312 3970; x_wconf 94' lang='lat'><strong><em>.</em></strong></span> <span class='ocrx_word' id='word_1_564' title='bbox 1338 3956 1352 3971; x_wconf 95' lang='lat'><strong><em>.</em></strong></span> <span class='ocrx_word' id='word_1_565' title='bbox 1382 3957 1393 3970; x_wconf 96' lang='lat'><strong><em>.</em></strong></span> <span class='ocrx_word' id='word_1_566' title='bbox 1421 3958 1434 3972; x_wconf 97' lang='lat'><strong><em>.</em></strong></span> <span class='ocrx_word' id='word_1_567' title='bbox 1459 3957 1472 3971; x_wconf 96' lang='lat'><strong><em>.</em></strong></span> <span class='ocrx_word' id='word_1_568' title='bbox 1501 3957 1514 3971; x_wconf 96' lang='lat'><strong><em>.</em></strong></span> <span class='ocrx_word' id='word_1_569' title='bbox 1544 3955 1557 3970; x_wconf 92' lang='lat'><strong><em>.</em></strong></span> <span class='ocrx_word' id='word_1_570' title='bbox 1587 3957 1600 3970; x_wconf 96' lang='lat'><strong><em>.</em></strong></span> <span class='ocrx_word' id='word_1_571' title='bbox 1630 3917 1835 3971; x_wconf 82' lang='lat' dir='ltr'><strong><em>rebitur</em></strong></span> 
     </span>
    </p>
   </div>
   <div class='ocr_carea' id='block_1_73' title="bbox 228 4005 1834 4078">
    <p class='ocr_par' dir='ltr' id='par_1_73' title="bbox 228 4005 1834 4078">
     <span class='ocr_line' id='line_1_73' title="bbox 228 4005 1834 4078; baseline 0.003 -18"><span class='ocrx_word' id='word_1_572' title='bbox 228 4005 384 4062; x_wconf 79' lang='lat' dir='ltr'><strong><em>Deus.</em></strong></span> <span class='ocrx_word' id='word_1_573' title='bbox 419 4009 722 4078; x_wconf 83' lang='lat' dir='ltr'><strong><em>Suppletur</em></strong></span> <span class='ocrx_word' id='word_1_574' title='bbox 748 4010 936 4065; x_wconf 88' lang='lat' dir='ltr'><strong><em>lacuna</em></strong></span> <span class='ocrx_word' id='word_1_575' title='bbox 969 4026 1033 4065; x_wconf 78' lang='lat' dir='ltr'><strong><em>ex</em></strong></span> <span class='ocrx_word' id='word_1_576' title='bbox 1069 4010 1340 4066; x_wconf 86' lang='lat' dir='ltr'><strong><em>Veronen.</em></strong></span> <span class='ocrx_word' id='word_1_577' title='bbox 1373 4021 1428 4065; x_wconf 91' lang='lat' dir='ltr'><strong><em>et</em></strong></span> <span class='ocrx_word' id='word_1_578' title='bbox 1468 4011 1834 4067; x_wconf 84' lang='lat' dir='ltr'><strong><em>San-Germa-</em></strong></span> 
     </span>
    </p>
   </div>
   <div class='ocr_carea' id='block_1_74' title="bbox 229 4103 1833 4175">
    <p class='ocr_par' dir='ltr' id='par_1_74' title="bbox 229 4103 1833 4175">
     <span class='ocr_line' id='line_1_74' title="bbox 229 4103 1833 4175; baseline 0.004 -21"><span class='ocrx_word' id='word_1_579' title='bbox 229 4115 376 4166; x_wconf 70' lang='lat' dir='ltr'><strong><em>nem,</em></strong></span> <span class='ocrx_word' id='word_1_580' title='bbox 403 4103 495 4171; x_wconf 89' lang='lat' dir='ltr'><strong><em>qni</em></strong></span> <span class='ocrx_word' id='word_1_581' title='bbox 523 4103 748 4168; x_wconf 87' lang='lat' dir='ltr'><strong><em>habent,</em></strong></span> <span class='ocrx_word' id='word_1_582' title='bbox 780 4105 909 4175; x_wconf 87' lang='lat' dir='ltr'><strong><em>ipsis</em></strong></span> <span class='ocrx_word' id='word_1_583' title='bbox 938 4104 1265 4159; x_wconf 80' lang='lat' dir='ltr'><strong><em>miserebitur</em></strong></span> <span class='ocrx_word' id='word_1_584' title='bbox 1281 4104 1450 4170; x_wconf 84' lang='lat' dir='ltr'><strong><em>Deus,</em></strong></span> <span class='ocrx_word' id='word_1_585' title='bbox 1485 4117 1538 4160; x_wconf 88' lang='lat' dir='ltr'><strong><em>et</em></strong></span> <span class='ocrx_word' id='word_1_586' title='bbox 1565 4107 1635 4159; x_wconf 90' lang='lat' dir='ltr'><strong><em>ita</em></strong></span> <span class='ocrx_word' id='word_1_587' title='bbox 1665 4107 1833 4160; x_wconf 87' lang='lat' dir='ltr'><strong><em>Sane-</em></strong></span> 
     </span>
    </p>
   </div>
   <div class='ocr_carea' id='block_1_75' title="bbox 227 4195 1826 4267">
    <p class='ocr_par' dir='ltr' id='par_1_75' title="bbox 227 4195 1826 4267">
     <span class='ocr_line' id='line_1_75' title="bbox 227 4195 1826 4267; baseline 0.003 -21"><span class='ocrx_word' id='word_1_588' title='bbox 227 4201 307 4248; x_wconf 83' lang='lat' dir='ltr'><strong><em>tos</em></strong></span> <span class='ocrx_word' id='word_1_589' title='bbox 344 4195 672 4250; x_wconf 78' lang='lat' dir='ltr'><strong><em>Ambrosius</em></strong></span> <span class='ocrx_word' id='word_1_590' title='bbox 721 4197 773 4250; x_wconf 87' lang='lat' dir='ltr'><strong><em>ir.</em></strong></span> <span class='ocrx_word' id='word_1_591' title='bbox 823 4197 918 4250; x_wconf 91' lang='lat' dir='ltr'><strong><em>lib.</em></strong></span> <span class='ocrx_word' id='word_1_592' title='bbox 971 4196 1041 4252; x_wconf 88' lang='lat' dir='ltr'><strong><em>de</em></strong></span> <span class='ocrx_word' id='word_1_593' title='bbox 1081 4195 1241 4251; x_wconf 85' lang='lat' dir='ltr'><strong><em>Olﬁe.</em></strong></span> <span class='ocrx_word' id='word_1_594' title='bbox 1288 4195 1516 4252; x_wconf 80' lang='lat' dir='ltr'><strong><em>Ministr.</em></strong></span> <span class='ocrx_word' id='word_1_595' title='bbox 1569 4213 1689 4267; x_wconf 88' lang='lat' dir='ltr'><strong><em>cap.</em></strong></span> <span class='ocrx_word' id='word_1_596' title='bbox 1725 4199 1826 4261; x_wconf 78' lang='grc'>16,</span> 
     </span>
    </p>
   </div>
   <div class='ocr_carea' id='block_1_76' title="bbox 229 4289 405 4357">
    <p class='ocr_par' dir='ltr' id='par_1_76' title="bbox 229 4289 405 4357">
     <span class='ocr_line' id='line_1_76' title="bbox 229 4289 405 4357; baseline 0.017 -18"><span class='ocrx_word' id='word_1_597' title='bbox 229 4301 280 4357; x_wconf 87' lang='lat' dir='ltr'><strong><em>p.</em></strong></span> <span class='ocrx_word' id='word_1_598' title='bbox 315 4289 405 4342; x_wconf 83' lang='lat' dir='ltr'><strong><em>l7.</em></strong></span> 
     </span>
    </p>
   </div>
   <div class='ocr_carea' id='block_1_77' title="bbox 288 4381 1820 4450">
    <p class='ocr_par' dir='ltr' id='par_1_77' title="bbox 288 4381 1820 4450">
     <span class='ocr_line' id='line_1_77' title="bbox 288 4381 1820 4450; baseline 0.002 -15"><span class='ocrx_word' id='word_1_599' title='bbox 288 4381 477 4436; x_wconf 75' lang='lat' dir='ltr'><strong><em>Matth.</em></strong></span> <span class='ocrx_word' id='word_1_600' title='bbox 509 4396 632 4450; x_wconf 89' lang='lat' dir='ltr'><strong><em>cap.</em></strong></span> <span class='ocrx_word' id='word_1_601' title='bbox 662 4398 700 4438; x_wconf 76' lang='grc' dir='ltr'><strong><em>ιι</em></strong></span> <span class='ocrx_word' id='word_1_602' title='bbox 724 4424 738 4447; x_wconf 96' lang='grc'>,</span> <span class='ocrx_word' id='word_1_603' title='bbox 764 4382 856 4437; x_wconf 74' lang='grc'><strong><em>25.</em></strong></span> <span class='ocrx_word' id='word_1_604' title='bbox 905 4381 1116 4438; x_wconf 90' lang='lat' dir='ltr'><strong><em>Vercel.</em></strong></span> <span class='ocrx_word' id='word_1_605' title='bbox 1143 4425 1158 4448; x_wconf 90' lang='lat'><strong><em>,</em></strong></span> <span class='ocrx_word' id='word_1_606' title='bbox 1211 4382 1416 4438; x_wconf 88' lang='lat' dir='ltr'><strong><em>Veron.</em></strong></span> <span class='ocrx_word' id='word_1_607' title='bbox 1451 4393 1505 4438; x_wconf 89' lang='lat' dir='ltr'><strong><em>et</em></strong></span> <span class='ocrx_word' id='word_1_608' title='bbox 1535 4383 1820 4439; x_wconf 88' lang='lat' dir='ltr'><strong><em>Corbeien.</em></strong></span> 
     </span>
    </p>
   </div>
   <div class='ocr_carea' id='block_1_78' title="bbox 221 4475 1826 4545">
    <p class='ocr_par' dir='ltr' id='par_1_78' title="bbox 221 4475 1826 4545">
     <span class='ocr_line' id='line_1_78' title="bbox 221 4475 1826 4545; baseline 0 -15"><span class='ocrx_word' id='word_1_609' title='bbox 221 4482 337 4545; x_wconf 84' lang='lat' dir='ltr'><strong><em>post</em></strong></span> <span class='ocrx_word' id='word_1_610' title='bbox 362 4475 453 4530; x_wconf 86' lang='lat' dir='ltr'><strong><em>illa</em></strong></span> <span class='ocrx_word' id='word_1_611' title='bbox 482 4475 650 4529; x_wconf 74' lang='lat' dir='ltr'><strong><em>verba</em></strong></span> <span class='ocrx_word' id='word_1_612' title='bbox 677 4517 692 4541; x_wconf 92' lang='lat'><strong><em>,</em></strong></span> <span class='ocrx_word' id='word_1_613' title='bbox 747 4475 910 4544; x_wconf 91' lang='lat' dir='ltr'><strong><em>fugite</em></strong></span> <span class='ocrx_word' id='word_1_614' title='bbox 949 4476 1001 4528; x_wconf 88' lang='lat' dir='ltr'><strong><em>in</em></strong></span> <span class='ocrx_word' id='word_1_615' title='bbox 1052 4475 1208 4528; x_wconf 87' lang='lat' dir='ltr'><strong><em>aliam</em></strong></span> <span class='ocrx_word' id='word_1_616' title='bbox 1242 4516 1258 4543; x_wconf 90' lang='lat'><strong><em>,</em></strong></span> <span class='ocrx_word' id='word_1_617' title='bbox 1311 4475 1509 4530; x_wconf 89' lang='lat' dir='ltr'><strong><em>habent</em></strong></span> <span class='ocrx_word' id='word_1_618' title='bbox 1533 4477 1668 4543; x_wconf 88' lang='lat' dir='ltr'><strong><em>quod</em></strong></span> <span class='ocrx_word' id='word_1_619' title='bbox 1698 4478 1743 4529; x_wconf 84' lang='lat' dir='ltr'><strong><em>si</em></strong></span> <span class='ocrx_word' id='word_1_620' title='bbox 1773 4478 1826 4530; x_wconf 90' lang='lat' dir='ltr'><strong><em>in</em></strong></span> 
     </span>
    </p>
   </div>
   <div class='ocr_carea' id='block_1_79' title="bbox 1949 3258 3551 3330">
    <p class='ocr_par' dir='ltr' id='par_1_79' title="bbox 1949 3258 3551 3330">
     <span class='ocr_line' id='line_1_79' title="bbox 1949 3258 3551 3330; baseline 0.002 -18"><span class='ocrx_word' id='word_1_621' title='bbox 1949 3259 2208 3314; x_wconf 88' lang='lat' dir='ltr'><strong><em>tullianus</em></strong></span> <span class='ocrx_word' id='word_1_622' title='bbox 2234 3261 2284 3314; x_wconf 90' lang='lat' dir='ltr'><strong><em>in</em></strong></span> <span class='ocrx_word' id='word_1_623' title='bbox 2314 3259 2454 3314; x_wconf 88' lang='lat' dir='ltr'><strong><em>libro</em></strong></span> <span class='ocrx_word' id='word_1_624' title='bbox 2477 3259 2545 3315; x_wconf 86' lang='lat' dir='ltr'><strong><em>de</em></strong></span> <span class='ocrx_word' id='word_1_625' title='bbox 2573 3258 2749 3315; x_wconf 88' lang='lat' dir='ltr'><strong><em>Carne</em></strong></span> <span class='ocrx_word' id='word_1_626' title='bbox 2780 3261 2981 3314; x_wconf 74' lang='lat' dir='ltr'><strong><em>Christi</em></strong></span> <span class='ocrx_word' id='word_1_627' title='bbox 3016 3276 3136 3330; x_wconf 86' lang='lat' dir='ltr'><strong><em>cap.</em></strong></span> <span class='ocrx_word' id='word_1_628' title='bbox 3174 3264 3240 3317; x_wconf 80' lang='grc'><strong><em>18</em></strong></span> <span class='ocrx_word' id='word_1_629' title='bbox 3268 3305 3282 3329; x_wconf 91' lang='grc'>,</span> <span class='ocrx_word' id='word_1_630' title='bbox 3313 3263 3551 3318; x_wconf 74' lang='grc' dir='ltr'>Αιιι1›ι‹)--</span> 
     </span>
    </p>
   </div>
   <div class='ocr_carea' id='block_1_80' title="bbox 1947 3353 3551 3425">
    <p class='ocr_par' dir='ltr' id='par_1_80' title="bbox 1947 3353 3551 3425">
     <span class='ocr_line' id='line_1_80' title="bbox 1947 3353 3551 3425; baseline 0.005 -20"><span class='ocrx_word' id='word_1_631' title='bbox 1947 3353 2061 3406; x_wconf 92' lang='lat' dir='ltr'><strong><em>sius</em></strong></span> <span class='ocrx_word' id='word_1_632' title='bbox 2102 3353 2198 3408; x_wconf 89' lang='lat' dir='ltr'><strong><em>lib.</em></strong></span> <span class='ocrx_word' id='word_1_633' title='bbox 2259 3369 2358 3419; x_wconf 87' lang='lat' dir='ltr'><strong><em>Ill,</em></strong></span> <span class='ocrx_word' id='word_1_634' title='bbox 2399 3369 2520 3422; x_wconf 90' lang='lat' dir='ltr'><strong><em>cap.</em></strong></span> <span class='ocrx_word' id='word_1_635' title='bbox 2561 3355 2616 3408; x_wconf 90' lang='grc'><strong><em>11</em></strong></span> <span class='ocrx_word' id='word_1_636' title='bbox 2668 3355 2736 3410; x_wconf 91' lang='lat' dir='ltr'><strong><em>dc</em></strong></span> <span class='ocrx_word' id='word_1_637' title='bbox 2778 3356 2980 3425; x_wconf 87' lang='lat' dir='ltr'><strong><em>Spiritu</em></strong></span> <span class='ocrx_word' id='word_1_638' title='bbox 3013 3355 3254 3420; x_wconf 83' lang='lat' dir='ltr'><strong><em>Saneto,</em></strong></span> <span class='ocrx_word' id='word_1_639' title='bbox 3298 3365 3353 3411; x_wconf 84' lang='lat' dir='ltr'><strong><em>et</em></strong></span> <span class='ocrx_word' id='word_1_640' title='bbox 3380 3357 3551 3413; x_wconf 83' lang='lat' dir='ltr'><strong><em>codex</em></strong></span> 
     </span>
    </p>
   </div>
   <div class='ocr_carea' id='block_1_81' title="bbox 1945 3445 3552 3515">
    <p class='ocr_par' dir='ltr' id='par_1_81' title="bbox 1945 3445 3552 3515">
     <span class='ocr_line' id='line_1_81' title="bbox 1945 3445 3552 3515; baseline 0.003 -16"><span class='ocrx_word' id='word_1_641' title='bbox 1945 3445 2360 3515; x_wconf 82' lang='lat' dir='ltr'><strong><em>Evangeliornm</em></strong></span> <span class='ocrx_word' id='word_1_642' title='bbox 2403 3447 2802 3502; x_wconf 83' lang='lat' dir='ltr'><strong><em>vetustissimus</em></strong></span> <span class='ocrx_word' id='word_1_643' title='bbox 2841 3447 2893 3502; x_wconf 89' lang='lat' dir='ltr'><strong><em>in</em></strong></span> <span class='ocrx_word' id='word_1_644' title='bbox 2939 3449 3074 3502; x_wconf 85' lang='lat' dir='ltr'><strong><em>Bibl.</em></strong></span> <span class='ocrx_word' id='word_1_645' title='bbox 3112 3447 3266 3502; x_wconf 86' lang='lat' dir='ltr'><strong><em>Bodl.</em></strong></span> <span class='ocrx_word' id='word_1_646' title='bbox 3297 3448 3552 3505; x_wconf 85' lang='lat' dir='ltr'><strong><em>similiter</em></strong></span> 
     </span>
    </p>
   </div>
   <div class='ocr_carea' id='block_1_82' title="bbox 1944 3539 2889 3609">
    <p class='ocr_par' dir='ltr' id='par_1_82' title="bbox 1944 3539 2889 3609">
     <span class='ocr_line' id='line_1_82' title="bbox 1944 3539 2889 3609; baseline 0.001 -17"><span class='ocrx_word' id='word_1_647' title='bbox 1944 3539 2168 3603; x_wconf 87' lang='lat' dir='ltr'><strong><em>addunt,</em></strong></span> <span class='ocrx_word' id='word_1_648' title='bbox 2199 3540 2319 3609; x_wconf 88' lang='lat' dir='ltr'><strong><em>quia</em></strong></span> <span class='ocrx_word' id='word_1_649' title='bbox 2342 3541 2404 3594; x_wconf 90' lang='lat' dir='ltr'><strong><em>de</em></strong></span> <span class='ocrx_word' id='word_1_650' title='bbox 2421 3557 2578 3595; x_wconf 87' lang='lat' dir='ltr'><strong><em>carne</em></strong></span> <span class='ocrx_word' id='word_1_651' title='bbox 2605 3551 2780 3594; x_wconf 89' lang='lat' dir='ltr'><strong><em>natum</em></strong></span> <span class='ocrx_word' id='word_1_652' title='bbox 2795 3553 2889 3594; x_wconf 81' lang='lat' dir='ltr'><strong><em>est.</em></strong></span> 
     </span>
    </p>
   </div>
   <div class='ocr_carea' id='block_1_83' title="bbox 2013 3629 3544 3703">
    <p class='ocr_par' dir='ltr' id='par_1_83' title="bbox 2013 3629 3544 3703">
     <span class='ocr_line' id='line_1_83' title="bbox 2013 3629 3544 3703; baseline 0.001 -18"><span class='ocrx_word' id='word_1_653' title='bbox 2013 3629 2169 3685; x_wconf 87' lang='lat' dir='ltr'><strong><em>Joan.</em></strong></span> <span class='ocrx_word' id='word_1_654' title='bbox 2195 3645 2311 3700; x_wconf 88' lang='lat' dir='ltr'><strong><em>cap.</em></strong></span> <span class='ocrx_word' id='word_1_655' title='bbox 2343 3646 2422 3694; x_wconf 91' lang='grc' dir='ltr'>ιιι,</span> <span class='ocrx_word' id='word_1_656' title='bbox 2453 3631 2511 3684; x_wconf 74' lang='lat'><strong><em>6.&quot;</em></strong></span> <span class='ocrx_word' id='word_1_657' title='bbox 2531 3630 2587 3686; x_wconf 91' lang='lat' dir='ltr'><strong><em>In</em></strong></span> <span class='ocrx_word' id='word_1_658' title='bbox 2623 3631 2921 3685; x_wconf 86' lang='lat' dir='ltr'><strong><em>Verecllen.</em></strong></span> <span class='ocrx_word' id='word_1_659' title='bbox 2957 3630 3179 3685; x_wconf 87' lang='lat' dir='ltr'><strong><em>additur</em></strong></span> <span class='ocrx_word' id='word_1_660' title='bbox 3203 3674 3215 3695; x_wconf 92' lang='lat'><strong><em>,</em></strong></span> <span class='ocrx_word' id='word_1_661' title='bbox 3249 3633 3371 3703; x_wconf 87' lang='lat' dir='ltr'><strong><em>quia</em></strong></span> <span class='ocrx_word' id='word_1_662' title='bbox 3400 3631 3544 3686; x_wconf 84' lang='lat' dir='ltr'><strong><em>Deus</em></strong></span> 
     </span>
    </p>
   </div>
   <div class='ocr_carea' id='block_1_84' title="bbox 1940 3721 3546 3796">
    <p class='ocr_par' dir='ltr' id='par_1_84' title="bbox 1940 3721 3546 3796">
     <span class='ocr_line' id='line_1_84' title="bbox 1940 3721 3546 3796; baseline 0.002 -20"><span class='ocrx_word' id='word_1_663' title='bbox 1940 3723 2153 3792; x_wconf 80' lang='lat' dir='ltr'><strong><em>spiritus</em></strong></span> <span class='ocrx_word' id='word_1_664' title='bbox 2181 3734 2252 3776; x_wconf 86' lang='lat' dir='ltr'><strong><em>est</em></strong></span> <span class='ocrx_word' id='word_1_665' title='bbox 2279 3765 2294 3788; x_wconf 87' lang='lat'><strong><em>,</em></strong></span> <span class='ocrx_word' id='word_1_666' title='bbox 2329 3732 2376 3776; x_wconf 87' lang='lat' dir='ltr'><strong><em>et</em></strong></span> <span class='ocrx_word' id='word_1_667' title='bbox 2405 3739 2468 3776; x_wconf 79' lang='lat' dir='ltr'><strong><em>ea:</em></strong></span> <span class='ocrx_word' id='word_1_668' title='bbox 2495 3721 2602 3776; x_wconf 86' lang='lat' dir='ltr'><strong><em>Deo</em></strong></span> <span class='ocrx_word' id='word_1_669' title='bbox 2633 3732 2784 3776; x_wconf 84' lang='lat' dir='ltr'><strong><em>natus</em></strong></span> <span class='ocrx_word' id='word_1_670' title='bbox 2823 3731 2916 3777; x_wconf 85' lang='lat' dir='ltr'><strong><em>est.</em></strong></span> <span class='ocrx_word' id='word_1_671' title='bbox 2965 3724 3023 3780; x_wconf 91' lang='lat' dir='ltr'><strong><em>ln</em></strong></span> <span class='ocrx_word' id='word_1_672' title='bbox 3072 3724 3364 3780; x_wconf 82' lang='lat' dir='ltr'><strong><em>Corheien.</em></strong></span> <span class='ocrx_word' id='word_1_673' title='bbox 3422 3727 3546 3796; x_wconf 86' lang='lat' dir='ltr'><strong><em>quia</em></strong></span> 
     </span>
    </p>
   </div>
   <div class='ocr_carea' id='block_1_85' title="bbox 1940 3816 3542 3890">
    <p class='ocr_par' dir='ltr' id='par_1_85' title="bbox 1940 3816 3542 3890">
     <span class='ocr_line' id='line_1_85' title="bbox 1940 3816 3542 3890; baseline 0.002 -20"><span class='ocrx_word' id='word_1_674' title='bbox 1940 3816 2081 3870; x_wconf 85' lang='lat' dir='ltr'><strong><em>Deus</em></strong></span> <span class='ocrx_word' id='word_1_675' title='bbox 2105 3817 2339 3887; x_wconf 88' lang='lat' dir='ltr'><strong><em>Spiritus</em></strong></span> <span class='ocrx_word' id='word_1_676' title='bbox 2361 3827 2452 3870; x_wconf 87' lang='lat' dir='ltr'><strong><em>est.</em></strong></span> <span class='ocrx_word' id='word_1_677' title='bbox 2486 3817 2546 3872; x_wconf 90' lang='lat' dir='ltr'><strong><em>S.</em></strong></span> <span class='ocrx_word' id='word_1_678' title='bbox 2579 3817 2899 3872; x_wconf 84' lang='lat' dir='ltr'><strong><em>Ambrosius</em></strong></span> <span class='ocrx_word' id='word_1_679' title='bbox 2931 3817 2982 3871; x_wconf 90' lang='lat' dir='ltr'><strong><em>in</em></strong></span> <span class='ocrx_word' id='word_1_680' title='bbox 3017 3817 3110 3872; x_wconf 92' lang='lat' dir='ltr'><strong><em>lib.</em></strong></span> <span class='ocrx_word' id='word_1_681' title='bbox 3143 3834 3200 3872; x_wconf 91' lang='grc' dir='ltr'><strong><em>ιιι</em></strong></span> <span class='ocrx_word' id='word_1_682' title='bbox 3225 3818 3293 3874; x_wconf 92' lang='lat' dir='ltr'><strong><em>de</em></strong></span> <span class='ocrx_word' id='word_1_683' title='bbox 3339 3819 3542 3890; x_wconf 88' lang='lat' dir='ltr'><strong><em>Spiritu</em></strong></span> 
     </span>
    </p>
   </div>
   <div class='ocr_carea' id='block_1_86' title="bbox 1939 3908 3544 3983">
    <p class='ocr_par' dir='ltr' id='par_1_86' title="bbox 1939 3908 3544 3983">
     <span class='ocr_line' id='line_1_86' title="bbox 1939 3908 3544 3983; baseline 0.002 -20"><span class='ocrx_word' id='word_1_684' title='bbox 1939 3908 2162 3974; x_wconf 81' lang='lat' dir='ltr'><strong><em>Sancto,</em></strong></span> <span class='ocrx_word' id='word_1_685' title='bbox 2198 3917 2328 3963; x_wconf 83' lang='lat' dir='ltr'><strong><em>tum.</em></strong></span> <span class='ocrx_word' id='word_1_686' title='bbox 2355 3924 2504 3978; x_wconf 86' lang='lat' dir='ltr'><strong><em>tt,.p.</em></strong></span> <span class='ocrx_word' id='word_1_687' title='bbox 2539 3909 2666 3974; x_wconf 81' lang='grc'>677,</span> <span class='ocrx_word' id='word_1_688' title='bbox 2699 3910 2898 3977; x_wconf 86' lang='lat' dir='ltr'><strong><em>habet,</em></strong></span> <span class='ocrx_word' id='word_1_689' title='bbox 2923 3911 3165 3978; x_wconf 87' lang='lat' dir='ltr'><strong><em>quoniam</em></strong></span> <span class='ocrx_word' id='word_1_690' title='bbox 3211 3911 3352 3966; x_wconf 86' lang='lat' dir='ltr'><strong><em>Deus</em></strong></span> <span class='ocrx_word' id='word_1_691' title='bbox 3389 3913 3544 3983; x_wconf 86' lang='lat' dir='ltr'><strong><em>spiri-</em></strong></span> 
     </span>
    </p>
   </div>
   <div class='ocr_carea' id='block_1_87' title="bbox 1939 4007 2876 4056">
    <p class='ocr_par' dir='ltr' id='par_1_87' title="bbox 1939 4007 2876 4056">
     <span class='ocr_line' id='line_1_87' title="bbox 1939 4007 2876 4056; baseline 0.005 -2"><span class='ocrx_word' id='word_1_692' title='bbox 1939 4011 2017 4056; x_wconf 85' lang='lat' dir='ltr'><strong><em>tus</em></strong></span> <span class='ocrx_word' id='word_1_693' title='bbox 2047 4012 2140 4056; x_wconf 86' lang='lat' dir='ltr'><strong><em>est.</em></strong></span> <span class='ocrx_word' id='word_1_694' title='bbox 2863 4007 2876 4024; x_wconf 82' lang='lat'><strong>‘</strong></span> 
     </span>
    </p>
   </div>
   <div class='ocr_carea' id='block_1_88' title="bbox 2005 4092 3537 4164">
    <p class='ocr_par' dir='ltr' id='par_1_88' title="bbox 2005 4092 3537 4164">
     <span class='ocr_line' id='line_1_88' title="bbox 2005 4092 3537 4164; baseline 0.001 -17"><span class='ocrx_word' id='word_1_695' title='bbox 2005 4093 2163 4147; x_wconf 87' lang='lat' dir='ltr'><strong><em>Joan.</em></strong></span> <span class='ocrx_word' id='word_1_696' title='bbox 2207 4109 2326 4164; x_wconf 87' lang='lat' dir='ltr'><strong><em>cap.</em></strong></span> <span class='ocrx_word' id='word_1_697' title='bbox 2354 4107 2424 4158; x_wconf 81' lang='lat' dir='ltr'><strong><em>vt,</em></strong></span> <span class='ocrx_word' id='word_1_698' title='bbox 2453 4092 2543 4148; x_wconf 80' lang='lat'><strong><em>57.</em></strong></span> <span class='ocrx_word' id='word_1_699' title='bbox 2588 4093 2898 4150; x_wconf 84' lang='lat' dir='ltr'><strong><em>Verecllen.</em></strong></span> <span class='ocrx_word' id='word_1_700' title='bbox 2925 4095 2981 4150; x_wconf 90' lang='lat' dir='ltr'><strong><em>in</em></strong></span> <span class='ocrx_word' id='word_1_701' title='bbox 3007 4093 3115 4150; x_wconf 87' lang='lat' dir='ltr'><strong><em>line</em></strong></span> <span class='ocrx_word' id='word_1_702' title='bbox 3143 4110 3332 4151; x_wconf 86' lang='lat' dir='ltr'><strong><em>versus</em></strong></span> <span class='ocrx_word' id='word_1_703' title='bbox 3360 4094 3537 4162; x_wconf 83' lang='lat' dir='ltr'><strong><em>addit,</em></strong></span> 
     </span>
    </p>
   </div>
   <div class='ocr_carea' id='block_1_89' title="bbox 1945 4184 3538 4259">
    <p class='ocr_par' dir='ltr' id='par_1_89' title="bbox 1945 4184 3538 4259">
     <span class='ocr_line' id='line_1_89' title="bbox 1945 4184 3538 4259; baseline 0.004 -22"><span class='ocrx_word' id='word_1_704' title='bbox 1945 4184 1990 4238; x_wconf 90' lang='lat' dir='ltr'><strong><em>si</em></strong></span> <span class='ocrx_word' id='word_1_705' title='bbox 2016 4187 2267 4254; x_wconf 79' lang='lat' dir='ltr'><strong><em>acceperit</em></strong></span> <span class='ocrx_word' id='word_1_706' title='bbox 2297 4185 2450 4241; x_wconf 86' lang='lat' dir='ltr'><strong><em>homo</em></strong></span> <span class='ocrx_word' id='word_1_707' title='bbox 2479 4202 2670 4256; x_wconf 85' lang='lat' dir='ltr'><strong><em>corpus</em></strong></span> <span class='ocrx_word' id='word_1_708' title='bbox 2698 4187 2795 4255; x_wconf 84' lang='lat' dir='ltr'><strong><em>ﬁlii</em></strong></span> <span class='ocrx_word' id='word_1_709' title='bbox 2823 4188 3044 4242; x_wconf 85' lang='lat' dir='ltr'><strong><em>hominis</em></strong></span> <span class='ocrx_word' id='word_1_710' title='bbox 3063 4229 3078 4252; x_wconf 95' lang='lat'><strong><em>,</em></strong></span> <span class='ocrx_word' id='word_1_711' title='bbox 3109 4190 3538 4259; x_wconf 86' lang='lat' dir='ltr'><strong><em>quemadmodum</em></strong></span> 
     </span>
    </p>
   </div>
   <div class='ocr_carea' id='block_1_90' title="bbox 1935 4279 3538 4350">
    <p class='ocr_par' dir='ltr' id='par_1_90' title="bbox 1935 4279 3538 4350">
     <span class='ocr_line' id='line_1_90' title="bbox 1935 4279 3538 4350; baseline 0.003 -19"><span class='ocrx_word' id='word_1_712' title='bbox 1935 4295 2114 4347; x_wconf 82' lang='lat' dir='ltr'><strong><em>panem</em></strong></span> <span class='ocrx_word' id='word_1_713' title='bbox 2134 4281 2267 4343; x_wconf 66' lang='lat' dir='ltr'><strong><em>vitae,</em></strong></span> <span class='ocrx_word' id='word_1_714' title='bbox 2293 4279 2493 4332; x_wconf 79' lang='lat' dir='ltr'><strong><em>habebit</em></strong></span> <span class='ocrx_word' id='word_1_715' title='bbox 2522 4281 2678 4334; x_wconf 83' lang='lat' dir='ltr'><strong><em>vitam</em></strong></span> <span class='ocrx_word' id='word_1_716' title='bbox 2702 4281 2754 4333; x_wconf 89' lang='lat' dir='ltr'><strong><em>in</em></strong></span> <span class='ocrx_word' id='word_1_717' title='bbox 2786 4295 2863 4334; x_wconf 84' lang='lat' dir='ltr'><strong><em>eo.</em></strong></span> <span class='ocrx_word' id='word_1_718' title='bbox 2911 4280 3072 4350; x_wconf 83' lang='lat' dir='ltr'><strong><em>Vetus</em></strong></span> <span class='ocrx_word' id='word_1_719' title='bbox 3117 4281 3287 4336; x_wconf 83' lang='lat' dir='ltr'><strong><em>codex</em></strong></span> <span class='ocrx_word' id='word_1_720' title='bbox 3320 4281 3538 4336; x_wconf 71' lang='lat' dir='ltr'><strong><em>Gt&#39;teco-</em></strong></span> 
     </span>
    </p>
   </div>
   <div class='ocr_carea' id='block_1_91' title="bbox 1931 4373 3534 4449">
    <p class='ocr_par' dir='ltr' id='par_1_91' title="bbox 1931 4373 3534 4449">
     <span class='ocr_line' id='line_1_91' title="bbox 1931 4373 3534 4449; baseline 0.004 -23"><span class='ocrx_word' id='word_1_721' title='bbox 1931 4373 2155 4428; x_wconf 87' lang='lat' dir='ltr'><strong><em>Latinus</em></strong></span> <span class='ocrx_word' id='word_1_722' title='bbox 2185 4376 2628 4445; x_wconf 79' lang='lat' dir='ltr'><strong><em>Cantabrigeusis</em></strong></span> <span class='ocrx_word' id='word_1_723' title='bbox 2653 4417 2667 4441; x_wconf 94' lang='lat'><strong><em>,</em></strong></span> <span class='ocrx_word' id='word_1_724' title='bbox 2715 4385 2940 4432; x_wconf 87' lang='lat' dir='ltr'><strong><em>octavus</em></strong></span> <span class='ocrx_word' id='word_1_725' title='bbox 2984 4378 3204 4433; x_wconf 86' lang='lat' dir='ltr'><strong><em>Henrici</em></strong></span> <span class='ocrx_word' id='word_1_726' title='bbox 3231 4378 3490 4449; x_wconf 81' lang='lat' dir='ltr'><strong><em>Stephani</em></strong></span> <span class='ocrx_word' id='word_1_727' title='bbox 3519 4422 3534 4446; x_wconf 92' lang='lat'><strong><em>,</em></strong></span> 
     </span>
    </p>
   </div>
   <div class='ocr_carea' id='block_1_92' title="bbox 1932 4466 3533 4544">
    <p class='ocr_par' dir='ltr' id='par_1_92' title="bbox 1932 4466 3533 4544">
     <span class='ocr_line' id='line_1_92' title="bbox 1932 4466 3533 4544; baseline 0.005 -23"><span class='ocrx_word' id='word_1_728' title='bbox 1932 4466 2237 4522; x_wconf 88' lang='lat' dir='ltr'><strong><em>Vict0rinus</em></strong></span> <span class='ocrx_word' id='word_1_729' title='bbox 2289 4469 2576 4526; x_wconf 81' lang='lat' dir='ltr'><strong><em>Africanus</em></strong></span> <span class='ocrx_word' id='word_1_730' title='bbox 2601 4471 2852 4526; x_wconf 87' lang='lat' dir='ltr'><strong><em>similiter</em></strong></span> <span class='ocrx_word' id='word_1_731' title='bbox 2875 4511 2890 4536; x_wconf 95' lang='lat'><strong><em>,</em></strong></span> <span class='ocrx_word' id='word_1_732' title='bbox 2936 4472 3136 4542; x_wconf 87' lang='lat' dir='ltr'><strong><em>aliique</em></strong></span> <span class='ocrx_word' id='word_1_733' title='bbox 3177 4473 3278 4527; x_wconf 89' lang='lat' dir='ltr'><strong><em>PP.</em></strong></span> <span class='ocrx_word' id='word_1_734' title='bbox 3313 4474 3533 4544; x_wconf 85' lang='lat' dir='ltr'><strong><em>legunt,</em></strong></span> 
     </span>
    </p>
   </div>
   <div class='ocr_carea' id='block_1_93' title="bbox 221 4562 3529 4642">
    <p class='ocr_par' dir='ltr' id='par_1_93' title="bbox 221 4562 3529 4642">
     <span class='ocr_line' id='line_1_93' title="bbox 221 4562 3529 4642; baseline 0.003 -33"><span class='ocrx_word' id='word_1_735' title='bbox 221 4570 366 4622; x_wconf 66' lang='grc' dir='ltr'><strong><em>ιιίατη</em></strong></span> <span class='ocrx_word' id='word_1_736' title='bbox 397 4569 734 4642; x_wconf 62' lang='lat' dir='ltr'><strong><em>(Verecllen.</em></strong></span> <span class='ocrx_word' id='word_1_737' title='bbox 765 4570 820 4622; x_wconf 70' lang='lat' dir='ltr'><strong><em>in</em></strong></span> <span class='ocrx_word' id='word_1_738' title='bbox 846 4568 1085 4638; x_wconf 62' lang='lat' dir='ltr'><strong><em>alterum)</em></strong></span> <span class='ocrx_word' id='word_1_739' title='bbox 1116 4581 1484 4639; x_wconf 50' lang='lat' dir='ltr'><strong><em>persequemur</em></strong></span> <span class='ocrx_word' id='word_1_740' title='bbox 1512 4587 1599 4624; x_wconf 71' lang='grc' dir='ltr'><strong><em>υοο</em></strong></span> <span class='ocrx_word' id='word_1_741' title='bbox 1618 4612 1632 4636; x_wconf 72' lang='grc'>,</span> <span class='ocrx_word' id='word_1_742' title='bbox 1667 4572 1828 4641; x_wconf 67' lang='lat' dir='ltr'><strong><em>fugite</em></strong></span> <span class='ocrx_word' id='word_1_743' title='bbox 1854 4569 1908 4628; x_wconf 79' lang='grc' dir='ltr'><strong><em>Ι)</em></strong></span> <span class='ocrx_word' id='word_1_744' title='bbox 1932 4562 2364 4629; x_wconf 81' lang='lat' dir='ltr'><strong><em>quemadmodum</em></strong></span> <span class='ocrx_word' id='word_1_745' title='bbox 2393 4563 2446 4616; x_wconf 89' lang='lat' dir='ltr'><strong><em>in</em></strong></span> <span class='ocrx_word' id='word_1_746' title='bbox 2476 4580 2553 4616; x_wconf 90' lang='lat' dir='ltr'><strong><em>me</em></strong></span> <span class='ocrx_word' id='word_1_747' title='bbox 2568 4573 2639 4618; x_wconf 84' lang='lat' dir='ltr'><strong><em>est</em></strong></span> <span class='ocrx_word' id='word_1_748' title='bbox 2657 4562 2838 4626; x_wconf 90' lang='lat' dir='ltr'><strong><em>Pater,</em></strong></span> <span class='ocrx_word' id='word_1_749' title='bbox 2862 4574 2910 4618; x_wconf 86' lang='lat' dir='ltr'><strong><em>et</em></strong></span> <span class='ocrx_word' id='word_1_750' title='bbox 2941 4582 3033 4638; x_wconf 89' lang='lat' dir='ltr'><strong><em>ego</em></strong></span> <span class='ocrx_word' id='word_1_751' title='bbox 3059 4566 3113 4620; x_wconf 89' lang='lat' dir='ltr'><strong><em>in</em></strong></span> <span class='ocrx_word' id='word_1_752' title='bbox 3140 4564 3319 4620; x_wconf 86' lang='lat' dir='ltr'><strong><em>Patre.</em></strong></span> <span class='ocrx_word' id='word_1_753' title='bbox 3345 4566 3529 4632; x_wconf 85' lang='lat' dir='ltr'><strong><em>Amen,</em></strong></span> 
     </span>
    </p>
   </div>
   <div class='ocr_carea' id='block_1_94' title="bbox 219 4659 1824 4731">
    <p class='ocr_par' dir='ltr' id='par_1_94' title="bbox 219 4659 1824 4731">
     <span class='ocr_line' id='line_1_94' title="bbox 219 4659 1824 4731; baseline -0.001 -17"><span class='ocrx_word' id='word_1_754' title='bbox 219 4659 265 4715; x_wconf 84' lang='lat' dir='ltr'><strong><em>in</em></strong></span> <span class='ocrx_word' id='word_1_755' title='bbox 289 4662 449 4714; x_wconf 85' lang='lat' dir='ltr'><strong><em>aliam</em></strong></span> <span class='ocrx_word' id='word_1_756' title='bbox 483 4660 502 4730; x_wconf 95' lang='lat'><strong>(</strong></span> <span class='ocrx_word' id='word_1_757' title='bbox 527 4659 815 4714; x_wconf 78' lang='lat' dir='ltr'><strong><em>(Iorheien.</em></strong></span> <span class='ocrx_word' id='word_1_758' title='bbox 848 4662 902 4714; x_wconf 90' lang='lat' dir='ltr'><strong><em>in</em></strong></span> <span class='ocrx_word' id='word_1_759' title='bbox 933 4661 1151 4715; x_wconf 86' lang='lat' dir='ltr'><strong><em>alteram</em></strong></span> <span class='ocrx_word' id='word_1_760' title='bbox 1175 4661 1215 4731; x_wconf 92' lang='lat'><strong><em>).</em></strong></span> <span class='ocrx_word' id='word_1_761' title='bbox 1244 4659 1497 4717; x_wconf 82' lang='lat' dir='ltr'><strong><em>Nonnulli</em></strong></span> <span class='ocrx_word' id='word_1_762' title='bbox 1525 4661 1698 4716; x_wconf 66' lang='lat' dir='ltr'><strong><em>Grmci</em></strong></span> <span class='ocrx_word' id='word_1_763' title='bbox 1732 4677 1824 4716; x_wconf 85' lang='lat' dir='ltr'><strong><em>co-</em></strong></span> 
     </span>
    </p>
   </div>
   <div class='ocr_carea' id='block_1_95' title="bbox 218 4751 1817 4823">
    <p class='ocr_par' dir='ltr' id='par_1_95' title="bbox 218 4751 1817 4823">
     <span class='ocr_line' id='line_1_95' title="bbox 218 4751 1817 4823; baseline 0.001 -16"><span class='ocrx_word' id='word_1_764' title='bbox 218 4751 355 4808; x_wconf 85' lang='lat' dir='ltr'><strong><em>dices</em></strong></span> <span class='ocrx_word' id='word_1_765' title='bbox 383 4768 553 4807; x_wconf 88' lang='lat' dir='ltr'><strong><em>manu</em></strong></span> <span class='ocrx_word' id='word_1_766' title='bbox 582 4751 827 4817; x_wconf 80' lang='lat' dir='ltr'><strong><em>exarati,</em></strong></span> <span class='ocrx_word' id='word_1_767' title='bbox 863 4752 933 4807; x_wconf 91' lang='lat' dir='ltr'><strong><em>de</em></strong></span> <span class='ocrx_word' id='word_1_768' title='bbox 960 4753 1153 4823; x_wconf 89' lang='lat' dir='ltr'><strong><em>quibus</em></strong></span> <span class='ocrx_word' id='word_1_769' title='bbox 1185 4754 1384 4808; x_wconf 91' lang='lat' dir='ltr'><strong><em>Millius</em></strong></span> <span class='ocrx_word' id='word_1_770' title='bbox 1422 4754 1474 4808; x_wconf 91' lang='lat' dir='ltr'><strong><em>in</em></strong></span> <span class='ocrx_word' id='word_1_771' title='bbox 1507 4753 1634 4808; x_wconf 87' lang='lat' dir='ltr'><strong><em>Var.</em></strong></span> <span class='ocrx_word' id='word_1_772' title='bbox 1669 4753 1817 4808; x_wconf 90' lang='lat' dir='ltr'><strong><em>Lect.</em></strong></span> 
     </span>
    </p>
   </div>
   <div class='ocr_carea' id='block_1_96' title="bbox 219 4843 1818 4920">
    <p class='ocr_par' dir='ltr' id='par_1_96' title="bbox 219 4843 1818 4920">
     <span class='ocr_line' id='line_1_96' title="bbox 219 4843 1818 4920; baseline 0 -19"><span class='ocrx_word' id='word_1_773' title='bbox 219 4847 463 4903; x_wconf 74' lang='lat' dir='ltr'><strong><em>similiter</em></strong></span> <span class='ocrx_word' id='word_1_774' title='bbox 494 4855 620 4916; x_wconf 88' lang='lat' dir='ltr'><strong><em>post</em></strong></span> <span class='ocrx_word' id='word_1_775' title='bbox 646 4846 733 4901; x_wconf 83' lang='lat' dir='ltr'><strong><em>illa</em></strong></span> <span class='ocrx_word' id='word_1_776' title='bbox 757 4847 922 4902; x_wconf 82' lang='lat' dir='ltr'><strong><em>verba</em></strong></span> <span class='ocrx_word' id='word_1_777' title='bbox 956 4848 1119 4920; x_wconf 81' lang='lat' dir='ltr'><strong><em>fugite</em></strong></span> <span class='ocrx_word' id='word_1_778' title='bbox 1147 4849 1202 4901; x_wconf 88' lang='lat' dir='ltr'><strong><em>in</em></strong></span> <span class='ocrx_word' id='word_1_779' title='bbox 1221 4843 1410 4912; x_wconf 76' lang='lat' dir='ltr'><strong><em>aliam,</em></strong></span> <span class='ocrx_word' id='word_1_780' title='bbox 1443 4846 1559 4902; x_wconf 68' lang='lat' dir='ltr'><strong><em>haec</em></strong></span> <span class='ocrx_word' id='word_1_781' title='bbox 1589 4846 1818 4915; x_wconf 84' lang='lat' dir='ltr'><strong><em>addunt,</em></strong></span> 
     </span>
    </p>
   </div>
   <div class='ocr_carea' id='block_1_97' title="bbox 219 4939 1818 5011">
    <p class='ocr_par' dir='ltr' id='par_1_97' title="bbox 219 4939 1818 5011">
     <span class='ocr_line' id='line_1_97' title="bbox 219 4939 1818 5011; baseline 0.001 -18"><span class='ocrx_word' id='word_1_782' title='bbox 219 4943 345 5007; x_wconf 72' lang='lat' dir='ltr'><strong><em>quod</em></strong></span> <span class='ocrx_word' id='word_1_783' title='bbox 380 4941 424 4993; x_wconf 87' lang='lat' dir='ltr'><strong><em>si</em></strong></span> <span class='ocrx_word' id='word_1_784' title='bbox 454 4939 714 5011; x_wconf 81' lang='lat' dir='ltr'><strong><em>persecuti</em></strong></span> <span class='ocrx_word' id='word_1_785' title='bbox 739 4954 830 4991; x_wconf 81' lang='lat' dir='ltr'><strong><em>nos</em></strong></span> <span class='ocrx_word' id='word_1_786' title='bbox 857 4940 1046 5008; x_wconf 82' lang='lat' dir='ltr'><strong><em>fuerint</em></strong></span> <span class='ocrx_word' id='word_1_787' title='bbox 1073 4941 1126 4992; x_wconf 90' lang='lat' dir='ltr'><strong><em>in</em></strong></span> <span class='ocrx_word' id='word_1_788' title='bbox 1154 4941 1337 5005; x_wconf 87' lang='lat' dir='ltr'><strong><em>altera,</em></strong></span> <span class='ocrx_word' id='word_1_789' title='bbox 1371 4939 1531 5011; x_wconf 80' lang='lat' dir='ltr'><strong><em>fugite</em></strong></span> <span class='ocrx_word' id='word_1_790' title='bbox 1553 4939 1606 4993; x_wconf 88' lang='lat' dir='ltr'><strong><em>in</em></strong></span> <span class='ocrx_word' id='word_1_791' title='bbox 1637 4940 1818 4994; x_wconf 85' lang='lat' dir='ltr'><strong><em>aliam.</em></strong></span> 
     </span>
    </p>
   </div>
   <div class='ocr_carea' id='block_1_98' title="bbox 217 5030 1816 5104">
    <p class='ocr_par' dir='ltr' id='par_1_98' title="bbox 217 5030 1816 5104">
     <span class='ocr_line' id='line_1_98' title="bbox 217 5030 1816 5104; baseline 0.001 -17"><span class='ocrx_word' id='word_1_792' title='bbox 217 5030 267 5087; x_wconf 88' lang='lat' dir='ltr'><strong><em>S.</em></strong></span> <span class='ocrx_word' id='word_1_793' title='bbox 289 5033 614 5088; x_wconf 83' lang='lat' dir='ltr'><strong><em>Ambrosius</em></strong></span> <span class='ocrx_word' id='word_1_794' title='bbox 642 5047 858 5104; x_wconf 89' lang='lat' dir='ltr'><strong><em>quoque</em></strong></span> <span class='ocrx_word' id='word_1_795' title='bbox 885 5033 938 5086; x_wconf 84' lang='lat' dir='ltr'><strong><em>in</em></strong></span> <span class='ocrx_word' id='word_1_796' title='bbox 971 5033 1110 5088; x_wconf 89' lang='lat' dir='ltr'><strong><em>libro</em></strong></span> <span class='ocrx_word' id='word_1_797' title='bbox 1136 5033 1203 5088; x_wconf 89' lang='lat' dir='ltr'><strong><em>de</em></strong></span> <span class='ocrx_word' id='word_1_798' title='bbox 1227 5033 1370 5104; x_wconf 86' lang='lat' dir='ltr'><strong><em>Fuga</em></strong></span> <span class='ocrx_word' id='word_1_799' title='bbox 1399 5034 1594 5090; x_wconf 64' lang='lat' dir='ltr'><strong><em>Saecul.</em></strong></span> <span class='ocrx_word' id='word_1_800' title='bbox 1623 5036 1816 5102; x_wconf 71' lang='lat' dir='ltr'><strong><em>cap.4,</em></strong></span> 
     </span>
    </p>
   </div>
   <div class='ocr_carea' id='block_1_99' title="bbox 219 5125 1817 5200">
    <p class='ocr_par' dir='ltr' id='par_1_99' title="bbox 219 5125 1817 5200">
     <span class='ocr_line' id='line_1_99' title="bbox 219 5125 1817 5200; baseline 0.002 -21"><span class='ocrx_word' id='word_1_801' title='bbox 219 5139 328 5194; x_wconf 81' lang='lat' dir='ltr'><strong><em>pag.</em></strong></span> <span class='ocrx_word' id='word_1_802' title='bbox 361 5125 491 5193; x_wconf 72' lang='lat' dir='ltr'><strong><em>HS,</em></strong></span> <span class='ocrx_word' id='word_1_803' title='bbox 520 5127 732 5197; x_wconf 78' lang='lat' dir='ltr'><strong><em>quodsi</em></strong></span> <span class='ocrx_word' id='word_1_804' title='bbox 754 5127 809 5180; x_wconf 85' lang='lat' dir='ltr'><strong><em>in</em></strong></span> <span class='ocrx_word' id='word_1_805' title='bbox 831 5127 990 5180; x_wconf 89' lang='lat' dir='ltr'><strong><em>aliam</em></strong></span> <span class='ocrx_word' id='word_1_806' title='bbox 1018 5137 1380 5196; x_wconf 87' lang='lat' dir='ltr'><strong><em>persequentur</em></strong></span> <span class='ocrx_word' id='word_1_807' title='bbox 1411 5143 1498 5181; x_wconf 87' lang='lat' dir='ltr'><strong><em>vos</em></strong></span> <span class='ocrx_word' id='word_1_808' title='bbox 1530 5169 1544 5194; x_wconf 92' lang='lat'><strong><em>,</em></strong></span> <span class='ocrx_word' id='word_1_809' title='bbox 1574 5128 1736 5200; x_wconf 86' lang='lat' dir='ltr'><strong><em>fugite</em></strong></span> <span class='ocrx_word' id='word_1_810' title='bbox 1763 5128 1817 5182; x_wconf 84' lang='lat' dir='ltr'><strong><em>in</em></strong></span> 
     </span>
    </p>
   </div>
   <div class='ocr_carea' id='block_1_100' title="bbox 217 5208 1122 5280">
    <p class='ocr_par' dir='ltr' id='par_1_100' title="bbox 217 5208 1122 5280">
     <span class='ocr_line' id='line_1_100' title="bbox 217 5208 1122 5280; baseline -0.001 -12"><span class='ocrx_word' id='word_1_811' title='bbox 217 5215 392 5280; x_wconf 76' lang='lat' dir='ltr'><strong><em>aliam,</em></strong></span> <span class='ocrx_word' id='word_1_812' title='bbox 423 5225 481 5272; x_wconf 87' lang='lat' dir='ltr'><strong><em>et</em></strong></span> <span class='ocrx_word' id='word_1_813' title='bbox 512 5217 584 5271; x_wconf 91' lang='lat' dir='ltr'><strong><em>ita</em></strong></span> <span class='ocrx_word' id='word_1_814' title='bbox 617 5215 802 5272; x_wconf 80' lang='lat' dir='ltr'><strong><em>versio</em></strong></span> <span class='ocrx_word' id='word_1_815' title='bbox 832 5208 1122 5270; x_wconf 82' lang='lat' dir='ltr'><strong><em>Saxonica.</em></strong></span> 
     </span>
    </p>
   </div>
   <div class='ocr_carea' id='block_1_101' title="bbox 229 5304 1812 5378">
    <p class='ocr_par' dir='ltr' id='par_1_101' title="bbox 229 5304 1812 5378">
     <span class='ocr_line' id='line_1_101' title="bbox 229 5304 1812 5378; baseline 0 -16"><span class='ocrx_word' id='word_1_816' title='bbox 229 5309 232 5311; x_wconf 82' lang='grc'><em>’</em></span> <span class='ocrx_word' id='word_1_817' title='bbox 285 5307 470 5363; x_wconf 70' lang='lat' dir='ltr'><strong><em>Matth.</em></strong></span> <span class='ocrx_word' id='word_1_818' title='bbox 503 5321 624 5378; x_wconf 86' lang='lat' dir='ltr'><strong><em>cap.</em></strong></span> <span class='ocrx_word' id='word_1_819' title='bbox 658 5323 753 5362; x_wconf 70' lang='lat' dir='ltr'><strong><em>XXI</em></strong></span> <span class='ocrx_word' id='word_1_820' title='bbox 777 5349 791 5373; x_wconf 92' lang='lat'><strong><em>,</em></strong></span> <span class='ocrx_word' id='word_1_821' title='bbox 823 5307 910 5362; x_wconf 82' lang='grc'><strong><em>57.</em></strong></span> <span class='ocrx_word' id='word_1_822' title='bbox 974 5305 1278 5361; x_wconf 80' lang='lat' dir='ltr'><strong><em>Verecllen.</em></strong></span> <span class='ocrx_word' id='word_1_823' title='bbox 1304 5345 1321 5370; x_wconf 96' lang='lat'><strong><em>,</em></strong></span> <span class='ocrx_word' id='word_1_824' title='bbox 1354 5304 1558 5363; x_wconf 84' lang='lat' dir='ltr'><strong><em>Veron.</em></strong></span> <span class='ocrx_word' id='word_1_825' title='bbox 1592 5315 1646 5362; x_wconf 87' lang='lat' dir='ltr'><strong><em>et</em></strong></span> <span class='ocrx_word' id='word_1_826' title='bbox 1674 5307 1812 5362; x_wconf 87' lang='lat' dir='ltr'><strong><em>Cor-</em></strong></span> 
     </span>
    </p>
   </div>
   <div class='ocr_carea' id='block_1_102' title="bbox 213 5397 1811 5465">
    <p class='ocr_par' dir='ltr' id='par_1_102' title="bbox 213 5397 1811 5465">
     <span class='ocr_line' id='line_1_102' title="bbox 213 5397 1811 5465; baseline 0 -12"><span class='ocrx_word' id='word_1_827' title='bbox 213 5397 395 5454; x_wconf 83' lang='lat' dir='ltr'><strong><em>beien.</em></strong></span> <span class='ocrx_word' id='word_1_828' title='bbox 422 5439 438 5465; x_wconf 91' lang='lat'><strong><em>,</em></strong></span> <span class='ocrx_word' id='word_1_829' title='bbox 485 5399 681 5454; x_wconf 83' lang='lat' dir='ltr'><strong><em>Filium</em></strong></span> <span class='ocrx_word' id='word_1_830' title='bbox 723 5409 874 5453; x_wconf 80' lang='lat' dir='ltr'><strong><em>suum</em></strong></span> <span class='ocrx_word' id='word_1_831' title='bbox 904 5399 1111 5452; x_wconf 85' lang='lat' dir='ltr'><strong><em>unicum</em></strong></span> <span class='ocrx_word' id='word_1_832' title='bbox 1136 5440 1151 5464; x_wconf 95' lang='lat'><strong><em>,</em></strong></span> <span class='ocrx_word' id='word_1_833' title='bbox 1181 5407 1235 5452; x_wconf 89' lang='lat' dir='ltr'><strong><em>et</em></strong></span> <span class='ocrx_word' id='word_1_834' title='bbox 1265 5399 1334 5452; x_wconf 87' lang='lat' dir='ltr'><strong><em>ita</em></strong></span> <span class='ocrx_word' id='word_1_835' title='bbox 1368 5398 1424 5453; x_wconf 93' lang='lat' dir='ltr'><strong><em>S.</em></strong></span> <span class='ocrx_word' id='word_1_836' title='bbox 1454 5399 1724 5464; x_wconf 65' lang='lat' dir='ltr'><strong><em>lrenaeus,</em></strong></span> <span class='ocrx_word' id='word_1_837' title='bbox 1755 5399 1811 5454; x_wconf 93' lang='lat' dir='ltr'><strong><em>S.</em></strong></span> 
     </span>
    </p>
   </div>
   <div class='ocr_carea' id='block_1_103' title="bbox 215 5477 1815 5562">
    <p class='ocr_par' dir='ltr' id='par_1_103' title="bbox 215 5477 1815 5562">
     <span class='ocr_line' id='line_1_103' title="bbox 215 5477 1815 5562; baseline 0.001 -15"><span class='ocrx_word' id='word_1_838' title='bbox 215 5477 530 5550; x_wconf 58' lang='lat' dir='ltr'><strong><em>Ambrosius</em></strong></span> <span class='ocrx_word' id='word_1_839' title='bbox 583 5503 639 5548; x_wconf 91' lang='lat' dir='ltr'><strong><em>et</em></strong></span> <span class='ocrx_word' id='word_1_840' title='bbox 692 5490 910 5548; x_wconf 81' lang='lat' dir='ltr'><strong><em>Lucifer</em></strong></span> <span class='ocrx_word' id='word_1_841' title='bbox 933 5493 1294 5548; x_wconf 78' lang='lat' dir='ltr'><strong><em>Calai-itanus.</em></strong></span> <span class='ocrx_word' id='word_1_842' title='bbox 1325 5492 1567 5547; x_wconf 81' lang='lat' dir='ltr'><strong><em>Brixian.</em></strong></span> <span class='ocrx_word' id='word_1_843' title='bbox 1613 5494 1815 5562; x_wconf 86' lang='lat' dir='ltr'><strong><em>pariter</em></strong></span> 
     </span>
    </p>
   </div>
   <div class='ocr_carea' id='block_1_104' title="bbox 215 5578 1134 5654">
    <p class='ocr_par' dir='ltr' id='par_1_104' title="bbox 215 5578 1134 5654">
     <span class='ocr_line' id='line_1_104' title="bbox 215 5578 1134 5654; baseline 0.001 -17"><span class='ocrx_word' id='word_1_844' title='bbox 215 5581 389 5645; x_wconf 80' lang='lat' dir='ltr'><strong><em>habet,</em></strong></span> <span class='ocrx_word' id='word_1_845' title='bbox 423 5584 593 5652; x_wconf 76' lang='lat' dir='ltr'><strong><em>ﬁlium</em></strong></span> <span class='ocrx_word' id='word_1_846' title='bbox 620 5601 769 5639; x_wconf 85' lang='lat' dir='ltr'><strong><em>suum</em></strong></span> <span class='ocrx_word' id='word_1_847' title='bbox 796 5578 1134 5654; x_wconf 72' lang='lat' dir='ltr'><strong><em>unigenitum.</em></strong></span> 
     </span>
    </p>
   </div>
   <div class='ocr_carea' id='block_1_105' title="bbox 278 5665 1816 5745">
    <p class='ocr_par' dir='ltr' id='par_1_105' title="bbox 278 5665 1816 5745">
     <span class='ocr_line' id='line_1_105' title="bbox 278 5665 1816 5745; baseline 0.001 -17"><span class='ocrx_word' id='word_1_848' title='bbox 278 5673 464 5730; x_wconf 69' lang='lat' dir='ltr'><strong><em>Manli.</em></strong></span> <span class='ocrx_word' id='word_1_849' title='bbox 496 5689 622 5745; x_wconf 89' lang='lat' dir='ltr'><strong><em>cap.</em></strong></span> <span class='ocrx_word' id='word_1_850' title='bbox 658 5665 767 5741; x_wconf 70' lang='grc' dir='ltr'>χιιι,</span> <span class='ocrx_word' id='word_1_851' title='bbox 795 5669 888 5730; x_wconf 80' lang='grc'><strong><em>57.</em></strong></span> <span class='ocrx_word' id='word_1_852' title='bbox 938 5674 1245 5730; x_wconf 85' lang='lat' dir='ltr'><strong><em>Verecllen.</em></strong></span> <span class='ocrx_word' id='word_1_853' title='bbox 1287 5684 1340 5730; x_wconf 90' lang='lat' dir='ltr'><strong><em>ct</em></strong></span> <span class='ocrx_word' id='word_1_854' title='bbox 1374 5675 1642 5731; x_wconf 81' lang='lat' dir='ltr'><strong><em>Veronen.</em></strong></span> <span class='ocrx_word' id='word_1_855' title='bbox 1675 5677 1816 5730; x_wconf 86' lang='lat' dir='ltr'><strong><em>misit</em></strong></span> 
     </span>
    </p>
   </div>
   <div class='ocr_carea' id='block_1_106' title="bbox 215 5764 1815 5840">
    <p class='ocr_par' dir='ltr' id='par_1_106' title="bbox 215 5764 1815 5840">
     <span class='ocr_line' id='line_1_106' title="bbox 215 5764 1815 5840; baseline 0.006 -23"><span class='ocrx_word' id='word_1_856' title='bbox 215 5765 328 5835; x_wconf 80' lang='lat' dir='ltr'><strong><em>illis,</em></strong></span> <span class='ocrx_word' id='word_1_857' title='bbox 354 5778 410 5824; x_wconf 90' lang='lat' dir='ltr'><strong><em>et</em></strong></span> <span class='ocrx_word' id='word_1_858' title='bbox 433 5767 508 5823; x_wconf 86' lang='lat' dir='ltr'><strong><em>ita</em></strong></span> <span class='ocrx_word' id='word_1_859' title='bbox 531 5764 1116 5826; x_wconf 78' lang='lat' dir='ltr'><strong><em>Lucifer&#39;Cataritanus</em></strong></span> <span class='ocrx_word' id='word_1_860' title='bbox 1145 5769 1202 5824; x_wconf 90' lang='lat' dir='ltr'><strong><em>in</em></strong></span> <span class='ocrx_word' id='word_1_861' title='bbox 1229 5768 1320 5826; x_wconf 81' lang='lat' dir='ltr'><strong><em>lib.</em></strong></span> <span class='ocrx_word' id='word_1_862' title='bbox 1339 5784 1407 5837; x_wconf 78' lang='grc' dir='ltr'>ιιι,</span> <span class='ocrx_word' id='word_1_863' title='bbox 1442 5783 1540 5840; x_wconf 86' lang='lat' dir='ltr'><strong><em>pro</em></strong></span> <span class='ocrx_word' id='word_1_864' title='bbox 1571 5769 1815 5826; x_wconf 86' lang='lat' dir='ltr'><strong><em>S.Atha-</em></strong></span> 
     </span>
    </p>
   </div>
   <div class='ocr_carea' id='block_1_107' title="bbox 1930 4653 3524 4724">
    <p class='ocr_par' dir='ltr' id='par_1_107' title="bbox 1930 4653 3524 4724">
     <span class='ocr_line' id='line_1_107' title="bbox 1930 4653 3524 4724; baseline 0.002 -18"><span class='ocrx_word' id='word_1_865' title='bbox 1930 4670 2079 4707; x_wconf 85' lang='lat' dir='ltr'><strong><em>amen</em></strong></span> <span class='ocrx_word' id='word_1_866' title='bbox 2109 4654 2222 4707; x_wconf 87' lang='lat' dir='ltr'><strong><em>dico</em></strong></span> <span class='ocrx_word' id='word_1_867' title='bbox 2250 4653 2427 4708; x_wconf 82' lang='lat' dir='ltr'><strong><em>vobis:</em></strong></span> <span class='ocrx_word' id='word_1_868' title='bbox 2463 4653 2582 4709; x_wconf 85' lang='lat' dir='ltr'><strong><em>Nisi</em></strong></span> <span class='ocrx_word' id='word_1_869' title='bbox 2605 4656 2905 4724; x_wconf 79' lang='lat' dir='ltr'><strong><em>acceperitis</em></strong></span> <span class='ocrx_word' id='word_1_870' title='bbox 2928 4673 3118 4723; x_wconf 85' lang='lat' dir='ltr'><strong><em>corpus</em></strong></span> <span class='ocrx_word' id='word_1_871' title='bbox 3144 4658 3242 4724; x_wconf 81' lang='lat' dir='ltr'><strong><em>ﬁlii</em></strong></span> <span class='ocrx_word' id='word_1_872' title='bbox 3268 4658 3524 4720; x_wconf 84' lang='lat' dir='ltr'><strong><em>hominis,</em></strong></span> 
     </span>
    </p>
   </div>
   <div class='ocr_carea' id='block_1_108' title="bbox 1927 4747 3524 4822">
    <p class='ocr_par' dir='ltr' id='par_1_108' title="bbox 1927 4747 3524 4822">
     <span class='ocr_line' id='line_1_108' title="bbox 1927 4747 3524 4822; baseline 0.002 -22"><span class='ocrx_word' id='word_1_873' title='bbox 1927 4747 1990 4800; x_wconf 73' lang='lat' dir='ltr'><strong><em>sit</em></strong></span> <span class='ocrx_word' id='word_1_874' title='bbox 2005 4757 2058 4799; x_wconf 89' lang='lat' dir='ltr'><strong><em>ut</em></strong></span> <span class='ocrx_word' id='word_1_875' title='bbox 2111 4763 2293 4820; x_wconf 84' lang='lat' dir='ltr'><strong><em>panem</em></strong></span> <span class='ocrx_word' id='word_1_876' title='bbox 2330 4747 2472 4812; x_wconf 67' lang='lat' dir='ltr'><strong><em>vita,</em></strong></span> <span class='ocrx_word' id='word_1_877' title='bbox 2527 4758 2576 4801; x_wconf 89' lang='lat' dir='ltr'><strong><em>et</em></strong></span> <span class='ocrx_word' id='word_1_878' title='bbox 2606 4749 2707 4801; x_wconf 87' lang='lat' dir='ltr'><strong><em>nisi</em></strong></span> <span class='ocrx_word' id='word_1_879' title='bbox 2745 4748 2972 4803; x_wconf 83' lang='lat' dir='ltr'><strong><em>biberitis</em></strong></span> <span class='ocrx_word' id='word_1_880' title='bbox 3011 4752 3122 4819; x_wconf 86' lang='lat' dir='ltr'><strong><em>ejus</em></strong></span> <span class='ocrx_word' id='word_1_881' title='bbox 3166 4751 3477 4822; x_wconf 83' lang='lat' dir='ltr'><strong><em>sanguinem</em></strong></span> <span class='ocrx_word' id='word_1_882' title='bbox 3509 4790 3524 4815; x_wconf 94' lang='lat'><strong><em>,</em></strong></span> 
     </span>
    </p>
   </div>
   <div class='ocr_carea' id='block_1_109' title="bbox 1928 4837 3528 4908">
    <p class='ocr_par' dir='ltr' id='par_1_109' title="bbox 1928 4837 3528 4908">
     <span class='ocr_line' id='line_1_109' title="bbox 1928 4837 3528 4908; baseline 0.002 -15"><span class='ocrx_word' id='word_1_883' title='bbox 1928 4855 2031 4893; x_wconf 86' lang='lat' dir='ltr'><strong><em>non</em></strong></span> <span class='ocrx_word' id='word_1_884' title='bbox 2075 4837 2323 4893; x_wconf 81' lang='lat' dir='ltr'><strong><em>habebitis</em></strong></span> <span class='ocrx_word' id='word_1_885' title='bbox 2360 4841 2512 4893; x_wconf 83' lang='lat' dir='ltr'><strong><em>vitam</em></strong></span> <span class='ocrx_word' id='word_1_886' title='bbox 2561 4841 2613 4893; x_wconf 89' lang='lat' dir='ltr'><strong><em>in</em></strong></span> <span class='ocrx_word' id='word_1_887' title='bbox 2663 4841 2822 4895; x_wconf 84' lang='lat' dir='ltr'><strong><em>vobis.</em></strong></span> <span class='ocrx_word' id='word_1_888' title='bbox 2892 4843 2994 4908; x_wconf 82' lang='lat' dir='ltr'><strong><em>Qui</em></strong></span> <span class='ocrx_word' id='word_1_889' title='bbox 3040 4842 3318 4896; x_wconf 85' lang='lat' dir='ltr'><strong><em>manducat</em></strong></span> <span class='ocrx_word' id='word_1_890' title='bbox 3360 4858 3528 4896; x_wconf 81' lang='lat' dir='ltr'><strong><em>meatu</em></strong></span> 
     </span>
    </p>
   </div>
   <div class='ocr_carea' id='block_1_110' title="bbox 1927 4932 3520 5004">
    <p class='ocr_par' dir='ltr' id='par_1_110' title="bbox 1927 4932 3520 5004">
     <span class='ocr_line' id='line_1_110' title="bbox 1927 4932 3520 5004; baseline 0.002 -18"><span class='ocrx_word' id='word_1_891' title='bbox 1927 4948 2153 4998; x_wconf 87' lang='lat' dir='ltr'><strong><em>carnem,</em></strong></span> <span class='ocrx_word' id='word_1_892' title='bbox 2181 4943 2228 4987; x_wconf 86' lang='lat' dir='ltr'><strong><em>et</em></strong></span> <span class='ocrx_word' id='word_1_893' title='bbox 2258 4932 2380 4986; x_wconf 83' lang='lat' dir='ltr'><strong><em>bibit</em></strong></span> <span class='ocrx_word' id='word_1_894' title='bbox 2409 4949 2575 4986; x_wconf 85' lang='lat' dir='ltr'><strong><em>meum</em></strong></span> <span class='ocrx_word' id='word_1_895' title='bbox 2629 4936 2932 5004; x_wconf 80' lang='lat' dir='ltr'><strong><em>sanguinem</em></strong></span> <span class='ocrx_word' id='word_1_896' title='bbox 2959 4974 2974 4999; x_wconf 94' lang='lat'><strong><em>,</em></strong></span> <span class='ocrx_word' id='word_1_897' title='bbox 3017 4935 3164 4988; x_wconf 85' lang='lat' dir='ltr'><strong><em>habet</em></strong></span> <span class='ocrx_word' id='word_1_898' title='bbox 3195 4935 3350 4988; x_wconf 85' lang='lat' dir='ltr'><strong><em>vitam</em></strong></span> <span class='ocrx_word' id='word_1_899' title='bbox 3373 4945 3520 4990; x_wconf 68' lang='lat' dir='ltr'><strong><em>teter-</em></strong></span> 
     </span>
    </p>
   </div>
   <div class='ocr_carea' id='block_1_111' title="bbox 1924 5041 2062 5080">
    <p class='ocr_par' dir='ltr' id='par_1_111' title="bbox 1924 5041 2062 5080">
     <span class='ocr_line' id='line_1_111' title="bbox 1924 5041 2062 5080; baseline 0 -2"><span class='ocrx_word' id='word_1_900' title='bbox 1924 5041 1954 5078; x_wconf 74' lang='lat'><strong>”</strong></span> <span class='ocrx_word' id='word_1_901' title='bbox 1960 5042 2042 5080; x_wconf 85' lang='lat' dir='ltr'><strong><em>am</em></strong></span> <span class='ocrx_word' id='word_1_902' title='bbox 2050 5066 2062 5078; x_wconf 89' lang='lat'><strong><em>.</em></strong></span> 
     </span>
    </p>
   </div>
   <div class='ocr_carea' id='block_1_112' title="bbox 1993 5116 3526 5187">
    <p class='ocr_par' dir='ltr' id='par_1_112' title="bbox 1993 5116 3526 5187">
     <span class='ocr_line' id='line_1_112' title="bbox 1993 5116 3526 5187; baseline 0.001 -15"><span class='ocrx_word' id='word_1_903' title='bbox 1993 5119 2158 5173; x_wconf 85' lang='lat' dir='ltr'><strong><em>Marc.</em></strong></span> <span class='ocrx_word' id='word_1_904' title='bbox 2183 5133 2304 5187; x_wconf 90' lang='lat' dir='ltr'><strong><em>cap.</em></strong></span> <span class='ocrx_word' id='word_1_905' title='bbox 2336 5134 2410 5183; x_wconf 85' lang='lat' dir='ltr'><strong><em>Vl,</em></strong></span> <span class='ocrx_word' id='word_1_906' title='bbox 2438 5117 2526 5174; x_wconf 88' lang='grc'><strong><em>11.</em></strong></span> <span class='ocrx_word' id='word_1_907' title='bbox 2559 5116 2865 5173; x_wconf 84' lang='lat' dir='ltr'><strong><em>Verecllen.</em></strong></span> <span class='ocrx_word' id='word_1_908' title='bbox 2897 5117 3066 5184; x_wconf 88' lang='lat' dir='ltr'><strong><em>addit,</em></strong></span> <span class='ocrx_word' id='word_1_909' title='bbox 3103 5119 3264 5173; x_wconf 75' lang='lat' dir='ltr'><strong><em>Amen</em></strong></span> <span class='ocrx_word' id='word_1_910' title='bbox 3301 5119 3417 5174; x_wconf 88' lang='lat' dir='ltr'><strong><em>dico</em></strong></span> <span class='ocrx_word' id='word_1_911' title='bbox 3437 5136 3526 5174; x_wconf 84' lang='lat' dir='ltr'><strong><em>ro-</em></strong></span> 
     </span>
    </p>
   </div>
   <div class='ocr_carea' id='block_1_113' title="bbox 1921 5209 3519 5275">
    <p class='ocr_par' dir='ltr' id='par_1_113' title="bbox 1921 5209 3519 5275">
     <span class='ocr_line' id='line_1_113' title="bbox 1921 5209 3519 5275; baseline 0.002 -12"><span class='ocrx_word' id='word_1_912' title='bbox 1921 5210 2026 5265; x_wconf 87' lang='lat' dir='ltr'><strong><em>bis:</em></strong></span> <span class='ocrx_word' id='word_1_913' title='bbox 2050 5211 2314 5265; x_wconf 84' lang='lat' dir='ltr'><strong><em>remissius</em></strong></span> <span class='ocrx_word' id='word_1_914' title='bbox 2341 5213 2437 5264; x_wconf 87' lang='lat' dir='ltr'><strong><em>erit</em></strong></span> <span class='ocrx_word' id='word_1_915' title='bbox 2467 5210 2741 5274; x_wconf 80' lang='lat' dir='ltr'><strong><em>Sodomis,</em></strong></span> <span class='ocrx_word' id='word_1_916' title='bbox 2773 5219 2820 5264; x_wconf 88' lang='lat' dir='ltr'><strong><em>et</em></strong></span> <span class='ocrx_word' id='word_1_917' title='bbox 2851 5209 3090 5264; x_wconf 84' lang='lat' dir='ltr'><strong><em>Gomoris</em></strong></span> <span class='ocrx_word' id='word_1_918' title='bbox 3122 5212 3174 5264; x_wconf 86' lang='lat' dir='ltr'><strong><em>in</em></strong></span> <span class='ocrx_word' id='word_1_919' title='bbox 3204 5213 3285 5265; x_wconf 88' lang='lat' dir='ltr'><strong><em>die</em></strong></span> <span class='ocrx_word' id='word_1_920' title='bbox 3302 5212 3519 5275; x_wconf 82' lang='lat' dir='ltr'><strong><em>Judirii,</em></strong></span> 
     </span>
    </p>
   </div>
   <div class='ocr_carea' id='block_1_114' title="bbox 1914 5303 3522 5372">
    <p class='ocr_par' dir='ltr' id='par_1_114' title="bbox 1914 5303 3522 5372">
     <span class='ocr_line' id='line_1_114' title="bbox 1914 5303 3522 5372; baseline -0.001 -16"><span class='ocrx_word' id='word_1_921' title='bbox 1914 5320 2066 5372; x_wconf 89' lang='lat' dir='ltr'><strong><em>quam</em></strong></span> <span class='ocrx_word' id='word_1_922' title='bbox 2095 5304 2285 5356; x_wconf 84' lang='lat' dir='ltr'><strong><em>civitati</em></strong></span> <span class='ocrx_word' id='word_1_923' title='bbox 2306 5304 2406 5356; x_wconf 88' lang='lat' dir='ltr'><strong><em>illi.</em></strong></span> <span class='ocrx_word' id='word_1_924' title='bbox 2459 5303 2698 5357; x_wconf 60' lang='lat' dir='ltr'><strong><em>Brixian.</em></strong></span> <span class='ocrx_word' id='word_1_925' title='bbox 2733 5303 2892 5358; x_wconf 84' lang='lat' dir='ltr'><strong><em>Amen</em></strong></span> <span class='ocrx_word' id='word_1_926' title='bbox 2915 5305 3034 5358; x_wconf 87' lang='lat' dir='ltr'><strong><em>dico</em></strong></span> <span class='ocrx_word' id='word_1_927' title='bbox 3064 5305 3240 5359; x_wconf 76' lang='lat' dir='ltr'><strong><em>vobis:</em></strong></span> <span class='ocrx_word' id='word_1_928' title='bbox 3284 5306 3522 5360; x_wconf 83' lang='lat' dir='ltr'><strong><em>tolerabi-</em></strong></span> 
     </span>
    </p>
   </div>
   <div class='ocr_carea' id='block_1_115' title="bbox 1921 5394 3521 5464">
    <p class='ocr_par' dir='ltr' id='par_1_115' title="bbox 1921 5394 3521 5464">
     <span class='ocr_line' id='line_1_115' title="bbox 1921 5394 3521 5464; baseline 0.001 -15"><span class='ocrx_word' id='word_1_929' title='bbox 1921 5397 2024 5450; x_wconf 84' lang='lat' dir='ltr'><strong><em>lius</em></strong></span> <span class='ocrx_word' id='word_1_930' title='bbox 2048 5398 2144 5449; x_wconf 83' lang='lat' dir='ltr'><strong><em>erit</em></strong></span> <span class='ocrx_word' id='word_1_931' title='bbox 2175 5394 2415 5450; x_wconf 85' lang='lat' dir='ltr'><strong><em>Sodomis</em></strong></span> <span class='ocrx_word' id='word_1_932' title='bbox 2445 5405 2535 5450; x_wconf 87' lang='lat' dir='ltr'><strong><em>aut</em></strong></span> <span class='ocrx_word' id='word_1_933' title='bbox 2581 5395 2818 5451; x_wconf 83' lang='lat' dir='ltr'><strong><em>Gomoris</em></strong></span> <span class='ocrx_word' id='word_1_934' title='bbox 2843 5399 2894 5451; x_wconf 83' lang='lat' dir='ltr'><strong><em>in</em></strong></span> <span class='ocrx_word' id='word_1_935' title='bbox 2923 5397 3007 5452; x_wconf 85' lang='lat' dir='ltr'><strong><em>die</em></strong></span> <span class='ocrx_word' id='word_1_936' title='bbox 3021 5397 3238 5461; x_wconf 70' lang='lat' dir='ltr'><strong><em>Judicit’,</em></strong></span> <span class='ocrx_word' id='word_1_937' title='bbox 3264 5414 3416 5464; x_wconf 89' lang='lat' dir='ltr'><strong><em>quam</em></strong></span> <span class='ocrx_word' id='word_1_938' title='bbox 3442 5398 3521 5450; x_wconf 82' lang='lat' dir='ltr'><strong><em>illi</em></strong></span> 
     </span>
    </p>
   </div>
   <div class='ocr_carea' id='block_1_116' title="bbox 1917 5486 3519 5560">
    <p class='ocr_par' dir='ltr' id='par_1_116' title="bbox 1917 5486 3519 5560">
     <span class='ocr_line' id='line_1_116' title="bbox 1917 5486 3519 5560; baseline 0.001 -17"><span class='ocrx_word' id='word_1_939' title='bbox 1917 5489 2147 5554; x_wconf 85' lang='lat' dir='ltr'><strong><em>civitati,</em></strong></span> <span class='ocrx_word' id='word_1_940' title='bbox 2195 5501 2246 5544; x_wconf 90' lang='lat' dir='ltr'><strong><em>et</em></strong></span> <span class='ocrx_word' id='word_1_941' title='bbox 2295 5495 2366 5542; x_wconf 88' lang='lat' dir='ltr'><strong><em>ita</em></strong></span> <span class='ocrx_word' id='word_1_942' title='bbox 2408 5488 2462 5543; x_wconf 89' lang='lat' dir='ltr'><strong><em>in</em></strong></span> <span class='ocrx_word' id='word_1_943' title='bbox 2518 5490 2770 5545; x_wconf 81' lang='lat' dir='ltr'><strong><em>versiculi</em></strong></span> <span class='ocrx_word' id='word_1_944' title='bbox 2802 5490 2962 5560; x_wconf 87' lang='lat' dir='ltr'><strong><em>hujus</em></strong></span> <span class='ocrx_word' id='word_1_945' title='bbox 3005 5490 3112 5544; x_wconf 80' lang='lat' dir='ltr'><strong><em>line</em></strong></span> <span class='ocrx_word' id='word_1_946' title='bbox 3134 5487 3281 5542; x_wconf 86' lang='lat' dir='ltr'><strong><em>addit</em></strong></span> <span class='ocrx_word' id='word_1_947' title='bbox 3314 5486 3519 5545; x_wconf 82' lang='lat' dir='ltr'><strong><em>Textns</em></strong></span> 
     </span>
    </p>
   </div>
   <div class='ocr_carea' id='block_1_117' title="bbox 1917 5581 3520 5649">
    <p class='ocr_par' dir='ltr' id='par_1_117' title="bbox 1917 5581 3520 5649">
     <span class='ocr_line' id='line_1_117' title="bbox 1917 5581 3520 5649; baseline -0.003 -10"><span class='ocrx_word' id='word_1_948' title='bbox 1917 5581 2158 5649; x_wconf 65' lang='lat' dir='ltr'><strong><em>Griecus,</em></strong></span> <span class='ocrx_word' id='word_1_949' title='bbox 2187 5581 2344 5635; x_wconf 82' lang='lat' dir='ltr'><strong><em>Amen</em></strong></span> <span class='ocrx_word' id='word_1_950' title='bbox 2370 5581 2486 5636; x_wconf 86' lang='lat' dir='ltr'><strong><em>dico</em></strong></span> <span class='ocrx_word' id='word_1_951' title='bbox 2517 5582 2655 5636; x_wconf 84' lang='lat' dir='ltr'><strong><em>vobis</em></strong></span> <span class='ocrx_word' id='word_1_952' title='bbox 2675 5601 2693 5636; x_wconf 88' lang='lat'><strong><em>:</em></strong></span> <span class='ocrx_word' id='word_1_953' title='bbox 2725 5583 3042 5636; x_wconf 87' lang='lat' dir='ltr'><strong><em>tolerabilius</em></strong></span> <span class='ocrx_word' id='word_1_954' title='bbox 3059 5581 3152 5635; x_wconf 88' lang='lat' dir='ltr'><strong><em>erit</em></strong></span> <span class='ocrx_word' id='word_1_955' title='bbox 3175 5589 3323 5634; x_wconf 75' lang='lat' dir='ltr'><strong><em>terra:</em></strong></span> <span class='ocrx_word' id='word_1_956' title='bbox 3346 5581 3520 5636; x_wconf 89' lang='lat' dir='ltr'><strong><em>Sodo-</em></strong></span> 
     </span>
    </p>
   </div>
   <div class='ocr_carea' id='block_1_118' title="bbox 1915 5672 3518 5742">
    <p class='ocr_par' dir='ltr' id='par_1_118' title="bbox 1915 5672 3518 5742">
     <span class='ocr_line' id='line_1_118' title="bbox 1915 5672 3518 5742; baseline -0.001 -14"><span class='ocrx_word' id='word_1_957' title='bbox 1915 5691 2115 5729; x_wconf 87' lang='lat' dir='ltr'><strong><em>morum</em></strong></span> <span class='ocrx_word' id='word_1_958' title='bbox 2144 5685 2190 5728; x_wconf 88' lang='lat' dir='ltr'><strong><em>et</em></strong></span> <span class='ocrx_word' id='word_1_959' title='bbox 2237 5673 2681 5730; x_wconf 81' lang='lat' dir='ltr'><strong><em>Gomorrlucorum</em></strong></span> <span class='ocrx_word' id='word_1_960' title='bbox 2712 5677 2764 5728; x_wconf 88' lang='lat' dir='ltr'><strong><em>in</em></strong></span> <span class='ocrx_word' id='word_1_961' title='bbox 2791 5673 2874 5727; x_wconf 88' lang='lat' dir='ltr'><strong><em>die</em></strong></span> <span class='ocrx_word' id='word_1_962' title='bbox 2893 5673 3110 5738; x_wconf 85' lang='lat' dir='ltr'><strong><em>Judicii,</em></strong></span> <span class='ocrx_word' id='word_1_963' title='bbox 3140 5689 3297 5742; x_wconf 88' lang='lat' dir='ltr'><strong><em>quam</em></strong></span> <span class='ocrx_word' id='word_1_964' title='bbox 3325 5673 3404 5726; x_wconf 88' lang='lat' dir='ltr'><strong><em>illi</em></strong></span> <span class='ocrx_word' id='word_1_965' title='bbox 3432 5672 3518 5726; x_wconf 89' lang='lat' dir='ltr'><strong><em>Ci-</em></strong></span> 
     </span>
    </p>
   </div>
   <div class='ocr_carea' id='block_1_119' title="bbox 1913 5765 3513 5838">
    <p class='ocr_par' dir='ltr' id='par_1_119' title="bbox 1913 5765 3513 5838">
     <span class='ocr_line' id='line_1_119' title="bbox 1913 5765 3513 5838; baseline 0.001 -15"><span class='ocrx_word' id='word_1_966' title='bbox 1913 5769 2080 5823; x_wconf 83' lang='lat' dir='ltr'><strong><em>vitati.</em></strong></span> <span class='ocrx_word' id='word_1_967' title='bbox 2112 5769 2244 5834; x_wconf 69' lang='lat' dir='ltr'><strong><em>Quin</em></strong></span> <span class='ocrx_word' id='word_1_968' title='bbox 2272 5779 2447 5823; x_wconf 86' lang='lat' dir='ltr'><strong><em>tamen</em></strong></span> <span class='ocrx_word' id='word_1_969' title='bbox 2478 5783 2543 5822; x_wconf 82' lang='lat' dir='ltr'><strong><em>ex</em></strong></span> <span class='ocrx_word' id='word_1_970' title='bbox 2576 5766 2813 5822; x_wconf 72' lang='lat' dir='ltr'><strong><em>Matthmi</em></strong></span> <span class='ocrx_word' id='word_1_971' title='bbox 2835 5780 2954 5835; x_wconf 88' lang='lat' dir='ltr'><strong><em>cap.</em></strong></span> <span class='ocrx_word' id='word_1_972' title='bbox 2987 5781 3018 5818; x_wconf 87' lang='lat' dir='ltr'><strong><em>x</em></strong></span> <span class='ocrx_word' id='word_1_973' title='bbox 3048 5807 3062 5831; x_wconf 93' lang='lat'><strong><em>,</em></strong></span> <span class='ocrx_word' id='word_1_974' title='bbox 3092 5765 3160 5824; x_wconf 82' lang='grc'>15</span> <span class='ocrx_word' id='word_1_975' title='bbox 3185 5808 3200 5834; x_wconf 91' lang='grc'>,</span> <span class='ocrx_word' id='word_1_976' title='bbox 3229 5766 3513 5838; x_wconf 85' lang='lat' dir='ltr'><strong><em>desumpta</em></strong></span> 
     </span>
    </p>
   </div>
  </div>
