4054 6198
443 288 516 347 93
1806 286 2345 346 PROLEGOMENA.
2394 278 2397 279 ⁷
3684 284 3756 342 96

443 409 571 457 sunt
590 444 605 469 ,
639 417 738 459 nec
765 402 818 459 in
840 400 1060 475 optimis
1091 398 1380 457 codicibus
1404 399 1611 458 Graecis
1639 402 2047 472 quampluribus
2076 407 2124 466 Α
2154 403 2206 457 in
2240 400 2504 467 Brixiam,
2531 417 2689 473 super
2707 416 2842 456 eum.
2872 399 2937 455 Et
2971 400 3041 456 ita
3074 398 3130 455 in
3158 398 3433 472 aliquibus
3461 413 3592 456 mss.
3622 400 3753 457 Div.

444 494 718 566 leguntur.

517 588 683 642 Marc.
714 602 829 656 cap.
858 587 1017 652 xv,'5.
1050 585 1354 641 Vercellen.
1383 585 1531 641 addit
1559 587 1612 642 in
1643 587 1749 644 line
1766 587 2045 655 versiculi,

447 678 572 751 Ipse
597 690 765 734 autem
795 678 925 734 nihil
949 679 1323 750 respondebat,
1364 690 1417 735 et
1464 680 1536 734 ita
1565 681 1754 749 ingens
1785 680 2046 735 librorum

446 772 756 828 Graacorum
778 787 1035 827 numerus
1054 771 1157 827 hoc
1175 772 1484 837 Ιοοο,Αὐτός
1497 771 1550 829 δὲ
1567 772 1706 829 οὐδὲν
1721 777 2046 851 ἀπεκρίνατο,

449 867 552 921 hoc
581 878 663 921 est
690 908 705 932 ,
741 865 862 937 Ipse
885 876 1053 921 autent
1084 867 1214 921 nihil
1243 867 1549 935 respondit:
1580 867 1707 922 item
1736 868 2005 938 Complut.
2030 909 2046 936 ,

448 957 697 1026 Veehel.,
733 961 909 1024 Arm.,
939 958 1211 1031 Ethiop,
1260 959 1459 1029 aliique
1486 958 1669 1029 plures
1700 959 1842 1014 libri.
1884 958 2052 1014 Addi-

450 1050 599 1109 disse
625 1052 877 1108 videnlur
901 1053 1151 1108 Librarii.

523 1144 656 1200 Luc.
687 1160 807 1212 eap.
841 1161 987 1211 xxiv,
1021 1146 1106 1199 15.
1136 1144 1441 1201 Vercellen.
1466 1145 1551 1199 cui
1577 1161 1760 1200 nomen
1780 1143 2047 1200 Ammaus.

454 1235 657 1292 Veron.
693 1238 898 1291 nomine
926 1237 1180 1309 Cleophas
1202 1279 1217 1303 ,
1248 1249 1294 1292 et
1320 1236 1586 1292 Ammaus.
1639 1238 1926 1292 Corbeien.
1958 1253 2054 1291 no-

453 1331 592 1384 mine
641 1330 886 1385 Ammaus
930 1341 977 1386 et
1015 1331 1289 1402 Cleopltas.
1344 1331 1481 1387 Vide
1511 1330 1568 1387 S.
1600 1330 1947 1386 Ambrosium
1997 1331 2050 1386 in

455 1421 758 1477 Comment.
788 1421 840 1475 in
871 1420 1220 1491 Evangelium
1254 1422 1436 1476 Sancti
1466 1421 1623 1476 Lucae
1654 1420 1797 1487 heic,
1823 1422 1913 1491 qui
1943 1432 2050 1476 tam

457 1512 685 1583 insignis
717 1514 975 1567 variantis
1004 1513 1278 1568 Lectionis
1306 1514 1552 1569 meminit
1578 1556 1593 1583 ,
1623 1529 1687 1569 ac
1706 1515 1928 1570 nostris
1956 1529 2052 1570 co-

456 1604 666 1659 dicibus
688 1604 823 1659 alios
856 1605 1097 1660 faventes
1128 1605 1297 1659 libros
1327 1604 1503 1660 all‘crt.

529 1699 714 1753 Matth.
745 1713 867 1767 cap.
899 1714 1011 1765 vtu,
1040 1698 1130 1754 20.
1162 1698 1218 1754 lo
1275 1698 1579 1754 Vercellen.
1608 1740 1624 1766 ,
1674 1698 1950 1754 Veronen.
1999 1709 2055 1754 et

2151 494 2290 550 Bibl.
2323 494 2380 549 8.
2414 493 2753 563 Hieronymi.

2220 586 2384 640 Marc.
2417 600 2538 656 cap.
2571 601 2631 651 ιι,
2661 586 2748 640 17.
2783 583 3061 641 Vercellen
3094 594 3149 639 et
3176 600 3306 639 mm.
3339 585 3430 639 sed
3454 594 3751 657 peccatores

2148 678 2204 732 in
2229 678 2595 747 penitentiam.
2621 677 2794 733 Grtcci
2826 676 3043 733 codices
3073 676 3227 733 multi
3252 677 3462 734 addunt
3483 678 3585 734 hoc
3608 678 3749 749 loco,

2150 772 2220 826 ad
2256 772 2626 842 paenitentiam.
2675 771 2866 827 Plures
2890 786 3022 827 vero
3054 786 3186 826 non.
3230 771 3363 828 Vide
3390 770 3615 827 Millium
3643 771 3751 828 hic.

2151 864 2536 919 Assumentutn
2591 872 2675 918 est
2725 862 2869 933 quod
2899 880 2965 917 ex
2998 863 3236 919 Mattbaci
3260 879 3383 935 cap.
3417 879 3467 918 Ix
3492 906 3507 931 ,
3541 865 3609 920 15
3657 864 3755 920 dc-

2152 967 2423 1026 sumptum
2450 966 2553 1011 est.

2225 1050 2355 1105 Luc.
2384 1066 2502 1117 cap.
2535 1066 2588 1104 ιιι
2614 1092 2628 1116 ,
2653 1049 2744 1106 56.
2791 1050 2916 1104 Post
2945 1051 3147 1105 animas
3169 1093 3185 1117 ,
3215 1050 3432 1107 additur
3461 1051 3753 1123 hominum,

2154 1142 2207 1199 in
2221 1142 2548 1204 Vercellen.,
2580 1141 2783 1197 Veron.
2817 1150 2873 1196 et
2900 1142 3169 1208 Brittium,
3198 1151 3253 1198 et
3283 1143 3353 1198 ita
3377 1144 3431 1199 in
3454 1144 3511 1201 8.
3535 1146 3761 1216 Cypria-

2155 1252 2226 1290 no
2258 1251 2381 1306 pag.
2409 1236 2539 1301 2H,
2567 1236 2695 1291 etin
2727 1235 2786 1292 S.
2811 1234 3101 1292 Ambrosio
3124 1278 3138 1302 ,
3171 1235 3263 1292 lib.
3297 1252 3315 1291 ι
3362 1237 3431 1293 de
3479 1237 3762 1296 Paeniten-

2155 1331 2250 1397 tia,
2285 1345 2404 1398 cap.
2444 1329 2534 1385 16.

2230 1423 2418 1479 Matth.
2451 1438 2570 1493 cap.
2598 1439 2630 1478 v
2652 1464 2667 1491 ,
2697 1424 2788 1479 52.
2842 1424 2899 1479 1η
2932 1424 3265 1482 Vercellensi
3292 1468 3307 1492 ,
3356 1435 3411 1481 et
3455 1426 3758 1485 Veronensi

2155 1512 2351 1569 desunt
2379 1515 2538 1571 verba
2563 1532 2575 1568 :
2601 1524 2646 1568 et
2666 1515 2753 1585 qui
2773 1516 3041 1569 dimissam
3052 1516 3758 1585 duxerit,adulterat.Anim-

2157 1609 2390 1664 advertit
2440 1608 2674 1665 Sanctus
2722 1608 3054 1679 Augustinus
3094 1610 3233 1680 apud
3263 1612 3523 1678 Millium,
3565 1613 3755 1679 verba,

2157 1711 2207 1756 et
2235 1703 2323 1773 qui
2351 1703 2617 1757 dimissam
2642 1703 2868 1767 duxerit,
2898 1703 3156 1758 adulterat
3181 1746 3197 1771 ,
3226 1705 3279 1758 in
3308 1704 3629 1775 quibusdam
3657 1705 3762 1761 La-

457 1788 747 1848 Corbeien.
782 1799 909 1862 post
948 1791 1171 1847 verbum
1202 1792 1349 1847 nidos
1376 1834 1390 1857 ,
1433 1792 1650 1847 additur
1671 1833 1685 1859 ,
1717 1792 1804 1846 ubi
1828 1793 2052 1863 requies-
2086 1792 2131 1852 B
2162 1796 2288 1850 tinis
2316 1795 2595 1852 codicibus
2627 1812 2734 1851 non
2765 1796 2889 1866 legi.
2916 1796 3301 1853 Desiderantur
3319 1798 3484 1854 etiam
3505 1798 3559 1854 in
3586 1800 3761 1855 veteri

458 1892 596 1938 rant.
649 1884 715 1939 Et
759 1884 832 1939 ita
880 1884 931 1940 in
961 1884 1232 1941 Ambrosii
1266 1884 1525 1941 Hesaem.
1560 1884 1655 1940 lib.
1683 1900 1776 1951 v1,
1827 1900 1947 1957 cap.
1978 1888 2012 1941 8
2035 1925 2052 1952 ,

461 1994 582 2050 pag.
619 1980 745 2035 151.

532 2073 721 2126 Matth.
751 2087 1001 2143 cap.xv1,
1033 2073 1122 2130 15.
1154 2073 1483 2140 Vercellen.,
1503 2072 2056 2141 Veron.,Corbeien.,

460 2166 929 2224 San-Germancn.
953 2179 1005 2223 et
1026 2168 1267 2223 Brixian.
1302 2167 1462 2236 Quem
1489 2184 1601 2234 me,
1634 2175 1689 2223 et
1718 2167 1787 2221 ita
1818 2167 1876 2222 S.
1913 2166 2060 2221 1111³-

461 2259 574 2314 rius
596 2258 781 2315 Tract.
813 2260 866 2313 in
892 2260 1085 2329 psalm.
1114 2274 1236 2314 exn
1263 2300 1276 2319 ,
1303 2270 1433 2312 tom.
1468 2274 1519 2323 ι,
1562 2273 1686 2329 pag.
1718 2258 1821 2312 419
1847 2300 1862 2323 ,
1905 2266 1958 2313 et
1996 2258 2057 2314 S.

463 2351 785 2406 Ambrosius
808 2352 863 2406 in
896 2352 989 2406 lib.
1036 2352 1104 2405 de
1131 2350 1346 2406 lncarn.
1375 2351 1526 2404 Dom.
1556 2349 1798 2405 Sacram.
1832 2364 1950 2420 cap.
1979 2349 2015 2402 4
2039 2393 2055 2418 ,

459 2458 583 2515 pag.
616 2444 742 2499 709.

534 2536 725 2591 Matth.
754 2551 874 2607 cap.
912 2552 1049 2604 χχιι,
1078 2535 1133 2592 4.
1167 2536 1500 2603 Vercellen.,
1557 2536 1832 2592 Veroucn.
1863 2545 1918 2592 et
1949 2536 2063 2592 Bri.

465 2629 611 2682 xiau.
647 2638 694 2681 et
715 2629 949 2699 saginata
977 2632 1145 2684 occisa
1183 2639 1299 2684 sunt
1328 2672 1343 2696 ,
1371 2641 1424 2684 et
1454 2632 1524 2684 ita
1554 2629 1773 2685 Lucifer
1798 2631 2065 2687 Calarita-

468 2734 569 2773 nus
595 2719 647 2774 in
675 2719 770 2773 lib.
802 2736 872 2781 ιι,
920 2737 1015 2790 pro
1058 2722 1116 2776 S.
1149 2721 1470 2776 Athanasio.
1502 2721 1969 2778 Sau-Germancn.
2019 2731 2068 2778 et

465 2810 705 2881 saginata
730 2828 842 2865 utea
866 2814 1055 2876 occisa,
1081 2822 1184 2869 etc.

541 2901 730 2956 Matth.
761 2916 880 2972 cap.
916 2918 1052 2970 xm,
1083 2904 1174 2960 45.
1231 2902 1286 2957 In
1317 2903 1648 2970 Vercellen.,
1685 2904 1980 2968 Veronen.,
2011 2914 2067 2962 et

470 2996 708 3051 Brixian.
737 3037 754 3061 ,
784 2996 1002 3051 additur
1028 3039 1042 3059 ,
1089 2999 1142 3052 in
1180 2999 1387 3067 spirittt.
1443 2999 1510 3053 Et
1537 2998 1607 3052 ita
1638 2997 1839 3053 habent
1874 2999 1932 3054 8.
1962 2997 2065 3071 Cy-

470 3090 641 3159 prian.
684 3104 801 3159 pag.
839 3090 979 3157 9.02,
1009 3104 1071 3145 ac
1096 3090 1155 3145 8.
1185 3090 1437 3145 Ambros.
1485 3091 1576 3145 lib.
1614 3107 1647 3144 ν
1686 3091 1754 3145 de
1780 3090 1913 3147 Fide
1941 3106 2062 3163 cap.

469 3184 526 3259 8.,
558 3193 609 3237 et
643 3183 737 3237 lib.
768 3198 823 3237 ιιι
850 3182 919 3237 de
946 3184 1087 3252 Spir.
1114 3184 1275 3239 Sane.
1308 3199 1429 3253 cap.
1463 3184 1547 3249 15,
1582 3199 1701 3254 pag.
1736 3183 1861 3238 687.

470 3306 477 3311 -
540 3276 729 3331 Matth.
759 3291 878 3345 cap.
911 3292 1056 3341 xxiv,
1087 3276 1142 3343 7,
1162 3277 1461 3333 Vercellen.
1491 3287 1545 3331 et
1570 3277 1841 3333 Veroneu.
1877 3293 1967 3347 per
1992 3278 2069 3332 lo-

469 3382 530 3420 ca
561 3367 754 3420 omnia.
785 3366 843 3424 8.
876 3366 1199 3439 Cyprianus,
1229 3385 1319 3440 per
1347 3370 1549 3438 singula
1582 3369 1712 3423 loca.

542 3458 730 3514 Matth.
760 3475 881 3531 cap.
912 3476 1042 3515 xxvt
1067 3502 1082 3526 ,
1114 3461 1201 3515 70.
1243 3461 1299 3516 ln
1330 3461 1628 3517 Vercellen.
1660 3470 1778 3532 post
1807 3462 2028 3517 verbum
2053 3504 2068 3529 ,

471 3552 601 3606 dicis
627 3593 641 3617 ,
683 3552 896 3608 additur
922 3596 935 3619 ,
962 3571 1053 3608 nec
1080 3556 1233 3621 novi;
1285 3558 1334 3609 iu
1368 3556 1574 3610 Veron.
1606 3572 1766 3626 neque
1802 3556 2069 3627 intelligo;

471 3648 523 3703 in
554 3649 612 3702 S.
645 3646 917 3721 Cypriauo
940 3665 1062 3722 pag.
1093 3649 1221 3714 656,
1253 3666 1416 3721 neque
1437 3651 1551 3704 novi
1579 3660 1646 3704 te.

541 3740 727 3794 Matth.
756 3756 871 3811 cap.
900 3757 1064 3804 xxvn,
1095 3741 1189 3796 28.
1227 3742 1529 3797 Vercellen.
1573 3751 1618 3796 et
1643 3741 1921 3795 induerunt
1952 3756 2068 3794 cum

474 3834 699 3886 tunicam
726 3850 1058 3904 purpuream,
1087 3845 1133 3888 et
1160 3836 1445 3905 clamydem
1469 3835 1756 3888 coccineum
1786 3835 2069 3888 circumde-

473 3924 656 3979 derunt
682 3925 749 3978 ei.
777 3924 1073 3992 Veronen.,
1105 3936 1150 3979 et
1179 3927 1455 3979 induerunt
1480 3928 1702 3979 tunicam
1725 3938 2066 3995 purpuream,

472 4025 520 4068 et
547 4015 833 4087 clantydem
859 4018 1142 4070 coccineum
1168 4015 1613 4071 circumdederunt
1637 4017 1700 4069 ei.
1749 4016 1806 4072 S.
1837 4015 2069 4071 Ambro-

472 4107 665 4161 sinsin
696 4108 927 4177 exposit.
956 4107 1159 4177 Evang.
1193 4108 1417 4161 second.
1448 4106 1577 4161 Luc.
1609 4107 1697 4161 lib.
1737 4124 1768 4162 x
1792 4149 1806 4173 ,
1844 4117 1974 4163 tom.
2009 4125 2065 4175 ι,

474 4213 596 4269 pag.
627 4198 796 4265 {526,
838 4199 1121 4270 elamydem
1142 4209 1312 4253 autem
1333 4200 1620 4253 coccineum
1645 4201 1880 4254 induitur
1908 4219 1938 4255 a
1968 4203 2069 4256 mi-

474 4292 672 4357 litibus,
703 4302 747 4346 et
768 4308 1078 4363 purpuream
1112 4293 1354 4346 tunicam.

543 4384 699 4440 Jnan.
729 4399 849 4455 cap.
880 4401 960 4451 xi,
989 4385 1077 4441 59.
1110 4383 1439 4452 Vercellen.,
1473 4401 1619 4440 soror
1642 4383 1829 4439 Lazari
1854 4401 1874 4450 ;
1906 4387 2070 4440 omis-

473 4478 550 4533 sis
576 4478 756 4533 verbis
788 4477 913 4543 illis,
946 4479 1031 4548 qui
1056 4485 1286 4530 mortuus
1314 4480 1504 4548 fuerat.
1550 4477 1606 4530 In
1637 4476 1907 4530 Veronen.
1938 4493 2071 4545 quo-

2164 1886 2353 1942 codice
2381 1886 2794 1958 Cantabrigensi
2824 1887 3260 1944 Gnaeo-Latino.

2235 1979 2424 2034 Matth.
2457 1994 2577 2047 cap.
2608 1995 2663 2034 vr
2687 2021 2703 2045 ,
2736 1978 2823 2034 10.
2863 1979 3100 2035 Deestin
3133 1979 3441 2038 Vercellen.
3475 1991 3530 2037 et
3559 1981 3759 2039 Veron.

2161 2073 2317 2137 sicut,
2364 2081 2416 2126 et
2464 2072 2532 2125 ita
2567 2071 2619 2126 in
2647 2072 2853 2127 Tertul.
2884 2087 3005 2143 pag.
3042 2074 3180 2141 151,
3218 2082 3274 2130 et
3302 2076 3355 2129 in
3386 2074 3445 2131 S.
3474 2074 3761 2146 Augustin.

2161 2162 2236 2219 lib
2258 2179 2311 2217 IV
2334 2205 2348 2227 ,
2393 2172 2581 2219 contra
2625 2163 2759 2218 duas
2792 2164 2964 2235 Epist.
2997 2164 3182 2236 Pelag.
3228 2174 3361 2222 tom.
3392 2182 3427 2222 ι
3450 2207 3467 2234 ,
3515 2176 3655 2238 part.
3704 2169 3759 2235 1,

2165 2274 2286 2330 pag.
2317 2258 2444 2314 485.
2492 2254 2499 2257 ⁷
3309 2280 3313 2283 ·

2237 2350 2424 2405 Matth.
2449 2364 2570 2420 cap.
2600 2366 2819 2417 xxm,v.
2839 2351 2925 2406 14.
2958 2349 3018 2407 In
3045 2351 3349 2409 Vercellen.
3371 2361 3426 2409 et
3446 2352 3765 2410 Corbeiensi

2164 2441 2505 2497 desideratur
2535 2456 2723 2497 versus
2753 2442 2838 2507 14,
2876 2444 2928 2498 in
2960 2443 3197 2499 Brixian.
3242 2460 3371 2501 vero
3396 2461 3451 2499 v.
3488 2446 3578 2511 15,
3607 2454 3764 2515 post-

2168 2537 2385 2605 ponitur
2424 2552 2475 2589 v.
2510 2534 2597 2590 14.
2643 2535 2865 2607 Antiqui
2896 2536 3111 2593 codices
3160 2539 3260 2594 hoc
3304 2538 3426 2594 loco
3468 2537 3763 2595 dissident.

2168 2627 2226 2684 S.
2279 2626 2719 2701 Chrysostomus,
2765 2611 3100 2698 Euthymius,
3148 2629 3609 2702 Tlteophylactus,
3662 2646 3767 2686 au-

2167 2730 2287 2776 ctor
2327 2723 2510 2791 operis
2538 2722 2835 2790 imperfecti
2861 2724 2917 2786 in
2961 2723 3302 2790 Mattltamm,
3337 2724 3766 2793 Grteciicodices

2169 2814 2311 2885 typis
2369 2814 2565 2883 vulgati
2624 2808 2681 2867 et
2724 2830 2885 2868 manu
2916 2817 3121 2869 exarati
3167 2815 3431 2886 plerique,
3485 2816 3605 2874 loco
3645 2831 3763 2871 mo—

2168 2916 2296 2959 vent
2328 2921 2380 2959 ν.
2425 2905 2492 2961 15
2530 2915 2584 2959 et
2616 2913 2735 2974 post
2767 2906 2828 2960 14
2857 2905 3207 2963 transferunt.
3277 2908 3381 2962 Alii
3423 2916 3766 2979 prmponunt,

2171 3001 2429 3055 omittunt
2480 3001 2693 3070 penitus
2734 3001 2846 3066 alii,
2894 3009 2949 3055 ut
2994 2999 3309 3071 Cautabrig.
3356 3001 3507 3065 cod.,
3553 3000 3773 3057 Graeco-

2171 3091 2311 3155 l.at.,
2348 3092 2498 3147 Colb.
2523 3092 2578 3155 2,
2606 3092 2761 3157 Sax.,
2790 3092 2950 3147 codd.
2977 3107 3106 3146 mss.
3140 3091 3314 3147 Arab.
3346 3100 3402 3148 et
3427 3093 3645 3163 quidam
3673 3106 3774 3146 an-

2095 3183 2140 3245 C
2175 3184 2303 3252 tiqui
2352 3183 2510 3239 codd.
2546 3184 2661 3238 Lat.
2693 3183 2834 3253 apud
2884 3182 3130 3238 Martian.
3176 3192 3229 3239 et
3267 3182 3426 3253 Brug.
3463 3183 3605 3239 heic.
3653 3183 3771 3239 Non

2176 3278 2357 3346 legunt
2386 3278 2558 3347 ipsum
2592 3276 2888 3347 Origenes,
2931 3285 2987 3331 et
3030 3277 3259 3333 Sanetus
3291 3275 3674 3348 Hieronymus,
3707 3286 3766 3332 et

2172 3369 2313 3439 apud
2343 3384 2604 3423 canonctn
2639 3369 2853 3423 Eusebii
2884 3369 3141 3424 tribuitur
3159 3384 3281 3439 cap.
3305 3384 3379 3433 ιι,
3411 3385 3466 3424 v.
3496 3370 3568 3425 52
3586 3368 3770 3435 Lucae;

2175 3462 2529 3530 quamobrem
2567 3461 2626 3514 tit
2667 3461 2998 3529 conjecturae
3032 3461 3217 3527 locus,
3266 3461 3417 3517 illum
3455 3474 3501 3517 e‘
3524 3461 3672 3519 Luca
3714 3461 3768 3516 in

2179 3552 2488 3608 Matthatum
2523 3552 2689 3607 fuisse
2708 3553 3050 3607 translatum.

2249 3645 2434 3699 Matth.
2460 3661 2580 3714 cap.
2606 3661 2755 3708 xxvi,
2784 3661 2837 3699 v.
2869 3646 2959 3700 64.
2987 3645 3046 3701 In
3072 3645 3372 3701 Vercellen.
3410 3643 3607 3701 Veron.
3638 3644 3777 3702 Cor-

2178 3740 2357 3794 beien.
2390 3746 2447 3793 et
2478 3738 2715 3793 Brixia".
2764 3738 2916 3793 deest
2946 3753 3070 3805 vox,
3101 3736 3221 3803 Dei,
3254 3746 3309 3792 el
3347 3738 3416 3792 ila
3448 3737 3501 3792 in
3535 3737 3595 3793 S.
3626 3737 3780 3794 Hila-

2175 3835 2239 3889 rii
2270 3834 2361 3888 lib.
2392 3833 2500 3887 Ide
2538 3831 2825 3900 Trinitate,
2852 3841 2982 3885 tom.
3016 3847 3075 3897 ιι,
3114 3846 3239 3902 pag.
3282 3830 3374 3898 20,
3410 3841 3464 3885 et
3502 3830 3557 3885 in
3590 3831 3777 3887 Sancti

2180 3924 2449 3979 Ambrosii
2480 3924 2574 3978 lib.
2598 3939 2636 3978 ιι
2659 3923 2726 3978 dc
2746 3923 2880 3978 Fide
2904 3937 3025 3992 cap.
3064 3921 3151 3989 12,
3181 3937 3302 3994 pag.
3324 3922 3452 3979 490.

2252 4017 2438 4073 Matth.
2465 4033 2584 4086 cap.
2617 4034 2794 4083 xxvii,
2824 4035 2876 4072 v.
2903 4019 2957 4085 9,
2990 4017 3044 4071 in
3072 4017 3377 4073 Vercellen.
3407 4027 3461 4074 et
3495 4017 3775 4073 Vcronen.

2177 4110 2349 4170 deest.
2381 4109 2718 4166 Hieremiam.
2765 4110 2939 4166 Lucas
2983 4110 3172 4180 Brug.,
3213 4108 3458 4173 Janseu.,
3509 4109 3781 4176 Maldon.,

2179 4203 2377 4257 Baron.
2406 4205 2559 4258 aiunt
2583 4204 2786 4259 nullius
2819 4205 3096 4274 propheta:
3124 4218 3323 4259 nomen
3345 4204 3412 4259 ab
3440 4202 3782 4274 evangelista

2163 4293 2298 4348 huic
2347 4297 2575 4364 positum
2621 4295 2805 4358 tuisse,
2857 4293 3254 4365 sutl‘ectumquc
3298 4293 3503 4349 librarii
3547 4291 3781 4348 arbitrio

2184 4386 2520 4451 Hieremiam,
2570 4386 2819 4441 relictum
2865 4386 3062 4442 deinde
3111 4386 3452 4455 antiquitatis
3492 4383 3778 4454 obsequio.

2180 4481 2319 4534 Sunt
2350 4487 2528 4533 tamen
2560 4479 2732 4535 Graeci
2772 4478 3008 4542 codices,
3052 4488 3214 4548 atque
3253 4478 3485 4549 Syriaci,
3535 4475 3781 4540 Arabici,

473 4585 580 4641 que
606 4568 778 4634 deest,
802 4586 952 4623 soror
977 4573 1107 4642 ejus,
1133 4570 1221 4640 qui
1249 4579 1480 4623 mortuus
1509 4572 1696 4640 fuerat.
1731 4569 1794 4623 Et
1825 4568 1897 4624 ita
1925 4570 1978 4624 in
2004 4570 2066 4625 S.
2098 4575 2147 4634 D
2174 4582 2228 4626 et
2259 4570 2463 4628 Persici
2486 4571 2626 4641 apud
2650 4570 2778 4624 Var.
2806 4569 2955 4625 Lect.
2986 4569 3155 4633 Millii,
3191 4570 3321 4623 item
3343 4569 3399 4623 S.
3426 4566 3565 4637 Aug.
3598 4566 3697 4621 lib.
3722 4582 3782 4621 ιιι

475 4660 733 4716 Ambros.
765 4675 944 4715 enarr.
971 4660 1024 4714 in
1052 4660 1253 4715 Psalm.
1287 4675 1493 4726 xxxv",
1528 4675 1648 4731 pag.
1682 4659 1806 4715 841.

546 4754 678 4811 Luc.
712 4769 831 4825 cap.
867 4769 916 4807 vn
944 4794 961 4819 ,
1003 4753 1098 4807 21.
1170 4752 1503 4818 Vercellen.,
1536 4749 1682 4808 Beati
1711 4795 1726 4820 ,
1750 4755 1839 4824 qui
1871 4754 2077 4810 esuritis

476 4865 636 4916 nunc,
666 4859 711 4905 et
728 4850 904 4917 sititis,
930 4857 1037 4903 etc.
1085 4844 1333 4913 Veron.,
1363 4844 1510 4900 Beati
1535 4848 1623 4914 qui
1655 4863 1790 4900 nunc
1841 4851 2077 4902 esuriant

476 4949 525 4994 et
546 4941 758 5007 sitiunt;
788 4942 911 5012 quia
961 4941 1062 5011 ipsi
1098 4939 1485 4993 saturabuntur.
1539 4937 1863 5005 Corbeien.,
1929 4939 2079 4995 Beati

476 5031 567 5100 qui
590 5047 729 5085 nunc
757 5032 1006 5096 esuriant,
1033 5040 1080 5087 et
1110 5030 1290 5085 sitiunt
1313 5047 1331 5096 ;
1357 5029 1479 5100 quia
1507 5029 1894 5096 saturabuntur,
1923 5040 1977 5086 ct
2001 5032 2073 5086 ita

478 5124 539 5180 8.
570 5122 890 5178 Ambrosius
937 5124 990 5178 in
1036 5124 1140 5194 ,lib.
1171 5128 1207 5179 lt
1256 5122 1325 5179 de
1352 5120 1508 5177 Ollio.
1552 5122 1783 5178 Mittislt‘.
1828 5137 1949 5193 cap.
1974 5139 2071 5189 IV,

477 5231 602 5288 pag.
636 5214 707 5270 74
730 5256 745 5280 ,
773 5222 831 5270 et
861 5217 912 5269 in
944 5216 1037 5271 lib.
1070 5232 1086 5271 ι
1125 5215 1194 5271 dc
1247 5213 1379 5272 Cain
1408 5222 1463 5271 et
1486 5213 1623 5270 Abel
1648 5255 1665 5281 ,
1697 5229 1815 5286 cap.
1843 5215 1878 5271 5
1902 5256 1919 5282 ,
1950 5230 2071 5285 pag.

480 5308 607 5365 192.

552 5399 684 5454 Luc.
714 5413 837 5467 cap.
873 5413 925 5462 tt,
949 5397 1002 5453 7.
1042 5396 1351 5453 Vercellen.
1375 5412 1491 5469 quae
1509 5399 1571 5452 ab
1592 5398 1700 5452 illis
1720 5407 2075 5470 apponuntur.

480 5491 542 5547 8.
572 5493 900 5562 Augustinus
923 5491 973 5545 in
1004 5489 1099 5545 lib.
1127 5489 1194 5544 dc
1216 5488 1393 5558 Opere
1421 5489 1974 5558 Monachorum,tom.
1998 5506 2073 5555 vt,

480 5600 604 5658 pag.
626 5584 753 5652 480,
784 5601 899 5656 qua:
918 5584 982 5639 ab
1007 5585 1139 5655 ipsis
1164 5592 1303 5638 sunt.

554 5679 719 5735 Marc.
746 5694 865 5749 cap.
896 5696 935 5745 ι,
970 5678 1056 5734 10.
1093 5678 1148 5733 In
1184 5675 1487 5732 Vercellen.
1518 5684 1639 5746 post
1672 5677 1896 5734 verbum
1921 5718 1935 5741 ,
1964 5676 2079 5731 des-

482 5771 799 5839 cendentem,
822 5772 1056 5840 additur,
1076 5773 1133 5828 in
1148 5789 1297 5839 eum;
1320 5771 1374 5828 in
1401 5768 1691 5827 Corbeien.
1719 5788 1874 5842 super
1897 5771 2078 5836 illum;

2179 4663 2248 4719 de
2283 4662 2563 4717 Conseusu
2591 4662 2852 4731 Evangel.
2886 4676 3006 4731 cap.
3038 4661 3093 4727 7,
3127 4668 3183 4715 et
3207 4659 3423 4730 quidam
3470 4659 3586 4714 Lat.
3612 4658 3777 4713 codd.

2181 4756 2233 4811 in
2264 4755 2459 4826 quibus
2490 4756 2711 4809 minime
2742 4754 2960 4824 legitur,
2992 4753 3110 4829 sive
3133 4753 3166 4807 ii
3195 4750 3450 4820 descripti
3482 4750 3681 4806 iuerint
3707 4751 3801 4805 ex'

2180 4848 2587 4914 vetustioribus,
2624 4863 2654 4902 a
2680 4847 2875 4918 quibus
2906 4847 3035 4902 illud
3076 4846 3286 4912 aberat,
3316 4845 3435 4900 sive
3461 4858 3679 4901 erasum
3710 4842 3785 4899 ab

2181 4941 2247 4996 iis
2275 4940 2436 4995 fuerit
2459 4940 2561 4995 hoc
2589 4954 2806 5004 nomen,
2832 4938 3030 5009 quippe
3057 4953 3087 4993 a
3118 4938 3240 4992 loco
3262 4936 3523 4992 alienum.

2251 5032 2448 5089 Joann.
2478 5048 2599 5102 cap.
2634 5048 2747 5092 Vlll.
2777 5047 2830 5087 ν.
2876 5032 2927 5086 1.
2974 5031 3030 5085 In
3057 5030 3247 5086 Codice
3279 5028 3487 5084 Vercel.
3537 5037 3593 5083 et
3626 5026 3786 5084 Brix.

2183 5123 2378 5180 desunt
2394 5123 2680 5180 duodecim
2705 5124 2913 5192 priores
2926 5135 3118 5178 versus
3141 5119 3302 5190 hujus
3323 5119 3536 5190 capitis.
3564 5118 3790 5175 Haben-

2186 5227 2272 5272 tur
2310 5218 2363 5272 in
2390 5216 2550 5272 Corb.
2582 5216 2704 5272 Gat.
2748 5225 2804 5270 et
2841 5215 2968 5271 Mm.
3016 5214 3072 5269 In
3109 5212 3409 5270 Veronensi
3450 5220 3631 5268 autem
3660 5211 3793 5268 dum

2187 5308 2428 5380 paginae,
2488 5308 2683 5379 quibus
2746 5306 3207 5373 continebantur,
3269 5304 3485 5360 fuerunt
3534 5303 3787 5372 .abrastc;

2183 5402 2332 5457 limbi
2362 5403 2539 5457 adhuc
2573 5412 2837 5472 apparent
2884 5401 2936 5455 in
2964 5400 3172 5455 codice.
3204 5398 3379 5454 Porro
3414 5398 3466 5453 in
3505 5398 3794 5454 codicibus

2184 5493 2408 5557 Gra'cis,
2435 5494 2720 5563 latinisque
2760 5489 3173 5562 quampluribus
3214 5491 3329 5561 ipsa
3371 5488 3429 5543 S.
3469 5488 3794 5560 Hieronymi

2185 5594 2343 5640 a‘latc
2364 5585 2837 5651 desiderabantur,
2883 5594 2941 5640 ut
2969 5585 3087 5653 ipse
3127 5591 3360 5639 testatur
3392 5583 3489 5638 lib.
3528 5598 3567 5637 ιι
3595 5594 3797 5639 contra

2184 5677 2372 5748 Pelag.
2404 5694 2523 5748 cap.
2553 5679 2608 5746 6,
2640 5693 2735 5749 per
2766 5678 2883 5733 haec
2911 5677 3074 5732 verba
3111 5693 3123 5730 :
3158 5674 3227 5729 In
3266 5674 3550 5745 Evangelia
3590 5691 3791 5751 secun-

2185 5768 2313 5824 dum
2337 5768 2590 5824 Joannem
2614 5771 2667 5825 in
2691 5770 2867 5826 multis
2889 5776 2939 5823 et
2966 5768 3182 5835 Graecis,
3216 5775 3264 5822 et
3294 5765 3496 5820 Latinis
3520 5765 3798 5823 codicibus
