4054 6198
283 290 363 346 97
1321 290 1653 351 EPISTULA
1693 292 1881 351 RUGG
1892 293 2027 351 ΕΒΗ
2067 293 2548 353 NOVARIENSIS.
3520 295 3591 355 98

284 417 391 455 non
417 402 679 455 invenitur
703 402 765 454 de
788 401 1022 456 adnltera
1051 405 1292 470 muliere,
1326 415 1455 474 etc.,
1490 423 1691 478 eosque
1717 409 1888 464 versi-
1918 421 1971 480 Α
1998 416 2146 465 taxat
2173 411 2538 466 narrationem
2572 410 2712 466 hanc
2738 425 2844 466 non
2884 410 3110 468 ferebat.
3142 411 3346 467 Prtesto
3370 410 3450 467 illi
3477 419 3594 468 erat

282 493 437 550 culos
485 509 598 548 non
642 495 828 562 legunt
854 493 1028 551 Graeci
1063 497 1251 553 Patres
1295 500 1562 569 plerique.
1610 501 1687 556 Ex
1721 500 1889 557 inter-

280 588 534 659 pretibus
571 589 623 643 in
652 587 853 644 Catena
884 589 1068 647 Graeca
1099 591 1363 657 collectis,
1399 592 1569 648 tribus
1600 610 1793 663 nempe
1822 602 1880 648 et

283 681 502 751 viginti,
556 696 711 736 nemo
740 682 840 737 hos
866 683 1180 752 explicavit.
1227 684 1471 741 Omisere
1508 686 1792 757 Origenes,
1824 685 1883 742 S.

297 770 750 844 Chrysostomus,
794 772 1039 840 Nonnus,
1085 776 1396 845 caeterique.
1437 779 1646 833 ASserit
1684 778 1883 832 Mahlov

284 875 450 918 natus
478 864 619 919 inter
646 862 836 920 Graeca
868 866 1199 936 exemplaria
1223 909 1238 933 ,
1281 885 1404 939 qua:
1433 870 1549 938 ipse
1578 870 1886 935 consuluit,

284 956 494 1011 nullum
519 955 710 1021 fuisse,
741 958 794 1011 in
824 973 932 1028 quo
962 957 1078 1014 inec
1101 962 1341 1016 narratio
1368 962 1660 1033 legeretur,
1694 973 1890 1031 prteter

287 1063 458 1102 unum
500 1048 804 1114 dumtaxat,
852 1049 1065 1105 Leontii
1109 1054 1498 1108 commentaria
1564 1055 1885 1117 continens;

287 1140 400 1195 imo
438 1139 699 1195 Leontius
746 1140 865 1210 ipse
908 1141 961 1196 in
993 1145 1420 1212 commentariis,
1475 1160 1695 1214 prorsus
1743 1146 1888 1201 illam

288 1235 561 1310 praeterit,
585 1232 916 1305 Graccusque
946 1243 1124 1290 textus
1149 1224 1454 1306 hujustnodi
1485 1238 1889 1293 commentariis

286 1326 532 1393 additus,
559 1326 729 1382 obelis
767 1326 875 1382 hoc
903 1328 1024 1382 loco
1065 1338 1301 1395 notatur,
1350 1338 1407 1383 ut
1437 1330 1726 1399 intelligas,
1758 1345 1889 1399 apo-

284 1422 550 1491 crypham
604 1434 726 1474 esse
784 1420 1181 1477 narrationem.
1238 1420 1470 1477 Codices
1524 1422 1658 1477 alios
1710 1422 1892 1477 laudat

284 1512 509 1578 Millius,
545 1513 647 1569 hac
674 1514 988 1570 narratione
1016 1523 1287 1572 carentes.
1319 1516 1470 1571 Illam
1497 1518 1722 1573 Armeni
1751 1534 1781 1571 e
1811 1516 1891 1570 bi-

282 1604 412 1659 bliis
435 1606 552 1660 suis
592 1606 811 1674 penitus
855 1606 1130 1662 delevere.
1176 1608 1396 1678 Syriaca
1426 1611 1603 1663 versio
1642 1609 1694 1663 in
1732 1608 1890 1679 l’oly-

282 1697 471 1768 glottis
517 1698 912 1763 parisiensibus
973 1714 1036 1751 ac
1108 1698 1581 1766 Londinensibus,
1631 1715 1693 1754 ac
1733 1712 1887 1754 vetus

280 1791 463 1847 versio
490 1789 718 1846 Gothica
743 1790 975 1861 Ulphilae
1006 1809 1110 1845 non
1140 1792 1341 1847 ferunt.

352 1883 569 1938 \‘etusti
598 1883 815 1952 quidam
849 1884 1023 1938 Graeci
1063 1884 1279 1939 codices
1322 1885 1465 1939 illam
1494 1883 1596 1939 hoc
1624 1886 1743 1939 lecti
1776 1902 1882 1939 non

277 1977 517 2041 habent;
542 1978 637 2032 sed
658 1977 753 2032 alii
781 1977 848 2032 ad
878 1979 1083 2034 ealcem
1114 1980 1305 2047 capitis
1332 1996 1424 2034 xxx
1454 1981 1632 2045 Luem,
1666 1990 1722 2032 ut
1745 1979 1879 2033 Cod.

277 2069 543 2127 Leicestr.
573 2071 714 2140 apud
748 2070 974 2127 Millium
1003 2081 1057 2127 et
1078 2072 1251 2127 Paris.
1277 2073 1331 2139 6,
1363 2075 1503 2143 apud
1526 2074 1767 2138 Kustcr.;
1793 2073 1884 2127 alii

278 2163 346 2220 ad
370 2165 580 2220 calcem
606 2165 903 2234 Evangelii,
926 2174 983 2219 ut
1012 2164 1172 2224 Cttdd-
1205 2167 1341 2236 Reg.
1373 2167 1511 2222 1879
1539 2176 1593 2221 et
1627 2168 1796 2231 1835;
1831 2166 1881 2219 iu

279 2259 557 2314 nonnullis
578 2275 607 2311 a
634 2259 846 2329 reliquo
874 2266 1021 2313 textu
1045 2260 1410 2328 peculiaribus
1434 2260 1576 2314 notis
1604 2258 1888 2329 distingui-

282 2358 402 2417 tur;
449 2351 591 2420 apud
615 2350 752 2405 aiios
774 2351 989 2408 codices
1011 2351 1063 2405 in
1093 2369 1186 2406 ora
1213 2353 1330 2407 libri
1359 2352 1572 2423 legitur,
1599 2353 1680 2409 vel
1709 2354 1885 2407 mino-

277 2445 429 2499 ribus
456 2442 654 2498 litteris
675 2443 1020 2499 describitur.
1046 2443 1392 2515 Euthymito,
1425 2445 1577 2499 initio
1600 2439 1783 2499 sreculi
1810 2459 1884 2498 xu

280 2540 506 2602 florens,
552 2538 699 2592 illam
742 2538 796 2592 in
829 2538 1238 2593 commentariis
1276 2537 1699 2607 interpretatur;
1741 2550 1793 2592 at
1831 2540 1883 2593 in

280 2633 434 2690 libris
479 2632 699 2703 optima:
742 2642 891 2697 notae
926 2631 1221 2687 desiderari
1275 2631 1359 2685 vel
1422 2631 1581 2686 obelo
1628 2630 1887 2700 distingui

283 2725 514 2791 asserit;
558 2733 920 2794 quapropter,
966 2722 1465 2794 inquitgadscripta
1495 2721 1762 2786 videntur,
1798 2720 1888 2776 vel

284 2819 488 2874 addita.
521 2818 579 2874 S.
605 2818 1047 2889 Cbrysostomus,
1076 2831 1234 2886 quem
1268 2814 1476 2883 patroni
1510 2815 1668 2880 hujus
1697 2828 1881 2867 narra-

286 2912 452 2966 tionis
493 2909 746 2974 recitant,
780 2908 831 2961 iu
859 2906 1051 2961 Latina
1090 2906 1305 2973 quidem
1344 2905 1598 2958 versione
1639 2902 1888 2956 llumilitn

287 3020 356 3060 ιι
383 3006 438 3058 in
465 3002 731 3058 Joannem
774 3000 1018 3054 mulieris
1058 2998 1320 3054 adultera:
1352 2997 1600 3053 meminit
1621 3037 1635 3061 ,
1667 2988 1889 3050 minime

286 3107 467 3154 tamen
488 3097 543 3152 in
566 3096 780 3162 Gneco,
802 3095 889 3149 ubi
914 3092 1051 3148 illud
1078 3093 1241 3148 habet
1258 3091 1540 3158 duntaxat,
1579 3090 1723 3160 quod
1750 3089 1889 3144 Pha-

1992 499 2433 572 Cantabrigensis
2458 502 2628 557 codex
2659 502 3048 557 celeberrimus
3101 519 3163 557 ac
3192 502 3595 558 vetustissimus

1990 592 2132 663 apud
2163 609 2321 662 quem
2350 594 2480 647 olim
2516 593 2629 647 haec
2652 593 2668 647 l
2691 595 2952 663 ‘gcbatur.
2988 594 3134 649 Libri
3159 610 3369 662 ouuies,
3397 595 3594 666 quibus

1993 701 2121 740 usus
2146 698 2227 741 est
2270 686 2539 741 Biberius
2584 687 2916 756 Stephanus,
2968 703 3074 742 non
3107 689 3388 757 pauciores
3428 704 3589 758 quam

1992 779 2267 833 sexdecim
2294 819 2311 846 ,
2342 779 2474 833 editi
2503 795 2714 846 omnes,
2748 781 3125 851 innumerique
3156 797 3315 835 manu
3347 782 3550 835 exarati
3577 798 3592 848 ;

1991 869 2238 940 plerique
2290 884 2503 937 eorum,
2548 886 2684 939 quos
2730 872 2868 925 vidit
2912 871 3131 939 Millius,
3183 872 3330 927 illam
3370 872 3597 928 exhibe-

1956 972 1963 977 '
1993 959 2144 1014 baut.
2174 960 2398 1015 Latinos
2438 961 2675 1029 codices,
2711 962 2763 1016 in
2793 961 2990 1029 quibus
3018 977 3082 1020 ea
3110 962 3473 1030 desideratur,
3504 978 3596 1019 so-

1992 1050 2072 1106 los
2097 1050 2306 1106 Vercel.
2336 1061 2392 1107 et
2414 1051 2565 1107 Brix.
2592 1054 2860 1108 novimus.
2896 1053 3051 1121 Quod
3081 1054 3148 1109 ad
3175 1054 3595 1126 Syriacos,Ara-

1989 1142 2164 1209 bicos,
2193 1141 2447 1214 Copticos
2470 1145 2685 1211 attinet,
2713 1144 2896 1213 plures
2927 1145 3158 1203 fortasse
3181 1157 3307 1204 sunt
3352 1149 3443 1220 qui
3472 1163 3592 1205 eam

1990 1234 2191 1302 fertmt,
2220 1252 2382 1307 quam
2408 1237 2498 1307 qui
2531 1238 2786 1292 omisere.

2064 1328 2235 1384 Graeci
2285 1329 2471 1384 Patres
2501 1329 2763 1385 Joannem
2815 1328 3175 1400 interpretati,
3227 1330 3407 1387 locum
3454 1331 3598 1388 hunc

1994 1423 2327 1492 przezeriere,
2377 1425 2491 1478 sive
2518 1423 2658 1492 quod
2689 1423 3008 1493 perspicuus
3037 1424 3205 1496 magis
3232 1435 3399 1489 esset,
3431 1441 3592 1496 quant

1990 1514 2356 1584 explicatione
2393 1515 2690 1585 indigeret,
2743 1516 2859 1570 sive
2891 1515 3030 1584 quod
3063 1514 3302 1585 ipsorum
3349 1516 3402 1571 in
3445 1516 3598 1571 libris
3664 1541 3673 1546 ν

1993 1622 2097 1659 ιιυιι
2129 1605 2436 1662 haberetur.
2469 1607 2760 1671 Tatianus,
2793 1608 2881 1677 qui
2912 1621 3057 1661 anno
3086 1605 3305 1662 circiter
3335 1607 3438 1663 l60
3466 1607 3592 1663 Jesu

1990 1699 2188 1756 Christi
2227 1702 2429 1766 ilvll'tlil,
2472 1700 2542 1756 60
2571 1712 2690 1772 post
2723 1700 2947 1755 Joannis
2986 1701 3332 1770 evangelista:
3362 1701 3593 1763 obittttu,

1918 1803 1964 1861 Β
1992 1805 2046 1849 et
2072 1795 2392 1849 Ammonius
2441 1810 2584 1849 anno
2625 1794 2796 1850 ferme
2824 1794 2932 1850 220
2961 1794 3089 1850 Jesu
3117 1794 3341 1861 Christi,
3394 1804 3451 1849 et
3489 1794 3596 1849 120

1992 1896 2112 1956 post
2136 1886 2397 1941 Joannem
2431 1888 2696 1952 scribens,
2729 1886 3096 1945 narrationem
3128 1902 3399 1957 agnovere
3429 1901 3598 1941 cauo-

1990 1978 2164 2034 nicam
2187 1987 2242 2034 et
2268 1980 2318 2033 iu
2350 1979 2664 2050 livangelic:
2692 1979 2981 2034 concordia
3010 1980 3076 2035 ab
3102 1989 3333 2049 utroque
3363 1981 3581 2035 concin-

1990 2083 2134 2140 nata,
2173 2089 2239 2128 ex
2272 2089 2375 2142 qua
2404 2072 2704 2143 desumpsit
2740 2072 3007 2128 Eusebius
3037 2072 3246 2128 tabulas
3280 2076 3396 2128 suis
3426 2088 3597 2126 cauo-

1991 2165 2151 2220 nibus
2191 2165 2527 2229 inserendas,
2579 2164 2906 2221 recitavere.
2949 2164 3099 2219 Illam
3138 2163 3359 2219 omnino
3392 2163 3594 2234 excipit

1991 2258 2049 2315 S.
2104 2258 2467 2330 Hieronymus
2515 2259 2610 2312 lib.
2665 2274 2703 2313 ιι
2749 2268 2937 2315 contra
2983 2259 3336 2331 Pelagianos},
3392 2260 3596 2331 quippe

1989 2367 2150 2421 quain
2175 2363 2362 2406 contra
2393 2352 2540 2422 ipsos
2569 2353 2891 2424 Pelagianos
2920 2361 3151 2419 torquet.
3186 2351 3305 2407 Non
3333 2353 3504 2408 semel
3535 2355 3585 2409 in

1990 2444 2141 2498 libris
2156 2444 2268 2498 Suis
2289 2460 2353 2498 ea
2384 2446 2553 2499 utitur
2579 2445 2636 2503 S.
2670 2445 3028 2515 Augustinus,
3060 2460 3256 2514 nempe
3280 2444 3387 2513 hic,
3410 2445 3589 2500 Tract.

1989 2537 2061 2591 52
2088 2545 2146 2592 et
2187 2538 2263 2590 lib
2308 2553 2343 2591 ιι
2376 2539 2444 2593 de
2474 2538 2654 2593 Adult.
2702 2538 2920 2607 conjug.
2968 2551 3089 2605 cap.
3123 2537 3157 2591 6
3191 2548 3244 2592 et
3277 2536 3334 2603 7,
3370 2547 3424 2593 et
3453 2538 3595 2594 libro

1990 2630 2059 2684 de
2091 2645 2214 2684 vera
2264 2640 2318 2683 et
2343 2628 2475 2684 falsa
2502 2630 2770 2686 Poenilcn.
2803 2644 2923 2700 cap.
2958 2631 3047 2696 l5,
3073 2638 3129 2686 et
3150 2630 3306 2700 epist.
3339 2631 3467 2686 olim
3500 2630 3592 2698 5i,

1992 2736 2135 2777 nunc
2192 2721 2328 2787 153,
2381 2731 2436 2775 et
2488 2721 2581 2775 lib.
2634 2722 2703 2777 de
2757 2721 3042 2777 Consensu
3095 2721 3592 2793 EvangeIiSIarum,

1991 2804 2122 2889 cap;
2143 2817 2205 2871 te
2231 2828 2284 2870 et
2308 2816 2455 2872 alibi.
2480 2815 2646 2872 Vetus
2676 2817 3113 2886 Apostolicarum
3134 2813 3593 2872 Constitutiouum

1992 2919 2182 2966 auctor
2213 2909 2308 2965 lib.
2353 2927 2410 2976 ιι,
2442 2926 2563 2979 cap.
2615 2909 2707 2978 ‘24,
2739 2910 2984 2980 ejusdem
3032 2911 3301 2976 meminit,
3360 2910 3598 2981 itemque

1994 3003 2257 3073 Synopsis
2299 3003 2498 3058 Sancto
2520 3001 2821 3058 Athanasio
2847 3002 3144 3073 adscripta,
3180 3002 3257 3057 uti
3286 3014 3340 3059 et
3370 3002 3429 3060 S.
3459 3003 3594 3059 Am-

1993 3094 2208 3151 brosius
2226 3095 2317 3150 lib.
2344 3111 2402 3149 ιιι
2424 3095 2492 3150 de
2520 3095 2719 3163 Spiritu
2744 3096 2967 3164 Sancto,
2989 3110 3110 3166 cap.
3144 3096 3270 3151 item
3293 3106 3348 3151 et
3373 3094 3471 3153 lib.
3501 3110 3596 3162 vn,

284 3191 436 3247 riszei
460 3204 488 3242 a
515 3188 644 3245 Jesu
684 3187 1018 3257 quaasivere,
1053 3185 1245 3241 liceret
1280 3201 1351 3259 ire
1376 3199 1604 3239 uxorem
1648 3181 1889 3253 qualibet
1913 3191 1958 3252 Ο
1992 3189 2152 3258 epist.
2186 3189 2279 3254 58,
2307 3200 2364 3243 et
2395 3189 2489 3243 lib.
2518 3205 2593 3253 ix,
2627 3190 2787 3260 epist.
2822 3188 2890 3244 76
2911 3228 2927 3255 ,
2957 3187 3253 3260 cmterique
3286 3187 3463 3243 Latini
3497 3188 3598 3242 Pa-

285 3299 359 3340 ει
387 3298 550 3339 causa
573 3281 881 3351 repudiare.

355 3375 554 3432 Narrat
594 3373 861 3429 Eusebius
892 3372 1029 3427 llist.
1062 3371 1210 3428 Eccl.
1251 3371 1347 3426 lib.
1391 3386 1468 3436 tu,
1503 3385 1623 3439 cap.
1683 3369 1752 3424 59
1795 3383 1894 3423 seu

284 3469 506 3535 ultimo,
550 3466 770 3535 Papiam
792 3464 1015 3520 Joannis
1036 3464 1383 3535 evangelista:
1411 3463 1732 3532 discipulum
1762 3477 1890 3516 seu-

292 3560 497 3616 tcntias
559 3559 944 3626 orationesque
1010 3557 1359 3627 quamplures
1406 3571 1472 3610 ex
1523 3555 1892 3623 apostolorum

287 3668 386 3709 ore
411 3652 720 3722 collegisse,
752 3665 873 3719 quae
901 3649 953 3702 in
980 3647 1396 3718 Evangeliorum
1437 3644 1589 3700 libris
1615 3660 1721 3697 non
1752 3645 1893 3713 lege.

290 3746 527 3811 bantur;
557 3746 699 3799 inter
721 3754 950 3800 caiteras
974 3757 1105 3797 vero
1133 3751 1179 3795 et
1211 3740 1358 3795 illam
1388 3739 1657 3793 historiam
1688 3737 1752 3792 dc
1782 3754 1897 3791 mtt-

291 3842 443 3906 liere,
489 3839 765 3892 multarum
789 3838 1111 3908 ﬂagitiorum
1139 3846 1381 3889 accusata
1416 3836 1558 3903 apud
1584 3833 1892 3899 Dominum.

294 3934 426 4000 Qua:
443 3931 685 3996 historia,
714 3930 889 4000 inquit
917 3926 1204 3995 Eusebius,
1224 3930 1277 3981 in
1305 3927 1585 3996 Evangelia
1613 3928 1895 3980 secundum

292 4027 543 4083 Hebraea
570 4029 881 4080 continetur.
927 4024 1054 4079 llzec
1083 4024 1299 4079 Eusebii
1328 4023 1490 4078 verba
1520 4024 1747 4077 ermlitis
1775 4025 1898 4092 qui-

293 4121 515 4177 busdam
543 4119 857 4187 scrupulum
890 4116 1158 4185 iujecere,
1193 4131 1506 4184 pra:seusue
1534 4116 1602 4170 de
1653 4115 1897 4170 adultera

295 4213 535 4268 narratio
559 4228 629 4267 ex
658 4209 867 4265 Joanne
893 4209 1145 4279 primum,
1174 4224 1241 4262 au
1273 4223 1340 4263 ex
1366 4207 1529 4277 Papia
1556 4207 1756 4274 ingenii
1782 4206 1899 4260 nul-

297 4307 405 4359 lius
448 4306 692 4369 homine,
734 4319 801 4357 an
845 4301 1077 4370 denique
1120 4300 1384 4354 habeatur
1436 4314 1501 4353 ex
1546 4298 1896 4352 Hebrtcorum

296 4396 599 4467 evangelio,
655 4410 764 4465 quo
817 4394 894 4447 uti
939 4401 1171 4457 constat,
1218 4393 1422 4446 incerta
1471 4391 1787 4462 quamplura
1845 4399 1901 4444 et

295 4488 602 4561 apocrypha
652 4484 1090 4541 continebantur.
1144 4484 1351 4555 Pugnat
1398 4481 1599 4551 pariter
1649 4482 1701 4535 in
1759 4481 1899 4535 illius

1995 3289 2107 3337 tres
2131 3298 2227 3351 pro
2251 3283 2677 3352 opportunitate.
2721 3280 3026 3337 Concilium
3057 3282 3294 3353 denique
3321 3280 3598 3336 Tridenti-

1996 3390 2121 3428 tuuu
2145 3389 2283 3429 sess.
2307 3372 2341 3427 4
2363 3373 2432 3430 de
2460 3374 2662 3444 Script.
2698 3373 2911 3427 Canou.
2942 3389 3064 3427 cum
3092 3388 3287 3428 omnes
3330 3373 3599 3444 singulas~

1994 3482 2099 3537 que
2130 3482 2217 3522 res
2248 3466 2299 3520 in
2329 3466 2729 3535 exemplaribus
2760 3465 3005 3536 Vulgata:
3031 3473 3338 3528 contentas,
3367 3463 3600 3521 Canoni-

1994 3573 2088 3613 cas
2108 3572 2226 3611 esse
2257 3556 2714 3626 pronuntiaverit,
2763 3557 2938 3611 locum
2974 3557 3115 3611 hunc
3143 3571 3265 3610 cum
3298 3556 3515 3610 czeteris
3545 3557 3597 3610 iu

1995 3650 2269 3705 Canouem
2295 3649 2533 3718 excepit,
2567 3647 2927 3719 eumdemque
2951 3648 3028 3703 uti
3058 3648 3460 3713 authenticum,
3482 3644 3594 3700 Cri-

1996 3743 2086 3797 tici
2121 3742 2360 3812 plerique
2386 3739 2766 3806 eruditissimi,
2797 3741 2963 3795 etiam
2997 3738 3349 3807 lleterodoxi,
3383 3750 3441 3794 ut
3464 3738 3595 3793 Cal-

1998 3835 2136 3901 vin.,
2169 3833 2416 3896 Gtunar.,
2468 3831 2714 3897 Selden.,
2753 3830 2951 3900 Uxor.,
2995 3829 3189 3898 Helm,
3224 3831 3321 3887 lib.
3355 3846 3475 3903 cap.
3510 3831 3599 3898 ll,

1997 3928 2193 3983 Millius
2224 3927 2275 3982 in
2303 3925 2428 3982 Not.
2459 3928 2512 3981 in
2535 3925 2600 3981 N.
2627 3925 2691 3981 Τ.
2722 3926 2926 3997 aliique
2956 3927 3380 3997 amplectuntur,
3431 3926 3605 3997 inquit

1998 4021 2210 4078 Calmet
2237 4020 2304 4076 ad
2335 4020 2479 4076 hunc
2500 4021 2700 4076 locum.

2072 4111 2230 4169 Unde
2274 4122 2454 4168 autem
2503 4112 2586 4179 ﬁt,
2612 4124 2668 4167 ut
2699 4111 2848 4169 Libri
2897 4122 3111 4169 veteres
3136 4112 3346 4169 Vercel.
3376 4121 3432 4168 et
3452 4113 3600 4169 Brix.

2002 4205 2221 4276 aliique,
2261 4204 2565 4275 przeserlitn
2597 4204 2797 4271 Graeci,
2846 4207 2988 4261 hunc
3031 4206 3208 4260 locum
3252 4221 3358 4260 non
3392 4206 3604 4261 ferant?

2001 4298 2059 4352 S.
2094 4300 2426 4367 Augustinus
2480 4297 2577 4353 lib.
2610 4313 2646 4352 ιι
2690 4295 2760 4351 de
2791 4297 3018 4368 Conjug.
3071 4298 3240 4353 adult.
3274 4312 3396 4367 cap.
3424 4298 3479 4365 7,
3529 4299 3606 4352 la-

2001 4399 2149 4445 ctum
2172 4405 2295 4445 esse
2318 4391 2411 4452 ait,
2443 4398 2499 4441 ut
2520 4389 2755 4443 nonnulli
2782 4388 2998 4443 modica:
3021 4389 3165 4457 ﬁdei,
3199 4390 3277 4444 vel
3307 4391 3478 4461 potius
3502 4390 3606 4445 ini-

2002 4484 2120 4538 mici
2159 4498 2291 4537 vera:
2328 4482 2470 4550 ﬁdei,
2503 4481 2679 4548 credo,
2723 4491 3004 4536 metuentes
3035 4483 3283 4552 peccandi
3320 4484 3605 4554 impunita-

296 4582 665 4637 sinceritatem
720 4579 910 4648 ingens
954 4577 1227 4630 variarum
1273 4574 1566 4629 lectionum
1618 4585 1896 4640 numerus,
1926 4585 1980 4646 Ι)
2005 4585 2103 4628 tem
2144 4574 2262 4628 dari
2291 4574 2589 4629 mulieribus
2613 4573 2739 4637 suis,
2781 4572 2939 4640 illud,
2973 4574 3110 4641 quod
3143 4575 3207 4630 de
3243 4575 3499 4630 adultera:
3525 4576 3607 4629 in-

298 4690 414 4745 qua:
441 4677 496 4728 in
528 4672 821 4728 duodecim
864 4671 1131 4739 prioribus
1166 4667 1358 4738 capitis
1396 4668 1554 4739 hujus
1589 4666 1898 4734 versiculis,

299 4784 456 4839 quam
478 4770 534 4823 in
562 4766 777 4822 caeteris
806 4763 1085 4834 Evangelii
1118 4762 1279 4832 hujus
1316 4760 1453 4816 locls
1499 4759 1902 4831 frequentiores

301 4861 680 4926 inveniuntur,
730 4867 790 4912 ut
835 4856 1018 4912 videre
1066 4854 1147 4910 fas
1183 4863 1270 4910 est
1317 4853 1461 4924 apud
1513 4851 1729 4908 Sixtum
1768 4850 1899 4908 Sen.

301 4953 393 5009 lib.
426 4969 443 5007 ι
495 4952 681 5015 Crot.,
712 4950 870 5016 Bez.,
906 4947 1255 5013 llammontl.,
1309 4946 1466 5002 Joau.
1499 4943 1723 5010 Cleric.,
1751 4944 1905 5014 Caje-

306 5055 411 5101 tan.
459 5045 556 5100 llis
598 5042 744 5098 adde
780 5056 1081 5112 gramarum
1128 5049 1183 5095 et
1234 5037 1583 5094 Orientalium
1638 5035 1909 5091 Ecclesia-

304 5154 421 5193 rum
459 5151 814 5201 consensum,
866 5150 1091 5204 quarum
1126 5117 1404 5187 multisiu
1442 5131 1595 5187 libris
1623 5128 1906 5185 desidera-

307 5242 411 5296 tur,
438 5241 580 5287 teste
625 5229 850 5286 Seldeu.
879 5226 1047 5284 UXor.
1088 5226 1252 5281 llebr.
1283 5225 1377 5280 lib.
1409 5240 1468 5279 ιιι
1488 5266 1501 5291 ,
1532 5239 1652 5293 cap.
1690 5223 1774 5278 ll.
1804 5222 1906 5277 Ista

307 5335 452 5388 sunt,
476 5341 595 5394 qua:
626 5324 679 5377 in
704 5322 864 5390 hujus
894 5319 1143 5374 llistorize
1178 5319 1549 5373 sinceritatem
1578 5317 1908 5386 objiciuntur

306 5414 383 5469 ab
400 5414 677 5471 list-micis
708 5424 910 5467 nostra:
937 5412 1132 5466 anatis.

382 5508 481 5563 llis
505 5507 920 5580 respondemus,
952 5505 1168 5560 codices
1195 5503 1495 5567 codicibus,
1523 5502 1727 5559 Graecis
1753 5501 1906 5557 Grae-

305 5618 424 5670 cos,
479 5602 701 5657 Latinos
746 5608 804 5656 et
843 5599 1165 5664 Orientales,
1202 5598 1404 5653 Lutinis
1447 5605 1502 5651 et
1541 5595 1909 5650 Orientalibus

307 5696 658 5768 opponendo.
690 5696 732 5748 Ε
772 5693 925 5748 libris
955 5690 1158 5747 Grmcis
1197 5702 1406 5762 septem
1433 5700 1488 5746 et
1516 5690 1727 5756 decem,
1776 5704 1910 5758 quos

308 5791 545 5849 habebat
569 5785 895 5847 Theodorus
925 5785 1060 5841 Bcza
1090 5801 1251 5842 manu
1293 5793 1567 5851 exaratos,
1612 5797 1749 5839 unus
1775 5781 1914 5838 dun—

2009 4666 2275 4738 dulgentia
2300 4662 2555 4719 Dominus
2581 4664 2721 4736 fecit,
2764 4666 3029 4735 auferrent
3058 4663 3124 4719 de
3159 4665 3419 4719 codicibus
3456 4666 3605 4731 suis;

2008 4759 2157 4830 quasi
2195 4759 2579 4829 permissionem
2609 4757 2856 4828 peccandi
2884 4756 3138 4823 tribuerit,
3170 4759 3258 4827 qui
3298 4758 3428 4812 dixit
3448 4772 3468 4811 :
3484 4759 3606 4829 jam

2011 4853 2247 4924 deinceps
2275 4852 2380 4905 noli
2403 4869 2634 4920 peccare.
2671 4852 2772 4906 Alii
2801 4867 3069 4908 censuere
3098 4868 3166 4907 ex
3202 4851 3495 4923 Evangelia
3518 4832 3607 4909 sc-

2010 4948 2244 5003 cuudum
2278 4946 2535 5002 llcbratos
2579 4947 2629 5001 in
2675 4946 2902 5002 Joannis
2944 4945 3291 5016 Evangelium
3323 4945 3605 5016 migrasse,
3640 4970 3645 4975 ε

2010 5040 2125 5095 sive
2157 5055 2186 5092 a
2219 5039 2376 5108 l’apia
2407 5039 2458 5092 in
2490 5053 2583 5093 ora
2612 5037 2734 5093 libri
2779 5036 3135 5105 descriptum,
3178 5035 3377 5093 deinde
3406 5037 3459 5093 iu
3493 5047 3611 5094 tex—

2013 5140 2124 5185 tum
2153 5132 2458 5200 irreps'sse.
2488 5130 2647 5186 Hisce
2671 5128 2996 5198 conjecturis
3026 5127 3204 5184 locum
3236 5128 3413 5186 fecere
3441 5132 3605 5188 verba

2012 5223 2231 5279 Eusebii
2270 5240 2388 5292 qua:
2412 5223 2779 5279 recitavimus.
2810 5227 2878 5277 At
2910 5238 3018 5279 non
3040 5223 3173 5280 satis
3201 5225 3370 5297 liquet
3428 5238 3605 5282 utrum

2012 5316 2080 5372 de
2110 5316 2336 5370 muliere
2368 5315 2469 5370 hac
2512 5314 2755 5370 adultera
2798 5316 3035 5371 eo.loco
3066 5328 3183 5388 agat
3222 5318 3509 5382 Eusebius,
3544 5317 3613 5373 il-

2013 5409 2103 5464 lud
2133 5408 2411 5463 dumtaxat
2455 5407 2723 5473 scribens,
2776 5417 3045 5464 narratam
3090 5426 3118 5461 a
3154 5409 3314 5478 Papia
3343 5408 3611 5464 historiam

2016 5500 2080 5555 de
2109 5500 2340 5568 muliere,
2384 5500 2661 5554 multorum
2708 5499 3024 5569 ﬂagitiorum
3067 5508 3311 5553 accusata
3338 5499 3479 5570 apud
3507 5499 3617 5556 Do-

2018 5594 2234 5660 minum,
2265 5609 2380 5661 qua:
2406 5593 2623 5647 historia
2663 5592 2714 5645 in
2744 5590 3026 5664 Evangelia
3056 5592 3334 5645 secundum
3369 5591 3615 5649 llcbrtcos

2016 5688 2385 5741 contineretur.
2443 5685 2558 5740 Non
2613 5685 2862 5739 meminit
2918 5683 3186 5738 Eusebius
3240 5686 3484 5742 mulieris
3545 5687 3614 5743 de

2019 5777 2287 5835 adulterio
2326 5778 2587 5834 duntaxat
2639 5775 2873 5843 delatte;
2925 5788 3088 5845 quam
3138 5781 3506 5838 narrationem
3560 5780 3615 5840 in
