4054 6198
476 305 546 363 99

1837 275 2374 354 PROLEGOMENA.

3685 285 3787 364 ιὸό

474 411 772 491 Evangelio
799 416 1088 473 secundum
1113 413 1371 470 llebrazos
1395 413 1677 470 rccitatam
1727 411 1895 469 fuisse
1925 399 2074 469 nullo
2101 403 2156 477 Α
2251 411 2381 468 Luc.
2425 427 2546 483 cap.
2608 403 2763 482 xxiv,
2813 413 2923 481 56,
2963 416 3020 470 in
3067 413 3374 471 Vercellen.
3420 421 3476 472 et
3512 417 3788 479 Veroncn.

472 521 794 582 argumento
821 509 1104 565 discimus.
1138 574 1147 586 .

547 605 800 667 Grotius,
848 603 936 672 qui
981 617 1100 656 eam
1137 601 1388 670 primitus
1427 617 1457 655 a
1496 600 1705 656 Joanne
1746 600 2074 670 descriptam

423 765 428 768 _
475 707 653 768 negat,
687 696 783 758 ait,
819 693 1067 747 traditam
1119 693 1397 763 discipulis
1437 695 1554 747 viva
1588 708 1722 748 voce
1746 693 1819 748 ab
1849 700 2075 759 aposto-

476 789 574 853 lis;
623 797 678 840 at
706 787 760 841 in
793 785 1100 856 Evangelii;
1132 787 1413 850 omissam,
1451 786 1596 856 quod
1634 785 1790 840 facile
1830 783 1958 839 inde
1988 799 2078 838 ca—

475 878 672 933 lunmia
726 879 894 948 arripi
940 884 1128 948 posset
1173 877 1488 932 traducmdi
1545 877 1886 932 Christianos
1935 875 2074 945 apud

473 973 844 1040 magistratus,
897 970 1052 1040 quasi
1083 979 1394 1025 cvertentes
1438 970 1651 1039 publica
1677 969 1903 1039 judicia,
1958 969 2078 1037 qni-

473 1063 573 1117 bus
606 1074 751 1116 stare
784 1063 996 1117 videtur
1028 1063 1345 1131 reipublicte
1377 1062 1546 1116 salus.
1599 1061 1799 1116 Contra
1831 1058 2078 1115 defendit

472 1155 668 1210 Millius
699 1157 908 1226 Prolog.
937 1155 1032 1221 25,
1064 1153 1194 1221 252,
1221 1155 1329 1210 255
1356 1166 1408 1210 et
1433 1155 1561 1220 892,
1595 1163 1865 1208 narratam
1889 1169 1916 1207 a
1942 1153 2078 1207 scri-

474 1257 630 1316 ptore
661 1248 938 1319 Evangelii
985 1248 1278 1303 secundum
1324 1247 1585 1304 Hebraeos
1616 1263 1685 1303 ex
1713 1263 1900 1302 eorum
1946 1247 2071 1314 lide,

470 1342 560 1412 qui
591 1343 658 1395 ab
691 1342 953 1410 apostolis
983 1341 1320 1406 didicerant;
1355 1341 1628 1409 variisque
1673 1339 1944 1409 adiunctis
1985 1356 2075 1392 or-

473 1446 674 1502 natam,
699 1437 770 1489 nti
803 1436 1119 1505 plerumque
1149 1437 1200 1489 in
1235 1435 1316 1489 his
1348 1436 1506 1489 rebus
1535 1451 1638 1490 usu
1658 1436 1834 1498 venit;
1859 1433 2071 1488 descri-

472 1539 612 1597 ptam
643 1527 837 1582 deinde
867 1544 896 1581 a
925 1527 1137 1582 Joanne
1165 1526 1225 1581 in‘
1245 1527 1539 1597 Evangelio
1572 1541 1640 1581 ex
1661 1525 2072 1579 accuratissima

471 1623 728 1685 veritate,
786 1621 985 1690 quippe
1015 1619 1168 1689 cujus
1209 1620 1288 1674 rei
1320 1619 1474 1673 testis
1507 1618 1624 1687 ipse
1657 1616 1852 1681 fuerat,
1885 1627 2071 1684 spreto

469 1712 554 1766 Vel
599 1714 844 1782 ignorato
877 1727 1100 1782 prorsus
1141 1711 1439 1782 Evangelio
1460 1709 1759 1766 secundum
1790 1708 2065 1762 llebra:os.

2183 507 2338 560 deest
2383 503 2521 559 Dicit
2571 507 2679 562 eis:
2723 525 2825 577 ραι
2867 507 3039 573 vobis;
3081 523 3173 578 ego
3212 525 3351 574 sum,
3397 507 3556 566 nolite
3591 514 3794 570 timere.

2182 597 2353 652 Porro
2401 615 2460 652 ea
2500 600 2686 666 verba,
2740 600 2850 670 Ego
2895 616 3031 663 sum,
3060 600 3216 663 nolite
3263 600 3463 668 timere,
3509 603 3561 658 in
3598 601 3794 664 Graeco

2182 707 2399 761 quoquo
2429 692 2827 748 desiderantur.
2879 694 2949 748 At
2994 709 3058 750 ea
3107 693 3297 764 legunt
3340 697 3625 755 versiones
3651 693 3795 775 Cop-

2185 784 2309 850 lica,
2361 783 2616 854 Syriaca,
2671 785 2909 848 Persica,
2963 786 3234 852 Arabica,
3295 786 3627 860 IEthiopica,
3685 792 3790 848 Ar-

2181 889 2363 939 mcna,
2389 886 2493 930 etc.
2523 885 2578 930 et
2601 876 2700 931 SS.
2737 876 3060 930 Ambrosius
3091 885 3143 930 et
3175 875 3534 946 Augustinus.

2252 967 2439 1021 Matth.
2493 983 2612 1038 cap.
2661 985 2757 1033 vn,
2813 985 2862 1023 ν.
2915 969 3002 1033 15,
3055 969 3361 1025 Vercellen.
3406 980 3462 1028 et
3509 973 3786 1030 Veronen.

2179 1075 2331 1131 quam
2364 1063 2467 1114 latri
2499 1072 2544 1114 et
2573 1064 2803 1130 spatiosa
2830 1073 2904 1116 est
2943 1062 3045 1115 via.
3079 1061 3136 1117 S.
3180 1059 3544 1135 Hieronymus
3582 1066 3632 1120 in
3665 1067 3784 1136 cpio

2178 1157 2314 1210 stola
2351 1156 2453 1209 143
2482 1197 2494 1218 ,
2528 1156 2580 1208 in
2611 1170 2717 1209 uno
2757 1169 2860 1208 ms.
2895 1171 3049 1224 quam
3087 1155 3194 1208 lata
3232 1165 3280 1209 et
3305 1158 3533 1225 spatiosa
3570 1159 3654 1212 via
3687 1170 3780 1214 est.

2177 1245 2233 1300 In
2260 1247 2390 1301 edit.
2418 1262 2548 1301 vero
2568 1245 2770 1302 Veron.
2806 1255 2938 1300 totn.
2963 1263 3001 1313 ι,
3039 1261 3162 1317 pag,
3199 1249 3357 1314 1095,
3377 1250 3531 1319 quam
3556 1247 3786 1322 spatiosi:

2177 1341 2278 1394 ria.
2310 1340 2368 1395 S.
2400 1341 2649 1394 Ambros.
2675 1342 2728 1394 in
2758 1341 2991 1410 exposit.
3028 1339 3232 1412 Evang.
3271 1357 3386 1396 sec.
3416 1339 3552 1399 Luc.
3586 1344 3679 1398 lib.
3707 1355 3782 1411 Iv’,

2176 1447 2299 1502 pag.
2328 1431 2487 1494 1544,
2516 1435 2622 1486 tuta
2653 1444 2697 1486 et
2726 1433 2978 1501 spatiosa,
3011 1433 3182 1488 relate
3209 1434 3275 1489 ad
3302 1436 3463 1490 viam.
3494 1436 3646 1492 Unus
3675 1453 3779 1494 ms.

2176 1527 2232 1580 S.
2266 1525 2548 1594 Augustini
2579 1524 2646 1578 de
2675 1524 2852 1579 Serm.
2883 1525 3095 1578 Domin.
3122 1541 3274 1595 quam
3298 1525 3403 1580 lata
3427 1537 3599 1596 porta.

2248 1617 2437 1672 Matth.
2477 1633 2597 1687 eap.
2650 1633 2772 1680 \‘lll,
2805 1617 2898 1682 25,
2951 1618 3112 1673 verba
3162 1611 3406 1689 discipuli
3434 1623 3546 1691 ejus
3583 1622 3783 1679 desunt

2176 1711 2227 1765 iu
2252 1711 2555 1767 Vercellen.
2586 1719 2641 1766 et
2671 1710 2984 1777 Corbeicn,
3012 1721 3064 1766 et
3093 1713 3163 1767 ita
3195 1714 3246 1768 in
3277 1715 3548 1771 nonnullis
3576 1719 3781 1789 reginae

471 1805 696 1870 Deinde,
725 1820 846 1858 cum
878 1805 1080 1860 sciolus
1122 1803 1320 1874 aliquis
1361 1819 1480 1858 eam
1515 1802 1875 1857 narrationem
1907 1800 2071 1856 Joan-
2102 1815 2146 1874 Β
2177 1805 2474 1860 Succorum
2506 1821 2636 1860 mss.
2673 1805 2876 1859 Latinis
2901 1806 3198 1861 Bibliormn
3226 1807 3382 1863 Sacr.

469 1898 552 1950 nis
583 1897 876 1966 Evangelia
917 1913 982 1952 ex
1016 1897 1312 1966 Evangelio
1343 1896 1640 1950 secundum
1670 1893 1928 1949 l-Iebm-os
1969 1892 2070 1946 ad-

465 1987 631 2040 ditam
683 1991 972 2056 putaverit,
1025 1988 1240 2058 adjecto
1290 2002 1420 2042 veru
1465 1997 1704 2052 notasse,
1758 1985 1926 2040 veluti
1972 1985 2072 2040 du-

464 2078 633 2141 biam,
660 2079 728 2133 ab
752 2079 858 2133 alio
890 2080 1107 2134 demum
1140 2078 1434 2133 audaciore
1460 2085 1803 2149 expunctum.
1841 2077 1917 2130 lta
1943 2091 2071 2132 scn-

464 2172 565 2226 sim
590 2171 644 2226 in
667 2171 876 2227 Gnecis
908 2173 1184 2228 codicibus
1211 2170 1512 2226 desiderari
1531 2171 1871 2240 'inctepisse;
1917 2184 2069 2223 cum-

461 2278 565 2332 que
598 2265 813 2318 nonnisi
861 2267 936 2319 uti
965 2263 1308 2335 apocryphus
1337 2263 1487 2317 locus
1516 2262 1842 2328 haberetur,
1897 2260 2070 2316 ell‘usa

461 2356 662 2422 passim
701 2357 915 2410 licentia
956 2365 1290 2426 corruptam,
1321 2365 1377 2410 et
1405 2357 1601 2410 minori
1657 2354 1921 2426 obsequio
1951 2363 2067 2409 stu-

458 2448 678 2519 dioque,
729 2465 887 2519 quam
920 2450 1160 2520 reliquas
1202 2450 1484 2520 Evangelii
1533 2460 1716 2520 partes
1756 2449 1925 2505 fuisse
1964 2449 2064 2505 de-

457 2543 740 2612 scriptam.
779 2544 912 2598 Hinc
943 2559 1072 2598 vero
1100 2552 1250 2597 ortas
1288 2552 1396 2597 tam
1428 2544 1628 2598 multas
1656 2543 1836 2598 varias
1868 2543 2063 2599 lectio-

469 2650 588 2699 nes,
623 2651 742 2704 qna:
768 2635 869 2687 hoc
892 2635 1012 2689 loco
1042 2634 1418 2688 inveniuntur.
1446 2635 1518 2687 lta
1544 2635 1774 2691 Calmet.

527 2728 684 2783 Joan.
721 2744 841 2797 cap.
877 2744 980 2793 xu,
1035 2729 1128 2795 47,
1180 2727 1334 2782 deest
1355 2727 1530 2797 primo
1552 2727 1695 2793 loco,
1726 2743 1828 2780 non
1856 2727 1908 2780 in
1930 2725 2063 2781 Ver-

455 2824 650 2879 cellen.
685 2823 888 2879 Veron.
914 2832 969 2878 et
993 2823 1242 2877 Brixian.
1276 2831 1330 2876 et
1358 2823 1429 2874 ita
1462 2821 1514 2874 in
1547 2822 1605 2876 S.
1637 2821 1950 2876 Ambrosio.

525 2919 684 2973 Joan.
717 2932 838 2987 eap.
867 2916 1113 2980 xnr,52,
1173 2915 1371 2970 desunt
1421 2915 1585 2968 verba
1634 2914 1678 2967 si
1713 2911 1856 2966 Deus
1904 2911 2060 2967 clari-

453 3013 639 3077 ]icatus
661 3022 736 3064 est
763 3011 814 3062 in
841 3025 920 3073 eo,
947 3009 997 3062 in
1030 3006 1335 3062 Vercellen.
1370 3005 1572 3061 Veron.
1605 3020 1659 3060 et
1680 3005 1972 3059 Corbeien.
2005 3013 2059 3060 et

450 3102 522 3156 ita
554 3100 608 3155 iii
640 3103 696 3156 S.
722 3099 996 3155 Ambrosii
1027 3100 1119 3153 lib.
1150 3115 1201 3153 ιν
1223 3097 1292 3154 de
1322 3096 1473 3163 Fide,
1507 3111 1626 3167 cap.
1660 3096 1748 3162 10,
1781 3111 1900 3167 pag.
1927 3096 2053 3164 545,

449 3207 504 3251 et
529 3195 581 3248 in
605 3195 744 3248 libro
769 3209 822 3259 γ,
853 3208 973 3262 pag.
1000 3191 1128 3256 571,
1160 3206 1309 3245 num.
1342 3191 1471 3244 115.

522 3287 683 3342 Joan.
719 3300 841 3356 cap.
880 3300 999 3352 xw,
1061 3284 1127 3338 15
1157 3326 1171 3350 ,
1216 3285 1267 3337 in
1307 3283 1609 3338 Vercellen.
1653 3280 1775 3338 Gat.
1810 3281 1936 3335 Mm.
1995 3291 2050 3337 et

447 3381 689 3436 Brixian.
743 3380 917 3447 deest,
969 3377 1198 3432 Patrem.
1239 3377 1437 3432 Veron.
1490 3375 1673 3440 habet,
1714 3375 1777 3428 ab
1803 3391 1862 3428 co
1895 3375 2050 3440 petie-

446 3477 577 3542 ritis,
623 3485 676 3530 ct
708 3476 778 3530 ita
807 3475 865 3530 S.
905 3471 1225 3530 Ambrosius
1265 3470 1319 3526 in
1353 3471 1449 3526 lib.
1482 3487 1511 3526 v
1548 3470 1617 3526 de
1646 3468 1802 3537 Fide,
1836 3484 1953 3540 cap.
1988 3468 2046 3538 5,

444 3586 500 3641 p.
536 3569 665 3624 563.

513 3662 669 3717 Joan.
709 3675 831 3730 cap.
886 3674 1029 3724 xvu,
1074 3657 1164 3723 18,
1188 3655 1495 3711 Vercellen.
1546 3653 1748 3710 Veron.
1795 3653 2040 3709 Brixian.

442 3754 640 3809 habent
681 3755 861 3824 primo
892 3761 948 3808 et
976 3751 1214 3808 secundo
1242 3751 1362 3806 loco
1382 3791 1398 3819 ,
1430 3751 1486 3803 iu
1517 3749 1654 3802 hunc
1685 3748 1956 3817 mundum,
1987 3758 2043 3804 et

439 3843 510 3902 ita
541 3846 602 3901 S.
631 3837 973 3899 Ambrosius.

510 3940 642 3994 Luc.
695 3954 816 4008 cap.
847 3935 1080 4002 "1,25,
1130 3935 1182 3990 in
1204 3935 1512 3990 Vercellen.
1561 3943 1618 3988 et
1639 3932 1913 3990 Veronen.
1945 3934 2039 3990 de-

435 4031 730 4096 sideratur,
774 4030 862 4099 qui
901 4029 997 4098 fuit
1038 4025 1331 4090 Mat/taliae,
1375 4027 1464 4093 qui
1514 4025 1613 4096 fuit
1644 4025 1818 4080 Amos.
1870 4025 2035 4082 Divus

433 4107 671 4179 lrcnteus
701 4135 889 4177 contra
925 4121 1172 4174 llacreses
1198 4134 1317 4188 cap.
1349 4118 1438 4185 55,
1485 4131 1605 4187 pag.
1639 4117 1767 4184 555,
1813 4127 1868 4172 et
1906 4119 2030 4173 cod.

437 4219 636 4272 Veron.
671 4231 777 4269 non
809 4223 1104 4285 agnoscunt
1146 4211 1197 4265 in
1227 4208 1562 4279 Genealogia
1593 4208 1808 4264 Domini
1835 4225 2032 4264 secun-

431 4310 560 4362 dum
612 4307 852 4370 Lucam,
903 4301 1008 4358 nisi
1033 4301 1390 4370 septuaginta
1438 4299 1574 4353 duas
1625 4299 2028 4369 generationes.

428 4401 584 4456 Nunc
613 4398 954 4468 septuaginta
982 4405 1035 4450 et
1065 4409 1160 4448 sex
1202 4401 1577 4447 numerantur.
1629 4392 1705 4446 lta
1738 4393 1932 4462 aliqua:
1960 4407 2029 4447 ex

429 4495 512 4550 his
539 4490 986 4565 generationibus
1017 4487 1280 4542 atldititia:
1320 4495 1445 4540 tunc
1477 4484 1736 4554 temporis
1761 4485 2028 4554 putaban-

427 4601 531 4644 tur.
576 4586 821 4654 Adeatur
861 4581 918 4636 S.
952 4581 1207 4636 Ambros.
1241 4580 1337 4633 lib.
1373 4594 1430 4632 ιιι
1463 4578 1704 4646 Exposit.
1749 4579 2024 4648 Evangelii
2053 4587 2106 4647 Ι)

420 4680 720 4738 secundum
748 4677 947 4732 Lucam
970 4715 984 4740 ,
1017 4687 1244 4728 numero
1275 4671 1339 4726 15
1369 4674 1558 4742 pagina
1594 4672 1753 4739 1518,
1785 4673 2024 4742 itemque

423 4765 572 4830 num.
621 4775 688 4828 16
719 4768 972 4827 editionis
1017 4766 1291 4831 lliaurime,
1322 4765 1412 4835 qui
1455 4766 1652 4834 pariter
1683 4764 1885 4821 Veron.
1923 4781 2017 4822 co-

422 4871 527 4927 dici
558 4870 742 4924 favere
769 4865 998 4922 videtur.

493 4959 624 5016 Luc.
675 4975 794 5028 cap.
846 4973 929 5022 tv,
986 4953 1042 5020 4,
1069 4951 1253 5015 verba,
1284 4950 1339 5002 in
1369 4958 1591 5004 montem
1631 4951 2018 5016 excelsum,de-

418 5065 546 5114 sunt
586 5054 638 5108 in
672 5051 871 5107 Veron.
925 5058 1087 5119 atque
1127 5047 1178 5100 in
1227 5043 1434 5100 Grarcis
1477 5045 1799 5113 quibusdam
1831 5062 2016 5100 exem-

417 5149 681 5223 plaribus,
717 5147 954 5212 itemque
982 5143 1034 5196 in
1066 5142 1278 5195 duobus
1309 5138 1511 5207 regina:
1536 5139 1837 5194 Succorqu
1873 5156 2008 5196 mss.

415 5243 602 5301 relatis
630 5239 683 5292 in
708 5238 818 5290 div.
843 5234 983 5288 Bibl.
1006 5235 1062 5287 S.
1094 5233 1430 5304 Hieronymi.
1485 5233 1686 5288 Desunt
1715 5247 1927 5303 quoquc
1953 5233 2005 5289 in

420 5339 719 5396 Vercellen.
749 5331 951 5388 Verum
983 5345 1080 5399 pro
1107 5328 1216 5382 illis
1240 5329 1425 5392 habet,
1454 5328 1799 5397 Hierusalem,
1833 5341 1879 5384 et
1901 5340 2006 5384 sta-

405 5434 508 5486 tuit
535 5447 648 5484 eum
675 5442 834 5498 supra
864 5425 1077 5495 pinnam
1106 5421 1300 5489 templi.

479 5523 613 5577 Luc.
645 5536 766 5589 cap.
815 5531 910 5581 \‘ll,
945 5513 1036 5580 51,
1091 5510 1252 5565 verba
1278 5509 1348 5562 ait
1376 5518 1543 5561 autem
1573 5507 1847 5578 Dominus,
1905 5512 1998 5567 de-

398 5626 531 5675 sunt
557 5622 608 5668 in
636 5611 969 5674 Vercellen.,
999 5605 1228 5671 Veron.,
1261 5601 1574 5669 Corbeien.,
1599 5603 1720 5658 Gat.
1747 5615 1801 5658 ct
1841 5605 1990 5673 Mm.,

397 5723 457 5770 et
487 5712 558 5763 ita
594 5708 647 5761 in
680 5704 884 5759 Cra-cis
930 5699 1207 5755 nonnullis
1245 5695 1652 5764 exemplaribus
1691 5705 1746 5752 et
1782 5696 1834 5751 in
1874 5699 1992 5769 qui-

398 5803 625 5866 busdam
649 5813 780 5856 mss.
814 5794 923 5851 div.
957 5793 1096 5850 Bibl.
1128 5793 1184 5850 S.
1221 5788 1556 5863 Hieronymi.

2250 1896 2439 1950 Matth.
2471 1911 2521 1979 c.
2545 1913 2598 1961 x,
2649 1897 2716 1952 19
2743 1939 2757 1962 ,
2803 1898 2855 1951 in
2881 1896 3186 1953 Vercellen.
3218 1908 3272 1953 et
3305 1899 3578 1956 Veroncn.
3617 1904 3780 1958 omit-

2173 1996 2360 2043 tttntur
2387 1991 2548 2045 verba
2579 1991 3011 2060 quomodo,aut.,
3037 2000 3090 2046 et
3120 1993 3189 2046 ita
3221 1992 3275 2047 in
3307 1993 3364 2049 S.
3387 1993 3777 2068 Cyprianiepi-

2173 2083 2309 2137 stola
2342 2082 2414 2138 56
2445 2083 2512 2138 ad
2550 2082 2956 2152 Tbibaritanos,
3005 2084 3073 2140 de
3122 2085 3499 2145 exhortatione
3530 2089 3774 2162 Martyrii

2173 2189 2294 2244 pag.
2328 2175 2449 2231 129.

2244 2288 2430 2343 Matth.
2490 2305 2609 2360 cap.
2645 2305 2736 2354 XI,
2791 2288 2864 2357 2,
2893 2289 3197 2348 Vercellen.
3239 2293 3441 2348 mittens
3493 2294 3614 2351 di...
3659 2277 3770 2366 put.

2168 2397 2193 2435 δ
2219 2398 2357 2444 suos,
2385 2382 2576 2451 supple
2601 2383 2847 2437 lacunam
2870 2397 2935 2438 ex
2971 2382 3241 2440 Veroncn.
3285 2395 3340 2440 et
3385 2386 3623 2442 Brixian.
3655 2388 3774 2442 mit-

2168 2482 2276 2527 lens
2315 2473 2600 2543 discipulos
2652 2491 2789 2528 suos.
2828 2474 3017 2530 Codex
3059 2474 3498 2545 Cantabrigensis
3545 2476 3773 2532 Graeco-

2165 2564 2388 2620 Latinus
2413 2567 2810 2633 hahet,mitlens
2836 2583 2926 2640 per
2944 2567 3220 2637 discipulos
3250 2565 3773 2626 stto:.Conscntiu1tt

2165 2662 2444 2736 versioncs
2473 2659 2722 2725 Gothica,
2749 2664 3010 2728 Armena,
3036 2660 3271 2727 Persica,
3299 2661 3542 2732 Syriaca.
3575 2657 3770 2740 Missu-

2163 2765 2282 2804 rum
2331 2767 2363 2804 a
2404 2751 2611 2806 Joanne
2645 2751 3035 2824 discipulorum
3077 2769 3363 2808 numerum
3400 2743 3770 2812 nontradunt

2162 2843 2477 2910 Juveucus,
2527 2846 2883 2914 Ambrosius,
2941 2845 3213 2912 Hilarius,
3268 2846 3338 2902 de
3384 2847 3582 2918 quibus
3624 2841 3758 2904 Mill”.

2161 2940 2380 3009 Proleg.
2409 2939 2536 2995 587.
3567 2995 3571 2998 .

2168 3097 2169 3100 η
2233 3031 2419 3085 Matth.
2474 3046 2593 3101 cap.
2634 3046 2747 3096 xvn,
2804 3029 2896 3095 21,
2937 3029 2992 3085 in
3019 3027 3322 3087 Vercellen.
3354 3041 3409 3087 ct
3461 3029 3749 3088 Corbeien.

2159 3123 2332 3187 deest,
2362 3123 2565 3188 scribis,
2597 3132 2652 3178 et
2679 3123 2750 3176 ita
2783 3122 2834 3176 in
2861 3121 2919 3177 S.
2948 3121 3171 3176 Irenaeo.

2226 3214 2414 3268 Matth.
2479 3230 2599 3284 cap.
2654 3229 2830 3282 χχιιι,
2881 3213 2946 3278 4,
2992 3214 3044 3269 in
3105 3213 3408 3272 Vercellen.
3461 3218 3760 3276 et'Veron.

2151 3307 2348 3362 desum
2396 3309 2580 3371 verba,
2634 3317 2681 3362 et
2731 3308 3101 3376 imporlabilia,
3149 3315 3206 3362 et
3236 3309 3305 3363 ita
3341 3309 3393 3363 in
3441 3325 3583 3364 Vers.
3631 3303 3757 3383 Syr.

2149 3398 2299 3455 Pers.
2331 3399 2496 3454 Arab.
2527 3393 2774 3470 Ethiop.
2802 3409 2965 3470 atque
2991 3402 3042 3454 in
3075 3400 3175 3457 SS.
3203 3400 3346 3455 Iren.
3383 3411 3439 3455 et
3459 3403 3717 3460 Ambros.

2218 3493 2376 3549 Joan.
2421 3509 2542 3565 cap.
2577 3510 2624 3562 ι,
2660 3511 2711 3548 v.
2741 3495 2833 3562 27,
2887 3497 2940 3549 in
2987 3493 3288 3551 Vercellen.
3321 3495 3497 3564 deest,
3545 3499 3630 3569 qui
3662 3515 3756 3554 se-

2146 3587 2324 3641 cundo
2373 3589 2515 3653 loco,
2558 3597 2614 3642 et
2643 3588 2714 3642 ita
2746 3587 2797 3642 in
2837 3588 2893 3643 S.
2928 3587 3180 3658 Cypriani
3231 3590 3508 3659 operibus.
3557 3591 3613 3646 in
3643 3587 3756 3648 Ve—

2147 3694 2244 3731 ron
2272 3677 2470 3732 desunt
2497 3679 2684 3745 verba,
2729 3678 2817 3750 qui
2861 3687 2979 3733 ante
3008 3695 3087 3732 me
3134 3680 3303 3752 {actus
3333 3690 3427 3748 est,
3477 3691 3534 3736 et
3577 3683 3649 3736 ita
3684 3681 3753 3740 in

2143 3786 2286 3828 vers.
2322 3771 2569 3841 1Etlii0p.
2600 3771 2757 3842 Copt.
2791 3782 2847 3828 et
2877 3771 2998 3826 aliis
3023 3773 3182 3827 codd.

2213 3864 2370 3918 Joan.
2428 3879 2543 3934 cap.
2592 3879 2642 3930 ν,
2687 3863 2779 3931 56,
2831 3865 2881 3918 in
2919 3863 3228 3920 Vercellen.
3286 3867 3578 3935 omittitur,
3631 3853 3749 3939 qua:

2140 3974 2229 4028 ego
2257 3957 2426 4027 facio,
2460 3965 2516 4011 et
2547 3957 2620 4012 ita
2652 3958 2704 4010 in
2745 3958 3046 4028 exemplari
3087 3957 3206 4012 Vat.
3258 3959 3317 4015 S.
3352 3960 3541 4016 Hilarii
3572 3962 3663 4018 lib.
3691 3979 3744 4018 vr

2138 4050 2206 4105 de
2233 4050 2516 4106 'l‘rinitate.
2551 4048 2609 4104 In
2657 4049 2854 4104 Veron.
2898 4049 3053 4105 deest
3091 4061 3321 4120 tantum,
3353 4070 3468 4124 ego,
3498 4064 3552 4109 et
3578 4053 3739 4112 ita'in

2139 4141 2196 4199 S.
2229 4141 2453 4209 Hilario,
2481 4151 2611 4196 tom.
2647 4157 2705 4208 ιι,
2737 4156 2859 4211 pag.
2891 4142 3015 4196 152.

2207 4253 2402 4309 Joann.
2435 4268 2483 4308 c.
2532 4270 2608 4320 in,
2666 4255 2759 4321 57,
2793 4253 2954 4309 deest
2985 4255 3035 4309 in
3090 4255 3419 4322 Vercellen.,
3453 4257 3654 4315 Veron.
3683 4269 3744 4316 et

2138 4348 2416 4411 Brixiam,
2472 4349 2603 4412 nati,
2658 4359 2709 4403 et
2760 4348 2832 4402 ita
2882 4348 2934 4402 in
2983 4348 3258 4420 plerisque
3301 4351 3541 4407 melioris
3594 4362 3739 4409 noun

2131 4440 2536 4508 exemplaribus
2580 4439 2806 4505 Graecis,
2849 4456 3090 4496 necnon
3132 4441 3183 4496 in
3226 4441 3549 4513 quibusdam
3594 4459 3730 4500 mss.

2131 4534 2239 4588 div.
2269 4533 2590 4590 Bibliothec.
2616 4534 2675 4590 S.
2708 4534 3046 4606 Hieronymi.

2201 4650 2395 4706 Joann.
2462 4667 2584 4720 cap.
2661 4667 2825 4717 xvm,
2875 4653 2977 4719 21',
3026 4651 3229 4718 deest,
3283 4631 3527 4710 secundo
3581 4653 3731 4724 loco,

2128 4761 2308 4811 unum,
2342 4745 2395 4799 in
2422 4744 2726 4800 Vercellen.
2762 4757 2818 4801 et
2846 4745 3046 4802 Veron.
3076 4748 3318 4817 itemque
3358 4747 3412 4802 in
3449 4747 3509 4804 S.
3538 4747 3732 4805 Hilarii

2127 4853 2256 4894 mss.
2289 4840 2380 4894 lib.
2413 4853 2503 4893 rm
2531 4838 2599 4894 de
2619 4838 2905 4906 Trinitate,
2937 4848 3070 4895 tom.
3105 4855 3162 4907 ιι,
3195 4855 3318 4910 pag.
3349 4839 3478 4896 217.

2195 4951 2326 5006 Luc.
2358 4968 2476 5022 cap.
2511 4969 2586 5021 ιχ,
2633 4953 2726 5019 25,
2781 4953 3086 5009 Vercellen.
3142 4953 3366 5025 Abneget
3390 4954 3727 5023 semetipsum

2123 5053 2169 5099 et
2199 5054 2439 5115 sequatur
2477 5061 2578 5109 me,
2627 5045 2846 5100 omissis
2888 5045 2995 5100 illis
3030 5045 3212 5100 verbis
3243 5056 3290 5100 et
3327 5045 3475 5098 tollat
3517 5059 3726 5099 crucem

2121 5152 2267 5188 suam
2309 5137 2555 5206 quotidie.
2588 5136 2859 5192 Veronen.
2902 5136 3126 5208 Abneget
3165 5137 3512 5206 semetipsum,
3544 5145 3590 5190 et
3631 5153 3725 5209 su-

2118 5227 2255 5281 blata
2300 5243 2447 5282 cruce
2476 5245 2572 5282 sua
2613 5238 2857 5299 sequatur
2901 5244 2998 5284 me.
3050 5228 3260 5284 Vetusti
3302 5228 3519 5283 codices
3563 5228 3722 5284 multi

2115 5321 2254 5388 apud
2298 5319 2428 5373 Mill.
2467 5318 2594 5375 Var.
2643 5319 2794 5374 Lert.
2846 5337 2952 5375 non
2995 5321 3196 5376 habent
3235 5319 3478 5391 quotidie.
3533 5318 3720 5389 Aliqui

2111 5413 2272 5466 etiam
2335 5423 2500 5466 totam
2551 5413 2689 5468 hanc
2737 5414 3068 5484 pcricopam,
3118 5415 3266 5468 tollat
3317 5429 3518 5467 crucem
3565 5429 3720 5467 suam

2105 5501 2353 5573 quotidie,
2382 5505 2659 5559 omittunt.
2692 5506 2764 5560 At
2801 5505 2981 5560 ferunt
3008 5506 3288 5560 versiones
3330 5505 3579 5576 Syriaca,
3603 5502 3719 5560 Go-

2105 5595 2268 5661 thica,
2302 5593 2529 5667 Vulgata
2555 5606 2609 5652 ct
2637 5597 2826 5652 Latina
2860 5599 3107 5668 quautam
3139 5598 3503 5670 exvmplaria.

2172 5710 2304 5765 Luc.
2348 5727 2468 5784 cap.
2521 5732 2624 5782 xu,
2685 5716 2788 5782 27,
2843 5716 2899 5770 in
2952 5715 3283 5786 Vercellen.,
3328 5716 3606 5772 Veronen.
3652 5724 3713 5771 et

2100 5802 2480 5863 Vindobunen.
2529 5819 2654 5879 post
2684 5809 2795 5864 lilia
2817 5850 2831 5876 ,
2866 5809 3104 5878 additur,
3153 5811 3297 5884 agri,
3330 5819 3385 5867 et
3413 5811 3488 5867 ita
3519 5809 3706 5885 legum
