4054 6198
443 281 550 338 105

1805 269 2344 329 PROLEGOMENA.

3646 273 3752 332 104

446 385 761 450 Sanctorum
789 406 998 446 suorum
1049 387 1451 456 Prophetarum.
1485 382 1778 439 Corbeien.
1827 399 1916 455 per
1960 399 2016 436 os
2071 387 2124 445 Α
2226 384 2376 452 Quod
2418 399 2534 439 vero
2565 383 2827 454 pollicitus
2873 393 2948 439 est
2979 385 3086 440 illis
3113 384 3400 470 (Christus
3432 385 3752 460 Apostolis)

445 499 737 544 sanctorum
759 483 1144 557 prop/letarum.
1177 477 1545 536 Tertullianus
1571 492 1692 548 pag.
1724 473 1825 531 187
1868 482 1926 530 et
1946 474 2044 529 188

450 600 539 653 per
571 598 626 636 os
652 579 1046 651 PrOphetarum.

517 678 650 732 Luc.
683 690 801 744 cap.
835 688 901 739 ιι,
935 672 1002 726 14
1023 711 1038 736 ,
1074 669 1377 724 Vercellen.
1432 669 1484 719 in
1531 681 1640 719 επ.
1669 702 1687 719 .
1719 663 1787 716 sis
1810 703 1823 726 ,
1855 658 2046 729 supple

447 771 688 826 lacunam
721 783 786 821 ex
812 765 934 821 Gal.
967 772 1022 818 et
1050 761 1287 816 Brixian.
1321 760 1410 828 qui
1444 757 1675 823 habent,
1707 756 1761 807 in
1790 753 2004 808 excelsis
2027 791 2042 814 ,

444 873 496 918 et
522 863 591 915 ita
619 861 678 914 S.
716 858 956 913 Irenaeus
987 855 1042 910 in
1082 853 1175 907 lib.
1203 868 1260 906 ιιι
1291 860 1476 906 contra
1510 849 1790 913 llasreses,
1815 855 1949 900 tom.
1989 859 2043 908 ι,

443 972 565 1028 pag.
602 954 726 1019 186,
755 961 810 1006 et
835 951 894 1006 S.
927 948 1288 1018 Hieronymus
1337 945 1390 998 in
1430 943 1526 998 lib.
1561 958 1578 994 ι
1624 937 2046 996 commentario-

443 1065 561 1104 rum
588 1049 640 1102 in
665 1039 860 1101 Isaiam
887 1057 1006 1112 cap.
1037 1040 1094 1105 ‘2,
1137 1045 1271 1092 tom.
1297 1051 1372 1102 tv,
1405 1050 1524 1106 pag.
1559 1033 1650 1089 34.

455 1178 461 1206 -,
516 1141 649 1196 Luc.
673 1153 792 1208 cap.
824 1152 892 1202 ιι,
924 1135 990 1190 ll
1012 1175 1028 1198 ,
1070 1130 1376 1188 Vercellen.
1421 1143 1574 1196 super
1608 1135 1799 1179 terram
1825 1165 1840 1189 ,
1885 1131 1940 1178 et
1969 1121 2044 1176 ita

446 1251 584 1290 unus
615 1249 720 1288 ms.
762 1233 821 1287 S.
858 1225 1170 1297 Hieronymi
1220 1225 1316 1279 lib.
1370 1238 1388 1276 ι
1428 1218 1957 1276 Commentariorum
1989 1215 2042 1269 itt

446 1331 640 1387 Isaiam
667 1343 786 1398 cap.
816 1325 872 1379 2.

1083 1396 1421 1458 EPISTOLA

447 1515 739 1571 BLANCHINI
781 1526 846 1564 ιιι
884 1507 1114 1569 Joseru,
1156 1519 1202 1559 s.
1246 1518 1295 1555 rt.
1361 1515 1396 1552 ι.
1459 1511 1696 1552 costmm
1756 1509 1823 1548 ne
1888 1490 2042 1545 Tuus

667 1608 735 1647 ετ
777 1591 1117 1650 Honesrmn,
1151 1595 1440 1638 EI‘ISCOPUM
1478 1579 1824 1633 Concessum

444 1693 684 1764 Jo-sepho
708 1694 766 1746 S.
798 1692 860 1744 lt.
895 1689 935 1744 l.
963 1686 1146 1743 comiti
1173 1684 1240 1739 de
1261 1682 1454 1736 Thuntt
1489 1685 1544 1733 et
1570 1674 1863 1731 Hohcstein
1892 1672 1980 1742 cpi
1999 1701 2040 1725 .-

2145 492 2201 530 se
2229 477 2490 545 facturum
2519 477 2658 546 ipsos
2701 478 2984 546 piscatores
3025 477 3449 544 hominum;nec
3490 480 3544 534 id
3585 479 3754 535 verbis

2145 569 2470 624 solummodo
2525 570 2698 636 dixit,
2750 571 2840 626 sed
2905 589 2960 626 re
3007 572 3122 644 ipsa
3168 574 3430 628 cumulate
3468 575 3745 644 praestitit;

2149 671 2444 732 tantamque
2488 662 2559 716 eis
2607 663 2706 715 vim
2766 679 2827 715 ac
2893 665 3172 735 potentiam
3217 665 3446 732 indidit,
3492 675 3549 720 ut
3595 667 3754 722 libros

2147 754 2524 807 conscriberent
2591 764 2742 821 atque
2815 755 3056 822 ederent;
3107 768 3261 828 utque
3290 762 3472 812 horum
3504 759 3755 814 librorum

2149 853 2291 897 tanta
2321 856 2446 899 esset
2471 847 2772 912 auctoritas,
2798 857 2852 900 ut
2878 848 3109 902 omniunt
3139 858 3244 902 tant
3270 848 3568 904 Graecorum
3591 867 3749 920 quam

2148 933 2495 989 Barbarorum
2541 937 2735 1005 linguis
2781 939 3008 994 conversi
3033 980 3047 1006 ,
3096 956 3128 992 a
3178 941 3375 995 cunctis
3403 941 3590 1012 ultique
3628 959 3755 1012 gen-

2146 1027 2278 1082 tibus
2307 1028 2534 1082 studiose
2575 1029 2962 1094 ediscerentur;
2993 1041 3040 1084 et
3083 1048 3143 1085 ea
3170 1049 3285 1101 qua:
3329 1033 3382 1087 in
3425 1033 3536 1088 illis
3575 1035 3741 1088 conti-

2147 1128 2332 1175 nentur
2351 1162 2366 1185 ,
2397 1119 2587 1174 Diuina
2628 1137 2736 1176 esse
2773 1121 3100 1177 crederentur
3134 1124 3344 1179 oracula
3363 1165 3377 1188 ,
3401 1133 3656 1195 quantum
3695 1125 3751 1180 id

2147 1212 2280 1266 valet
2306 1212 2375 1266 ad
2401 1211 2737 1268 Divinitatem
2765 1214 2875 1284 ejus
2905 1216 3174 1286 perspicue
3198 1217 3590 1274 declarandam.

2147 1347 2295 1404 idem
2344 1348 2606 1405 Eusebius
2668 1349 2722 1404 in
2785 1349 3123 1421 fragmento,
3191 1367 3221 1406 a
3289 1351 3500 1410 Joanne
3543 1353 3746 1410 Grabio

2217 1443 2406 1500 Gravce
2443 1453 2498 1498 et
2534 1442 2726 1499 Latine
2748 1444 2918 1499 allato
2955 1445 3008 1500 in
3037 1446 3206 1515 ipsius
3235 1445 3391 1505 Notis
3416 1447 3484 1504 ad
3513 1446 3744 1520 Spicile-

2220 1537 2367 1607 gium
2398 1535 2640 1600 Patrum,
2667 1550 2792 1590 sa‘c.
2821 1551 2893 1602 ιι,
2941 1551 3064 1607 pag.
3090 1536 3220 1593 252.

2218 1668 2291 1725 Οὗ
2327 1673 2413 1725 καί
2437 1671 2544 1726 καθ’
2572 1669 2686 1732 ὅλης
2725 1679 2816 1732 τῆς
2854 1674 3151 1744 οἰκουμένης
3190 1673 3436 1744 ἐκλάμπει
3463 1674 3521 1730 τὸ
3551 1670 3710 1746 ὄνομα
3731 1714 3752 1744 ,

514 1802 653 1856 (εορο
682 1781 948 1841 Gurcensi
997 1779 1203 1850 optitno
1241 1772 1444 1842 Joseph
1494 1770 1823 1825 Blanchinus
1871 1765 2040 1820 Vero-

2163 1770 2237 1821 ιαί
2264 1765 2290 1821 ό
2320 1766 2467 1838 λόγος
2493 1768 2585 1827 τάς
2611 1774 2712 1822 τῶν
2736 1767 3016 1841 ἀνθρώπων
3059 1766 3243 1838 ψυχάς
3288 1770 3626 1840 καταυγάζει.
3661 1766 3749 1823 διά

517 1879 703 1937 nensis
727 1921 742 1944 ,
775 1877 1057 1948 presbyter
1083 1867 1519 1941 congregatiOnis
1540 1862 1775 1921 Oratorii
1810 1858 2042 1916 Romani

516 1977 856 2032 felicitatem.

515 2091 710 2146 Solent
747 2083 1026 2147 nonnulli,
1067 2078 1269 2137 Prmsul
1302 2072 1704 2146 sapientissime
1727 2112 1740 2134 ,
1773 2067 2042 2124 interdum

450 2184 710 2258 quasdam
750 2181 1070 2236 Sanctorum
1121 2177 1338 2228 Patrum
1383 2171 1545 2224 nimis
1588 2180 1782 2236 urgere
1829 2171 2041 2218 senten-

449 2257 574 2344 tias,
605 2277 885 2343 aiuntque,
919 2272 1100 2326 statim
1149 2282 1211 2321 ac
1243 2263 1507 2320 Gentibus
1540 2257 1820 2328 Evangelii
1862 2257 2043 2310 lumen

442 2369 657 2432 illuxit,
692 2375 746 2421 et
773 2363 946 2420 Graeci
1007 2360 1208 2431 pariter
1268 2372 1331 2410 ac
1359 2354 1568 2419 Latini",
1603 2348 1934 2417 Barbarique
1981 2344 2047 2398 ab

447 2459 713 2530 apostolis
763 2459 815 2510 in
847 2453 1050 2510 Christi
1107 2449 1350 2505 doctrina
1409 2455 1536 2502 sunt
1583 2439 1853 2506 instituti,
1887 2439 2046 2493 innu-

445 2566 621 2609 meras
663 2565 799 2620 pene
848 2546 1162 2602 Divinarum
1202 2541 1608 2610 Scripturarunt
1663 2542 1880 2589 exortus
1928 2544 2049 2586 esse

449 2647 769 2706 vet-siones,
819 2654 1046 2710 quarum
1092 2636 1291 2698 ductu,
1325 2633 1392 2686 ad
1439 2630 1678 2685 omnium
1725 2624 2047 2696 populorum

446 2738 705 2799 haustus,
761 2732 1024 2785 salutares
1073 2742 1227 2796 aquae
1287 2723 1646 2778 decurrerent
1701 2717 2046 2786 eloquiorum

450 2829 566 2884 Dei.
609 2822 869 2892 Quamvis
921 2830 1100 2874 autem
1148 2814 1460 2885 apostolica:
1511 2807 1910 2882 prmdicationis
1962 2821 2050 2860 sc-

457 2922 626 2987 mina,
655 2913 970 2973 crelesnbus
997 2911 1104 2966 illis
1134 2907 1386 2962 laticibns
1415 2904 1668 2966 irrorata,
1703 2901 1875 2954 instar
1897 2897 2050 2968 grani

446 3011 684 3080 sinapis,
719 3003 956 3060 aluerint
987 3003 1063 3072 ,ιιι
1118 2999 1380 3053 unitatem
1423 2993 1583 3058 ﬁdei,
1655 2988 1937 3060 sapientia:
1993 2994 2050 3041 et

448 3103 690 3159 scientize
719 3097 1098 3171 mysteriorum
1129 3093 1268 3162 ejus,
1299 3105 1420 3145 cum
1448 3089 1680 3158 primum
1707 3085 1758 3138 in
1781 3081 2048 3139 Gentibus

2145 1867 2238 1920 τῆς
2267 1862 2425 1915 αὐτοῦ
2455 1858 2833 1936 παραδοθείσης
2863 1867 2952 1914 τοῦ
2984 1860 3274 1933 εὐαγγελίου
3301 1867 3500 1934 γραφῆς
3528 1862 3751 1935 παντοίᾳ

2146 1953 2347 2026 γλώττῃ
2361 1953 2581 2028 ἑλληνικῇ
2593 1973 2647 2008 τε
2662 1956 2746 2008 καὶ
2766 1953 3014 2028 βαρϐάρῳ
3027 1953 3432 2025 μεταϐληθείσηι·
3446 1995 3460 2016 ,
3471 1954 3723 2018 εἰςέξὰκου
3735 1982 3752 1992 ο

2146 2046 2268 2102 στόν
2279 2047 2332 2102 ’ἡ
2355 2052 2489 2102 πᾶσι
2506 2055 2612 2108 τοῖς
2625 2043 2810 2102 ἔθνεσιν
2825 2046 2893 2120 ἐφ’
2913 2046 3135 2108 ἑκάστης
3147 2048 3241 2119 ἠμέ
3244 2067 3341 2124 ρας
3352 2069 3415 2106 κη
3417 2050 3752 2122 ρυττομενὴς.

2219 2185 2481 2256 Loquitur
2528 2185 2793 2241 Eusebius
2831 2184 2920 2240 hic
2945 2184 3015 2240 de
3042 2183 3252 2241 Joanne
3299 2185 3412 2240 ﬁlio
3462 2184 3708 2241 Zebedtei
3734 2226 3750 2253 ,

2149 2278 2300 2348 cuius
2322 2287 2367 2332 et
2395 2294 2578 2332 nomen
2605 2277 2728 2351 (ait)
2757 2293 2847 2348 per
2877 2279 3178 2332 universum
3240 2277 3413 2333 orbem
3442 2277 3751 2344 celebratur,

2148 2379 2195 2425 et
2233 2370 2470 2425 doctrina
2518 2371 2782 2425 hominum
2812 2371 3013 2424 animos
3041 2370 3312 2425 collustrat
3335 2411 3350 2436 ,
3405 2371 3600 2424 tradita
3629 2370 3757 2437 ipsis

2152 2460 2419 2534 Evangelii
2452 2463 2746 2534 Scriptura,
2776 2478 2889 2533 qua:
2916 2463 2970 2516 in
2995 2477 3194 2516 omnem
3220 2462 3468 2532 linguam,
3507 2459 3751 2515 ercam

2151 2555 2348 2625 pariter
2373 2566 2420 2609 et
2445 2552 2732 2607 Barbarum
2785 2558 3035 2609 translata
3061 2563 3163 2621 est,
3193 2563 3240 2608 et
3265 2563 3317 2607 ut
3355 2569 3532 2608 omnes
3561 2551 3754 2609 Gentes

2149 2647 2427 2703 exaudiant
2455 2690 2468 2714 ,
2496 2647 2722 2718 quotidie
2748 2648 3070 2721 praedicatur.

2152 2791 2213 2847 S.
2243 2791 2481 2847 Joannes
2501 2791 2920 2862 Chrysmtontus
2965 2792 3124 2848 llom.
3155 2807 3330 2858 ιλιι,
3359 2791 3430 2846 al.
3495 2806 3660 2847 LXXXI
3701 2792 3754 2847 in

2225 2882 2562 2949 Mattha'um,
2611 2882 2768 2954 juxta
2815 2884 2960 2940 Edit.
3013 2883 3382 2939 Montl'aucon.
3425 2882 3584 2938 Tom.
3644 2899 3753 2951 vn,

2227 2993 2347 3047 pag.
2380 2976 2505 3043 767,
2541 2975 2645 3031 Lit.
2685 2977 2744 3030 Il.

2223 3090 2341 3149 Ὀτι
2381 3091 2435 3148 δέ
2477 3093 2636 3170 πόρνη
2686 3099 2814 3168 γυνή
2863 3091 3034 3149 ἔλαιον
3059 3096 3284 3166 ⁵ἐξέχεεν
3315 3095 3364 3148 ἐν
3393 3095 3524 3169 οἰκίᾳ
3565 3094 3760 3170 λεπροῦ

443 3198 588 3268 laeta
618 3201 744 3250 sunt
769 3161 837 3246 ab
867 3190 978 3245 illis
1008 3161 1275 3243 Dominiei
1300 3183 1411 3252 agri
1445 3179 1742 3244 satoribtts,
1767 3176 1963 3246 quibus
1990 3173 2044 3228 itt

2163 3208 2307 3252 τινος,
2341 3185 2543 3244 δώδεκα
2592 3186 2788 3265 ἀνδρῶν
2841 3188 3127 3264 παρόντων,
3174 3195 3326 3246 τοῦτο
3354 3190 3544 3249 πάντες
3573 3187 3761 3263 ᾅδουσι

446 3287 713 3346 mandatis
738 3294 889 3350 erat,
939 3293 1030 3349 ut,
1061 3289 1252 3336 euntes
1316 3277 1370 3332 itt
1419 3274 1678 3330 mundum
1735 3274 2045 3327 universum

451 3380 815 3454 prmdicarent
844 3375 1196 3446 Erangelium
1222 3370 1368 3426 omni
1395 3377 1680 3432 creatura},
1700 3367 1919 3435 jamque
1946 3361 2056 3419 sub

446 3476 677 3532 Neronis
707 3471 936 3542 imperio
965 3468 1205 3524 divinum
1250 3464 1408 3535 Legis
1453 3459 1780 3533 pra:conium
1826 3454 2046 3512 ultimas

444 3573 563 3629 fere
595 3569 776 3625 mundi
820 3565 1072 3637 regiones
1111 3561 1472 3632 pervasisset,
1507 3563 1567 3610 ut
1605 3555 1802 3610 Paulus
1836 3553 1901 3607 ad
1939 3551 2046 3606 lio-

449 3681 641 3722 manos
683 3665 824 3734 (cap.
859 3677 907 3727 ι,
938 3676 987 3714 υ.
1021 3657 1079 3728 8)
1119 3655 1366 3711 scribens
1401 3660 1484 3707 est
1515 3648 1851 3720 gratulatus;
1885 3646 2043 3700 innu-

448 3775 627 3814 nter-as
673 3768 890 3816 tamen,
945 3754 1111 3807 immo
1159 3750 1436 3804 nationum
1487 3759 1624 3816 pene
1671 3741 2044 3796 universarum

449 3850 772 3907 vernaculas
796 3848 905 3916 jant
944 3856 1056 3900 tnnt
1103 3843 1376 3898 exstitisse
1415 3839 1732 3900 versiones,
1766 3835 1895 3888 tnihi
1926 3849 2047 3901 per-

445 3942 700 4005 suadere,
732 3939 818 3994 vix
847 3952 911 3992 ac
941 3952 1008 3991 ne
1035 3935 1122 3989 vix
1147 3931 1363 4002 quidem
1407 3944 1646 3999 possum.
1681 3927 1866 3997 Neque
1921 3941 2046 3980 san-

445 4033 904 4091 etoruntPatrutn
953 4037 1189 4083 mentem
1237 4022 1472 4078 arbitror
1520 4029 1800 4078 assecutus
1856 4033 2046 4073 omnes

447 4128 745 4196 scriptores
784 4123 906 4178 illos
928 4163 943 4186 ,
971 4119 1096 4188 qui,
1124 4117 1189 4171 ad
1223 4124 1615 4186 prmeoncepta:
1651 4111 1922 4182 opinionis
1953 4111 2047 4166 tle-

449 4222 788 4285 lensionetn,
837 4214 1096 4272 nonnulla
1122 4209 1437 4266 eorumdem
1479 4209 1787 4263 testimonia
1837 4207 1888 4260 in
1933 4223 2046 4262 me-

445 4314 594 4369 dium
626 4310 922 4382 protulere,
955 4321 1074 4376 qua:
1116 4303 1250 4358 nihil
1292 4300 1490 4356 iaciunt
1519 4299 1585 4353 ad
1619 4315 1766 4364 rem,
1809 4297 1896 4352 vel
1926 4312 2047 4367 qua:

445 4422 582 4476 Opus
613 4404 812 4459 habent
840 4403 1016 4470 aliqua
1048 4413 1153 4453 non
1178 4394 1526 4468 hyperbolica
1567 4392 2042 4460 interpretatione.

447 4497 584 4551 Volo
615 4495 733 4558 hic,
775 4493 856 4546 vir
881 4489 1273 4553 eruditissime,
1305 4486 1609 4556 praecipuos
1640 4481 1836 4536 afferre
1868 4483 2038 4545 locos,

445 4591 499 4646 in
528 4586 724 4660 quibus
754 4585 854 4655 ipsi
887 4596 1133 4650 magnam
1159 4579 1264 4633 vim
1302 4577 1531 4648 positam
1579 4583 1804 4645 putant,
1837 4573 1931 4628 sed
1961 4583 2042 4628 ta-
2074 4558 2125 4618 Ι)

445 4699 570 4739 men
593 4680 682 4752 qui
717 4693 837 4732 meo
857 4675 1060 4746 judicio
1084 4672 1217 4726 nihil
1249 4669 1604 4726 concludunt.

450 4802 716 4859 Eusebius
754 4795 1068 4866 Pamphilus
1097 4794 1149 4848 itt
1187 4794 1445 4848 Oratione
1474 4791 1542 4845 de
1583 4788 1857 4845 Laudibus
1899 4787 2044 4844 Con-

521 4883 775 5006 ἓοιῖιὶιιί,
810 4879 954 4934 Edit.
993 4874 1230 4953 Mogunt.
1289 4886 1565 4938 naepxxu,
1599 4885 1719 4940 pag.
1778 4870 1916 4934 662,
1960 4869 2040 4923 lit.

574 4997 583 5006 .
646 4960 682 5005 l.

574 4997 583 5006 .
623 4960 682 5005 ιι.

522 5044 670 5102 Τὸδέ
703 5044 1117 5117 ἐπαγγείλασθαι,
1157 5042 1240 5093 καί
1278 5037 1412 5111 λόγῳ
1454 5037 1544 5107 μὲν
1601 5037 1778 5099 εἰπεῖν,
1829 5032 1961 5112 ἔργῳ
1988 5032 2042 5089 δὲ

449 5149 665 5199 ποιῆσαι
695 5139 876 5195 αὐτοὺς
904 5135 1073 5194 άλιέας
1114 5134 1393 5210 ἀνθρώπων
1435 5132 1520 5184 καί
1566 5128 1826 5184 τοσαύτην
1865 5129 2042 5186 αὐτοῖς

451 5240 637 5314 ἀρετήν
665 5255 719 5289 τε
750 5235 832 5286 καί
858 5229 1069 5299 δύναμιν
1093 5233 1421 5302 παρασχεῖν,
1455 5225 1522 5284 ὡς
1570 5226 1655 5277 καὶ
1690 5223 1888 5299 γραφὰς
1917 5243 2038 5276 συν-

449 5334 621 5397 τάξαι,
650 5330 737 5383 καί
776 5324 984 5397 βίϐλους
1011 5318 1355 5394 παραδοῦναι,
1387 5320 1474 5371 καί
1501 5319 1698 5376 πάντας
1729 5318 1799 5378 εἰς
1823 5321 2042 5371 τοσοῦτο

454 5430 722 5500 κρατῦναι,
763 5422 831 5479 ὡς
859 5415 966 5471 καθ’
1003 5412 1116 5473 όλης
1141 5421 1232 5472 τῆς
1264 5411 1557 5480 οἰκουμένης
1585 5412 1805 5483 παντοίᾳ
1833 5409 2044 5482 γλώσσῃ

452 5516 729 5590 Βαρϐάρων
758 5533 811 5568 τε
866 5511 950 5564 καί
974 5505 1212 5563 Ἑλλήνων
1239 5500 1700 5574 μεταϐαλλομένας.
1740 5501 1885 5573 παρά
1912 5504 2046 5552 ττάσι

449 5616 557 5669 τοῖς
583 5605 746 5661 ἔθνεσι
772 5601 1098 5677 μελετᾶσθαι.
1133 5600 1218 5651 καί
1244 5594 1582 5651 πιστεύεσθαι
1613 5593 1722 5645 θεῖα
1748 5587 1875 5646 εἶναι
1900 5591 2046 5662 λόγια

453 5701 518 5757 τά
546 5702 596 5754 ἐν
624 5699 808 5758 αὐταῖς
829 5691 1268 5764 καταϐεϐλημένα,
1309 5686 1429 5743 ὅσον
1465 5687 1536 5745 εἰς
1574 5681 1830 5748 ἀπόδειξιν
1859 5683 2044 5759 ἐναργῆ

453 5803 546 5856 τῆς
577 5793 731 5852 αὐτοῦ
758 5788 1010 5850 θεότητος.
1035 5851 1045 5859 ⁸

2153 3281 2283 3335 κατά
2302 3285 2394 3338 τήν
2422 3282 2739 3353 οἰκουμένην,
2770 3283 2859 3335 καί
2884 3282 3078 3357 χρόνος
3107 3288 3354 3342 τοσοῦτος
3382 3280 3569 3356 διῆλθε,
3609 3285 3697 3336 καί
3726 3284 3758 3341 ἠ

2150 3375 2318 3442 μνήμη
2345 3377 2440 3426 τοῦ
2484 3374 2754 3443 γενομένου
2799 3375 2890 3427 οὐκ
2933 3375 3187 3446 ἐμαράνθη
3209 3391 3221 3403 ·
3271 3375 3397 3430 ἀλλὰ
3421 3377 3510 3429 καί
3539 3376 3754 3452 Πέρσαι,

2151 3465 2237 3517 καί
2265 3461 2426 3525 Ἰνδοί,
2458 3466 2542 3518 καί
2569 3465 2771 3529 Σκῦθαι,
2799 3467 2882 3520 καί
2911 3471 3111 3540 Θρᾶκες
3130 3507 3144 3529 ,
3175 3469 3264 3522 καί
3294 3467 3646 3542 Σαυρομάται,
3669 3468 3760 3521 καί

2150 3561 2208 3615 τό
2233 3567 2334 3614 τῶν
2362 3562 2582 3637 Μαύρων
2606 3563 2772 3634 γένος,
2814 3565 2902 3616 καὶ
2933 3561 2979 3616 οἰ
3007 3565 3102 3623 τὰς
3133 3562 3436 3635 Βρετανικάς
3467 3567 3656 3623 νήσους
3682 3565 3760 3616 οἰ-

2148 3657 2372 3718 κοῦντες,
2421 3653 2480 3707 τό
2525 3653 2574 3706 ἐν
2619 3651 2838 3728 Ἰουδαίᾳ
2884 3654 3152 3726 γενόμενον
3180 3653 3339 3728 λάθρα
3364 3655 3412 3708 ἐν
3439 3655 3575 3728 οἰκίᾳ
3608 3655 3761 3731 παρά

2149 3747 2387 3817 γυναικὸς
2415 3747 2831 3820 πεπορνευμένης
2857 3749 3210 3825 περιφέρουσι.

2225 3839 2378 3903 Quod
2398 3848 2567 3893 autem
2590 3839 2831 3893 meretrix
2845 3839 3014 3894 oleum
3029 3840 3270 3911 effuderit
3290 3841 3344 3896 in
3365 3841 3518 3897 domo
3538 3841 3755 3911 leprosi,

2151 3929 2422 3984 duodecim
2451 3929 2572 3986 viris
2604 3931 2942 4001 prwsentious
2963 3973 2977 3996 ,
3011 3933 3066 3985 id
3093 3948 3183 4003 per
3211 3932 3382 3987 orbem
3411 3943 3618 3987 cantant
3645 3950 3761 3987 om-

2151 4040 2270 4090 nes,
2311 4039 2370 4076 ac
2401 4034 2516 4094 post
2547 4032 2744 4077 tantum
2776 4026 3022 4095 temporis
3069 4027 3141 4079 rei
3185 4037 3339 4097 gesta:
3368 4029 3614 4082 memoria
3653 4044 3760 4082 non

2150 4116 2398 4168 minuitur
2427 4130 2445 4168 :
2472 4115 2560 4169 sed
2592 4113 2788 4180 Persaz,
2824 4114 2968 4184 ludi,
2997 4116 3210 4187 Scytltte
3228 4159 3244 4186 ,
3273 4117 3519 4183 Thraces,
3553 4119 3763 4173 Sauro-

2151 4208 2364 4273 mathre,
2398 4207 2607 4273 Mauri,
2637 4209 2723 4276 qui
2751 4207 3081 4264 Britannicas
3104 4211 3302 4264 insulas
3320 4211 3547 4264 incolunt
3575 4252 3591 4275 ,
3614 4210 3758 4280 quod

2149 4303 2202 4355 in
2231 4299 2422 4357 Iudaea
2449 4302 2500 4355 in
2532 4302 2687 4355 domo
2709 4301 2957 4373 quadam,
2982 4319 3071 4358 nec
3092 4304 3264 4375 palam
3291 4321 3323 4358 α
3352 4305 3616 4359 meretrice
3644 4307 3762 4376 [ac-

2150 4407 2258 4449 tum
2290 4405 2363 4450 est
2391 4395 2696 4467 praedicant.

2149 4532 2206 4590 S.
2259 4534 2496 4590 Joannes
2518 4531 2939 4606 Chrysostomus
2969 4534 3196 4590 Homilia
3243 4551 3281 4591 ιι
3310 4535 3452 4606 apud
3488 4535 3626 4591 alios
3655 4552 3672 4591 ι
3702 4537 3756 4592 in

2222 4623 2559 4682 S..loannetn
2585 4627 3173 4698 Evattgclistatn,juxta
3202 4629 3336 4684 edit.
3365 4627 3716 4685 Montfaucon
3739 4670 3756 4697 ,

2227 4718 2383 4774 Tom.
2415 4735 2534 4785 vnt,
2567 4734 2689 4790 pag.
2726 4720 2815 4786 it),
2851 4719 2931 4775 lit.
2962 4721 3023 4776 Β.

2222 4854 2337 4933 'Ap'
2365 4859 2453 4911 οὐκ
2483 4856 2693 4917 εἰκότως
2717 4859 2891 4913 πάντα
2917 4857 3134 4916 ἐσϐέσθη
3167 4858 3348 4923 ἐκεῖνα,
3392 4859 3482 4912 καί
3509 4860 3761 4930 ἠφανίσθη

2151 4950 2351 5014 τέλεον;
2379 4947 2604 5014 εἰκότως,
2631 4952 2719 5003 καὶ
2747 4952 2883 5005 κατὰ
2905 4950 3048 5023 λόγον
3068 4966 3079 4976 ·
3112 4949 3216 5005 ἀλλ’
3248 4953 3306 5005 οὐ
3329 4951 3396 5006 τὰ
3421 4957 3514 5006 τοῦ
3545 4949 3756 5007 ἰδιώτου

2148 5045 2236 5096 καί
2273 5043 2619 5116 άγραμμάτου
2659 5040 2791 5102 οὔως
2816 5059 2828 5070 ’
2873 5043 2999 5097 ἀλλὰ
3026 5047 3114 5097 καί
3142 5053 3314 5122 Συροι,
3357 5045 3444 5098 καί
3472 5040 3632 5108 Ἰνδοί,
3673 5047 3761 5098 καὶ

2151 5134 2362 5209 Πέρσαι,
2387 5136 2472 5187 καὶ
2491 5133 2743 5198 Αἰθίοπες,
2773 5137 2858 5188 καὶ
2886 5136 3051 5213 μύρια
3082 5136 3237 5212 ἕτερα
3276 5133 3414 5197 ἔθνη,
3447 5135 3521 5194 εἰς
3546 5139 3638 5193 τήν
3667 5135 3765 5189 αὐ-

2151 5233 2250 5281 τῶν
2297 5226 2667 5298 μεταϐαλόντες
2711 5226 2941 5297 γλῶτταν
2981 5229 3048 5282 τά
3084 5228 3230 5303 παρὰ
3280 5228 3463 5281 τούτου
3519 5224 3763 5298 δόγματα

2153 5320 2482 5390 εἰσαχθέντα.
2512 5317 2691 5391 ἔμαθον
2718 5314 2976 5390 ἅνθρωποι
2997 5317 3252 5395 βάρϐαροι
3272 5317 3577 5391 φιλοσοφεῖν.

2222 5409 2514 5479 Postquam
2542 5411 2751 5464 locutus
2784 5409 3041 5464 l‘uitidem
3074 5409 3556 5466 SanctttsJoannes
3584 5406 3762 5479 Chry-

2147 5511 2422 5558 sostomus
2468 5502 2537 5558 tle
2579 5501 2955 5573 Pythagoricis
2985 5497 3040 5556 e't
3071 5502 3364 5558 Platonicis
3412 5501 3754 5572 disciplinis,

2151 5597 2268 5652 haec
2297 5596 2482 5651 subdit
2507 5613 2520 5650 :
2551 5595 2739 5650 Annon
2772 5597 2894 5667 jure
2924 5595 3017 5650 illa
3043 5597 3294 5651 exstincta
3323 5596 3526 5667 penitus
3564 5595 3763 5649 deleta-

2149 5704 2246 5758 que
2275 5688 2429 5742 sunt?
2462 5686 2609 5742 Certe
2638 5691 2763 5759 jure
2783 5704 2844 5740 ac
2874 5689 3076 5755 merito,
3110 5699 3164 5741 ut
3189 5688 3322 5742 ratio
3351 5687 3664 5758 postulabat.
3691 5685 3762 5740 At

2148 5795 2252 5838 non
2280 5780 2353 5836 sic
2379 5778 2495 5849 illa,
2525 5795 2638 5851 qua:
2662 5779 2731 5835 ad
2775 5779 2954 5837 rudem
2977 5780 3124 5838 illttnt
3147 5791 3198 5837 et
3228 5781 3551 5837 illitteratum
3592 5779 3760 5850 perti-
