4054 6198
382 317 484 372 103

369 519 812 593 innumeratceque
840 525 960 581 alia:
987 528 1192 599 Gentes,
1224 535 1464 606 dogmata
1488 541 1550 593 ab
1575 542 1665 594 illo
1694 519 1903 599 inducta
1921 549 1972 600 in

371 609 610 683 linguam
636 632 780 669 suam
808 624 1191 691 transferentes,
1214 624 1416 683 barbari
1445 629 1562 685 licet
1590 647 1774 701 essent,
1806 638 1976 706 philo-

370 705 590 770 sophari
616 706 926 764 didicerunt.

448 797 678 854 Sanctus
705 799 1068 876 Hieronymus
1115 808 1168 863 in
1198 811 1569 873 Commentar.
1614 819 1667 874 in
1703 823 1970 892 psalmum

367 905 585 948 Lxxxv't
615 911 628 945 :
661 893 910 954 Dominus
935 903 1163 958 narrabit
1202 905 1255 960 in
1288 907 1574 980 Scripturis
1617 917 1924 987 papulorum
1953 939 1970 974 :

367 983 424 1036 in
457 983 754 1055 Scripturis
809 990 1034 1049 Sanctis.
1068 995 1195 1062 Quae
1222 1001 1478 1072 scriptura
1504 983 1714 1075 populis
1738 1010 1970 1065 omnibus

370 1073 575 1145 legitur,
606 1077 704 1133 hoc
733 1090 827 1147 est,
862 1093 918 1137 ut
946 1101 1120 1141 omnes
1144 1089 1454 1163 intelligant.

442 1167 588 1223 Idem
621 1170 782 1226 Praei.
823 1178 876 1229 in
919 1186 1150 1245 quatuor
1200 1182 1486 1255 Evangelia
1533 1190 1596 1244 ad
1633 1192 1915 1250 Damasum
1951 1214 1963 1250 :

369 1258 721 1316 Prtetermitto
754 1265 1002 1339 (inquit)
1031 1287 1118 1325 eos
1160 1275 1383 1343 codices,
1426 1296 1554 1348 quos
1580 1299 1612 1335 a
1639 1281 1896 1351 Luciano,
1921 1300 1968 1343 et

377 1349 634 1422 Hesychia
664 1369 984 1430 nuncupatos
1008 1380 1290 1431 paucorum
1316 1368 1579 1426 hominum
1623 1377 1803 1430 asserit
1853 1397 1968 1446 per-

313 1509 330 1516 __
367 1461 515 1500 uersa
548 1451 802 1505 contentio
826 1492 840 1517 ,
867 1454 1047 1519 quibus
1071 1458 1241 1526 utique
1277 1476 1370 1515 nec
1411 1463 1465 1516 in
1495 1474 1598 1520 toto
1640 1466 1802 1523 Veteri
1843 1469 1964 1525 Ins-

364 1547 624 1593 trumenta
665 1551 778 1612 post
820 1542 964 1599 LXX
1002 1547 1299 1620 interpretes
1325 1558 1593 1612 emendare
1630 1561 1757 1630 quid
1784 1563 1960 1630 licuit,

370 1644 463 1682 nec
488 1631 541 1684 in
577 1630 728 1687 Nouo
773 1639 965 1707 profuit
993 1643 1288 1698 emendasse
1316 1661 1335 1699 :
1357 1663 1472 1700 cum
1511 1651 1790 1707 multarunt
1831 1655 1966 1711 Gen-

369 1723 496 1776 tium
521 1724 711 1797 linguis
732 1728 1006 1802 Scriptura
1025 1745 1143 1790 ante
1166 1739 1435 1810 translata,
1451 1743 1650 1812 doceat,
1676 1746 1812 1817 falsa
1831 1767 1961 1817 esse,

363 1831 480 1884 qua?
509 1818 689 1872 addita
711 1832 852 1876 sunt.
1489 1885 1501 1900 ,

437 1907 664 1964 Sanctus
693 1914 1025 1982 Augustinus
1048 1920 1139 1974 lib.
1183 1938 1217 1977 ιι
1255 1922 1322 1978 de
1347 1925 1600 1985 Doctrina
1629 1931 1956 2004 Christiana,

363 2011 485 2069 cap.
520 1999 573 2064 5,
605 2003 682 2056 ait
712 2020 724 2056 :
754 2003 838 2060 Ex
862 2024 963 2078 quo
1006 2011 1200 2080 factum
1239 2027 1346 2086 est,
1391 2029 1446 2074 at
1493 2025 1643 2078 etiam
1691 2028 1962 2101 Scriptura

359 2087 576 2157 Diuina,
603 2109 707 2164 qua
743 2099 899 2152 tantis
924 2103 1110 2157 morbis
1139 2106 1475 2166 humanarum
1499 2087 1821 2174 voluntatum.
1839 2122 1959 2176 sub-

361 2186 565 2240 uenitur
593 2227 610 2254 ,
639 2190 702 2242 ab
733 2206 837 2245 una
861 2192 1041 2267 lingua
1066 2203 1324 2270 profecta,
1357 2222 1459 2275 qua
1485 2221 1768 2282 opportune
1796 2218 1961 2284 potuit

363 2295 457 2347 per
478 2279 648 2334 orbem
669 2294 922 2340 terrarum
943 2289 1288 2360 disseminari,
1320 2314 1411 2366 per
1435 2303 1604 2357 uarias
1625 2305 1959 2377 interpretum

363 2373 568 2444 linguas
588 2375 742 2449 longe
767 2378 964 2448 lateque
989 2383 1320 2444 innotesceret
1348 2390 1592 2450 Gentibus
1617 2398 1686 2451 ad
1714 2373 1952 2456 salutem.

360 2484 428 2542 Β.
471 2487 853 2549 Theodoretus
896 2495 1159 2556 Sermone
1220 2518 1251 2556 v
1299 2504 1368 2561 de
1439 2505 1639 2565 Natura
1713 2511 1957 2571 Hominis

506 2597 627 2652 pag.
659 2579 768 2641 555
789 2627 806 2652 ,
838 2586 944 2643 Lit.
970 2589 1034 2645 Β.
1077 2592 1166 2662 D.,
1198 2594 1321 2651 Lut.
1367 2597 1538 2655 Paris.
1569 2618 1810 2663 unchu.

434 2703 572 2762 Τίνες
599 2711 690 2763 τῆς
719 2713 924 2766 Στοῖκῆς
956 2707 1199 2784 αἱρέσεως
1221 2718 1671 2787 προστατεύουσι,
1706 2722 1837 2781 τίνες
1861 2727 1955 2776 τοῦ

362 2799 681 2867 Σταγειρίτου
710 2803 802 2856 τὴν
823 2796 1155 2858 διδασκαλίαν
1174 2806 1508 2878 κρατύνουσι,
1532 2813 1662 2870 τίνες
1682 2813 1816 2866 κατὰ
1835 2815 1956 2874 τούς

361 2886 624 2949 Πλάτωνος
667 2890 1012 2949 πολιτεύονται
1054 2894 1240 2967 νόμους
1263 2937 1279 2961 ,
1326 2903 1459 2962 τίνες
1503 2908 1592 2961 τήν
1640 2904 1730 2958 ὑπ’
1767 2908 1952 2962 ἐκείνου

360 2977 737 3053 ξ-νῃραφείσαν
785 2985 1041 3041 πολιτείαν
1079 2989 1413 3057 ἡσπὰσαντος
1464 2993 1589 3050 ἀλλά
1630 2997 1825 3051 τούτων
1862 3001 1954 3070 μὲν

357 3079 456 3126 τῶν
498 3071 762 3146 δογμάτων
811 3077 985 3136 οὐδένα
1023 3079 1332 3140 διδάσκαλον
1380 3089 1501 3159 ἡμῖν
1539 3087 1781 3156 ἐπιδεῖξαι
1800 3090 1949 3152 δυνή-

358 3165 510 3218 σεσθε
534 3181 549 3192 ⁶
609 3170 762 3239 ἡμεῖς
799 3167 872 3227 ’δὲ
902 3213 918 3238 ,
963 3181 1064 3228 τῶν
1109 3177 1453 3232 ἀποστολικῶν
1499 3185 1586 3235 καί
1634 3192 1948 3259 προφητικῶν

357 3253 622 3331 δογμάτων
646 3264 705 3317 τὸ
730 3265 912 3339 κράτος
937 3263 1161 3345 ἐναργῶς
1208 3269 1552 3345 ἐπιδείκνυμεν
1570 3292 1582 3304 '
1614 3280 1765 3332 πᾶσα
1791 3279 1888 3353 γὰρ
1918 3281 1947 3337 ἡ

351 3349 556 3422 ὑφήλιος
581 3354 737 3411 τῶνδε
759 3365 858 3412 τῶν
883 3360 1040 3434 λόγων
1067 3364 1327 3426 ἀνάπλεως
1355 3382 1367 3396 ⁶
1403 3371 1488 3422 καὶ
1507 3371 1537 3427 ἡ
1555 3367 1803 3446 Ἐϐραίων
1818 3379 1950 3445 φωνή

353 3442 414 3496 οὗ
439 3445 587 3515 μόνον
611 3448 682 3507 εἰς
709 3453 800 3508 τήν
837 3448 1077 3510 Ἐλλήνων
1124 3457 1427 3526 μετεϐλήθη,
1476 3460 1600 3515 ἀλλὰ
1647 3466 1729 3518 καί
1761 3466 1831 3526 εἰς
1858 3471 1947 3525 τήν

352 3531 608 3606 Ῥωμαίων
642 3542 728 3594 καί
748 3542 1038 3614 Αἰγυπτίων
1075 3549 1159 3601 καὶ
1188 3557 1387 3622 Περσῶν
1416 3555 1503 3606 καὶ
1531 3551 1697 3609 Ἰνδῶν
1725 3559 1811 3610 καί
1835 3555 1948 3633 ’ᾼρ-

348 3631 532 3696 μενίων
553 3633 637 3686 καί
655 3635 847 3688 Σκυθῶν
868 3639 953 3691 καί
973 3647 1332 3716 Σαυροματῶν,
1353 3645 1435 3697 καί
1452 3644 1738 3705 συλλήϐδην
1760 3649 1943 3717 εἰπεῖν,

350 3723 425 3780 εἰς
448 3724 627 3786 πάσας
652 3727 739 3787 τὰς
765 3728 1000 3801 ’γλώττας
1017 3771 1031 3796 ,
1061 3727 1142 3791 αἶς
1181 3731 1387 3790 ἅπαντα
1410 3738 1476 3791 τὰ
1501 3734 1616 3795 ἔθνη
1649 3742 1944 3816 κεχρημένοι

349 3811 594 3872 διατελεῖ.

420 3908 646 3974 Quinam
671 3910 820 3968 hodie
840 3922 988 3968 sectte
1027 3914 1219 3971 Stoica:
1239 3919 1515 3987 prtesident
1539 3961 1552 3984 ,
1580 3920 1789 3990 quinam
1816 3922 1938 3978 Sta-

347 4005 510 4074 girita:
555 4008 845 4063 doctrinam
872 4018 1076 4064 tuentur
1101 4053 1116 4078 ,
1168 4011 1254 4067 ubi
1284 4025 1402 4068 sunt
1431 4016 1517 4085 qui
1555 4017 1622 4070 ad
1648 4018 1784 4090 leges
1813 4017 1941 4074 Pla-

352 4097 478 4151 tonis
516 4098 750 4155 civitates
776 4101 1076 4173 gubernent,
1103 4105 1188 4176 qui
1218 4107 1562 4180 conscriptam
1589 4111 1652 4164 ab
1683 4128 1741 4167 eo
1767 4113 1939 4183 reipu-

349 4189 488 4247 blica:
517 4196 745 4262 formam
773 4197 1001 4266 amplexi
1029 4197 1177 4252 sint?
1215 4201 1279 4252 At
1313 4201 1512 4256 nullam
1542 4207 1772 4276 profecto
1810 4207 1938 4280 dag-

352 4294 533 4337 matum
562 4285 781 4338 istorum
808 4286 1062 4342 doctorem
1090 4289 1233 4344 nobis
1252 4293 1514 4349 ostendere
1545 4297 1793 4364 poteritis.
1823 4298 1938 4356 Nos

347 4383 510 4427 autem
528 4375 672 4430 vobis
694 4392 1034 4435 srosrouca;
1052 4396 1502 4450 PROPHETtCAEQUI-Z
1529 4402 1809 4445 nocueras:
1835 4393 1935 4445 vim

342 4475 390 4520 et
407 4467 562 4522 robur
584 4471 856 4541 manifeste
879 4475 1212 4529 ostendimus.
1243 4475 1495 4534 Universa
1518 4483 1673 4548 enim,
1702 4500 1816 4554 quaz
1843 4485 1936 4539 sub

342 4561 445 4613 sole
482 4570 556 4616 est
594 4572 730 4616 terra
762 4563 842 4617 Itis
870 4567 1186 4621 sermonibus
1224 4569 1416 4639 referta
1452 4582 1544 4626 est.
1571 4571 1640 4627 Et
1680 4573 1936 4631 Hebraica

341 4653 535 4724 lingua,
553 4654 663 4727 (καί
684 4658 713 4715 ἡ
732 4657 948 4734 έϐραίων
957 4660 1139 4733 φωνή),
1155 4676 1256 4715 non
1277 4663 1331 4715 in
1352 4662 1644 4719 Graecorum
1657 4667 1808 4721 modo
1829 4669 1931 4723 lin-

338 4763 487 4817 guam
503 4764 648 4802 uersa
657 4759 753 4815 est,
769 4749 860 4803 sed
871 4750 1020 4804 etiam
1032 4754 1085 4804 in
1098 4751 1468 4821 Romanorum,
1483 4753 1927 4828 etzEggptiorum,

339 4835 736 4910 Persarumque,
761 4850 807 4894 et
829 4839 1102 4908 Indorum,
1135 4853 1179 4897 et
1206 4843 1542 4902 Armenorum
1566 4891 1582 4916 ,
1612 4857 1660 4903 et
1701 4849 1927 4921 Scytha-

338 4946 449 4986 rum
497 4950 557 4986 ac
585 4933 946 4988 Sarmatarum
965 4977 978 5000 ,
1025 4946 1175 5008 atque
1200 4949 1255 4993 ut
1285 4943 1444 4994 semel
1481 4943 1648 4996 dicam
1674 4985 1690 5011 ,
1739 4946 1792 4999 in
1827 4947 1928 5000 lin-

335 5039 460 5093 guas
509 5041 685 5079 omnes
712 5067 727 5093 ,
774 5025 956 5098 quibus
999 5028 1066 5081 ad
1116 5029 1249 5084 lianc
1293 5033 1428 5086 diem
1474 5032 1726 5091 Nationes
1769 5047 1924 5092 utun-

341 5123 441 5170 tur.

336 5225 389 5284 8.
419 5229 740 5296 Anastasius
769 5231 972 5288 Sinaita
1002 5233 1054 5289 in
1085 5234 1226 5291 libro
1252 5276 1266 5301 ,
1299 5236 1388 5306 qui
1420 5237 1736 5297 inscribitur
1761 5284 1774 5310 ,
1804 5241 1924 5303 ὁδη-

604 5311 606 5314 ’
761 5325 878 5400 γὸς,
921 5323 1024 5381 Vite
1049 5327 1174 5392 dum,
1206 5341 1328 5398 cap.
1357 5345 1491 5386 xm.

407 5437 590 5492 οὐκοῦν
615 5441 795 5499 πίστις
825 5439 1129 5517 ἀπερίεργος
1156 5442 1296 5498 ἐστιν
1324 5441 1350 5498 ὁ
1381 5445 1802 5520 χριστιανισμὸς,
1835 5449 1920 5504 καὶ

323 5521 462 5594 dies,
492 5531 539 5583 ἐν
566 5529 810 5590 ἁπλότητι
865 5535 952 5587 καὶ
989 5533 1220 5594 εὐθύτητι
1265 5535 1476 5611 καρδίας
1519 5537 1788 5610 δέχεσθαι,
1831 5545 1919 5598 καὶ

327 5623 522 5678 ἀκούειν
563 5629 744 5681 πᾶσαν
783 5631 1001 5702 γραφήν,
1034 5633 1120 5684 καί
1142 5630 1370 5702 μάλιστα
1393 5635 1488 5694 τὰς
1515 5631 1874 5697 διδασκαλικοὶς
1899 5655 1914 5670 '

326 5716 379 5770 αί
406 5719 498 5787 μὲν
543 5721 647 5791 γὰρ
696 5719 1035 5793 εὐαγγελικαὶ,
1085 5726 1173 5778 καί
1215 5725 1546 5782 ἀποστολικαί
1594 5724 1800 5801 οἴδαμεν
1840 5726 1918 5784 ὅτι

322 5810 580 5871 ἀνόθευτοί
606 5814 726 5866 εἰσί.
771 5848 786 5864 .
832 5849 846 5864 .
893 5852 905 5864 .
951 5852 963 5866 .
1014 5857 1024 5868 .
1072 5855 1082 5866 .
1131 5855 1142 5867 .
1190 5857 1201 5869 .
1245 5815 1324 5874 ὅτι
1343 5817 1651 5884 διαδοθέντος
1679 5825 1765 5880 καί
1787 5842 1919 5898 γροτ-

766 5905 1044 5968 Ρηιιυι..
1097 5907 1238 5971 ΧΠ.

1140 326 1474 388 EPISTOLA
1517 335 1882 396 BLANClllNl
1923 341 2014 397 AD
2056 343 2440 406 EPISCOPUM
2482 354 2927 418 GUllCENSEM.

374 439 493 483 nent
526 446 544 482 :
578 445 751 485 verum
779 431 922 504 Syri,
958 436 1218 510 zEgyptii,
1254 442 1393 507 Indi.
1430 446 1622 514 Perseu,
1653 451 1929 524 .Etltiopes
1956 496 1968 519 ,
2005 464 2046 521 Α
2081 461 2255 531 φέντος·

3566 386 3668 442 i013

2283 472 2373 520 τοῦ
2405 469 2692 543 εὐαγγελίου
2722 477 2773 530 ἐν
2801 486 2910 538 τοῖς
2941 485 3208 555 γράμμασι
3242 498 3340 544 τῶν
3367 494 3669 569 ἐϐδομήκονο

2076 573 2142 608 τα
2169 552 2261 609 δύο
2290 558 2558 628 γλωσσῶν,
2590 569 2677 619 καί
2699 569 2867 635 ἐθνῶν,
2895 570 3146 632 ἀδύνατόν
3172 582 3286 638 ἔστι
3313 585 3662 667 ῥαδιουργίαν,

2083 642 2102 663 ηι
2205 648 2214 664 ο
2402 651 2419 667 ι
2595 656 2615 667 Α
2639 661 2647 667 -
2783 661 2795 667 ·

3313 642 3324 658 ι
3441 642 3450 644 '
3473 642 3480 643 7
3494 642 3518 667 Γ
3535 642 3552 666 Ι
3567 642 3636 648 "ﬂ
3649 642 3662 659 ⁷

2075 642 2105 702 ἧ
2131 648 2360 717 μείωσιν,
2393 651 2423 711 ἦ
2453 656 2741 728 προσθήκην
2769 661 3066 734 ὑπομεῖναι,
3088 671 3242 726 αὑτῶ.
3267 672 3365 749 Κᾷν
3392 683 3490 756 γὰρ
3521 691 3665 754 μιᾶς,

2083 735 2100 754 ἢ
2233 743 2242 756 ι
2303 739 2327 756 δ
2431 745 2441 756 ι
2613 749 2628 756 ⁸
2659 752 2667 756 ‘

3317 736 3326 749 ι
3398 735 3412 751 σ
3459 735 3469 756 ι
3521 735 3663 754 t”""'

2074 735 2104 795 ἦ
2162 743 2245 794 καὶ
2297 739 2542 821 δευτέρας
2581 749 2808 821 γλώττης
2854 756 3168 833 ἐπεχείρησέ
3211 787 3288 826 τις
3332 770 3567 828 νοθεῦσαι
3601 781 3663 831 τὰ

2074 827 2269 900 βιϐλία,
2320 836 2572 909 ἠλέγχετο
2617 843 2758 903 εὐθὺς
2801 846 2905 901 ὑπο
2960 857 3058 904 τῶν
3113 850 3269 911 ἄλλων
3319 859 3666 936 ἐϐδομήκοντα

2105 919 2123 936 ,
2261 930 2282 936 _
2361 929 2372 936 _
2418 927 2430 936 ,
2476 927 2498 936 _
2661 935 2664 936 ,

2070 919 2317 991 γλωσσῶν
2345 929 2376 984 ἡ
2399 927 2702 1005 ραδιουργία
2729 936 2883 997 αὕτη.

2143 1012 2316 1084 Igitur
2337 1019 2466 1086 fides
2492 1022 2898 1084 Christianorum
2924 1045 2995 1088 est
3018 1036 3298 1110 incuriosa,
3329 1045 3381 1100 in
3410 1050 3636 1120 simplici
3652 1087 3664 1094 -

2072 1111 2193 1173 tate,
2227 1117 2272 1162 et
2295 1112 2598 1168 rectitudine
2637 1120 2806 1174 cordis
2849 1131 3005 1179 totam
3049 1127 3294 1186 Divinam
3337 1138 3661 1211 Scripmram

2071 1200 2297 1268 recipere
2324 1217 2566 1260 consueta
2597 1251 2611 1274 ,
2637 1213 2855 1268 maxime
2878 1231 2995 1272 vero
3041 1222 3329 1278 doctrinam
3353 1247 3384 1282 a
3419 1230 3660 1291 I’atribus

2071 1292 2330 1351 traditam.
2367 1295 2512 1352 Dicta
2552 1303 2684 1356 enim
2718 1305 3027 1378 Evangelica
3066 1327 3110 1368 et
3150 1323 3432 1388 apostolica
3476 1330 3662 1385 scimus

2072 1386 2346 1440 universim
2394 1390 2665 1459 depravari
2691 1414 2790 1451 non
2811 1417 3055 1471 posse....
3086 1424 3142 1460 eo
3165 1412 3301 1478 quod
3331 1412 3664 1488 Evangelium

2070 1481 2396 1546 septuaginta
2423 1482 2643 1538 duarum
2677 1488 2969 1559 linguarum
2993 1505 3038 1548 et
3071 1498 3309 1556 Gentium
3335 1481 3517 1563 litteris
3541 1528 3658 1566 con-

2067 1569 2325 1638 signatum
2347 1575 2431 1627 sit.
2489 1577 2661 1644 Quare
2707 1583 2820 1650 ﬁeri
2865 1589 3071 1658 nequit,
3115 1603 3169 1647 ut
3199 1595 3281 1649 uel
3307 1597 3658 1672 detractione,

2066 1660 2144 1712 uel
2183 1663 2448 1720 additione
2475 1684 2506 1719 a
2535 1671 2798 1728 sceleratis
2838 1693 3214 1752 corrumpatur.
3243 1685 3383 1744 Nunt
3406 1693 3522 1747 licet
3548 1660 3659 1764 quis

2065 1753 2221 1807 unius
2243 1758 2320 1810 uel
2346 1759 2557 1814 alterius
2585 1763 2776 1836 lingua:
2819 1768 2973 1825 libros
3002 1776 3193 1844 falsare
3220 1795 3528 1852 conaretur;
3562 1789 3657 1844 im-

1995 1857 2039 1916 Β
2067 1844 2292 1913 probitas
2309 1857 2478 1906 tamen
2508 1853 2960 1930 istaldetegeretur,
2985 1874 3030 1918 et
3053 1869 3443 1941 redargueretur
3459 1877 3522 1931 ab
3541 1879 3659 1935 aliis

2061 1941 2383 2010 septuaginta
2413 1945 2622 2016 linguis.

2135 2030 2472 2092 Venerabilis
2502 2039 2646 2096 Beda
2692 2043 2789 2099 lib.
2819 2061 2838 2100 t
2891 2048 3027 2104 Hist.
3062 2054 3380 2129 Anglorum,
3416 2077 3535 2134 cap.
3580 2065 3603 2121 l
3636 2084 3647 2120 :

2063 2121 2338 2182 Britannia
2364 2130 2416 2183 in
2448 2136 2688 2201 praesenti
2706 2140 2863 2208 juxta
2895 2158 3162 2200 numerant
3183 2149 3448 2217 librorum,
3473 2157 3652 2226 quibus

2062 2214 2172 2271 Lex
2198 2217 2389 2276 Divina
2415 2226 2606 2295 scripta
2626 2239 2721 2295 est,
2755 2234 2976 2303 quinque
3013 2237 3248 2294 Gentium
3279 2244 3468 2316 linguis
3497 2265 3652 2303 unum

2059 2311 2385 2383 eamdemque
2404 2332 2614 2373 summa’
2633 2322 2873 2390 veritatis,
2905 2344 2964 2380 ac
2986 2345 3117 2385 uerte
3135 2333 3463 2393 sublimitatis
3486 2343 3650 2396 sticn-

2060 2402 2185 2456 tiam
2227 2416 2521 2476 scrutatur,
2580 2421 2630 2464 et
2681 2415 2949 2483 conﬁtetur
2981 2436 2999 2472 :
3047 2423 3328 2493 Anglorum
3379 2429 3646 2497 videlicet,

2059 2491 2331 2548 Britonum
2355 2538 2369 2562 ,
2398 2498 2670 2554 Scotorum
2696 2545 2708 2568 ,
2745 2503 3019 2561 Pictonum
3071 2522 3116 2564 et
3165 2511 3469 2570 Latinorum
3495 2560 3509 2585 ,
3535 2537 3648 2591 qua:

2057 2587 2386 2644 meditatione
2428 2592 2817 2660 Scriptnrarum
2867 2604 3061 2658 creteris
3108 2608 3344 2678 omnibus
3390 2621 3463 2666 est
3510 2615 3648 2683 facta

2055 2680 2359 2735 communis.
2391 2681 2550 2737 Nullo
2581 2685 2632 2739 Η
2664 2687 2890 2745 artiﬁcio
2922 2691 3242 2763 (conversam
3272 2701 3469 2756 scilicet
3492 2707 3649 2774 fuisse

2058 2767 2644 2850 SacramScripturam)
2670 2795 2736 2835 ex
2769 2781 2927 2838 Beda:
2968 2788 3150 2844 verbis
3180 2793 3360 2852 citatis
3400 2813 3488 2852 me
3536 2804 3647 2856 col-

2058 2859 2228 2930 ligere
2275 2880 2432 2933 posse
2461 2867 2636 2924 fateor
2659 2911 2672 2934 ,
2703 2871 2873 2940 inquit
2903 2876 3167 2936 llenricus
3208 2881 3472 2944 Warthon
3522 2909 3642 2962 pag.

2055 2951 2165 3008 466
2188 2959 2420 3012 Auctarii
2451 2959 2518 3015 de
2547 2961 2728 3018 Sacris
2751 2965 2950 3038 Script.
2986 2977 3310 3031 vernaculis.

2128 3044 2229 3112 En,
2264 3051 2459 3116 pra-sul
2489 3051 2820 3124 doctissime,
2867 3062 3135 3131 praecipua
3166 3070 3492 3140 testimonia,
3523 3094 3643 3147 quae

2058 3148 2338 3205 perperam
2363 3142 2636 3199 intellecta
2659 3188 2672 3214 ,
2705 3149 2786 3202 vel
2821 3151 3043 3208 nimium
3068 3170 3280 3227 vexata,
3316 3178 3344 3215 a
3376 3169 3646 3225 nonnullis

1975 3234 2019 3297 ς
2054 3229 2342 3285 neotericis
2371 3231 2672 3292 atteruntur
2698 3280 2713 3305 ,
2745 3240 2811 3294 ad
2846 3247 3191 3303 asserendam
3244 3250 3388 3309 illam
3439 3259 3646 3315 versio-

2055 3332 2182 3374 num
2213 3327 2654 3384 numerositatem
2696 3331 2750 3386 in
2789 3333 3079 3404 Gentibus,
3111 3357 3231 3410 qua:
3263 3361 3363 3402 nec
3388 3347 3640 3418 suffragio

2052 3410 2241 3466 nititur
2289 3415 2668 3486 antiquorum,
2717 3438 2818 3478 nec
2869 3432 3352 3502 manuscriptorum
3396 3441 3641 3499 codicum

2049 3685 2208 3743 Patre
2234 3689 2311 3746 Le
2341 3687 2493 3765 Long
2537 3696 2661 3751 bina
2693 3714 2758 3754 ex
2786 3700 2843 3755 S.
2869 3701 3076 3760 Joanne
3097 3707 3509 3782 Cbrysostomo,
3533 3727 3640 3774 lcr-

2047 3779 2181 3835 tium
2204 3798 2269 3837 ex
2300 3783 2645 3844 Theodoreto
2664 3831 2678 3854 ,
2707 3802 2954 3862 quartum
2998 3813 3062 3853 ex
3107 3779 3411 3861 Venerabili
3454 3779 3594 3865 Bctla
3621 3855 3637 3880 ,

2045 3887 2166 3942 quae
2194 3890 2261 3930 ne
2289 3878 2550 3935 versionis
2571 3882 2792 3954 quidem
2818 3889 3090 3958 pepularis
3115 3897 3445 3955 mentionem
3476 3904 3636 3960 ullam

2044 3962 2267 4021 faciunt.
2302 3966 2383 4024 Ad
2431 3976 2757 4039 secundum,
2789 3977 2892 4033 alia
2922 3980 3030 4037 duo
3055 3999 3120 4040 ex
3171 3985 3229 4044 8.
3263 3990 3592 4066 Hieronymo
3619 4041 3632 4065 ,

2043 4065 2100 4113 et
2137 4061 2352 4116 tertium
2394 4078 2461 4119 ex
2501 4064 2820 4138 Augustino.
2873 4071 3066 4130 Multas
3106 4079 3320 4148 quidem
3364 4061 3488 4141 inde
3519 4061 3636 4143 rer;

2041 4151 2225 4206 siones
2254 4154 2498 4210 nonnulli
2523 4158 2804 4230 colligunt.
2831 4161 2962 4221 Esto
2987 4165 3095 4222 illis
3119 4173 3448 4242 temporibus
3471 4183 3638 4234 essu-

2045 4241 2209 4298 terint
2253 4246 2499 4314 plurima:
2528 4250 2642 4306 sive
2673 4251 2895 4320 Graios),
2930 4259 3042 4313 sive
3071 4260 3302 4331 Latium,
3335 4276 3443 4323 tum
3472 4275 3633 4329 etiam

2042 4331 2258 4406 Syriaca
2284 4378 2298 4404 ,
2347 4349 2452 4394 etc.
2482 4356 2667 4397 verum
2711 4347 2880 4402 tunlto
2922 4350 3130 4408 minore
3176 4372 3434 4429 numero,
3467 4380 3628 4435 quam

2039 4434 2172 4495 quot
2200 4443 2264 4483 ex
2294 4429 2376 4484 bis
2406 4431 2538 4487 locis
2570 4434 2761 4492 volunt
2788 4438 2994 4496 inferri.
3043 4445 3124 4500 Ad
3173 4429 3503 4519 postremum
3537 4461 3628 4515 dc-

2039 4517 2200 4588 nique
2250 4523 2557 4580 testimonia
2589 4526 2870 4600 desumpta
2898 4548 2965 4588 ex
2997 4517 3233 4596 Eusebio
3262 4540 3623 4615 Caesareensi,

1959 4621 2012 4681 D
2039 4617 2093 4664 et
2119 4610 2408 4670 AnaSIasio
2437 4617 2641 4694 Sinaita
2679 4637 2692 4673 :
2716 4622 2810 4677 sed
2844 4639 2949 4679 non
2981 4627 3108 4685 inde
3131 4634 3416 4691 coniicitur
3438 4679 3452 4702 ,
3482 4610 3621 4709 quod

2037 4700 2178 4757 velle
2217 4704 2468 4763 videntur
2496 4709 2573 4764 illi
2601 4713 2927 4782 scriptores,
2962 4720 3214 4791 quodque
3240 4727 3375 4781 ratio
3396 4700 3620 4788 credere

2033 4805 2141 4847 non
2173 4794 2344 4863 sinit,
2400 4799 2600 4857 nullam
2630 4802 2757 4875 ﬁngi
2792 4821 2950 4876 posse
2997 4812 3270 4870 nationem
3300 4816 3620 4881 Christianis

2030 4884 2289 4944 imbutam
2314 4889 2597 4962 doctrinis,
2630 4896 2681 4951 in
2706 4899 2864 4968 cujus
2894 4901 3090 4957 idioma
3123 4914 3297 4963 textus
3326 4925 3479 4968 sacer
3511 4932 3616 4973 non

2028 4978 2194 5038 fuerit
2217 4984 2529 5042 translatus.
2554 4987 2758 5046 Auctor
2780 4993 3110 5062 praelationis
3128 4997 3424 5060 Bibliorum
3455 5007 3547 5063 Pol
3554 5026 3616 5080 y-

2031 5073 2323 5145 glottorum
2370 5078 2756 5138 Parisiensium
2787 5124 2805 5151 ,
2852 5094 3094 5144 autumat
3138 5096 3410 5155 exstitisse
3458 5104 3544 5157 vel
3583 5121 3616 5161 a

2030 5169 2362 5238 temporibus
2392 5170 2448 5226 S.
2478 5171 2797 5246 Hieronymi
2825 5177 3112 5238 Arabicam
3143 5185 3380 5259 aliquam
3412 5198 3618 5250 versio-

2028 5273 2155 5316 nem
2185 5259 2443 5317 librorum
2474 5267 2828 5333 quorumdam
2852 5270 3030 5328 Sacra:
3061 5275 3354 5350 Scriptum
3378 5326 3392 5350 ,
3421 5285 3474 5339 in
3505 5292 3617 5357 pri-

2027 5352 2131 5407 mis
2180 5352 2302 5408 libri
2331 5353 2452 5411 Job.
2485 5354 2681 5414 Scribit
2706 5361 2849 5416 enim
2883 5379 2896 5417 :
2927 5363 3068 5421 Hinc
3092 5373 3367 5428 maximam
3405 5387 3613 5434 mutua-

2025 5451 2109 5498 tur
2131 5445 2624 5504 commendationem
2654 5493 2668 5516 ,
2708 5454 2863 5518 quod‘
2884 5459 3050 5512 sancti
3090 5461 3394 5534 Hieronymi
3423 5477 3614 5530 steculo

2023 5537 2233 5609 quidam
2258 5555 2285 5593 e
2313 5538 2495 5594 Sacris
2524 5541 2729 5599 Litteris
2769 5548 2864 5602 Itac
2893 5548 3070 5622 lingua
3100 5553 3405 5629 (Arabica)
3433 5567 3613 5637 scripti

2020 5633 2385 5700 reperirentur,
2408 5651 2623 5704 quorum
2650 5640 2844 5694 auxilio
2864 5641 3047 5694 librum
3072 5642 3172 5696 Job
3202 5645 3253 5700 in
3284 5654 3616 5726 septingentis

2021 5724 2200 5796 ferme,
2232 5739 2280 5782 et
2307 5730 2605 5800 octingentis
2627 5736 2866 5799 versibus,
2905 5745 2958 5789 ut
2987 5753 3051 5791 ea:
3077 5743 3295 5810 pra'fia'a
3337 5751 3453 5804 huic
3482 5755 3611 5814 libro

2017 5819 2319 5890 prwfationc
2353 5824 2684 5895 manifestum
2705 5835 2796 5894 est,
2830 5827 3069 5884 restituit.
3098 5832 3177 5889 lin
3203 5835 3260 5892 S.
3296 5837 3606 5920 Hieronymi

3088 5919 3127 5984 lt
