4054 6198
423 322 527 380 107

1808 296 2177 359 PROLEGOM
2186 296 2311 356 ENA
2326 334 2339 356 .

3602 292 3708 353 108

422 437 588 502 verba
630 451 642 491 :
670 382 800 490 licet:
827 413 995 486 autem
1018 428 1237 500 (nostra
1262 423 1282 496 )
1310 419 1583 477 translatio
1610 419 1809 474 nullum
1838 416 1901 471 de
1928 431 2013 502 υθέ
2041 418 2092 476 Α
2121 412 2361 468 tissimus
2379 410 2457 468 Le
2472 410 2621 481 Long
2640 420 2761 502 cap.
2778 406 2816 462 2
2845 404 2983 463 Bibl.
3012 405 3197 464 Sacrae
3217 419 3340 502 pag.
3377 404 3709 502 militum-

431 500 617 587 teribns
657 525 883 597 sequitur
923 523 1289 590 interpretem;
1333 514 1425 570 sed
1470 529 1533 568 ex
1570 513 1682 581 ipso
1724 509 2014 575 Hebraico,

432 621 776 689 Arabicoque,
806 624 851 670 et
878 609 1137 669 interdum
1169 608 1327 679 Syro,
1360 622 1494 660 nunc
1541 603 1710 669 verba,
1739 618 1874 656 nunc
1902 616 2018 654 sen-

435 729 542 780 sus,
577 725 712 764 nunc
731 704 882 762 simul
917 711 1188 770 utrumque
1207 697 1482 753 resonabit.
1513 694 1618 750 Sed
1647 695 1780 750 scite
1803 689 2018 747 Walto-

436 814 537 858 nus
586 798 882 870 prolegom.
934 794 1022 855 14.
1056 793 1084 865 ς
1116 790 1178 846 17
1215 809 1229 845 :
1288 788 1409 844 Non
1440 788 1686 859 loquitur,
1714 785 1907 855 inquit,
1938 783 2023 836 hic

442 896 661 950 Sanctus
688 888 780 944 illo
806 887 917 942 loco
947 884 1010 939 de
1037 882 1264 938 versione
1292 881 1466 949 aliqua
1490 876 1733 942 Arabica,
1766 875 1883 929 licet
1911 875 2023 947 ejus

437 983 586 1040 verba
617 981 781 1052 primo
805 986 1015 1048 aspectu
1041 975 1142 1030 tale
1164 972 1287 1045 quid
1321 974 1532 1026 innuere
1555 970 1791 1024 videntur
1819 983 1838 1022 :
1860 966 2026 1035 loqui-

439 1087 521 1132 tur
544 1076 701 1140 enim,
725 1083 778 1127 ut
806 1071 955 1127 verba
972 1073 1080 1143 ejus
1105 1065 1559 1141 penitiusintuenti
1577 1064 1754 1134 liquet,
1777 1063 1839 1117 de
1860 1070 2027 1115 trans-

443 1171 635 1226 latione
652 1184 745 1223 sua
760 1165 970 1231 Latina,
998 1179 1149 1234 quam
1178 1178 1241 1216 ex
1271 1159 1487 1214 Hebrazo
1512 1159 1833 1223 traduxerat,
1862 1155 2027 1213 ethoc

448 1270 647 1318 tantum
684 1259 883 1321 innuit,
916 1257 969 1310 in
996 1255 1126 1311 libro
1151 1252 1250 1307 Job
1299 1250 1552 1307 Hebraico
1581 1247 1831 1304 vocabula
1867 1246 2030 1302 multa

446 1353 665 1409 Arabica
690 1363 975 1405 occurrere.
1490 1414 1512 1422 φ

520 1442 881 1511 EthiOpicam
910 1451 1123 1510 quoque
1167 1434 1459 1491 Bibliorum
1482 1433 1787 1489 versionem
1808 1431 1901 1504 (ab
1928 1430 2029 1486 ho-

445 1539 632 1596 dierna
679 1533 1009 1603 diversam),
1043 1529 1375 1601 temporibus
1401 1527 1770 1598 apostolorum
1803 1524 2033 1580 adorna-

452 1641 559 1688 tam
588 1627 757 1684 fuisse
788 1624 1029 1696 plerique
1058 1621 1349 1691 scriptores
1376 1626 1744 1675 asseruerunt.
1769 1617 1875 1672 Eos
1896 1617 2037 1671 inter

448 1722 639 1780 Petrus
668 1718 853 1775 Victor
879 1712 1169 1788 Cajetanus
1191 1755 1205 1780 ,
1233 1710 1485 1783 Paradig.
1518 1710 1582 1764 de
1608 1710 1783 1781 lingua
1824 1706 2037 1762 ΑΞιὴἱο-

2122 505 2266 561 modi
2288 504 2536 573 auctori,
2581 502 2670 573 qui
2719 500 2968 558 ducentis
3006 507 3063 555 et
3102 499 3339 571 amplius
3389 500 3544 555 annis
3587 509 3711 570 post

2121 596 2491 669 Chrysostomi
2521 594 2727 663 obitum
2772 606 2861 648 res
2901 592 2970 648 ab
2998 592 3117 663 ipso
3158 601 3342 666 gestas
3360 592 3568 663 absque
3601 592 3712 648 ullo

2123 699 2365 744 veterum
2387 694 2735 742 monumento
2760 685 3072 757 descripsit,
3107 684 3240 740 lldcs
3267 694 3351 740 est
3374 683 3624 739 habenda
3645 683 3671 736 ἲ
3688 702 3711 737 s

2122 781 2388 850 Quoniam
2414 795 2545 835 vero
2589 778 2681 833 alii
2728 777 2917 832 volunt
2951 819 2967 845 ,
3026 777 3194 833 Biblia
3237 777 3451 833 Veteris
3486 785 3542 832 et
3582 775 3717 833 Novi

2127 872 2455 929 Testamenti
2482 886 2554 926 ex
2587 868 2778 926 Graaco
2800 869 3057 925 idiomate
3078 869 3130 924 in
3157 867 3452 925 Armenum
3480 882 3510 924 a
3534 870 3720 941 Moyse

2124 963 2517 1030 Grammatice,
2552 961 2757 1017 Davide
2792 961 3118 1032 philosopho
3142 1002 3158 1028 ,
3196 969 3254 1016 et
3283 961 3576 1030 Mamprxo
3617 961 3719 1015 Ar-

2130 1059 2302 1113 menis
2330 1056 2471 1111 circa
2492 1064 2732 1125 tempora
2749 1052 2971 1108 Arcadii
2996 1053 3340 1123 imperatoris
3356 1054 3523 1108 fuisse
3547 1062 3725 1109 trans-

2108 1149 2260 1216 .lata,
2289 1147 2571 1202 audiamus
2600 1146 2884 1202 sententia:
2911 1145 3071 1216 hujus
3100 1153 3373 1211 auctores,
3402 1160 3540 1215 quos
3578 1145 3722 1201 idem

2131 1240 2206 1297 Le
2228 1239 2377 1311 Long
2406 1239 2604 1310 allegat
2635 1256 2648 1291 :
2679 1237 2794 1291 Hac
2844 1238 3021 1292 eadem
3045 1247 3340 1309 tempestate
3365 1236 3596 1309 (scilicet
3621 1238 3725 1294 Ar-

2133 1333 2269 1390 cadii
2306 1328 2692 1402 imperatoris)
2720 1332 2896 1401 ﬂoruit
2943 1332 3098 1386 etiam
3151 1332 3207 1385 in
3248 1331 3492 1386 Armenia
3524 1332 3729 1387 celeber

2133 1427 2343 1499 quidam
2387 1424 2652 1480 Heremita
2675 1465 2690 1488 ,
2725 1425 2890 1478 dictus
2920 1423 3188 1478 Mesrobus
3213 1464 3229 1491 ,
3271 1425 3351 1478 rir
3378 1426 3528 1495 plane
3556 1427 3732 1480 erudi-

2135 1521 2376 1588 tissimus,
2400 1519 2669 1590 etingenio
2688 1519 2974 1589 perspicax,
3002 1520 3220 1589 quicum
3245 1519 3603 1588 Armenarum,
3621 1530 3734 1576 tum

2139 1612 2414 1670 lberarum
2458 1627 2658 1683 quoque
2684 1612 2971 1666 litterarum
2998 1610 3316 1667 characteres
3348 1613 3735 1668 accuratissime

2139 1706 2335 1775 primus
2364 1705 2633 1775 expressit,
2662 1720 2723 1759 ac
2754 1705 2973 1773 posteris
3002 1704 3268 1775 singulare
3295 1705 3392 1759 ltoc
3410 1705 3734 1773 beneﬁcium,

446 1820 568 1891 pica
591 1859 607 1883 ,
633 1831 753 1887 pag.
784 1812 915 1880 160,
946 1813 1034 1868 ubi
1060 1812 1166 1866 ait:
1198 1811 1434 1865 Primum
1459 1807 1665 1879 quidem
1690 1804 1753 1858 de
1776 1804 1919 1858 illius
1944 1818 2045 1856 an-
2073 1807 2121 1868 B
2149 1812 2246 1866 quo
2266 1805 2348 1891 tot,
2370 1794 2871 1891 transactis-staculis
2898 1811 3072 1891 eorum
3119 1799 3343 1869 majores
3363 1805 3596 1864 expertes
3619 1800 3737 1891 fue-

448 1910 677 1982 tiquitate
721 1925 821 1964 non
852 1917 923 1962 est
967 1905 1103 1977 quod
1131 1903 1453 1968 dubitemus;
1490 1900 1699 1972 quando
1728 1939 1743 1965 ,
1764 1899 1880 1970 jam
1922 1894 2042 1951 inde

449 2018 611 2072 usque
662 2018 694 2054 a
744 1999 935 2055 Christi
1006 1993 1333 2067 temporibus,
1385 2003 1431 2048 et
1492 1992 1871 2065 apostolorum,
1934 1998 2044 2044 erat

447 2109 592 2148 sacer
647 2090 1028 2164 prophetiarum
1063 2097 1325 2143 contextus
1354 2086 1449 2141 isto
1472 2086 1715 2139 idiomate
1744 2080 2045 2151 Αἰιιιὶορὶεο

450 2184 506 2240 in
535 2183 766 2238 manibus
806 2181 1048 2236 Eunuchi
1073 2180 1215 2235 illius
1247 2178 1401 2250 regiae
1424 2176 1677 2231 Candacis
1705 2174 2042 2241 conscriptus.

454 2275 535 2331 Ad
569 2275 671 2331 hoc
695 2289 824 2330 vero
859 2272 1265 2336 stabiliendum,
1298 2270 1484 2325 Victor
1510 2269 1710 2324 Palma:
1754 2264 2045 2321 auctorita-

457 2376 563 2423 tem
591 2364 737 2422 mille
761 2375 816 2421 et
852 2366 1268 2437 quingentorum
1296 2378 1592 2424 annorum,
1627 2369 1905 2432 postquam
1929 2357 2046 2413 haec

458 2471 607 2532 gesta
642 2460 913 2532 tinguntur
936 2499 951 2522 ,
983 2460 1036 2514 in
1068 2460 1303 2513 medium
1335 2455 1527 2512 aﬂ‘ert:
1557 2454 1699 2526 quod
1742 2453 1928 2524 quanti
1956 2466 2047 2506 va-

455 2552 584 2619 leat,
617 2551 756 2622 aequi
783 2552 1015 2621 bonique
1054 2548 1273 2605 lectoris
1309 2546 1572 2619 judicium
1598 2554 1735 2600 esto.
1772 2542 2048 2598 Adeantur

458 2642 543 2699 Jo.
603 2642 801 2698 Milll'us
846 2641 898 2695 in
965 2640 1177 2710 Proleg.
1232 2654 1352 2708 pag.
1410 2637 1548 2702 121,
1596 2646 1651 2692 et
1679 2633 2048 2690 Renaudotius

456 2752 576 2807 cap.
609 2735 667 2790 11
691 2776 707 2802 ,
738 2732 801 2787 de
828 2741 1071 2803 perpetuo
1094 2728 1344 2787 Ecclesia:
1370 2743 1640 2795 consensu,
1671 2737 1775 2781 etc.
1807 2740 1928 2796 pag.
1952 2724 2044 2779 92.

531 2831 767 2884 Armena
796 2825 999 2896 pariter
1027 2823 1322 2879 Bibliorum
1348 2820 1528 2875 versio
1569 2820 1802 2890 jactatur
1828 2818 2050 2872 concin-

462 2929 585 2978 nata
611 2918 713 2976 sub
738 2917 996 2973 Ecclesiae
1042 2914 1312 2970 nascentis
1339 2912 1581 2977 exordio,
1614 2927 1679 2967 ex
1718 2910 1931 2976 Grazca,
1960 2909 2050 2965 vel

460 3030 524 3069 ex
550 3008 1158 3085 Syrainterpretatione.
1184 3024 1203 3058 ι
1225 3003 1354 3060 lllud
1381 3004 1689 3074 neutiquam
1714 3009 1799 3057 est
1824 3010 2045 3072 prseter-

459 3103 692 3161 eundun‘t
724 3101 820 3175 (ait
856 3099 941 3156 Jo.
977 3099 1167 3154 Millius
1200 3111 1321 3167 pag.
1353 3095 1455 3149 152
1496 3093 1707 3164 Proleg.
1733 3092 1789 3147 in
1838 3091 2048 3147 Novum

460 3194 608 3252 Test.
635 3189 903 3263 Graecum)
927 3232 941 3257 ,
971 3189 1116 3261 quod
1139 3203 1237 3243 nos
1268 3202 1364 3257 per
1384 3186 1591 3241 litteras
1612 3184 1839 3252 monuit,
1869 3184 1921 3239 in
1949 3184 2051 3238 Ar-

461 3286 673 3343 menica
700 3327 713 3350 ,
746 3290 1050 3351 czeteraque
1092 3279 1236 3334 omni
1268 3277 1570 3332 litteratura
1619 3276 1867 3330 orientali
1890 3275 2051 3345 longe

460 3378 862 3436 versatissimus
890 3373 1192 3430 Ludovicus
1220 3369 1437 3427 Pickius
1465 3370 1656 3425 doctor
1682 3368 2049 3424 Sorbouicus:

467 3473 671 3539 Versio,
693 3470 887 3541 inquit,
919 3466 1191 3522 Armenica
1219 3474 1291 3520 est
1318 3464 1673 3534 antiquissima
1704 3505 1720 3526 ,
1748 3472 1795 3515 et
1820 3476 1885 3516 ex
1902 3458 2051 3532 genio

457 3553 554 3620 suo
580 3562 651 3618 ita
681 3561 934 3627 ἐλληνίζει,
968 3569 1024 3613 ut
1051 3559 1114 3612 de
1142 3556 1288 3611 verbo
1310 3557 1377 3610 ad
1401 3555 1609 3610 verbum
1635 3553 1815 3610 (ἔπειτα
1838 3555 2052 3624 referat;

459 3655 594 3711 unde
638 3670 701 3708 ex
748 3653 859 3725 ipsa
904 3650 998 3720 jus
1037 3659 1110 3704 est
1150 3647 1446 3703 restituendi
1495 3646 1746 3718 originale
1776 3645 2050 3712 Graecum,

461 3747 598 3800 unde
651 3744 917 3814 proﬂuxit.
968 3761 986 3794 ι
1035 3740 1141 3797 Sed
1173 3756 1259 3795 res
1291 3750 1417 3794 nota
1442 3747 1527 3794 est
1552 3736 2052 3809 (inquitGregorius

461 3836 793 3893 Scltoliastes
812 3834 984 3905 Syrus
1008 3832 1149 3903 apud
1169 3826 1502 3895 Waltonum,
1524 3830 1729 3901 proleg.
1764 3829 1849 3896 15,
1879 3829 1907 3900 §
1960 3827 2050 3899 15)

458 3927 623 4002 quod,
649 3928 813 3983 etiam
842 3926 883 3980 si
911 3924 1127 3979 codices
1152 3938 1216 3977 ex
1242 3922 1433 3977 Graeco
1462 3920 1834 3976 transtulerint
1858 3924 2053 3977 Arme-

458 4023 555 4091 ni,
589 4031 765 4077 tamen
810 4033 931 4073 cum
987 4015 1210 4087 Syriaco
1266 4025 1449 4084 postea
1500 4014 1844 4069 contulerunt
1892 4027 2049 4068 suum
2118 4020 2119 4025 ‘

457 4112 735 4184 exemplar
755 4152 770 4178 ,
802 4122 857 4166 et
885 4109 1011 4163 illud
1043 4108 1268 4178 singulis
1294 4107 1347 4161 in
1376 4107 1509 4161 locis
1549 4105 1884 4161 concordare
1908 4104 2055 4163 iece-

455 4215 600 4262 runt.
635 4224 653 4256 ι
683 4203 809 4259 Sive
831 4212 1009 4255 autem
1041 4214 1108 4254 ex
1139 4196 1351 4264 Graeco,
1378 4195 1493 4271 sive
1515 4213 1583 4252 ex
1611 4196 1837 4267 Syriaco
1863 4212 2050 4253 exem-

456 4298 593 4371 plari
628 4298 742 4367 ipsa
793 4290 1108 4366 proﬂuxerit
1134 4332 1149 4359 ,
1182 4290 1371 4361 procul
1424 4289 1589 4345 dubio
1636 4304 1740 4345 non
1773 4297 1859 4344 est
1888 4301 2051 4345 tanta:

462 4387 815 4459 antiquitatis.
851 4399 902 4439 ut
932 4383 1093 4454 aliqui
1127 4392 1335 4453 putant.
1378 4380 1568 4436 Sixtus
1595 4380 1851 4436 Senensis
1881 4381 1972 4437 lib.
1999 4397 2053 4437 v1

454 4481 801 4540 Bibliothecae
824 4478 1037 4535 Sancta:
1066 4484 1309 4530 annotat.
1337 4474 1460 4539 152,
1482 4473 1691 4534 scribit,
1712 4472 1775 4528 S.
1793 4471 2053 4528 Joannem

2146 1899 2286 1953 rant,
2316 1888 2603 1955 dereliquit.
2634 1886 2693 1942 Is
2716 1889 2908 1959 igitur,
2957 1898 3005 1943 et
3044 1886 3199 1942 Isaac
3228 1891 3588 1945 Armenorum
3623 1888 3737 1943 Pa-
3763 1924 3775 1933 ο

2148 1982 2377 2037 triarclta
2398 1982 2571 2054 plures
2592 1982 2645 2035 in
2670 1982 2913 2036 Armenia
2941 1982 3237 2037 erudierunt
3264 1981 3585 2056 discipulos;
3612 1999 3740 2055 quos

2146 2084 2194 2129 et
2226 2075 2452 2130 Athenas
2493 2073 2563 2129 ad
2603 2073 2840 2129 Graecam
2864 2075 3100 2148 linguam
3126 2114 3140 2141 ,
3194 2076 3423 2145 aliasque
3471 2077 3743 2145 facultates

2147 2170 2506 2240 adipiscendos
2523 2169 2788 2226 miserunt.
2814 2170 2959 2226 Inter
2975 2187 3064 2228 eos
3082 2180 3254 2227 auum
3272 2175 3496 2229 maxime
3514 2175 3744 2230 omnium

2148 2266 2473 2336 profecerunt
2499 2274 2619 2331 tres,
2649 2264 2881 2319 videlicet
2911 2264 3122 2321 Herses
3144 2268 3531 2340 cognominatus
3562 2267 3747 2322 Gram-

2150 2358 2389 2423 maticus,
2426 2357 2602 2413 sttb
2623 2357 2981 2428 philosophus,
3008 2369 3057 2413 et
3084 2359 3422 2425 MAIPBEOS,
3448 2360 3534 2431 qui
3572 2369 3750 2429 postea

2158 2451 2424 2521 plerosque
2466 2450 2643 2518 libros,
2695 2468 2758 2505 ac
2804 2453 3085 2523 prtcsertim
3119 2436 3404 2508 Bibliorum
3462 2451 3651 2509 Veteris
3698 2462 3750 2509 et

2158 2539 2293 2597 Novi
2318 2540 2624 2598 Testamenti
2645 2559 2707 2598 ex
2726 2542 2908 2600 Graeco
2927 2545 3170 2600 idiomate
3192 2547 3245 2601 in
3264 2546 3543 2602 Armenum
3569 2559 3749 2601 trans-

2156 2636 2391 2702 ferendo,
2422 2651 2571 2690 suam
2603 2636 2831 2706 ipsorum
2866 2637 3095 2706 linguam
3136 2639 3321 2691 mirum
3344 2640 3399 2693 in
3425 2639 3638 2693 modum
3666 2638 3749 2693 lo-

2152 2727 2498 2797 cupletaram.
2515 2725 2643 2782 llzc'c
2670 2744 2735 2783 ex
2754 2725 3019 2784 historico
3043 2726 3295 2786 Carmine
3312 2731 3586 2787 Niersesis
3608 2730 3750 2788 Ghel

2152 2815 2221 2872 de
2251 2818 2466 2887 regibus
2513 2814 2785 2874 Armeniae
2835 2835 2985 2877 num.
3041 2821 3188 2891 490,
3232 2823 3376 2893 apud
3417 2824 3747 2880 Clementem

2150 2908 2442 2978 Galanum,
2474 2922 2610 2982 part.
2644 2913 2838 2971 histor.
2870 2912 3281 2972 Conciliationis
3309 2918 3458 2974 Eccl.
3491 2919 3746 2976 Armenta

2150 3015 2275 3057 cum
2320 2996 2582 3071 Romana,
2614 3020 2733 3075 cap.
2756 3004 2816 3072 7,
2849 3021 2905 3060 n.
2935 3002 3024 3061 12.

2220 3095 2357 3150 item
2387 3097 2543 3152 aliter
2580 3102 2768 3153 narrat
2792 3096 2931 3154 Vitae
2960 3097 3026 3155 Β.
3057 3094 3328 3170 Mesropae
3364 3101 3597 3169 scriptor
3616 3141 3634 3168 ,
3659 3101 3753 3173 qui

2077 3194 2123 3257 ς,
2156 3190 2210 3244 in
2239 3190 2394 3246 titulo
2419 3189 2661 3260 ejusdem
2696 3189 2830 3248 Viue
2855 3203 3082 3249 vocatur
3107 3191 3333 3250 Comum.
3361 3194 3583 3265 Legitur
3609 3195 3754 3250 circa

2156 3281 2369 3336 initium
2402 3298 2415 3335 :
2447 3282 2746 3353 Meerpam
2775 3285 2919 3354 apud
2943 3301 2997 3340 se
3021 3286 3260 3341 statuisse
3299 3286 3483 3360 viginti
3526 3287 3657 3342 duos
3686 3287 3754 3341 li-

2157 3371 2273 3426 bras
2306 3369 2503 3429 Veteris
2532 3370 2843 3430 Testamenti
2871 3381 3150 3447 transferre
3172 3374 3230 3431 in
3275 3377 3603 3432 Armenicum
3646 3393 3756 3433 ser-

2154 3479 2395 3529 monem,
2437 3468 2524 3521 cui
2571 3469 2820 3540 discipuli
2864 3472 2946 3526 sui
2968 3469 3219 3539 Joannes,
3264 3481 3315 3527 et
3346 3472 3545 3541 Joseplt
3591 3473 3649 3527 in
3692 3489 3755 3529 eo

2157 3557 2411 3612 auxilium
2459 3559 2741 3615 dabant....
2795 3560 2915 3617 Illis
2954 3565 3270 3635 temporibus
3309 3566 3553 3636 regnabat
3588 3562 3757 3621 Theo-

2159 3647 2336 3703 dosius
2350 3652 2556 3721 junior.
2580 3650 2774 3708 Narrat
2817 3662 3005 3724 postea
3027 3697 3042 3721 ,
3071 3654 3575 3727 quod‘cogitaverint
3602 3656 3758 3714 ambo

2156 3738 2327 3806 beati,
2376 3740 2525 3798 Isaac
2576 3746 2932 3800 Armenorum
2989 3746 3290 3816 patriarcha
3313 3792 3327 3817 ,
3358 3758 3414 3805 et
3460 3741 3709 3821 Mesropa
3731 3791 3748 3818 ,

2158 3847 2265 3885 sua:
2302 3834 2617 3888 narrationis
2644 3837 2955 3905 scripturam
2982 3838 3252 3894 extendere
3275 3882 3289 3905 ,
3319 3850 3367 3896 et
3386 3842 3762 3919 augereinter-

2168 3925 2476 3994 pretationes
2519 3933 2569 3980 et
2621 3928 2811 3999 scripta
2838 3969 2852 3993 ,
2901 3922 3189 3985 secundum
3234 3932 3565 4003 efﬁcientiam
3611 3930 3760 4002 Dei;

2159 4026 2429 4086 prapterea
2452 4018 2697 4074 miserunt
2727 4020 2858 4076 duos
2887 4039 2950 4077 ex
2975 4024 3246 4094 discipulis
3272 4027 3326 4080 in
3346 4027 3522 4082 urbem
3548 4026 3761 4084 Edesia:

2159 4108 2353 4178 Eznac,
2383 4121 2429 4167 et
2459 4110 2675 4183 Ioseph,
2703 4125 2758 4169 ut
2785 4132 2848 4171 ex
2877 4114 3129 4188 Syrorum
3152 4118 3329 4191 lingua
3354 4119 3572 4176 Sanctus
3609 4120 3764 4175 Sari-

2158 4214 2339 4273 pturas
2366 4204 2761 4277 interpretantes
2804 4207 2857 4262 in
2907 4210 3134 4280 linguam
3166 4210 3516 4280 Armenicam,
3561 4213 3761 4269 litteras

2165 4300 2576 4352 commendarent
2604 4315 2713 4354 sate
2736 4300 2975 4372 regioni:
3001 4302 3081 4357 illi
3109 4315 3279 4359 autem
3309 4315 3505 4371 euntes,
3534 4306 3765 4376 perfece—

2158 4396 2279 4441 runt
2309 4388 2460 4457 jussu
2485 4430 2499 4454 ,
2531 4397 2637 4445 etc.
2696 4388 2822 4446 llaec
2850 4391 3121 4463 exscripta
3151 4405 3281 4450 sunt
3318 4411 3387 4451 ex
3431 4396 3617 4452 codice
3658 4396 3764 4452 Ar-

2161 4490 2324 4532 meuo
2351 4476 2694 4536 bibliotheccc
2722 4482 2887 4554 regite
2909 4525 2925 4551 ,
2956 4485 3045 4555 qui
3076 4485 3467 4558 Sanctologium
3515 4487 3767 4543 inscribi-

457 4576 875 4646 Cltrgsostomum
909 4568 1114 4623 Novum
1138 4566 1539 4629 Testamentum,
1565 4574 1612 4619 et
1632 4564 1872 4621 Psalmos
1893 4566 2053 4620 Davi-
2080 4586 2133 4646 ι)
2164 4579 2269 4637 tur,
2300 4571 2796 4641 juxta—versionem
2825 4574 3004 4632 Oskan
3039 4575 3351 4648 Vartabied,
3383 4580 3422 4634 i.
3442 4594 3493 4636 e.
3522 4580 3763 4653 episcopi

460 4668 603 4722 dicos
625 4666 678 4721 in
719 4665 945 4733 linguam
986 4660 1308 4714 Armenicam
1334 4658 1674 4712 transtulisse.
1699 4658 1769 4713 Et
1812 4669 1988 4715 tamen
2016 4674 2049 4716 e

454 4758 727 4816 veteribus
756 4755 807 4811 id
837 4752 1000 4809 refert
1027 4765 1207 4818 nemo,
1237 4761 1361 4806 ante
1382 4750 1672 4822 Georgium
1704 4749 2048 4808 Alexandria

452 4848 818 4908 Patri-arebant
846 4847 863 4917 (
888 4846 975 4917 qui
1005 4843 1200 4900 claruit
1228 4858 1318 4898 an.
1360 4842 1465 4897 620
1486 4844 1528 4913 ),
1558 4843 1615 4898 in
1649 4844 1765 4898 Vita
1801 4844 2048 4915 ejusdem

458 4942 786 5002 sanctissimi
821 4939 1075 4996 doctoris.
1127 4937 1548 5008 Cbrysostomus
1575 4978 1590 5003 ,
1641 4952 1762 4992 cum
1793 4939 1847 4993 in
1873 4940 2051 4994 Cucu-

459 5054 578 5095 sum
636 5033 904 5090 Armeniae
952 5032 1208 5104 oppidum
1248 5031 1523 5085 exsularet
1575 5031 1777 5102 (inquit
1802 5031 2052 5089 laudatus

457 5129 742 5201 Georgius)
790 5127 998 5191 invenit,
1031 5126 1274 5195 largiente
1297 5122 1429 5189 Deo,
1457 5123 1708 5191 quosdam
1728 5141 1793 5180 ex
1819 5126 1881 5179 iis
1905 5124 2050 5182 θηε-

457 5241 514 5278 ce
533 5224 769 5286 scientes;
783 5234 909 5289 quos
926 5210 1130 5270 Novum
1146 5214 1545 5279 Testamentum,
1560 5226 1607 5272 et
1640 5215 1953 5273 Psalterium
1994 5220 2049 5274 in

454 5314 779 5370 vernaculam
806 5311 1035 5380 ipsorum
1067 5308 1296 5378 linguam
1321 5318 1609 5364 convertere
1636 5310 1845 5383 effecit,
1874 5321 1928 5366 ut
1956 5328 2049 5367 no-

453 5407 616 5462 titiam
644 5404 822 5461 Sacra:
850 5400 1138 5470 Scriptura:
1158 5388 1456 5455 obtinerent.
1478 5401 1649 5456 Porro
1670 5403 1898 5473 scriptor
1919 5406 2042 5472 iste,

396 5506 399 5509 '
452 5500 599 5567 juxta
630 5495 910 5557 Photium,
944 5502 1140 5563 printer
1169 5490 1406 5546 historia:
1431 5491 1586 5546 [idem
1618 5508 1867 5549 narrasse
1896 5511 2045 5566 quac-

452 5592 575 5648 dam
596 5589 744 5644 visus
774 5600 876 5645 est.
909 5586 976 5643 Et
1005 5593 1220 5643 constat
1263 5600 1330 5641 ex
1352 5583 1577 5639 Palladii
1608 5585 1820 5655 dialogo
1843 5586 1911 5642 de
1939 5589 2046 5643 vita

450 5680 847 5756 Cbrysostomi,
895 5679 1172 5752 Georgium
1200 5694 1317 5744 sua,
1344 5687 1398 5732 ut
1422 5677 1722 5750 plurimum,
1744 5679 1935 5745 fabulis
1964 5680 2047 5735 in-

458 5777 703 5842 tertrxtis,
738 5773 1086 5843 descripsisse.
1126 5791 1144 5825 ι
1184 5772 1440 5843 Quaenam
1488 5772 1646 5869 igitur
1676 5770 1882 5844 (inquit
1917 5773 2046 5831 doc-

2162 4663 2406 4730 Armeni,
2434 4679 2577 4720 anno
2608 4666 2770 4735 1669,
2801 4667 3020 4724 factam.

2234 4752 2438 4811 Eadem
2484 4770 2628 4826 pene
2672 4759 2840 4815 refert
2883 4759 3062 4818 Moses
3089 4758 3456 4822 Chorenensis
3481 4808 3497 4833 ,
3542 4766 3633 4821 lib.
3666 4781 3759 4836 nt,

2162 4859 2283 4917 cap.
2316 4846 2407 4913 5'5,
2434 4862 2560 4919 pag.
2595 4850 2723 4914 450,
2756 4850 2896 4907 Hist.
2926 4854 3199 4923 Armeniae,
3238 4857 3626 4914 Amstelodami
3657 4873 3763 4914 an-

2158 4953 2233 4994 no
2270 4940 2410 4996 1695
2432 4985 2446 5009 ,
2493 4941 2653 4998 editae
2692 4957 2757 4999 ex
2805 4946 3055 5003 versione
3079 4948 3357 5006 Schroteri
3390 4968 3403 5004 :
3434 4950 3761 5023 Miesropus,

2163 5032 2414 5102 disposito
2441 5033 2665 5091 Armeno
2696 5036 2970 5106 alphabeto
2989 5041 3146 5107 juxta
3191 5044 3569 5101 illubricitatem
3596 5049 3764 5119 sylla-

2167 5128 2368 5193 barum,
2411 5144 2526 5196 quaz
2559 5140 2633 5183 est
2677 5132 2730 5185 in
2768 5130 2950 5187 Graeco
2973 5176 2988 5200 ,
3019 5137 3237 5191 ulterius
3284 5155 3491 5193 manum
3533 5139 3766 5199 admovit

2154 5220 2226 5273 ad
2251 5217 2743 5291 interpretationem,
2770 5224 3002 5281 consulto
3020 5226 3230 5282 initium
3260 5230 3452 5299 faciem
3472 5250 3505 5288 α
3530 5229 3762 5290 Prover-

2154 5312 2269 5375 biis,
2302 5315 2568 5385 complevit
2594 5317 2730 5382 illos,
2761 5326 2808 5371 et
2834 5320 3017 5390 viginti
3045 5321 3174 5378 duos
3201 5326 3450 5380 revelatos
3475 5326 3644 5382 libros
3669 5370 3684 5395 ,
3712 5339 3766 5384 et

2158 5402 2367 5458 Novum
2395 5404 2789 5476 Testamentum,
2818 5413 3186 5482 transfwdsre
3211 5417 3265 5470 in
3299 5416 3595 5473 ﬂaminum
3618 5418 3685 5491 (ἕ.
3711 5437 3763 5479 e.

2154 5507 2369 5561 veterem
2430 5499 2748 5574 Armetmm)
2778 5520 3062 5561 sermonem
3086 5509 3231 5577 ipse,
3262 5519 3311 5565 et
3647 5516 3763 5589 ejus

2152 5589 2382 5645 Joannes
2397 5591 2692 5660 Ekelettsis,
2735 5598 3070 5672 etiam
3090 5601 3389 5660 Ml.
3416 5606 3511 5662 His
3535 5608 3763 5664 omnino

2153 5686 2524 5743 accensendus
2568 5700 2658 5746 est
2704 5689 2964 5765 (pergit.
2996 5692 3366 5769 Schroterus)
3410 5700 3529 5770 ipse
3583 5699 3762 5758 Moses

2154 5776 2524 5851 Choreucusis
2552 5782 3047 5860 limmquoque
3068 5789 3372 5862 disciliulus
3396 5793 3534 5849 nulli
3562 5806 3764 5851 secum
