4054 6198
348 313 450 374 109

1099 320 1431 384 EPISTOLA
1470 319 1837 385 BLANCHINI
1878 320 1970 380 ΑΙ)
2010 319 2398 389 EPISCOPUM
2436 335 2875 396 GURCENSEM.

3542 343 3643 403 illi

340 427 444 526 άυξ
469 470 483 493 ’
515 429 609 526 qui
635 430 795 526 dum
836 431 978 526 loco»
1010 436 1289 494 ωοάθεῑίω
1329 454 1458 509 θτεο
1483 481 1499 505 ς
1532 454 1728 495 "Ome"
1780 452 1933 496 δυιιιη
1962 434 2019 498 Α
2040 451 2731 524 allegabantAugustinum,
2767 456 2857 526 qui
2897 454 2988 511 lib.
3013 469 3051 510 ιι
3078 455 3146 510 de
3187 454 3438 511 Doctrina
3459 452 3648 513 Chris-

338 520 603 586 reticuit;
661 524 751 579 sed
802 524 868 580 ad
936 527 1197 597 lsaacum,
1241 530 1578 601 Bagratidem
1652 530 1895 585 scribens
1927 570 1942 597 ,

338 626 402 666 se
436 615 901 684 excusattibidem
926 633 1047 689 cap.
1076 618 1166 684 65,
1195 637 1243 689 p.
1267 620 1417 688 446),
1444 620 1583 689 quod
1609 620 1944 689 prolixiorem

346 704 605 761 llaicana:
644 709 815 777 gentis
864 711 1135 764 historiam
1166 698 1213 767 ei
1261 712 1495 767 exhibere
1549 729 1648 766 non
1685 713 1944 781 potuerit;

337 798 465 867 quia
491 815 672 864 senex,
700 809 747 852 et
772 802 1197 869 valetudinarius,
1230 813 1276 858 et
1320 804 1526 857 minime
1551 803 1747 857 otiosus
1775 804 1836 855 ab
1867 804 1945 856 in-

334 890 812 956 terpretationibus,
833 903 879 945 et
908 894 1242 949 sanctioribus
1268 894 1447 949 verbis.
1477 894 1531 948 ld
1553 893 1695 965 qmid
1725 894 1946 949 ineunte

336 984 543 1036 seculo
575 1000 624 1049 v,
662 996 879 1040 mortuo
907 986 1298 1058 Cbrysostomo
1324 1030 1339 1054 ,
1388 989 1530 1045 circa
1576 1004 1773 1042 annutn
1805 988 1943 1053 M0,

342 1076 546 1129 evenit.
582 1076 737 1129 lianc
765 1080 1090 1133 sententiam
1119 1080 1402 1135 conlirmat
1432 1080 1833 1148 Theodorctus,
1854 1081 1945 1150 qui

342 1168 655 1222 versionem
688 1172 981 1225 Armcnam
1012 1212 1025 1235 ,
1056 1186 1156 1225 suo
1184 1181 1427 1241 tempore
1455 1172 1773 1229 adornatam
1798 1188 1948 1229 assc-

347 1258 497 1322 ruit;
528 1269 706 1328 utpote
733 1263 823 1329 qui
869 1276 1017 1317 anno
1047 1260 1251 1318 Christi
1276 1264 1384 1319 423
1414 1265 1695 1320 ordinatus
1724 1278 1807 1323 est
1832 1268 1947 1337 epi—

336 1366 561 1423 scopas,
587 1363 643 1408 et
673 1356 903 1423 proinde
930 1356 1111 1411 versio
1141 1357 1232 1412 illa
1256 1357 1433 1412 adhuc
1462 1368 1739 1427 superstes
1766 1360 1942 1429 attigit

338 1457 486 1497 nunc
507 1453 721 1498 atatem
758 1444 893 1502 1300
931 1462 1236 1501 annorum:
1274 1450 1347 1503 ita
1377 1448 1721 1504 Scbroterus.
1753 1450 1945 1505 Nullus

334 1548 419 1592 est
449 1551 582 1591 sane
608 1536 938 1594 Theodoreti
970 1540 1118 1595 locus
1148 1582 1161 1605 ,
1194 1539 1241 1594 si
1290 1539 1406 1595 haec
1430 1540 1682 1595 dicuntur
1724 1541 1791 1595 de
1834 1542 1899 1596 iis
1923 1582 1939 1610 ,

338 1644 459 1697 quae
499 1629 716 1698 scripsit
744 1644 996 1686 sermone
1022 1630 1080 1697 5,
1112 1646 1233 1702 pag.
1268 1631 1393 1697 555,
1419 1632 1712 1686 Curationis
1734 1630 1945 1687 erca-

334 1736 454 1774 ruat
472 1720 813 1791 affectionum
838 1764 851 1787 ,
877 1722 967 1778 ubi
986 1732 1177 1793 agatur
1200 1724 1265 1779 de
1291 1724 1472 1781 Sacra:
1502 1723 1797 1795 Scripturzc
1824 1742 1945 1780 ver-

332 1813 614 1881 siouibus,
686 1814 783 1870 sed
827 1814 894 1870 de
940 1814 1286 1886 dogmatibus

340 1909 454 1962 nis.

416 1999 619 2055 Punica
649 2000 778 2056 item
806 2002 1040 2071 jactalur
1067 2004 1268 2071 versio,
1294 2005 1405 2075 jam
1435 2022 1533 2060 usu
1557 2016 1772 2076 recepta
1812 2016 1948 2064 tem-

332 2092 560 2161 poribus
587 2092 647 2147 S.
674 2093 961 2167 Augustini
984 2097 1123 2166 apud
1158 2098 1444 2152 nonnullas
1458 2097 1945 2154 Africtenationes:

338 2185 566 2253 ejusque
618 2188 994 2256 antiquitatem
1050 2190 1261 2259 plurimi
1305 2192 1437 2247 satis
1468 2200 1727 2247 assertam
1759 2192 1949 2247 volunt

330 2292 401 2333 ex
446 2278 682 2348 quodam
730 2280 973 2349 ejusdem
1021 2282 1077 2337 S.
1130 2283 1490 2353 Hipponensis
1539 2286 1778 2354 episcopi
1824 2286 1945 2341 loco

332 2372 473 2426 circa
504 2375 668 2427 tinem
702 2375 1054 2443 capasitionis
1086 2377 1140 2431 in
1193 2378 1458 2446 psalmum
1485 2395 1671 2445 cxvm,
1705 2381 1793 2434 ubi
1826 2383 1942 2435 ait:

336 2468 526 2521 Omnes
568 2478 776 2522 octonos
820 2485 991 2523 versus
1031 2471 1083 2525 in
1130 2470 1397 2526 Hebraicis
1437 2474 1696 2528 codicibus
1741 2476 1804 2528 ab
1848 2492 1938 2541 ea,

332 2575 448 2625 qua:
476 2559 583 2611 illis
610 2562 935 2631 proponitur,
956 2562 1123 2615 littera
1144 2564 1385 2635 incipere,
1408 2564 1469 2617 ab
1499 2567 1589 2631 eis,
1606 2566 1688 2634 qui
1708 2566 1826 2618 illas
1852 2583 1947 2619 no—

322 2661 514 2705 uerunt
545 2654 765 2719 litteras,
799 2654 944 2707 nobis
966 2655 1247 2708 indicatum
1272 2664 1365 2719 est,
1397 2658 1532 2723 quod
1560 2658 1719 2709 nostri
1742 2658 1816 2709 vel
1844 2656 1947 2711 La-

342 2744 461 2804 tine,
516 2745 591 2798 vel
642 2743 862 2809 Punice,
906 2762 1030 2810 quos
1074 2762 1436 2802 ABECEDARIOS
1477 2758 1673 2815 vocant,
1722 2750 1945 2817 psaltrias

340 2839 509 2904 facere
534 2848 921 2891 consueverunt.
950 2836 1146 2893 Verum
1183 2840 1251 2892 ibi
1288 2856 1394 2893 non
1449 2841 1684 2909 loquitur
1710 2840 1767 2895 S.
1804 2841 1943 2896 Doc-

342 2939 428 2983 tor
452 2929 518 2983 dc
558 2930 786 2985 Psalmis
814 2931 1106 2998 Davidicis,
1133 2932 1225 2987 sed
1249 2933 1317 2987 de
1342 2934 1596 2997 Canticis,
1633 2950 1727 2988 seu
1761 2932 1945 2989 Canti-

338 3023 474 3078 leuis
504 3024 875 3080 Abecedariis.
929 3025 1202 3081 Psalutum
1236 3028 1501 3096 ejusmodi
1532 3038 1719 3082 contra
1772 3030 1945 3083 Dona-

340 3118 490 3169 tistas
516 3133 547 3169 a
574 3132 635 3172 se
666 3120 1035 3186 conscriptum
1057 3128 1323 3174 memorat
1352 3120 1467 3189 ipse
1498 3122 1728 3176 Sanctus
1782 3122 1873 3176 lib.
1908 3140 1943 3178 ιι

2049 544 2191 599 tiana
2211 561 2330 615 cap.
2352 562 2411 611 ll,
2431 546 2736 601 Latinorum
2769 548 3101 617 interpretum
3124 549 3175 602 in
3204 548 3403 615 ﬁnitam
3425 550 3643 603 varieta-

2049 646 2145 689 tem
2171 648 2438 692 memorat.
2472 639 2538 693 Et
2575 642 2735 709 paulo
2780 640 2949 707 infra,
2976 656 3123 695 num.
3171 640 3260 706 16,
3286 641 3460 711 inquit
3495 660 3506 695 :
3540 642 3643 709 Qui

2050 730 2345 801 Scripturas
2366 748 2431 786 ea:
2458 732 2677 788 Hebraea
2705 735 2883 805 lingua
2908 735 2962 787 in
2992 732 3226 788 Grtecam
3248 742 3521 801 verterunt,
3550 751 3646 789 nuc

2047 828 2235 879 mei-ari
2281 837 2527 895 possunt;
2557 827 2729 881 Latini
2753 840 2926 882 autem
2967 828 3266 897 interpretes
3294 828 3440 883 nullo
3469 827 3642 882 modo.

2052 914 2119 968 Ut
2143 917 2275 969 enim
2302 918 2482 987 cuique
2510 919 2685 987 primis
2716 918 2835 986 ﬁdei
2875 918 3183 989 temporibus
3212 920 3265 971 in
3295 934 3474 973 manus
3514 920 3650 973 venit

2047 1011 2207 1065 codex
2224 1010 2457 1077 ercus,
2486 1023 2531 1066 et
2554 1013 2932 1082 aliquantulum
2955 1013 3213 1083 facultatis
3234 1012 3330 1067 sibi
3361 1013 3643 1082 utriusque,

2050 1102 2238 1172 lingua:
2263 1104 2446 1158 habere
2483 1104 2765 1165 videbatur.
2794 1120 2953 1158 ausus
2976 1115 3052 1158 est
3084 1104 3421 1173 interpretari.
3459 1103 3649 1159 Varias

2048 1194 2264 1263 quidem
2288 1196 2427 1255 .olbn
2472 1194 2636 1250 fuisse
2665 1196 2885 1249 Latinas
2916 1196 3205 1252 Sacrorum
3240 1195 3529 1250 Bibliorum
3561 1195 3645 1248 in-

2048 1288 2468 1357 terpretationes
2515 1303 2616 1357 cgo
2666 1303 2881 1357 quoque
2927 1287 3036 1349 aio,
3094 1296 3255 1355 atque
3307 1286 3539 1343 defendo
3594 1287 3650 1342 iu

2046 1378 2279 1447 epistola
2299 1379 2363 1431 ad
2382 1378 2759 1433 doctissimum
2783 1382 2952 1435 virum
2976 1379 3271 1435 Antonium
3297 1378 3649 1435 Franciscum

2044 1470 2294 1525 Gorium.
2325 1473 2711 1528 Vehementius
2741 1483 2919 1528 tamen
2948 1489 3053 1528 non
3078 1481 3206 1529 sunt
3229 1472 3463 1543 urgenda
3486 1472 3652 1529 allata

2046 1562 2147 1618 SS.
2187 1564 2503 1637 Hieronymi
2532 1574 2586 1621 et
2606 1565 2891 1632 Augustini
2927 1566 3263 1628 testimonia,
3295 1580 3468 1633 neque
3508 1563 3655 1621 exis»

2046 1659 2371 1725 timandum,
2421 1654 2619 1725 varios,
2661 1662 2751 1730 qui
2782 1669 2907 1715 tunc
2934 1660 3196 1729 temporis
3238 1659 3525 1714 exstabant
3554 1659 3655 1713 Sa-

2046 1766 2155 1805 cne
2177 1753 2472 1822 Scripturae
2500 1752 2738 1818 codices,
2778 1753 2949 1809 fuisse
2978 1766 3168 1807 omnes
3209 1767 3238 1805 a
3270 1752 3433 1807 variis
3462 1750 3647 1806 diverc

1344 1819 1653 1874 cbristianm
1726 1820 1941 1891 religio-

2051 1843 2234 1915 sisque
2262 1819 2651 1915 interpretibus
2674 1854 2945 1900 exaratos.
2995 1844 3285 1903 Diversitas
3317 1844 3429 1908 illa,
3452 1842 3521 1900 de
3547 1859 3651 1913 qua

2054 1935 2158 1989 PP.
2187 1936 2350 1990 locuti
2384 1946 2530 2003 sunt,
2563 1948 2680 1991 orta
2708 1937 2938 2002 videtur,
2979 1946 3035 1991 ut
3069 1938 3382 2006 plurimum,
3414 1952 3481 1992 ex
3512 1935 3654 1991 anti—

2046 2025 2280 2096 quariis,
2321 2026 2686 2098 librariisque,
2718 2029 2808 2096 qui
2858 2028 2998 2084 inter
3023 2028 3440 2085 describendum
3487 2042 3648 2081 uuam

2050 2119 2409 2189 eamdemque
2422 2121 2748 2183 versionem,
2781 2136 2879 2175 suo
2901 2120 3094 2189 singuli
3121 2120 3383 2177 arbitratu
3407 2120 3653 2189 quaedam

2053 2211 2277 2277 addere,
2334 2222 2424 2266 aut
2482 2212 2792 2279 detrahere,
2851 2214 2931 2268 vel
2980 2226 3185 2269 mutare
3237 2223 3363 2269 sunt
3405 2214 3542 2268 ausi.
3597 2212 3655 2266 Si

2052 2304 2268 2374 quando
2296 2306 2439 2359 enim
2473 2306 2711 2374 ignotum
2742 2306 2987 2372 verbum,
3035 2315 3128 2362 aut
3174 2306 3404 2363 obscura
3455 2305 3654 2361 locutio

2052 2396 2303 2451 codicum
2354 2398 2641 2453 latinorum
2675 2398 3103 2466 exscriptoﬂbus
3154 2399 3492 2461 occurrebat,
3538 2396 3647 2465 ipsi

2048 2487 2300 2543 Gracum
2334 2488 2384 2541 in
2408 2488 2554 2543 Novo
2587 2488 2813 2544 Ftpdere
2842 2488 3059 2543 adibant
3080 2488 3376 2556 exemplar,
3408 2490 3653 2557 quamvis

2054 2595 2336 2650 utramque
2388 2584 2624 2653 linguam
2680 2598 2863 2651 parum
2908 2583 3199 2648 callerem,
3251 2597 3349 2638 nec
3395 2578 3651 2637 idbncum

2055 2675 2315 2730 baberent
2337 2675 2635 2744 ingenium.
2659 2677 2698 2729 A
2727 2674 2960 2730 textibus
2989 2674 3344 2745 originalibus
3366 2674 3654 2745 diligenter

2053 2767 2264 2822 collatis
2313 2766 2631 2833 haurienda,
2664 2784 2726 2823 ac
2756 2768 3051 2837 repetenda
3080 2777 3198 2823 erat
3237 2767 3471 2838 genuina
3499 2768 3653 2822 vitia-

2054 2866 2122 2912 ῐτυ
2155 2859 2460 2922 locutionis,
2496 2861 2750 2928 verbique
2791 2860 3006 2915 obscuri
3035 2862 3326 2933 sententia,
3363 2872 3418 2916 ut
3462 2861 3655 2917 Patres

2052 2949 2308 3005 docuere.
2353 2952 2615 3006 Audiatur
2648 2952 2807 3006 Divus
2850 2952 3204 3021 Augustinus,
3239 2953 3327 3022 qui
3371 2952 3422 3005 in
3480 2952 3574 3007 lib.
3612 2966 3653 3005 ιι

2048 3042 2122 3097 de
2151 3042 2407 3097 Doctrina
2437 3044 2762 3107 Christiana,
2795 3058 2914 3112 cap.
2953 3044 3040 3107 ll,
3091 3043 3188 3098 bas
3230 3044 3435 3101 Latinis
3478 3043 3654 3099 homiv

2055 3134 2213 3189 nibus
2258 3136 2470 3205 regulas
2522 3136 2682 3190 tradit
2726 3152 2738 3187 :
2791 3134 2983 3189 Contra
3022 3137 3201 3206 ignota
3243 3138 3391 3208 signa
3442 3138 3655 3209 prapria

338 3210 579 3265 lictract.
610 3228 729 3281 cap.
782 3212 873 3267 20.
910 3214 1204 3277 Prmtcrca,
1252 3216 1295 3269 si
1339 3224 1563 3283 tempore
1608 3214 1746 3270 illius
1788 3217 1941 3270 versio

2058 3242 2300 3297 magnum
2339 3227 2616 3280 remedium
2643 3238 2735 3287 est,
2764 3227 2957 3296 inquit,
2986 3228 3276 3298 linguarum
3313 3231 3554 3301 cognitio.
3587 3230 3658 3285 Et

336 3302 542 3358 I’unim
580 3306 723 3375 Afris
752 3308 936 3361 usitata
964 3308 1161 3375 fuisset,
1196 3310 1497 3362 mentionem
1533 3310 1641 3378 ejus
1669 3312 1833 3379 facere
1855 3311 1945 3365 ille

336 3414 440 3451 non
471 3399 863 3464 intermisisset;
894 3418 1009 3453 cum
1036 3403 1086 3454 in
1108 3401 1253 3455 libris
1282 3402 1343 3455 de
1372 3401 1621 3457 Doctrina
1650 3403 1943 3459 Christiana

339 3507 405 3543 ex
424 3494 654 3561 professo
674 3493 875 3559 doceat,
901 3510 1013 3561 quoe
1034 3494 1273 3562 praesidia
1298 3496 1393 3548 sibi
1414 3512 1523 3549 com
1532 3514 1714 3565 parare
1740 3499 1937 3564 debeat,

336 3583 429 3650 qui
466 3584 749 3638 Sacrarum
776 3584 1088 3639 Litterarum
1124 3588 1509 3657 intelligentiam
1537 3592 1777 3659 consequi
1799 3591 1936 3645 uelit.

338 3676 414 3730 Ita
438 3677 726 3734 Gretserus
756 3680 853 3734 lib.
889 3695 927 3735 ιι
989 3680 1327 3736 Delensionis
1354 3684 1701 3737 Controvers.
1736 3684 1941 3739 Bellar-

338 3770 504 3837 mitti,
536 3786 655 3840 cap.
688 3772 774 3837 15,
808 3791 860 3842 p.
892 3770 1022 3829 814.

411 3865 666 3936 ExplOsis
684 3882 816 3936 ergo
850 3876 927 3924 tot
948 3869 1189 3923 omnium
1224 3867 1417 3939 linguis
1450 3884 1720 3937 nunquam
1764 3870 1939 3927 enatis

338 3960 683 4016 versiottibus
707 3969 950 4031 tempore
974 3962 1366 4032 apoStolorum,
1399 3963 1699 4027 videamus,
1744 3962 1937 4031 praesul

334 4054 677 4120 doctissime,
709 4070 776 4109 an
822 4057 876 4110 in
920 4056 1170 4110 eumdem
1220 4055 1520 4126 impingunt
1560 4056 1811 4126 lapidem,
1846 4060 1951 4124 qui

340 4149 597 4204 Ecclesia:
623 4150 895 4205 nascentis
925 4149 1148 4205 exordio
1179 4150 1489 4205 innumeras
1511 4159 1697 4219 putant
1719 4150 1937 4205 Latinas

341 4245 614 4299 exstitisse
663 4245 942 4313 utriusque
987 4243 1234 4299 Fuederis
1265 4245 1671 4309 translationes,
1706 4260 1823 4297 usui
1860 4243 1941 4297 fu-

344 4346 486 4391 turas
526 4336 788 4393 Ecclesia:
832 4336 1084 4393 Gentium
1129 4338 1181 4391 in
1215 4336 1443 4404 imperio
1474 4335 1719 4390 Romano
1763 4335 1943 4390 domi-

337 4440 560 4486 natura.
604 4430 865 4496 Quamvis
913 4440 1111 4491 autem.
1142 4438 1203 4483 ut
1228 4431 1399 4499 inquit
1452 4430 1659 4486 Plinius
1714 4429 1805 4484 lib.
1855 4446 1933 4493 Ill,

334 4534 465 4577 sect.
501 4540 577 4585 Vl,
604 4522 784 4587 Italia,
810 4525 1013 4578 numine
1050 4523 1200 4576 deum
1224 4523 1378 4589 data,
1410 4539 1587 4592 sparsa
1609 4531 1941 4592 congregaret

2053 3320 2256 3375 Latina:
2278 3322 2481 3389 quidem
2513 3322 2702 3391 lingua:
2726 3320 2979 3387 homines,
3013 3339 3139 3390 quos
3166 3340 3299 3377 nunc
3332 3325 3659 3379 instruendos

2052 3414 2389 3484 suscepimus,
2430 3414 2629 3467 duabus
2654 3414 2770 3467 aliis
2801 3414 2868 3465 ad
2917 3416 3305 3481 Scripturarum
3346 3414 3655 3471 Divinarum

2050 3508 2412 3575 cognitionem,
2463 3523 2589 3575 Opus
2620 3506 2823 3570 habent,
2859 3505 3076 3561 llebrtea
3114 3509 3326 3575 scilicet,
3358 3518 3405 3563 et
3452 3508 3653 3575 Greece,

2051 3611 2106 3651 ut
2133 3600 2199 3651 ad
2238 3599 2553 3670 exemplaria
2584 3600 2923 3667 prwcedentin
2952 3610 3269 3666 recurratur,
3303 3602 3347 3653 si
3372 3618 3527 3669 quam
3556 3603 3655 3655 dup

2050 3694 2342 3747 bitationem
2380 3692 2605 3746 attulerit
2634 3692 2937 3746 Latinorum
2959 3694 3288 3761 interpretum
3338 3694 3545 3761 inﬁnita
3571 3712 3656 3749 υαρ

2052 3787 2296 3840 rietas....
2347 3797 2562 3857 propter
2596 3786 2908 3842 diversitates
2940 3800 3170 3855 namque
3194 3829 3208 3851 ,
3244 3794 3298 3839 ut
3332 3786 3525 3839 dictum
3552 3798 3651 3855 est,

2050 3880 2404 3950 interpretum,
2438 3878 2647 3932 illarum
2672 3880 2964 3950 linguarum
2993 3889 3064 3934 est
3092 3879 3316 3950 cegnitio
3345 3882 3649 3935 necessaria.

2052 3971 2119 4023 Et
2144 3986 2263 4041 cap.
2302 3971 2364 4024 li
2394 3970 2636 4039 ejusdem
2677 3970 2821 4036 libri,
2864 3971 2975 4023 ait:
3016 3969 3253 4039 Namque
3288 3982 3377 4025 aut
3420 3972 3652 4042 ignotum

2050 4062 2255 4115 verbum
2280 4063 2402 4133 facit
2430 4063 2619 4116 hazrere
2646 4062 2901 4125 lectorem,
2924 4072 3013 4115 aut
3044 4063 3218 4133 ignota
3241 4064 3447 4117 locutio.
3498 4062 3648 4130 Quw,

2048 4156 2179 4208 sica:
2201 4154 2382 4207 alienis
2426 4154 2614 4224 linguis
2654 4155 2880 4222 veniunt,
2903 4165 2992 4208 aut
3018 4154 3292 4223 querenda
3323 4166 3440 4208 sunt
3470 4155 3533 4207 ab
3561 4171 3653 4208 ea-

2049 4264 2168 4300 rum
2208 4248 2503 4317 linguarum
2533 4247 2841 4308 hominibus,
2884 4256 2973 4300 aut
3015 4246 3203 4300 eludent
3247 4247 3457 4315 tinguit,
3508 4246 3553 4299 si
3605 4255 3652 4300 et

2050 4343 2212 4394 otium
2238 4351 2333 4406 est,
2382 4353 2429 4393 ct
2457 4341 2740 4411 ingenium,
2772 4341 3078 4406 ediscendaz,
3114 4350 3200 4394 aut
3228 4341 3455 4411 plurium
3498 4341 3654 4393 inter-

2049 4445 2251 4506 pretum
2273 4435 2585 4488 consulenda
2606 4435 2810 4488 collatio
2837 4444 2929 4497 est,
2962 4444 3066 4489 etc.
3096 4433 3384 4487 Plurimum
3413 4434 3493 4487 hic
3521 4450 3653 4505 quo-

2049 4547 2147 4598 que
2176 4534 2325 4601 juvat
2370 4531 2703 4597 interpretum
2746 4530 3107 4593 numerositas,
3146 4529 3350 4583 collatis
3388 4526 3654 4582 codicibus

334 4618 571 4684 imperia,
600 4617 831 4683 ritusque
852 4616 1069 4669 molliret
1091 4632 1107 4678 ;
1129 4626 1176 4668 et
1206 4625 1275 4669 tot
1295 4617 1600 4684 papulorum
1628 4615 1938 4679 discordias,

2050 4621 2297 4690 inspecta,
2330 4630 2481 4688 atque
2518 4620 2766 4673 discussa.
2805 4620 2957 4684 Item,
3003 4619 3094 4673 ubi
3140 4634 3323 4689 supra,
3365 4634 3485 4687 cap.
3533 4618 3598 4672 13
3634 4631 3648 4667 :

334 4713 568 4778 ferasque
589 4710 813 4779 linguas,
836 4708 1081 4764 sermonis
1102 4709 1406 4762 commercio
1428 4708 1778 4773 contraheret;
1801 4706 1935 4760 mihi

338 4814 514 4859 tamen
548 4819 647 4873 pro
676 4814 829 4859 certo
854 4814 959 4867 est,
1006 4817 1114 4857 non
1155 4802 1293 4857 adeo
1328 4802 1600 4869 ingentem
1646 4801 1807 4855 fuisse
1836 4799 1934 4857 Sac

332 4911 546 4950 uarum
578 4896 980 4965 Scripturarum
1029 4894 1220 4949 Latine
1248 4908 1545 4956 versarunt,
1595 4910 1712 4962 qua:
1744 4893 1938 4948 Eccle-

334 4989 429 5043 siis
471 4990 871 5051 inserviebam,
929 4986 1391 5042 numerositatem.
1444 4986 1617 5041 Fuere
1661 4988 1932 5053 nonnulli,

328 5082 446 5151 qui,
500 5092 562 5138 ut
606 5083 676 5137 de
722 5082 1051 5137 conferenda
1102 5080 1417 5151 edendaque
1467 5079 1685 5149 antiqua.
1744 5079 1935 5135 Latina

334 5173 464 5229 Itala
507 5176 945 5232 Viudoboncnsis
972 5174 1177 5229 codicis
1220 5173 1575 5229 translatione
1605 5174 1781 5227 omnis
1815 5184 1939 5227 tuus

337 5283 562 5326 conatus
596 5273 780 5325 irritus
796 5270 1139 5334 crederetur,
1167 5268 1427 5339 quasdam
1460 5267 1560 5323 SS.
1598 5268 1937 5338 Hieronymi,

339 5362 983 5433 atAt-gustinipromlere
1010 5363 1330 5424 sententias,
1355 5374 1421 5414 ex
1446 5358 1640 5427 quibus
1667 5358 1732 5411 dc
1756 5359 1939 5413 multis

338 5458 555 5522 priuatis
616 5454 913 5519 codicibus,
966 5453 1043 5508 tui
1099 5452 1385 5515 similibus,
1436 5450 1749 5519 conjectura
1820 5451 1937 5505 lieri

336 5558 550 5617 posset:
578 5548 935 5617 aiehantqoc,
966 5546 1245 5601 doctorem
1274 5543 1565 5600 Maximum
1609 5546 1658 5597 in
1689 5542 1847 5598 Ρηυῐ.
1886 5545 1940 5598 in

334 5655 387 5695 tr
407 5641 705 5711 Evangelia
736 5641 981 5695 scribere
1012 5640 1077 5695 ad
1102 5639 1393 5695 Damasum
1437 5636 1716 5706 Papatu,si
1737 5635 1943 5691 Latinis

332 5735 853 5805 exentplanibusﬁdes
868 5743 937 5787 est
948 5733 1259 5798 adhibenda,
1278 5731 1618 5803 respondeant
1631 5731 1852 5797 quibus?
1870 5740 1944 5785 tot

332 5831 469 5882 enim
483 5838 602 5882 sunt
614 5828 925 5897 exemplaria
941 5842 1084 5895 pene,
1099 5836 1223 5895 quot
1235 5826 1454 5881 codices.
1472 5824 1727 5881 Sanctum
1744 5824 1945 5894 pariter

2052 4714 2159 4768 Sed
2194 4712 2452 4781 quoniant,
2491 4720 2539 4765 et
2568 4727 2681 4779 qua:
2730 4712 2794 4764 sit
2833 4714 2945 4782 ipsa
2991 4713 3260 4773 sententia,
3294 4728 3443 4779 quam
3475 4708 3653 4777 plures

2051 4806 2351 4875 interpretes
2382 4820 2473 4871 pro
2500 4821 2592 4857 sua
2620 4804 2827 4871 quisque
2854 4805 3116 4873 facultate,
3148 4814 3297 4872 atque
3315 4803 3516 4874 judicio
3558 4820 3651 4855 co-

2051 4905 2243 4948 nantur
2273 4894 2464 4965 eloqui,
2512 4912 2611 4949 non
2643 4908 2875 4965 apparet,
2920 4897 3017 4948 nisi
3042 4896 3095 4948 in
3120 4913 3175 4949 ea
3204 4896 3381 4966 lingua
3408 4896 3655 4966 inspicia-

2056 5001 2159 5055 tur,
2183 5006 2335 5059 quant
2366 4991 2787 5059 interpretantur,
2812 5000 2857 5043 et
2876 4992 3170 5059 plerumque
3191 5006 3222 5041 a
3253 5006 3404 5042 sensu
3428 4989 3654 5047 auctori;

2048 5081 2225 5134 devius
2268 5082 2467 5135 aberrat
2508 5082 2772 5149 interpres,
2818 5082 2991 5134 sinon
3038 5082 3099 5135 sit
3157 5081 3513 5148 doctissimus;
3561 5089 3651 5136 aut

2048 5174 2344 5242 linguarum
2386 5173 2612 5239 illarum,
2657 5190 2719 5226 ea:
2763 5172 2942 5243 quibus
2993 5174 3043 5226 in
3090 5172 3328 5229 Latinam
3380 5175 3653 5242 Scriptura

2050 5264 2301 5334 pervenit,
2330 5266 2543 5332 petenda
2572 5265 2793 5333 cognitio
2815 5273 2925 5327 est;
2953 5278 3038 5318 aut
3081 5266 3321 5319 habendae
3355 5267 3658 5334 interpreta-

2055 5358 2215 5410 tiones
2245 5372 2443 5419 eorum,
2484 5356 2571 5426 qui
2601 5373 2654 5408 se
2693 5355 2854 5410 verbis
2891 5358 3047 5411 nimis
3100 5358 3472 5412 obstrinxerunt
3493 5372 3513 5420 ;
3551 5373 3653 5410 non

2050 5452 2175 5520 quia
2202 5450 2490 5521 sufﬁciunt,
2525 5450 2612 5502 sed
2650 5460 2705 5502 ut
2735 5468 2795 5505 ea:
2821 5452 2893 5504 eis
2940 5452 3141 5516 veritas,
3173 5452 3249 5504 vel
3276 5466 3419 5503 error
3448 5449 3657 5522 detega-

2052 5556 2143 5598 tur
2171 5546 2411 5609 aliorum,
2437 5545 2524 5615 qui
2555 5562 2655 5597 non
2688 5547 2848 5616 magis
2878 5545 3044 5611 verba,
3076 5561 3226 5613 quam
3264 5546 3535 5598 sententias
3581 5547 3660 5599 in-

2050 5636 2385 5706 terpretando
2434 5638 2575 5707 sequi
2642 5638 2946 5695 maluerunt.
3014 5637 3196 5705 Itaque
3266 5639 3652 5695 rccurrendum

2058 5742 2178 5786 erat
2199 5732 2265 5785 ad
2282 5743 2371 5785 tes
2382 5739 2495 5784 tum
2515 5730 2914 5799 primigenum,
2928 5728 3153 5796 quando
3179 5729 3658 5801 interpretatione;

2064 5825 2186 5892 (seu
2240 5820 2595 5899 οω-ηιιυρ-ιθ)
2640 5822 2778 5881 inter
2820 5836 2883 5881 se
2918 5819 3261 5880 dissidebant
3293 5798 3339 5876 z'
3367 5825 3460 5881 sed
3506 5798 3749 5891 tum!
