4054 6198
412 324 508 379 Ill

1814 309 2347 371 PROLEGOMENA.
3430 306 3477 341 tu

3607 314 3716 371 lli

405 438 775 511 quamplures,
833 435 943 505 qui,
996 433 1278 501 utriusque
1336 429 1532 501 lingua:
1592 428 1705 485 fere
1785 432 2082 499 prorsusA
2113 430 2310 486 ficavit.
2365 430 2500 486 Hinc
2543 429 2762 485 demum
2811 429 3133 499 Augustino,
3176 429 3267 499 qui
3321 426 3455 484 nihil
3507 428 3711 499 inepte,

404 531 603 602 ignari,
652 528 906 597 nulloque
946 524 1130 578 habito
1173 524 1552 591 interpretum,
1599 538 1692 575 seu
1726 522 2004 589 exempla-

406 625 545 678 rium
575 622 808 683 delectu,
839 616 1141 672 difficiliora
1172 624 1227 669 et
1252 615 1567 669 obscuriora
1612 612 1757 666 Itala:
1804 612 2008 666 versio-

405 718 494 771 nis
525 717 640 770 loca
674 711 791 767 ausi
831 719 958 764 sunt
997 708 1290 778 corrigere,
1345 720 1673 775 expungere,
1718 704 1803 758 vel
1850 719 2003 757 assu-

407 808 605 864 mentis
632 818 831 874 augere
858 819 870 855 :
912 810 969 857 et
995 816 1114 871 quin
1146 798 1333 854 lectori
1365 812 1570 853 moram
1602 795 1798 851 afferre
1851 803 2005 863 pote-

404 894 937 964 rantinEvangeliis,
967 908 1051 956 ea,
1085 890 1222 945 facta
1245 889 1409 944 veluti
1435 888 1665 958 quadam
1690 884 2004 951 Harmonia,

403 992 626 1047 alterius
684 986 1046 1057 Evangelistte
1103 983 1278 1048 stylo,
1351 981 1640 1051 verbisque
1709 979 2001 1033 illustrare.

404 1085 543 1140 Hinc
571 1082 758 1147 variae,
797 1079 1276 1147 discrepantesque
1306 1074 1466 1128 unius
1491 1088 1554 1128 ac
1594 1073 1837 1142 ejusdem
1864 1071 2004 1124 anti-

404 1178 497 1248 qui
525 1172 836 1244 interpretis
863 1179 988 1226 sunt
1032 1178 1232 1224 exorta:
1260 1167 1554 1227 lectiones;
1598 1180 1718 1234 quae
1745 1164 1845 1219 SS.
1883 1163 2007 1217 Hie-

403 1282 635 1340 ronymo
662 1277 717 1320 et
740 1262 1037 1332 AuguStino
1072 1261 1124 1314 in
1159 1274 1319 1314 causa
1362 1258 1534 1325 fuere,
1561 1265 1618 1310 ut
1649 1265 2007 1325 quererentur

402 1363 623 1433 utrique
642 1359 709 1415 de
729 1367 871 1412 tanta
896 1356 1203 1410 Latinorum
1221 1354 1576 1420 interpretum
1592 1350 2003 1404 numerositate.

405 1456 663 1527 Quamvis
688 1453 853 1515 enim,
897 1450 1069 1519 inquit
1099 1446 1444 1501 doctissimus
1472 1444 1716 1499 Sabatier
1748 1443 1803 1497 in
1844 1441 2003 1496 Pratl.

404 1547 657 1606 Generali
686 1544 787 1616 (De
813 1542 1097 1597 Bibliorum
1130 1539 1411 1595 Sacrorum
1453 1535 1649 1590 Latinis
1692 1533 2007 1589 versionibus

403 1642 658 1712 antiquis,
692 1638 720 1710 §
749 1638 833 1708 2),
876 1645 1053 1692 textus
1086 1633 1387 1705 primigenii
1431 1632 1740 1700 discrepent
1780 1630 1920 1685 inter
1946 1643 2006 1685 se

402 1733 694 1806 aliquando
720 1730 1001 1795 lectiones,
1034 1727 1304 1798 variisque
1344 1726 1642 1781 dissideant
1677 1726 1881 1791 verbis,
1925 1734 2007 1779 at-

2110 525 2242 579 nihil
2272 526 2370 579 nisi
2405 534 2554 580 recte
2582 525 2771 579 scribit
2796 566 2811 587 ,
2855 523 3099 578 scribere
3145 524 3370 577 forsitan
3405 522 3570 587 licuit,
3604 523 3712 576 La-

2109 618 2243 671 tinos
2270 618 2568 689 interpretes
2596 617 2854 670 numerari
2884 633 2986 669 non
3017 631 3184 686 posse.
3222 613 3298 669 Ita
3334 615 3581 670 laudatus
3626 617 3708 669 Cl.

2110 710 2377 773 Sabatier,
2406 711 2561 781 cujus
2581 710 2951 778 conjecturam
2970 724 3070 778 ego
3088 708 3464 764 vehementius
3488 710 3711 780 urgebo.

2109 802 2295 857 Varias
2325 803 2599 858 exstitisse
2627 802 2726 858 SS.
2776 802 3089 873 Hieronymi
3138 810 3193 856 et
3220 801 3503 872 Augustini
3550 812 3710 858 zetate

2109 894 2390 951 versiones
2427 911 2527 966 ego
2554 911 2768 965 quoque
2797 910 2903 950 non
2954 896 3124 951 semel
3169 897 3380 951 asserui
3411 898 3463 951 in
3523 906 3670 951 tomo
3700 914 3714 953 ι

2116 989 2472 1042 Vindiciarum
2502 988 2878 1043 Canonicarum
2910 988 3321 1060 Scripturarum,
3346 998 3509 1060 atque
3532 990 3585 1045 in
3614 991 3716 1047 hoc

2110 1078 2471 1152 Evangeliario
2520 1081 2886 1150 Quadruplici,
2917 1083 3065 1136 nisus
3091 1082 3410 1137 auctoritate
3440 1082 3536 1137 SS.
3580 1083 3713 1149 PP.,

2108 1181 2163 1229 et
2206 1175 2505 1243 praesertim
2554 1173 2762 1238 Hilarii,
2811 1172 3149 1244 Hieronymi,
3190 1181 3246 1228 et
3275 1172 3585 1242 Augustini,
3619 1175 3711 1243 qui

2108 1263 2248 1320 libro
2277 1280 2313 1318 ιι
2345 1263 2414 1319 de
2472 1264 2723 1319 Doctrina
2761 1263 3067 1318 Christiana
3098 1279 3221 1333 cap.
3257 1264 3342 1329 li,
3377 1264 3503 1319 dum
3535 1266 3714 1321 varias

2111 1371 2206 1426 pro
2236 1355 2427 1410 iisdem
2453 1355 2803 1410 emendandis
2835 1356 3051 1426 regulas
3083 1355 3267 1423 tradit,
3298 1358 3590 1412 maximum
3618 1356 3715 1412 ha-

2110 1447 2344 1502 bendum
2374 1461 2494 1502 esse
2536 1446 2780 1501 Codicum
2827 1446 2895 1501 ab
2925 1446 3120 1502 eodem
3170 1448 3466 1518 interprete
3495 1449 3716 1503 deriva-

2109 1548 2283 1594 torum
2306 1539 2576 1595 delectum
2608 1539 2797 1595 docet:
2828 1538 2988 1604 Nam,
3017 1539 3228 1610 inquit,
3260 1540 3517 1595 codicibus
3538 1558 3713 1596 emen-

2109 1631 2295 1686 dandis
2340 1633 2576 1703 primitus
2625 1631 2768 1685 debet
2810 1633 3076 1702 invigilare
3124 1633 3332 1686 solertia
3381 1650 3579 1701 eorum,
3623 1637 3714 1704 qui

2111 1725 2409 1795 Scripturas
2437 1725 2654 1780 Divinas
2686 1742 2836 1780 nosse
2864 1726 3171 1791 desiderant,
3219 1735 3270 1779 ut
3300 1727 3579 1780 emendatis
3610 1744 3713 1781 non

401 1846 508 1902 que
535 1830 697 1884 etiam
727 1824 1030 1889 sententiis,
1074 1837 1238 1877 unum
1272 1830 1454 1875 tamen
1483 1819 1842 1889 eamdemque
1892 1818 1999 1886 pri-
2033 1818 2081 1878 B
2108 1818 2362 1872 emendati
2397 1817 2601 1884 cedant,
2633 1835 2696 1873 ea:
2741 1833 2847 1873 uno
2887 1819 3157 1872 dumtaxat
3198 1833 3712 1876 INTERPRETATIONIS

401 1921 695 1992 migenium
768 1932 891 1975 esse
961 1927 1164 1971 textum
1244 1921 1519 1968 constat:
1602 1910 1786 1981 quidni
1844 1910 2002 1979 igitur

399 2017 603 2087 pariter
652 2028 815 2069 unam
884 2010 1239 2079 eamdemque
1295 2008 1527 2077 primum
1585 2005 1751 2060 fuisse
1820 2002 2001 2073 Scrip-

399 2116 645 2163 turarum
710 2103 1209 2175 interpretationem
1267 2099 1584 2163 dixerimus,
1634 2095 1877 2166 quamvis
1904 2111 1999 2150 va-

396 2201 496 2256 ria:
573 2201 629 2253 in
692 2197 969 2253 codicibus
1056 2202 1345 2249 occurrant
1415 2190 1815 2260 discrepantiae,
1881 2204 1999 2259 qua:

393 2291 573 2345 varias
620 2287 1112 2358 interpretationes,
1161 2300 1192 2339 a
1256 2284 1419 2338 variis
1461 2283 1764 2339 elaboratas
1822 2281 1996 2336 inter-

398 2384 667 2455 pretibus,
706 2382 1011 2451 signiﬁcare
1039 2378 1364 2434 videantur?
1389 2377 1649 2431 Nimirum
1695 2375 1861 2429 varia:
1891 2374 1999 2428 illa:

394 2474 626 2547 forsitan
642 2473 1041 2541 discrepantite,
1073 2478 1165 2523 aut
1198 2470 1265 2523 ab
1300 2467 1646 2524 oscitantium
1674 2465 1999 2538 negligentia

393 2570 765 2629 librariorum,
819 2576 910 2618 aut
940 2564 1009 2617 ab
1038 2562 1317 2617 audacium
1358 2562 1661 2615 temeritate
1707 2559 2001 2615 eruditulo-

394 2676 517 2716 rum
546 2668 669 2714 sunt
701 2655 987 2726 profectae;
1018 2670 1247 2723 quorum
1280 2654 1369 2707 alii
1397 2654 1761 2708 somniculose
1794 2652 1999 2707 descri-

393 2751 573 2809 bendo
620 2750 761 2803 hanc
817 2746 1339 2815 interpretationem,
1397 2745 1559 2799 verba
1604 2754 1658 2798 et
1703 2744 1999 2798 sententias

394 2844 691 2906 vitiarunt;
761 2839 850 2893 alii
900 2852 1051 2905 vero,
1117 2852 1236 2907 qua:
1291 2836 1472 2890 minus
1519 2835 1858 2901 intellexere,
1909 2843 2001 2887 aut

391 2934 654 2990 mendosa
701 2939 978 3002 putarunt,
1032 2936 1124 2983 aut
1169 2927 1433 2983 arbitratu
1477 2942 1577 2980 suo
1627 2933 1995 2980 mutaverunt.

392 3027 577 3093 Certe,
607 3025 652 3080 si
693 3023 744 3078 id
787 3022 929 3078 inter
957 3020 1377 3077 exscribendum
1407 3019 1786 3088 primigeniam
1818 3017 2002 3087 Scrip-

392 3128 532 3174 turae
563 3126 793 3182 textum,
824 3113 976 3184 cujus
1000 3112 1084 3167 vel
1116 3112 1410 3167 litterulam
1448 3119 1657 3165 mutare
1703 3109 1853 3165 nefas
1882 3124 2002 3165 esse

2105 1925 2285 1979 genere
2313 1910 2585 1963 venientes.
2621 1908 2687 1962 Et
2724 1910 2775 1962 in
2810 1908 3001 1964 eodem
3043 1908 3201 1975 libro,
3250 1924 3374 1979 cap.
3406 1911 3499 1974 15,
3552 1926 3702 1966 num.

2102 2000 2195 2066 22,
2229 2000 2293 2055 In
2339 2002 2465 2072 ipsis
2495 2016 3095 2064 lNTERPRETATlONIBUS,
3126 2000 3254 2055 Itala
3284 2002 3479 2056 ueteris
3519 2006 3714 2074 praefe-

2104 2102 2285 2159 ratur;
2331 2110 2451 2146 nam
2494 2102 2567 2147 est
2596 2093 2864 2147 verborum
2912 2095 3161 2160 tenacior,
3205 2110 3319 2147 cum
3349 2095 3715 2164 perspicuitate

2103 2186 2385 2240 sententias.
2436 2186 2525 2250 At,
2575 2186 2665 2241 ubi
2698 2186 2755 2240 S.
2808 2185 3169 2256 Hieronymus
3212 2187 3403 2240 arbiter
3443 2187 3602 2253 sedit,
3647 2187 3711 2241 Β.

2106 2280 2324 2337 Damasi
2349 2279 2524 2349 jussu,
2556 2289 2610 2333 ut
2652 2280 2787 2354 (post
2818 2280 3133 2351 exemplaria
3162 2280 3548 2350 Scripturarum
3576 2279 3713 2335 Novi

2105 2375 2440 2431 Testamenti
2470 2384 2573 2430 toto
2605 2374 2725 2429 orbe
2753 2373 2966 2441 di/fttsa,
3018 2391 3130 2444 quin
3178 2376 3311 2429 inter
3340 2392 3393 2429 se
3420 2375 3713 2445 variabant)

2106 2486 2223 2539 qua:
2251 2477 2416 2524 essent
2439 2468 2552 2533 illa,
2582 2483 2697 2538 qua:
2726 2484 2840 2521 cum
2867 2466 3046 2521 Grcaca
3075 2468 3453 2522 consentiebant
3476 2468 3707 2534 veritate,

2104 2561 2431 2624 decerneret;
2459 2577 2521 2614 ne
2552 2561 2790 2624 multum,
2823 2559 3017 2629 inquit,
3046 2577 3075 2611 a
3098 2559 3331 2613 lectionis
3356 2558 3559 2613 Latina:
3583 2575 3710 2613 con-

2103 2655 2371 2708 suetudine
2411 2654 2782 2723 discreparent,
2826 2654 2897 2705 ita
2946 2652 3143 2705 calamo
3194 2651 3607 2722 temperavimus,
3656 2662 3712 2705 ut

2103 2745 2184 2798 Itis
2210 2757 2429 2810 tantum,
2457 2762 2572 2815 qua:
2608 2762 2811 2800 sensum
2852 2744 3151 2799 videbantur
3191 2755 3409 2809 mutare,
3445 2745 3711 2811 correctis,

2102 2838 2298 2907 reliqua
2322 2854 2528 2892 manere
2556 2847 2864 2905 pateremur,
2888 2846 2941 2890 ut
2964 2839 3188 2908 fuerant.
3219 2835 3401 2905 Itaque
3426 2837 3514 2891 illa
3538 2854 3708 2891 exem-

2115 2930 2307 3003 plaria,
2336 2946 2457 2999 qute
2488 2929 2616 2984 dit-it
2648 2939 2719 2983 tot
2749 2946 2874 3001 pene
2899 2929 3077 3000 fuisse,
3109 2940 3230 2999 quot
3261 2929 3477 2995 codices,
3510 2944 3575 2983 ex
3605 2944 3711 2983 uno

2112 3022 2390 3077 dumtaxat
2421 3021 2883 3092 interpretationis
2900 3037 3100 3091 genere
3125 3022 3442 3087 veniebant;
3466 3021 3711 3092 quando-

2104 3118 2324 3188 quidem
2354 3126 2430 3171 tot
2451 3117 2851 3187 exemplaribus
2873 3116 3019 3172 Italae
3043 3116 3182 3171 mire
3195 3117 3486 3187 corruptis,
3511 3116 3707 3186 quibus

395 3211 681 3273 debuerat,
725 3207 981 3276 contigit;
1031 3215 1232 3275 quanto
1262 3205 1431 3275 magis
1461 3203 1778 3274 contingere
1826 3204 1993 3273 potuit

2106 3209 2305 3265 mederi
2341 3210 2576 3275 volebat,
2607 3209 2826 3265 minime
2856 3210 3237 3273 consuluisset,
3264 3210 3308 3264 si
3336 3225 3399 3265 ea
3433 3210 3564 3264 varii
3598 3210 3711 3265 ela-

388 3304 446 3358 in
470 3300 824 3359 exscribenda
862 3299 1330 3368 interpretatione,
1362 3297 1539 3366 cujus,
1568 3312 1699 3351 cum.
1716 3312 1825 3353 non
1850 3305 1998 3351 tanta

388 3405 534 3451 esset
585 3391 905 3459 auctoritas,
953 3402 1153 3462 quanta
1189 3400 1374 3444 textus
1418 3389 1746 3460 primigenii,
1800 3389 1997 3444 minori

392 3489 572 3544 adhuc
598 3503 749 3553 cura,
774 3486 1085 3555 minorique
1108 3484 1371 3554 religione
1387 3493 1470 3538 est
1493 3482 1765 3552 descripta
1785 3498 1812 3536 a
1834 3483 1998 3538 libra—

386 3581 507 3648 riis,
557 3588 614 3636 et
657 3578 964 3645 eruditulis,
997 3577 1088 3647 qui
1138 3585 1369 3643 mutare,
1416 3573 1637 3640 addere,
1685 3572 1994 3641 detrahere,

390 3673 658 3745 glossulas
682 3673 943 3736 inserere,
977 3668 1223 3739 religioni
1248 3682 1352 3722 non
1384 3666 1725 3722 habuerunt?

461 3767 731 3820 Praeterea
760 3764 1029 3818 variarum
1076 3770 1245 3831 potest
1271 3776 1392 3815 esse
1423 3761 1525 3814 alia
1561 3761 1855 3815 lectionum
1879 3760 1993 3815 ori-

341 3845 343 3849 1
390 3874 481 3930 go,
512 3872 680 3927 eaque
705 3856 888 3925 purior
908 3862 1071 3924 atque
1105 3853 1308 3908 utilior.
1340 3852 1489 3907 Sicut
1511 3851 1655 3906 enim
1684 3851 1909 3918 librarii,
1939 3862 1996 3907 et

388 3947 670 4014 erudituli,
693 3947 1005 4011 oscitantia,
1030 3955 1082 4001 et
1098 3943 1404 3999 temeritate
1421 3943 1797 4013 primigeniam
1818 3952 1995 3999 trans-

388 4046 646 4103 lationem
676 4057 1061 4112 nonnunquam
1091 4039 1369 4104 vitiarunt;
1388 4038 1458 4093 ita
1473 4039 1692 4104 eruditi,
1718 4039 1992 4109 siquando

386 4138 626 4207 primum
671 4135 996 4189 dormitasse
1043 4139 1379 4202 agnoverunt
1423 4130 1798 4199 interpretem,
1848 4132 1989 4201 quod

384 4229 588 4285 nemini
616 4242 721 4281 non
746 4225 1030 4295 contingit,
1055 4239 1176 4278 cum
1201 4237 1408 4288 errare,
1440 4233 1493 4276 et
1521 4221 1634 4276 falli
1664 4222 1982 4288 humanum,

387 4331 443 4377 et
492 4338 519 4375 a
574 4323 792 4378 nemine
837 4321 1071 4375 alienum
1114 4320 1205 4385 sit,
1256 4333 1377 4389 quae
1423 4318 1603 4373 minus
1655 4326 1801 4373 recte
1832 4332 1988 4372 versa

388 4424 563 4483 erant,
596 4416 947 4485 castigarunt.
990 4423 1045 4469 et
1091 4412 1296 4477 verbis,
1343 4410 1701 4466 seutentiisve
1740 4410 1989 4466 obscuris

386 4512 562 4568 lucem
589 4510 811 4566 dedere.
844 4509 981 4563 Hinc
1015 4507 1212 4563 factum
1244 4514 1346 4571 est,
1382 4514 1441 4559 ut
1467 4521 1585 4576 qutc
1617 4505 1777 4559 varia;
1798 4504 1986 4560 viden-

2103 3303 2387 3357 borassent
2440 3303 2789 3373 interpretes.
2843 3302 3109 3358 Praeterea
3162 3302 3539 3372 discrepantes
3597 3302 3710 3357 lec-

2103 3396 2281 3451 tiones
2326 3396 2764 3468 Evangeliorum,
2808 3412 2941 3466 quas
2980 3397 3093 3464 ipse
3144 3395 3524 3466 Hieronymus,
3574 3410 3710 3466 prte-

2099 3487 2285 3543 sertim
2330 3489 2381 3543 in
2415 3489 2805 3544 commentario
2854 3489 2905 3542 in
2956 3487 3288 3551 Matthmum,
3338 3488 3549 3552 recitat,
3599 3503 3708 3542 non

2099 3579 2342 3634 diversos
2373 3580 2695 3650 interpretes
2724 3588 2976 3649 arguunt,
3003 3577 3097 3633 sed
3121 3577 3451 3647 exemplaria
3485 3577 3701 3633 diversa

2098 3671 2343 3741 ejusdem
2390 3672 2729 3742 interpretis.
2780 3672 3028 3738 Demnm,
3075 3685 3201 3727 cum
3241 3685 3412 3741 usque
3447 3669 3515 3724 ad
3556 3668 3700 3726 hanc

2096 3765 2240 3821 diem
2293 3766 2622 3835 insigniores
2680 3766 3025 3822 bibliotheca:
3094 3766 3354 3837 singulari
3381 3766 3705 3837 ,‘diligenlia

2098 3858 2392 3927 pervoluta:
2442 3859 2777 3912 servaverint
2827 3859 3148 3929 quamplura
3198 3860 3497 3929 fragmenta
3554 3860 3700 3916 illius

2095 3950 2484 4019 antiquissima:
2533 3951 3016 4021 interpretationis,
3058 3968 3220 4022 quam
3247 3962 3398 4008 tanto
3426 3954 3479 4008 in
3527 3954 3704 4023 pretio

2095 4040 2284 4096 habuit
2310 4042 2663 4113 Augustinus,
2693 4044 2886 4115 cuique
2915 4054 3140 4100 caeteras
3165 4061 3285 4100 esse
3302 4046 3703 4116 postltabendas

2095 4138 2481 4208 pronuntiavit,
2514 4154 2611 4194 cur
2640 4139 2863 4194 aliarum
2892 4140 3132 4195 omnium
3173 4140 3384 4196 fortuna
3422 4141 3559 4197 adeo
3585 4142 3703 4197 dis-

2095 4244 2190 4300 par
2233 4231 2349 4293 fuit,
2401 4239 2563 4302 atque
2606 4231 2929 4288 dissimilis?
2982 4234 3235 4302 Privatis,
3283 4235 3429 4291 dicet
3480 4236 3701 4306 aliquis,

2094 4322 2278 4377 usibus
2336 4324 2722 4380 inserviebant.
2771 4326 2842 4379 At
2880 4340 2985 4381 non
3014 4341 3224 4382 omnes.
3282 4327 3431 4382 Itala:
3478 4327 3700 4397 quidem

2091 4415 2233 4485 apud
2265 4416 2483 4471 Latinos
2526 4416 2833 4473 excellebat
2872 4419 3201 4484 auctoritas;
3244 4419 3340 4474 sed
3369 4429 3544 4475 tamen
3574 4420 3698 4475 alia:

2091 4508 2337 4579 quaedam
2378 4509 2593 4566 fuerunt
2637 4510 2951 4578 versiones,
2999 4511 3194 4581 quibus
3234 4512 3421 4567 Italam
3477 4511 3701 4582 postha-

386 4615 478 4661 tur
498 4619 619 4661 esse
643 4619 670 4656 a
699 4602 860 4656 variis
889 4601 1181 4657 elaboratae
1207 4598 1562 4669 scriptoribus
1583 4596 1984 4667 Scripturarum
2014 4602 2066 4663 D
2092 4602 2259 4657 buere
2286 4604 2531 4658 nonnulli
2574 4604 2784 4659 Patres.
2830 4604 3093 4671 Quoniam
3125 4621 3254 4660 vero
3293 4621 3479 4675 pauca:
3518 4614 3694 4673 erant,

384 4697 882 4770 interpretationes,
909 4692 1051 4747 aliud
1086 4691 1306 4746 forsitan
1332 4690 1464 4746 nihil
1489 4692 1616 4757 sint,
1647 4707 1805 4760 quam
1838 4692 1982 4746 varia

383 4792 627 4859 ejusdem
678 4784 1142 4856 interpretationis
1180 4783 1445 4852 exempla,
1492 4799 1585 4851 pro
1640 4783 1980 4838 librariorum

383 4882 732 4951 negligentia,
774 4862 1099 4951 ignorantia,
1124 4891 1187 4931 ac
1217 4875 1542 4941 temeritate,
1573 4873 1667 4929 sed
1700 4883 1753 4929 et
1794 4874 1979 4929 erudi-

377 4984 560 5030 torum
590 4974 938 5043 castigationc
967 4969 1353 5039 discrepantia.
1395 4966 1533 5021 Hine
1573 4965 1751 5021 forsan
1792 4966 1980 5022 Hiero-

378 5079 600 5137 nymus,
647 5074 718 5116 tot
762 5064 1074 5133 exemplaria
1118 5076 1264 5132 pene,
1306 5068 1429 5130 quot
1468 5058 1687 5124 codices,
1727 5059 1975 5129 scripsit;

381 5174 503 5229 qua:
552 5164 730 5209 tamen
780 5154 939 5222 paulo
983 5152 1216 5206 inﬂatius
1256 5151 1454 5219 scripta
1486 5159 1651 5204 sunt:
1702 5148 1826 5205 hinc
1854 5164 1976 5205 cum

374 5249 520 5306 idem
552 5247 911 5317 Hieronymus
935 5259 1125 5297 novam
1145 5244 1461 5298 adornasset
1482 5242 1621 5298 Novi
1645 5242 1977 5299 Testamenti

373 5339 904 5410 interpretationem,
936 5335 1099 5405 idque
1126 5351 1155 5389 a
1188 5335 1429 5405 pluribus
1458 5335 1968 5406 reprehenderetur,

374 5441 593 5488 sanctus
635 5434 833 5487 Doctor
864 5427 1165 5489 malevolis,
1191 5428 1279 5495 qui
1310 5442 1389 5489 se,
1424 5442 1683 5496 suamque
1712 5428 1972 5483 rodebant

374 5535 431 5582 et
465 5526 754 5593 carpebant
784 5524 1114 5586 versionem,
1148 5520 1209 5573 iis
1238 5519 1519 5588 respondit
1546 5520 1747 5584 verbis,
1780 5522 1972 5590 quibus

370 5636 484 5675 non
510 5628 615 5672 tam
640 5634 667 5671 a
708 5634 765 5673 se
786 5634 981 5674 novam
1013 5615 1307 5685 Scriptura:
1332 5613 1831 5683 interpretationem
1854 5616 1968 5671 ela-

371 5712 639 5775 boratam,
671 5725 831 5780 quam
870 5720 1109 5765 veterem
1152 5705 1518 5771 emendatam,
1567 5717 1622 5761 et
1660 5722 1690 5762 a
1723 5708 1966 5774 maculis,

368 5805 644 5877 vitiisque,
674 5803 867 5878 quibus
897 5802 1196 5873 laborabat,
1220 5810 1571 5876 expurgatam
1602 5801 1772 5861 fuisse
1798 5804 1967 5876 signi-

2093 4696 2323 4767 primum
2350 4697 2607 4768 neglecttn
2627 4706 2753 4751 sunt
2776 4697 2829 4752 in
2853 4697 3043 4753 forulis
3062 4698 3473 4766 tabulariorum,
3498 4698 3698 4755 deinde

2091 4788 2367 4843 interitum
2423 4805 2615 4859 passae.
2658 4790 2713 4845 Si
2760 4806 2897 4861 pene
2951 4792 3247 4847 innumera:
3287 4792 3435 4848 credi
3484 4792 3695 4860 volunt,

2090 4882 2213 4950 quei
2260 4880 2371 4936 fieri
2406 4883 2596 4952 potuit,
2647 4891 2706 4937 ut
2752 4897 2940 4937 omnes
2986 4883 3281 4953 deperditte
3320 4883 3592 4949 dicantur,
3638 4891 3697 4940 et

2089 4975 2216 5028 sint.
2249 4974 2365 5028 Non
2410 4975 2540 5030 levis
2560 4986 2642 5031 est
2669 4974 2786 5032 haec
2823 4976 3139 5044 difﬁcultas,
3167 4992 3267 5033 nec
3294 4977 3468 5033 facilis
3498 4978 3564 5032 ad
3595 4993 3692 5033 ex—

2084 5065 2409 5135 pediendum
2441 5078 2524 5121 est
2566 5066 2739 5123 nodus
2789 5068 2916 5132 illis,
2947 5069 3038 5140 qui
3066 5069 3257 5124 volunt
3300 5070 3464 5125 nimis
3498 5084 3695 5140 urgere

2082 5158 2182 5214 SS.
2214 5159 2523 5229 Hieronymi
2564 5171 2619 5216 et
2661 5161 2946 5232 Augustini
2990 5164 3311 5230 sententias,
3366 5179 3500 5233 quas
3539 5164 3685 5219 reci-

2084 5250 2209 5304 lavi.
2245 5250 2563 5320 Huiusmodi
2595 5262 2772 5309 tamen
2806 5253 2980 5310 nodus
2998 5255 3149 5310 nullo
3176 5256 3394 5328 negotio
3421 5256 3687 5325 solvetur,

2080 5342 2124 5397 si
2162 5352 2239 5396 tot
2270 5343 2488 5399 Latinos
2546 5345 2870 5417 interpretes
2912 5347 3134 5403 minime
3177 5348 3451 5405 exstitisse
3492 5348 3689 5405 creda-

2078 5450 2218 5493 mus.
2262 5436 2367 5491 Sed
2413 5438 2481 5494 de
2512 5438 2614 5494 hoc
2640 5440 2788 5495 alibi.
2824 5440 2904 5496 Ne
2944 5452 3124 5497 autem
3156 5444 3389 5513 amplius
3437 5444 3593 5497 alicui
3621 5459 3690 5499 ea

2077 5527 2330 5597 cogitatio
2375 5532 2554 5585 veniat
2601 5532 2651 5586 in
2690 5545 2927 5590 mentem
2959 5541 3106 5604 (post
3135 5544 3215 5591 tot
3260 5536 3685 5592 litteratissimos

2078 5620 2346 5688 homines,
2370 5626 2459 5694 qui
2485 5626 2551 5681 de
2574 5626 2805 5683 Vindob.
2836 5629 2982 5696 cod.,
3013 5630 3237 5702 ejusque
3265 5632 3400 5687 Itala
3428 5634 3683 5688 versione

2072 5713 2208 5768 mihi
2238 5716 2596 5788 scripserunt)
2632 5722 2806 5791 ipsum
2835 5724 3138 5801 exemplar~
3157 5728 3378 5783 incerta:
3406 5720 3681 5783 versionis

2070 5820 2215 5876 esse,
2247 5816 2302 5865 et
2327 5807 2523 5873 frustra
2551 5827 2638 5870 me
2665 5813 2793 5871 illud
2824 5815 3116 5886 edendum,
3149 5827 3201 5875 te
3233 5821 3515 5887 collatore,
3552 5836 3677 5878 sus-
