  <div class='ocr_page' id='page_1' title='image "/cluster/home/n/w/nwhite01/storage/ocr_20150623/12/hvd.32044096580410/062.png"; bbox 0 0 4054 6198; ppageno 0'>
   <div class='ocr_carea' id='block_1_1' title="bbox 360 244 463 299">
    <p class='ocr_par' dir='ltr' id='par_1_1' title="bbox 360 244 463 299">
     <span class='ocr_line' id='line_1_1' title="bbox 360 244 463 299; baseline 0.01 -1"><span class='ocrx_word' id='word_1_1' title='bbox 360 244 463 299; x_wconf 73' lang='grc'><strong>115</strong></span> 
     </span>
    </p>
   </div>
   <div class='ocr_carea' id='block_1_2' title="bbox 1085 198 2871 307">
    <p class='ocr_par' dir='ltr' id='par_1_2' title="bbox 1085 198 2871 307">
     <span class='ocr_line' id='line_1_2' title="bbox 1085 198 2871 307; baseline 0.001 -4"><span class='ocrx_word' id='word_1_2' title='bbox 1085 245 1419 307; x_wconf 74' lang='lat' dir='ltr'><strong>EPISTOLA</strong></span> <span class='ocrx_word' id='word_1_3' title='bbox 1460 246 1828 305; x_wconf 78' lang='lat' dir='ltr'><strong>BLANCHINI</strong></span> <span class='ocrx_word' id='word_1_4' title='bbox 1868 248 1960 305; x_wconf 86' lang='lat' dir='ltr'><strong>AD</strong></span> <span class='ocrx_word' id='word_1_5' title='bbox 2003 246 2387 306; x_wconf 81' lang='lat' dir='ltr'><strong>EPISCOPUM</strong></span> <span class='ocrx_word' id='word_1_6' title='bbox 2426 198 2871 307; x_wconf 73' lang='lat' dir='ltr'><strong>GURCENSEM.</strong></span> 
     </span>
    </p>
   </div>
   <div class='ocr_carea' id='block_1_3' title="bbox 3560 255 3664 310">
    <p class='ocr_par' dir='ltr' id='par_1_3' title="bbox 3560 255 3664 310">
     <span class='ocr_line' id='line_1_3' title="bbox 3560 255 3664 310; baseline 0.019 -2"><span class='ocrx_word' id='word_1_7' title='bbox 3560 255 3664 310; x_wconf 73' lang='grc'><strong>114</strong></span> 
     </span>
    </p>
   </div>
   <div class='ocr_carea' id='block_1_4' title="bbox 353 360 3665 438">
    <p class='ocr_par' dir='ltr' id='par_1_4' title="bbox 353 360 3665 438">
     <span class='ocr_line' id='line_1_4' title="bbox 353 360 3665 438; baseline 0.002 -22"><span class='ocrx_word' id='word_1_8' title='bbox 353 361 597 431; x_wconf 85' lang='lat' dir='ltr'><strong>cepisse;</strong></span> <span class='ocrx_word' id='word_1_9' title='bbox 649 360 896 416; x_wconf 90' lang='lat' dir='ltr'><strong>omnibus</strong></span> <span class='ocrx_word' id='word_1_10' title='bbox 930 360 1205 417; x_wconf 75' lang='lat' dir='ltr'><strong>industriae</strong></span> <span class='ocrx_word' id='word_1_11' title='bbox 1238 379 1371 418; x_wconf 69' lang='lat' dir='ltr'><strong>mere</strong></span> <span class='ocrx_word' id='word_1_12' title='bbox 1400 365 1536 419; x_wconf 90' lang='lat' dir='ltr'><strong>ratio</strong></span> <span class='ocrx_word' id='word_1_13' title='bbox 1572 371 1849 433; x_wconf 91' lang='lat' dir='ltr'><strong>comperta</strong></span> <span class='ocrx_word' id='word_1_14' title='bbox 1878 363 1950 418; x_wconf 85' lang='lat' dir='ltr'><strong>sit</strong></span> <span class='ocrx_word' id='word_1_15' title='bbox 1975 366 2024 425; x_wconf 82' lang='grc' dir='ltr'>Α</span> <span class='ocrx_word' id='word_1_16' title='bbox 2055 362 2230 419; x_wconf 66' lang='lat' dir='ltr'><strong>Grmc.</strong></span> <span class='ocrx_word' id='word_1_17' title='bbox 2264 367 2351 419; x_wconf 77' lang='grc' dir='ltr'><strong>ἐπὶ</strong></span> <span class='ocrx_word' id='word_1_18' title='bbox 2390 370 2482 424; x_wconf 72' lang='grc' dir='ltr'>τήν</span> <span class='ocrx_word' id='word_1_19' title='bbox 2522 363 2754 438; x_wconf 66' lang='grc' dir='ltr'>νύμφην;</span> <span class='ocrx_word' id='word_1_20' title='bbox 2788 363 2932 436; x_wconf 91' lang='lat' dir='ltr'><strong>quod</strong></span> <span class='ocrx_word' id='word_1_21' title='bbox 2963 366 3186 437; x_wconf 83' lang='lat' dir='ltr'><strong>proprie</strong></span> <span class='ocrx_word' id='word_1_22' title='bbox 3213 380 3467 436; x_wconf 83' lang='lat' dir='ltr'><strong>sponsam</strong></span> <span class='ocrx_word' id='word_1_23' title='bbox 3499 368 3665 437; x_wconf 83' lang='lat' dir='ltr'><strong>signi-</strong></span> 
     </span>
    </p>
   </div>
   <div class='ocr_carea' id='block_1_5' title="bbox 350 459 1949 530">
    <p class='ocr_par' dir='ltr' id='par_1_5' title="bbox 350 459 1949 530">
     <span class='ocr_line' id='line_1_5' title="bbox 350 459 1949 530; baseline -0.003 -15"><span class='ocrx_word' id='word_1_24' title='bbox 350 474 414 515; x_wconf 80' lang='lat' dir='ltr'><strong>ex</strong></span> <span class='ocrx_word' id='word_1_25' title='bbox 466 459 824 527; x_wconf 88' lang='lat' dir='ltr'><strong>consequenti</strong></span> <span class='ocrx_word' id='word_1_26' title='bbox 880 460 1118 513; x_wconf 89' lang='lat' dir='ltr'><strong>locorum</strong></span> <span class='ocrx_word' id='word_1_27' title='bbox 1179 462 1555 530; x_wconf 89' lang='lat' dir='ltr'><strong>parallelorum</strong></span> <span class='ocrx_word' id='word_1_28' title='bbox 1609 460 1949 530; x_wconf 79' lang='lat' dir='ltr'><strong>prolatione:</strong></span> 
     </span>
    </p>
   </div>
   <div class='ocr_carea' id='block_1_6' title="bbox 346 553 1954 625">
    <p class='ocr_par' dir='ltr' id='par_1_6' title="bbox 346 553 1954 625">
     <span class='ocr_line' id='line_1_6' title="bbox 346 553 1954 625; baseline 0.001 -20"><span class='ocrx_word' id='word_1_29' title='bbox 346 567 470 622; x_wconf 76' lang='lat' dir='ltr'><strong>quze</strong></span> <span class='ocrx_word' id='word_1_30' title='bbox 500 553 641 617; x_wconf 86' lang='lat' dir='ltr'><strong>loca,</strong></span> <span class='ocrx_word' id='word_1_31' title='bbox 677 554 764 623; x_wconf 88' lang='lat' dir='ltr'><strong>qui</strong></span> <span class='ocrx_word' id='word_1_32' title='bbox 792 557 1050 607; x_wconf 89' lang='lat' dir='ltr'><strong>attentius</strong></span> <span class='ocrx_word' id='word_1_33' title='bbox 1076 556 1443 625; x_wconf 87' lang='lat' dir='ltr'><strong>perpenderit,</strong></span> <span class='ocrx_word' id='word_1_34' title='bbox 1482 569 1600 610; x_wconf 91' lang='lat' dir='ltr'><strong>cum</strong></span> <span class='ocrx_word' id='word_1_35' title='bbox 1643 564 1760 609; x_wconf 91' lang='lat' dir='ltr'><strong>tuos</strong></span> <span class='ocrx_word' id='word_1_36' title='bbox 1805 555 1954 609; x_wconf 90' lang='lat' dir='ltr'><strong>labo-</strong></span> 
     </span>
    </p>
   </div>
   <div class='ocr_carea' id='block_1_7' title="bbox 348 646 1950 717">
    <p class='ocr_par' dir='ltr' id='par_1_7' title="bbox 348 646 1950 717">
     <span class='ocr_line' id='line_1_7' title="bbox 348 646 1950 717; baseline 0.001 -17"><span class='ocrx_word' id='word_1_37' title='bbox 348 662 441 700; x_wconf 89' lang='lat' dir='ltr'><strong>res</strong></span> <span class='ocrx_word' id='word_1_38' title='bbox 471 646 659 699; x_wconf 87' lang='lat' dir='ltr'><strong>merita</strong></span> <span class='ocrx_word' id='word_1_39' title='bbox 684 648 973 701; x_wconf 85' lang='lat' dir='ltr'><strong>ctunulabit</strong></span> <span class='ocrx_word' id='word_1_40' title='bbox 1000 648 1191 715; x_wconf 73' lang='lat' dir='ltr'><strong>gloria,</strong></span> <span class='ocrx_word' id='word_1_41' title='bbox 1218 656 1329 702; x_wconf 91' lang='lat' dir='ltr'><strong>tum</strong></span> <span class='ocrx_word' id='word_1_42' title='bbox 1361 664 1493 703; x_wconf 68' lang='lat' dir='ltr'><strong>metu</strong></span> <span class='ocrx_word' id='word_1_43' title='bbox 1517 648 1759 710; x_wconf 85' lang='lat' dir='ltr'><strong>editioni,</strong></span> <span class='ocrx_word' id='word_1_44' title='bbox 1790 663 1950 717; x_wconf 89' lang='lat' dir='ltr'><strong>quam</strong></span> 
     </span>
    </p>
   </div>
   <div class='ocr_carea' id='block_1_8' title="bbox 347 737 1952 806">
    <p class='ocr_par' dir='ltr' id='par_1_8' title="bbox 347 737 1952 806">
     <span class='ocr_line' id='line_1_8' title="bbox 347 737 1952 806; baseline -0.001 -15"><span class='ocrx_word' id='word_1_45' title='bbox 347 738 550 791; x_wconf 86' lang='lat' dir='ltr'><strong>mereri</strong></span> <span class='ocrx_word' id='word_1_46' title='bbox 597 738 790 806; x_wconf 86' lang='lat' dir='ltr'><strong>possit,</strong></span> <span class='ocrx_word' id='word_1_47' title='bbox 837 737 1048 792; x_wconf 86' lang='lat' dir='ltr'><strong>laudem</strong></span> <span class='ocrx_word' id='word_1_48' title='bbox 1102 737 1237 793; x_wconf 83' lang='lat' dir='ltr'><strong>tituli</strong></span> <span class='ocrx_word' id='word_1_49' title='bbox 1288 755 1390 792; x_wconf 90' lang='lat' dir='ltr'><strong>non</strong></span> <span class='ocrx_word' id='word_1_50' title='bbox 1449 738 1729 793; x_wconf 88' lang='lat' dir='ltr'><strong>invidebit.</strong></span> <span class='ocrx_word' id='word_1_51' title='bbox 1787 737 1952 791; x_wconf 88' lang='lat' dir='ltr'><strong>Multa</strong></span> 
     </span>
    </p>
   </div>
   <div class='ocr_carea' id='block_1_9' title="bbox 345 828 1951 897">
    <p class='ocr_par' dir='ltr' id='par_1_9' title="bbox 345 828 1951 897">
     <span class='ocr_line' id='line_1_9' title="bbox 345 828 1951 897; baseline 0.001 -16"><span class='ocrx_word' id='word_1_52' title='bbox 345 828 567 897; x_wconf 89' lang='lat' dir='ltr'><strong>quidem</strong></span> <span class='ocrx_word' id='word_1_53' title='bbox 596 837 652 883; x_wconf 90' lang='lat' dir='ltr'><strong>et</strong></span> <span class='ocrx_word' id='word_1_54' title='bbox 699 828 930 883; x_wconf 81' lang='lat' dir='ltr'><strong>maxima</strong></span> <span class='ocrx_word' id='word_1_55' title='bbox 979 829 1151 884; x_wconf 88' lang='lat' dir='ltr'><strong>debeo</strong></span> <span class='ocrx_word' id='word_1_56' title='bbox 1195 829 1275 883; x_wconf 90' lang='lat' dir='ltr'><strong>Cl.</strong></span> <span class='ocrx_word' id='word_1_57' title='bbox 1328 830 1389 883; x_wconf 84' lang='lat' dir='ltr'><strong>V.</strong></span> <span class='ocrx_word' id='word_1_58' title='bbox 1427 830 1643 884; x_wconf 83' lang='lat' dir='ltr'><strong>Nicolao</strong></span> <span class='ocrx_word' id='word_1_59' title='bbox 1694 829 1951 883; x_wconf 65' lang='lat' dir='ltr'><strong>Forlosiaa</strong></span> 
     </span>
    </p>
   </div>
   <div class='ocr_carea' id='block_1_10' title="bbox 344 919 1951 990">
    <p class='ocr_par' dir='ltr' id='par_1_10' title="bbox 344 919 1951 990">
     <span class='ocr_line' id='line_1_10' title="bbox 344 919 1951 990; baseline 0 -16"><span class='ocrx_word' id='word_1_60' title='bbox 344 919 484 989; x_wconf 83' lang='lat' dir='ltr'><strong>Aug.</strong></span> <span class='ocrx_word' id='word_1_61' title='bbox 519 920 865 975; x_wconf 59' lang='lat' dir='ltr'><strong>biblimbecm</strong></span> <span class='ocrx_word' id='word_1_62' title='bbox 887 920 1096 974; x_wconf 88' lang='lat' dir='ltr'><strong>custodi</strong></span> <span class='ocrx_word' id='word_1_63' title='bbox 1126 922 1513 990; x_wconf 90' lang='lat' dir='ltr'><strong>primario,qui</strong></span> <span class='ocrx_word' id='word_1_64' title='bbox 1545 920 1951 990; x_wconf 90' lang='lat' dir='ltr'><strong>incomparabili</strong></span> 
     </span>
    </p>
   </div>
   <div class='ocr_carea' id='block_1_11' title="bbox 346 1009 1949 1080">
    <p class='ocr_par' dir='ltr' id='par_1_11' title="bbox 346 1009 1949 1080">
     <span class='ocr_line' id='line_1_11' title="bbox 346 1009 1949 1080; baseline 0.001 -16"><span class='ocrx_word' id='word_1_65' title='bbox 346 1010 628 1080; x_wconf 70' lang='lat' dir='ltr'><strong>diligentia</strong></span> <span class='ocrx_word' id='word_1_66' title='bbox 660 1009 881 1065; x_wconf 87' lang='lat' dir='ltr'><strong>Latinos</strong></span> <span class='ocrx_word' id='word_1_67' title='bbox 913 1028 1019 1066; x_wconf 87' lang='lat' dir='ltr'><strong>non</strong></span> <span class='ocrx_word' id='word_1_68' title='bbox 1051 1015 1224 1066; x_wconf 91' lang='lat' dir='ltr'><strong>solum</strong></span> <span class='ocrx_word' id='word_1_69' title='bbox 1256 1014 1473 1067; x_wconf 84' lang='lat' dir='ltr'><strong>codices</strong></span> <span class='ocrx_word' id='word_1_70' title='bbox 1503 1027 1687 1067; x_wconf 87' lang='lat' dir='ltr'><strong>sacros</strong></span> <span class='ocrx_word' id='word_1_71' title='bbox 1715 1027 1780 1066; x_wconf 83' lang='lat' dir='ltr'><strong>ex</strong></span> <span class='ocrx_word' id='word_1_72' title='bbox 1826 1012 1949 1065; x_wconf 84' lang='lat' dir='ltr'><strong>Vin-</strong></span> 
     </span>
    </p>
   </div>
   <div class='ocr_carea' id='block_1_12' title="bbox 344 1100 1947 1174">
    <p class='ocr_par' dir='ltr' id='par_1_12' title="bbox 344 1100 1947 1174">
     <span class='ocr_line' id='line_1_12' title="bbox 344 1100 1947 1174; baseline 0.002 -20"><span class='ocrx_word' id='word_1_73' title='bbox 344 1100 653 1156; x_wconf 88' lang='lat' dir='ltr'><strong>dobonensi</strong></span> <span class='ocrx_word' id='word_1_74' title='bbox 677 1102 931 1156; x_wconf 88' lang='lat' dir='ltr'><strong>thesauro</strong></span> <span class='ocrx_word' id='word_1_75' title='bbox 958 1103 1192 1174; x_wconf 81' lang='lat' dir='ltr'><strong>collegit,</strong></span> <span class='ocrx_word' id='word_1_76' title='bbox 1233 1104 1599 1174; x_wconf 87' lang='lat' dir='ltr'><strong>collectosque</strong></span> <span class='ocrx_word' id='word_1_77' title='bbox 1631 1105 1682 1157; x_wconf 94' lang='lat' dir='ltr'><strong>iu</strong></span> <span class='ocrx_word' id='word_1_78' title='bbox 1718 1104 1947 1158; x_wconf 86' lang='lat' dir='ltr'><strong>indicent</strong></span> 
     </span>
    </p>
   </div>
   <div class='ocr_carea' id='block_1_13' title="bbox 342 1195 1945 1267">
    <p class='ocr_par' dir='ltr' id='par_1_13' title="bbox 342 1195 1945 1267">
     <span class='ocr_line' id='line_1_13' title="bbox 342 1195 1945 1267; baseline 0.001 -17"><span class='ocrx_word' id='word_1_79' title='bbox 342 1195 541 1250; x_wconf 86' lang='lat' dir='ltr'><strong>ordine</strong></span> <span class='ocrx_word' id='word_1_80' title='bbox 570 1210 667 1249; x_wconf 87' lang='lat' dir='ltr'><strong>suo</strong></span> <span class='ocrx_word' id='word_1_81' title='bbox 690 1196 989 1261; x_wconf 89' lang='lat' dir='ltr'><strong>distribuit,</strong></span> <span class='ocrx_word' id='word_1_82' title='bbox 1017 1206 1178 1267; x_wconf 89' lang='lat' dir='ltr'><strong>atque</strong></span> <span class='ocrx_word' id='word_1_83' title='bbox 1206 1198 1271 1252; x_wconf 92' lang='lat' dir='ltr'><strong>ad</strong></span> <span class='ocrx_word' id='word_1_84' title='bbox 1309 1214 1393 1253; x_wconf 89' lang='lat' dir='ltr'><strong>me</strong></span> <span class='ocrx_word' id='word_1_85' title='bbox 1427 1198 1603 1264; x_wconf 88' lang='lat' dir='ltr'><strong>misit;</strong></span> <span class='ocrx_word' id='word_1_86' title='bbox 1646 1198 1739 1253; x_wconf 84' lang='lat' dir='ltr'><strong>sed</strong></span> <span class='ocrx_word' id='word_1_87' title='bbox 1784 1213 1945 1253; x_wconf 85' lang='lat' dir='ltr'><strong>evan-</strong></span> 
     </span>
    </p>
   </div>
   <div class='ocr_carea' id='block_1_14' title="bbox 344 1289 1948 1364">
    <p class='ocr_par' dir='ltr' id='par_1_14' title="bbox 344 1289 1948 1364">
     <span class='ocr_line' id='line_1_14' title="bbox 344 1289 1948 1364; baseline 0.004 -22"><span class='ocrx_word' id='word_1_88' title='bbox 344 1289 630 1358; x_wconf 85' lang='lat' dir='ltr'><strong>geliarium</strong></span> <span class='ocrx_word' id='word_1_89' title='bbox 670 1289 859 1355; x_wconf 89' lang='lat' dir='ltr'><strong>etiam,</strong></span> <span class='ocrx_word' id='word_1_90' title='bbox 904 1290 971 1345; x_wconf 90' lang='lat' dir='ltr'><strong>de</strong></span> <span class='ocrx_word' id='word_1_91' title='bbox 1001 1306 1107 1361; x_wconf 88' lang='lat' dir='ltr'><strong>quo</strong></span> <span class='ocrx_word' id='word_1_92' title='bbox 1138 1293 1427 1361; x_wconf 88' lang='lat' dir='ltr'><strong>loquimur,</strong></span> <span class='ocrx_word' id='word_1_93' title='bbox 1473 1293 1755 1363; x_wconf 75' lang='lat' dir='ltr'><strong>esplicuit,</strong></span> <span class='ocrx_word' id='word_1_94' title='bbox 1787 1303 1948 1364; x_wconf 87' lang='lat' dir='ltr'><strong>atque</strong></span> 
     </span>
    </p>
   </div>
   <div class='ocr_carea' id='block_1_15' title="bbox 343 1379 1945 1455">
    <p class='ocr_par' dir='ltr' id='par_1_15' title="bbox 343 1379 1945 1455">
     <span class='ocr_line' id='line_1_15' title="bbox 343 1379 1945 1455; baseline 0.004 -22"><span class='ocrx_word' id='word_1_95' title='bbox 343 1379 662 1450; x_wconf 85' lang='lat' dir='ltr'><strong>descripsit;</strong></span> <span class='ocrx_word' id='word_1_96' title='bbox 689 1382 882 1436; x_wconf 91' lang='lat' dir='ltr'><strong>critico</strong></span> <span class='ocrx_word' id='word_1_97' title='bbox 920 1382 1140 1452; x_wconf 83' lang='lat' dir='ltr'><strong>insuper</strong></span> <span class='ocrx_word' id='word_1_98' title='bbox 1178 1393 1231 1438; x_wconf 91' lang='lat' dir='ltr'><strong>et</strong></span> <span class='ocrx_word' id='word_1_99' title='bbox 1260 1384 1519 1439; x_wconf 89' lang='lat' dir='ltr'><strong>historico</strong></span> <span class='ocrx_word' id='word_1_100' title='bbox 1550 1385 1763 1455; x_wconf 86' lang='lat' dir='ltr'><strong>adjecto</strong></span> <span class='ocrx_word' id='word_1_101' title='bbox 1801 1385 1945 1454; x_wconf 87' lang='lat' dir='ltr'><strong>judi-</strong></span> 
     </span>
    </p>
   </div>
   <div class='ocr_carea' id='block_1_16' title="bbox 340 1472 1947 1547">
    <p class='ocr_par' dir='ltr' id='par_1_16' title="bbox 340 1472 1947 1547">
     <span class='ocr_line' id='line_1_16' title="bbox 340 1472 1947 1547; baseline 0.004 -21"><span class='ocrx_word' id='word_1_102' title='bbox 340 1472 445 1526; x_wconf 86' lang='lat' dir='ltr'><strong>cio.</strong></span> <span class='ocrx_word' id='word_1_103' title='bbox 502 1472 720 1527; x_wconf 89' lang='lat' dir='ltr'><strong>Utinam</strong></span> <span class='ocrx_word' id='word_1_104' title='bbox 780 1482 922 1528; x_wconf 87' lang='lat' dir='ltr'><strong>totus</strong></span> <span class='ocrx_word' id='word_1_105' title='bbox 969 1475 1058 1529; x_wconf 91' lang='lat' dir='ltr'><strong>ille</strong></span> <span class='ocrx_word' id='word_1_106' title='bbox 1098 1477 1292 1543; x_wconf 91' lang='lat' dir='ltr'><strong>codex,</strong></span> <span class='ocrx_word' id='word_1_107' title='bbox 1345 1477 1497 1545; x_wconf 88' lang='lat' dir='ltr'><strong>cujus</strong></span> <span class='ocrx_word' id='word_1_108' title='bbox 1537 1493 1636 1547; x_wconf 89' lang='lat' dir='ltr'><strong>ego</strong></span> <span class='ocrx_word' id='word_1_109' title='bbox 1678 1478 1947 1533; x_wconf 76' lang='lat' dir='ltr'><strong>variantes</strong></span> 
     </span>
    </p>
   </div>
   <div class='ocr_carea' id='block_1_17' title="bbox 340 1565 1948 1639">
    <p class='ocr_par' dir='ltr' id='par_1_17' title="bbox 340 1565 1948 1639">
     <span class='ocr_line' id='line_1_17' title="bbox 340 1565 1948 1639; baseline 0.003 -20"><span class='ocrx_word' id='word_1_110' title='bbox 340 1565 606 1619; x_wconf 84' lang='lat' dir='ltr'><strong>lectiones</strong></span> <span class='ocrx_word' id='word_1_111' title='bbox 659 1566 872 1638; x_wconf 83' lang='lat' dir='ltr'><strong>evulgo,</strong></span> <span class='ocrx_word' id='word_1_112' title='bbox 928 1582 959 1621; x_wconf 86' lang='lat' dir='ltr'><strong>a</strong></span> <span class='ocrx_word' id='word_1_113' title='bbox 1003 1578 1074 1634; x_wconf 92' lang='lat' dir='ltr'><strong>te,</strong></span> <span class='ocrx_word' id='word_1_114' title='bbox 1125 1570 1523 1639; x_wconf 89' lang='lat' dir='ltr'><strong>sapientissime</strong></span> <span class='ocrx_word' id='word_1_115' title='bbox 1577 1570 1795 1639; x_wconf 72' lang='lat' dir='ltr'><strong>prmsul,</strong></span> <span class='ocrx_word' id='word_1_116' title='bbox 1848 1570 1948 1624; x_wconf 90' lang='lat' dir='ltr'><strong>ali-</strong></span> 
     </span>
    </p>
   </div>
   <div class='ocr_carea' id='block_1_18' title="bbox 340 1658 1941 1732">
    <p class='ocr_par' dir='ltr' id='par_1_18' title="bbox 340 1658 1941 1732">
     <span class='ocr_line' id='line_1_18' title="bbox 340 1658 1941 1732; baseline 0.004 -21"><span class='ocrx_word' id='word_1_117' title='bbox 340 1658 562 1727; x_wconf 82' lang='lat' dir='ltr'><strong>quando</strong></span> <span class='ocrx_word' id='word_1_118' title='bbox 590 1658 642 1713; x_wconf 91' lang='lat' dir='ltr'><strong>in</strong></span> <span class='ocrx_word' id='word_1_119' title='bbox 680 1659 853 1715; x_wconf 89' lang='lat' dir='ltr'><strong>lucem</strong></span> <span class='ocrx_word' id='word_1_120' title='bbox 886 1660 1095 1715; x_wconf 88' lang='lat' dir='ltr'><strong>edatur.</strong></span> <span class='ocrx_word' id='word_1_121' title='bbox 1142 1662 1289 1732; x_wconf 92' lang='lat' dir='ltr'><strong>Opus</strong></span> <span class='ocrx_word' id='word_1_122' title='bbox 1319 1677 1449 1716; x_wconf 90' lang='lat' dir='ltr'><strong>sane</strong></span> <span class='ocrx_word' id='word_1_123' title='bbox 1494 1661 1941 1732; x_wconf 77' lang='lat' dir='ltr'><strong>ineomparabile,</strong></span> 
     </span>
    </p>
   </div>
   <div class='ocr_carea' id='block_1_19' title="bbox 2062 456 2210 511">
    <p class='ocr_par' dir='ltr' id='par_1_19' title="bbox 2062 456 2210 511">
     <span class='ocr_line' id='line_1_19' title="bbox 2062 456 2210 511; baseline 0 -2"><span class='ocrx_word' id='word_1_124' title='bbox 2062 456 2210 511; x_wconf 84' lang='lat' dir='ltr'><strong>ficat.</strong></span> 
     </span>
    </p>
   </div>
   <div class='ocr_carea' id='block_1_20' title="bbox 2128 549 3671 621">
    <p class='ocr_par' dir='ltr' id='par_1_20' title="bbox 2128 549 3671 621">
     <span class='ocr_line' id='line_1_20' title="bbox 2128 549 3671 621; baseline 0.004 -18"><span class='ocrx_word' id='word_1_125' title='bbox 2128 549 2259 603; x_wconf 90' lang='lat' dir='ltr'><strong>Luc.</strong></span> <span class='ocrx_word' id='word_1_126' title='bbox 2292 563 2410 618; x_wconf 87' lang='lat' dir='ltr'><strong>cap.</strong></span> <span class='ocrx_word' id='word_1_127' title='bbox 2445 567 2594 616; x_wconf 83' lang='lat' dir='ltr'><strong>xvut,</strong></span> <span class='ocrx_word' id='word_1_128' title='bbox 2624 552 2675 604; x_wconf 94' lang='lat'><strong>7.</strong></span> <span class='ocrx_word' id='word_1_129' title='bbox 2708 551 3107 619; x_wconf 85' lang='lat' dir='ltr'><strong>Vindoboneu.,</strong></span> <span class='ocrx_word' id='word_1_130' title='bbox 3136 552 3465 621; x_wconf 84' lang='lat' dir='ltr'><strong>Vercellen.,</strong></span> <span class='ocrx_word' id='word_1_131' title='bbox 3495 554 3671 609; x_wconf 83' lang='lat' dir='ltr'><strong>Vero-</strong></span> 
     </span>
    </p>
   </div>
   <div class='ocr_carea' id='block_1_21' title="bbox 2057 642 3662 709">
    <p class='ocr_par' dir='ltr' id='par_1_21' title="bbox 2057 642 3662 709">
     <span class='ocr_line' id='line_1_21' title="bbox 2057 642 3662 709; baseline 0.006 -16"><span class='ocrx_word' id='word_1_132' title='bbox 2057 655 2182 693; x_wconf 90' lang='lat' dir='ltr'><strong>nen.</strong></span> <span class='ocrx_word' id='word_1_133' title='bbox 2228 643 2524 709; x_wconf 81' lang='lat' dir='ltr'><strong>patientiam</strong></span> <span class='ocrx_word' id='word_1_134' title='bbox 2570 642 2779 696; x_wconf 79' lang='lat' dir='ltr'><strong>habens.</strong></span> <span class='ocrx_word' id='word_1_135' title='bbox 2826 643 2881 696; x_wconf 88' lang='lat' dir='ltr'><strong>In</strong></span> <span class='ocrx_word' id='word_1_136' title='bbox 2932 642 3196 697; x_wconf 86' lang='lat' dir='ltr'><strong>hodierno</strong></span> <span class='ocrx_word' id='word_1_137' title='bbox 3232 646 3423 701; x_wconf 87' lang='lat' dir='ltr'><strong>codice</strong></span> <span class='ocrx_word' id='word_1_138' title='bbox 3468 647 3662 702; x_wconf 72' lang='lat' dir='ltr'><strong>Graeco</strong></span> 
     </span>
    </p>
   </div>
   <div class='ocr_carea' id='block_1_22' title="bbox 2054 736 3653 811">
    <p class='ocr_par' dir='ltr' id='par_1_22' title="bbox 2054 736 3653 811">
     <span class='ocr_line' id='line_1_22' title="bbox 2054 736 3653 811; baseline 0.004 -24"><span class='ocrx_word' id='word_1_139' title='bbox 2054 742 2139 787; x_wconf 88' lang='lat' dir='ltr'><strong>est</strong></span> <span class='ocrx_word' id='word_1_140' title='bbox 2166 774 2182 799; x_wconf 90' lang='lat'><strong>,</strong></span> <span class='ocrx_word' id='word_1_141' title='bbox 2216 739 2299 787; x_wconf 80' lang='grc' dir='ltr'><strong>καὶ</strong></span> <span class='ocrx_word' id='word_1_142' title='bbox 2324 739 2658 811; x_wconf 77' lang='grc' dir='ltr'><strong>μακροθυμῶν</strong></span> <span class='ocrx_word' id='word_1_143' title='bbox 2687 736 2763 789; x_wconf 82' lang='grc' dir='ltr'><strong>ἐπ’</strong></span> <span class='ocrx_word' id='word_1_144' title='bbox 2788 736 2987 799; x_wconf 79' lang='grc' dir='ltr'><strong>αὐτοῖς,</strong></span> <span class='ocrx_word' id='word_1_145' title='bbox 3036 744 3083 787; x_wconf 85' lang='lat' dir='ltr'><strong>et</strong></span> <span class='ocrx_word' id='word_1_146' title='bbox 3132 737 3425 806; x_wconf 77' lang='lat' dir='ltr'><strong>patientiam</strong></span> <span class='ocrx_word' id='word_1_147' title='bbox 3444 738 3653 793; x_wconf 87' lang='lat' dir='ltr'><strong>habens.</strong></span> 
     </span>
    </p>
   </div>
   <div class='ocr_carea' id='block_1_23' title="bbox 2054 826 3661 906">
    <p class='ocr_par' dir='ltr' id='par_1_23' title="bbox 2054 826 3661 906">
     <span class='ocr_line' id='line_1_23' title="bbox 2054 826 3661 906; baseline 0.004 -26"><span class='ocrx_word' id='word_1_148' title='bbox 2054 826 2192 880; x_wconf 90' lang='lat' dir='ltr'><strong>Olim</strong></span> <span class='ocrx_word' id='word_1_149' title='bbox 2227 826 2435 893; x_wconf 61' lang='lat' dir='ltr'><strong>legi-bat</strong></span> <span class='ocrx_word' id='word_1_150' title='bbox 2461 831 2727 897; x_wconf 88' lang='lat' dir='ltr'><strong>interpres</strong></span> <span class='ocrx_word' id='word_1_151' title='bbox 2761 828 3005 895; x_wconf 84' lang='lat' dir='ltr'><strong>Latinus,</strong></span> <span class='ocrx_word' id='word_1_152' title='bbox 3035 832 3661 906; x_wconf 58' lang='lat' dir='ltr'><strong>paxpoeuprioszmatien-</strong></span> 
     </span>
    </p>
   </div>
   <div class='ocr_carea' id='block_1_24' title="bbox 2060 920 2657 975">
    <p class='ocr_par' dir='ltr' id='par_1_24' title="bbox 2060 920 2657 975">
     <span class='ocr_line' id='line_1_24' title="bbox 2060 920 2657 975; baseline 0.002 -2"><span class='ocrx_word' id='word_1_153' title='bbox 2060 920 2181 973; x_wconf 87' lang='lat' dir='ltr'><strong>tiam</strong></span> <span class='ocrx_word' id='word_1_154' title='bbox 2216 920 2418 973; x_wconf 80' lang='lat' dir='ltr'><strong>habebit</strong></span> <span class='ocrx_word' id='word_1_155' title='bbox 2450 924 2499 973; x_wconf 90' lang='lat' dir='ltr'><strong>in</strong></span> <span class='ocrx_word' id='word_1_156' title='bbox 2532 922 2657 975; x_wconf 87' lang='lat' dir='ltr'><strong>illis.</strong></span> 
     </span>
    </p>
   </div>
   <div class='ocr_carea' id='block_1_25' title="bbox 2125 1015 3665 1083">
    <p class='ocr_par' dir='ltr' id='par_1_25' title="bbox 2125 1015 3665 1083">
     <span class='ocr_line' id='line_1_25' title="bbox 2125 1015 3665 1083; baseline 0.003 -15"><span class='ocrx_word' id='word_1_157' title='bbox 2125 1015 2254 1068; x_wconf 90' lang='lat' dir='ltr'><strong>Luc.</strong></span> <span class='ocrx_word' id='word_1_158' title='bbox 2302 1030 2421 1083; x_wconf 88' lang='lat' dir='ltr'><strong>cap.</strong></span> <span class='ocrx_word' id='word_1_159' title='bbox 2478 1031 2566 1079; x_wconf 82' lang='lat' dir='ltr'><strong>xx,</strong></span> <span class='ocrx_word' id='word_1_160' title='bbox 2600 1017 2688 1069; x_wconf 84' lang='lat'><strong>55.</strong></span> <span class='ocrx_word' id='word_1_161' title='bbox 2724 1016 3095 1071; x_wconf 79' lang='lat' dir='ltr'><strong>Vindobonen.</strong></span> <span class='ocrx_word' id='word_1_162' title='bbox 3146 1025 3199 1071; x_wconf 93' lang='lat' dir='ltr'><strong>et</strong></span> <span class='ocrx_word' id='word_1_163' title='bbox 3234 1016 3521 1073; x_wconf 90' lang='lat' dir='ltr'><strong>Corbeien.</strong></span> <span class='ocrx_word' id='word_1_164' title='bbox 3573 1035 3665 1073; x_wconf 86' lang='lat' dir='ltr'><strong>ne-</strong></span> 
     </span>
    </p>
   </div>
   <div class='ocr_carea' id='block_1_26' title="bbox 2052 1108 3660 1179">
    <p class='ocr_par' dir='ltr' id='par_1_26' title="bbox 2052 1108 3660 1179">
     <span class='ocr_line' id='line_1_26' title="bbox 2052 1108 3660 1179; baseline 0.005 -21"><span class='ocrx_word' id='word_1_165' title='bbox 2052 1122 2148 1177; x_wconf 85' lang='lat' dir='ltr'><strong>que</strong></span> <span class='ocrx_word' id='word_1_166' title='bbox 2189 1110 2382 1160; x_wconf 85' lang='lat' dir='ltr'><strong>ducunt</strong></span> <span class='ocrx_word' id='word_1_167' title='bbox 2426 1124 2646 1170; x_wconf 70' lang='lat' dir='ltr'><strong>uxores,</strong></span> <span class='ocrx_word' id='word_1_168' title='bbox 2703 1108 2940 1162; x_wconf 85' lang='lat' dir='ltr'><strong>Brixian.</strong></span> <span class='ocrx_word' id='word_1_169' title='bbox 2995 1125 3153 1179; x_wconf 88' lang='lat' dir='ltr'><strong>neque</strong></span> <span class='ocrx_word' id='word_1_170' title='bbox 3201 1126 3386 1164; x_wconf 81' lang='lat' dir='ltr'><strong>uxores</strong></span> <span class='ocrx_word' id='word_1_171' title='bbox 3442 1112 3660 1166; x_wconf 85' lang='lat' dir='ltr'><strong>ducunt.</strong></span> 
     </span>
    </p>
   </div>
   <div class='ocr_carea' id='block_1_27' title="bbox 2053 1200 3661 1266">
    <p class='ocr_par' dir='ltr' id='par_1_27' title="bbox 2053 1200 3661 1266">
     <span class='ocr_line' id='line_1_27' title="bbox 2053 1200 3661 1266; baseline 0.005 -15"><span class='ocrx_word' id='word_1_172' title='bbox 2053 1200 2277 1266; x_wconf 85' lang='lat' dir='ltr'><strong>Quidam</strong></span> <span class='ocrx_word' id='word_1_173' title='bbox 2330 1200 2491 1254; x_wconf 91' lang='lat' dir='ltr'><strong>etiam</strong></span> <span class='ocrx_word' id='word_1_174' title='bbox 2542 1215 2672 1254; x_wconf 90' lang='lat' dir='ltr'><strong>mss.</strong></span> <span class='ocrx_word' id='word_1_175' title='bbox 2726 1200 2836 1254; x_wconf 87' lang='lat' dir='ltr'><strong>div.</strong></span> <span class='ocrx_word' id='word_1_176' title='bbox 2882 1200 3024 1256; x_wconf 91' lang='lat' dir='ltr'><strong>Bibl.</strong></span> <span class='ocrx_word' id='word_1_177' title='bbox 3070 1201 3127 1258; x_wconf 93' lang='lat' dir='ltr'><strong>S.</strong></span> <span class='ocrx_word' id='word_1_178' title='bbox 3183 1202 3404 1257; x_wconf 89' lang='lat' dir='ltr'><strong>llieron.</strong></span> <span class='ocrx_word' id='word_1_179' title='bbox 3454 1203 3661 1259; x_wconf 87' lang='lat' dir='ltr'><strong>habent</strong></span> 
     </span>
    </p>
   </div>
   <div class='ocr_carea' id='block_1_28' title="bbox 2046 1290 3155 1360">
    <p class='ocr_par' dir='ltr' id='par_1_28' title="bbox 2046 1290 3155 1360">
     <span class='ocr_line' id='line_1_28' title="bbox 2046 1290 3155 1360; baseline 0.004 -19"><span class='ocrx_word' id='word_1_180' title='bbox 2046 1290 2202 1360; x_wconf 85' lang='lat' dir='ltr'><strong>juxta</strong></span> <span class='ocrx_word' id='word_1_181' title='bbox 2235 1291 2479 1346; x_wconf 63' lang='lat' dir='ltr'><strong>Graecum</strong></span> <span class='ocrx_word' id='word_1_182' title='bbox 2501 1334 2513 1355; x_wconf 91' lang='lat'><strong>,</strong></span> <span class='ocrx_word' id='word_1_183' title='bbox 2544 1309 2702 1360; x_wconf 87' lang='lat' dir='ltr'><strong>neque</strong></span> <span class='ocrx_word' id='word_1_184' title='bbox 2732 1293 2922 1346; x_wconf 80' lang='lat' dir='ltr'><strong>ducum</strong></span> <span class='ocrx_word' id='word_1_185' title='bbox 2948 1310 3155 1346; x_wconf 71' lang='lat' dir='ltr'><strong>uxores.</strong></span> 
     </span>
    </p>
   </div>
   <div class='ocr_carea' id='block_1_29' title="bbox 2124 1382 3657 1451">
    <p class='ocr_par' dir='ltr' id='par_1_29' title="bbox 2124 1382 3657 1451">
     <span class='ocr_line' id='line_1_29' title="bbox 2124 1382 3657 1451; baseline 0.004 -16"><span class='ocrx_word' id='word_1_186' title='bbox 2124 1382 2287 1435; x_wconf 84' lang='lat' dir='ltr'><strong>Marc.</strong></span> <span class='ocrx_word' id='word_1_187' title='bbox 2336 1397 2452 1451; x_wconf 89' lang='lat' dir='ltr'><strong>cap.</strong></span> <span class='ocrx_word' id='word_1_188' title='bbox 2510 1398 2586 1449; x_wconf 95' lang='grc' dir='ltr'>ιι,</span> <span class='ocrx_word' id='word_1_189' title='bbox 2646 1384 2731 1437; x_wconf 84' lang='lat' dir='ltr'><strong>l9.</strong></span> <span class='ocrx_word' id='word_1_190' title='bbox 2788 1382 3201 1450; x_wconf 82' lang='lat' dir='ltr'><strong>Vindobouen.,</strong></span> <span class='ocrx_word' id='word_1_191' title='bbox 3250 1384 3558 1441; x_wconf 79' lang='lat' dir='ltr'><strong>Vercellen.</strong></span> <span class='ocrx_word' id='word_1_192' title='bbox 3602 1395 3657 1441; x_wconf 92' lang='lat' dir='ltr'><strong>et</strong></span> 
     </span>
    </p>
   </div>
   <div class='ocr_carea' id='block_1_30' title="bbox 2052 1473 3655 1552">
    <p class='ocr_par' dir='ltr' id='par_1_30' title="bbox 2052 1473 3655 1552">
     <span class='ocr_line' id='line_1_30' title="bbox 2052 1473 3655 1552; baseline 0.004 -25"><span class='ocrx_word' id='word_1_193' title='bbox 2052 1474 2296 1527; x_wconf 82' lang='lat' dir='ltr'><strong>Brixian.</strong></span> <span class='ocrx_word' id='word_1_194' title='bbox 2334 1473 2461 1527; x_wconf 82' lang='lat' dir='ltr'><strong>Filii</strong></span> <span class='ocrx_word' id='word_1_195' title='bbox 2487 1477 2685 1544; x_wconf 77' lang='lat' dir='ltr'><strong>sponsi.</strong></span> <span class='ocrx_word' id='word_1_196' title='bbox 2719 1475 2940 1530; x_wconf 70' lang='lat' dir='ltr'><strong>Graecus</strong></span> <span class='ocrx_word' id='word_1_197' title='bbox 2979 1484 3178 1542; x_wconf 81' lang='lat' dir='ltr'><strong>textus,</strong></span> <span class='ocrx_word' id='word_1_198' title='bbox 3222 1484 3313 1531; x_wconf 83' lang='grc' dir='ltr'>τοῦ</span> <span class='ocrx_word' id='word_1_199' title='bbox 3371 1487 3655 1552; x_wconf 78' lang='grc' dir='ltr'>νυμφῶνος.</span> 
     </span>
    </p>
   </div>
   <div class='ocr_carea' id='block_1_31' title="bbox 2050 1567 3655 1643">
    <p class='ocr_par' dir='ltr' id='par_1_31' title="bbox 2050 1567 3655 1643">
     <span class='ocr_line' id='line_1_31' title="bbox 2050 1567 3655 1643; baseline 0.001 -22"><span class='ocrx_word' id='word_1_200' title='bbox 2050 1567 2120 1621; x_wconf 89' lang='lat' dir='ltr'><strong>Et</strong></span> <span class='ocrx_word' id='word_1_201' title='bbox 2147 1569 2214 1621; x_wconf 87' lang='lat' dir='ltr'><strong>ita</strong></span> <span class='ocrx_word' id='word_1_202' title='bbox 2251 1567 2478 1623; x_wconf 85' lang='lat' dir='ltr'><strong>habetur</strong></span> <span class='ocrx_word' id='word_1_203' title='bbox 2508 1568 2697 1623; x_wconf 87' lang='lat' dir='ltr'><strong>Matth.</strong></span> <span class='ocrx_word' id='word_1_204' title='bbox 2734 1585 2852 1638; x_wconf 88' lang='lat' dir='ltr'><strong>cap.</strong></span> <span class='ocrx_word' id='word_1_205' title='bbox 2886 1586 2960 1634; x_wconf 70' lang='grc' dir='ltr'>ιιι,</span> <span class='ocrx_word' id='word_1_206' title='bbox 2984 1585 3037 1623; x_wconf 92' lang='lat' dir='ltr'><strong>v.</strong></span> <span class='ocrx_word' id='word_1_207' title='bbox 3073 1570 3162 1635; x_wconf 81' lang='grc'><strong>15,</strong></span> <span class='ocrx_word' id='word_1_208' title='bbox 3191 1580 3246 1624; x_wconf 91' lang='lat' dir='ltr'><strong>et</strong></span> <span class='ocrx_word' id='word_1_209' title='bbox 3268 1570 3398 1625; x_wconf 91' lang='lat' dir='ltr'><strong>Luc.</strong></span> <span class='ocrx_word' id='word_1_210' title='bbox 3430 1586 3551 1643; x_wconf 89' lang='lat' dir='ltr'><strong>cap.</strong></span> <span class='ocrx_word' id='word_1_211' title='bbox 3603 1588 3655 1640; x_wconf 86' lang='lat' dir='ltr'><strong>v,</strong></span> 
     </span>
    </p>
   </div>
   <div class='ocr_carea' id='block_1_32' title="bbox 2051 1658 2221 1713">
    <p class='ocr_par' dir='ltr' id='par_1_32' title="bbox 2051 1658 2221 1713">
     <span class='ocr_line' id='line_1_32' title="bbox 2051 1658 2221 1713; baseline 0.006 -1"><span class='ocrx_word' id='word_1_212' title='bbox 2051 1674 2102 1712; x_wconf 94' lang='lat' dir='ltr'><strong>v.</strong></span> <span class='ocrx_word' id='word_1_213' title='bbox 2130 1658 2221 1713; x_wconf 65' lang='lat'><strong>54.</strong></span> 
     </span>
    </p>
   </div>
   <div class='ocr_carea' id='block_1_33' title="bbox 338 1739 3655 1825">
    <p class='ocr_par' dir='ltr' id='par_1_33' title="bbox 338 1739 3655 1825">
     <span class='ocr_line' id='line_1_33' title="bbox 338 1739 3655 1825; baseline 0.001 -18"><span class='ocrx_word' id='word_1_214' title='bbox 338 1761 393 1807; x_wconf 90' lang='lat' dir='ltr'><strong>ct</strong></span> <span class='ocrx_word' id='word_1_215' title='bbox 446 1754 851 1810; x_wconf 80' lang='lat' dir='ltr'><strong>immortalitate</strong></span> <span class='ocrx_word' id='word_1_216' title='bbox 892 1755 1148 1825; x_wconf 89' lang='lat' dir='ltr'><strong>dignum;</strong></span> <span class='ocrx_word' id='word_1_217' title='bbox 1194 1757 1285 1810; x_wconf 90' lang='lat' dir='ltr'><strong>sed</strong></span> <span class='ocrx_word' id='word_1_218' title='bbox 1336 1756 1608 1811; x_wconf 84' lang='lat' dir='ltr'><strong>hominum</strong></span> <span class='ocrx_word' id='word_1_219' title='bbox 1638 1757 1936 1822; x_wconf 79' lang='lat' dir='ltr'><strong>dumtaxat,</strong></span> <span class='ocrx_word' id='word_1_220' title='bbox 1968 1739 2016 1798; x_wconf 87' lang='grc' dir='ltr'><strong>Β</strong></span> <span class='ocrx_word' id='word_1_221' title='bbox 2120 1750 2281 1804; x_wconf 80' lang='lat' dir='ltr'><strong>Marc.</strong></span> <span class='ocrx_word' id='word_1_222' title='bbox 2333 1766 2451 1821; x_wconf 83' lang='lat' dir='ltr'><strong>cap.</strong></span> <span class='ocrx_word' id='word_1_223' title='bbox 2508 1768 2621 1817; x_wconf 81' lang='lat' dir='ltr'><strong>vn,</strong></span> <span class='ocrx_word' id='word_1_224' title='bbox 2700 1753 2751 1807; x_wconf 84' lang='lat'><strong>5.</strong></span> <span class='ocrx_word' id='word_1_225' title='bbox 2816 1751 3194 1807; x_wconf 85' lang='lat' dir='ltr'><strong>Vindoboneu.</strong></span> <span class='ocrx_word' id='word_1_226' title='bbox 3256 1762 3310 1807; x_wconf 86' lang='lat' dir='ltr'><strong>et</strong></span> <span class='ocrx_word' id='word_1_227' title='bbox 3364 1752 3655 1808; x_wconf 87' lang='lat' dir='ltr'><strong>Corbeien.</strong></span> 
     </span>
    </p>
   </div>
   <div class='ocr_carea' id='block_1_34' title="bbox 335 1846 1943 1918">
    <p class='ocr_par' dir='ltr' id='par_1_34' title="bbox 335 1846 1943 1918">
     <span class='ocr_line' id='line_1_34' title="bbox 335 1846 1943 1918; baseline 0.003 -23"><span class='ocrx_word' id='word_1_228' title='bbox 335 1846 426 1915; x_wconf 90' lang='lat' dir='ltr'><strong>qui</strong></span> <span class='ocrx_word' id='word_1_229' title='bbox 462 1846 686 1899; x_wconf 90' lang='lat' dir='ltr'><strong>multum</strong></span> <span class='ocrx_word' id='word_1_230' title='bbox 740 1849 1130 1918; x_wconf 82' lang='lat' dir='ltr'><strong>progressionis</strong></span> <span class='ocrx_word' id='word_1_231' title='bbox 1162 1848 1387 1903; x_wconf 83' lang='lat' dir='ltr'><strong>fecerint</strong></span> <span class='ocrx_word' id='word_1_232' title='bbox 1417 1849 1469 1902; x_wconf 92' lang='lat' dir='ltr'><strong>in</strong></span> <span class='ocrx_word' id='word_1_233' title='bbox 1521 1849 1755 1903; x_wconf 90' lang='lat' dir='ltr'><strong>lectione</strong></span> <span class='ocrx_word' id='word_1_234' title='bbox 1802 1847 1943 1901; x_wconf 86' lang='lat' dir='ltr'><strong>Lati-</strong></span> 
     </span>
    </p>
   </div>
   <div class='ocr_carea' id='block_1_35' title="bbox 336 1938 1942 2008">
    <p class='ocr_par' dir='ltr' id='par_1_35' title="bbox 336 1938 1942 2008">
     <span class='ocr_line' id='line_1_35' title="bbox 336 1938 1942 2008; baseline 0.001 -18"><span class='ocrx_word' id='word_1_235' title='bbox 336 1954 533 1991; x_wconf 88' lang='lat' dir='ltr'><strong>norum</strong></span> <span class='ocrx_word' id='word_1_236' title='bbox 558 1938 779 1992; x_wconf 85' lang='lat' dir='ltr'><strong>Patrum</strong></span> <span class='ocrx_word' id='word_1_237' title='bbox 816 1940 1233 2007; x_wconf 87' lang='lat' dir='ltr'><strong>primitivortun,</strong></span> <span class='ocrx_word' id='word_1_238' title='bbox 1270 1942 1377 1994; x_wconf 90' lang='lat' dir='ltr'><strong>imo</strong></span> <span class='ocrx_word' id='word_1_239' title='bbox 1408 1949 1623 1995; x_wconf 82' lang='lat' dir='ltr'><strong>:etatem</strong></span> <span class='ocrx_word' id='word_1_240' title='bbox 1650 1955 1942 2008; x_wconf 87' lang='lat' dir='ltr'><strong>consump-</strong></span> 
     </span>
    </p>
   </div>
   <div class='ocr_carea' id='block_1_36' title="bbox 332 2033 1941 2099">
    <p class='ocr_par' dir='ltr' id='par_1_36' title="bbox 332 2033 1941 2099">
     <span class='ocr_line' id='line_1_36' title="bbox 332 2033 1941 2099; baseline 0.001 -13"><span class='ocrx_word' id='word_1_241' title='bbox 332 2034 529 2099; x_wconf 79' lang='lat' dir='ltr'><strong>serint,</strong></span> <span class='ocrx_word' id='word_1_242' title='bbox 574 2033 824 2087; x_wconf 88' lang='lat' dir='ltr'><strong>manibus</strong></span> <span class='ocrx_word' id='word_1_243' title='bbox 842 2036 1311 2089; x_wconf 82' lang='lat' dir='ltr'><strong>contrectandum.</strong></span> <span class='ocrx_word' id='word_1_244' title='bbox 1333 2035 1410 2089; x_wconf 86' lang='lat' dir='ltr'><strong>En</strong></span> <span class='ocrx_word' id='word_1_245' title='bbox 1442 2034 1637 2089; x_wconf 89' lang='lat' dir='ltr'><strong>indolis</strong></span> <span class='ocrx_word' id='word_1_246' title='bbox 1672 2033 1941 2088; x_wconf 87' lang='lat' dir='ltr'><strong>Viudobo-</strong></span> 
     </span>
    </p>
   </div>
   <div class='ocr_carea' id='block_1_37' title="bbox 333 2124 1371 2181">
    <p class='ocr_par' dir='ltr' id='par_1_37' title="bbox 333 2124 1371 2181">
     <span class='ocr_line' id='line_1_37' title="bbox 333 2124 1371 2181; baseline 0.001 -3"><span class='ocrx_word' id='word_1_247' title='bbox 333 2126 523 2179; x_wconf 88' lang='lat' dir='ltr'><strong>nensis</strong></span> <span class='ocrx_word' id='word_1_248' title='bbox 552 2124 758 2179; x_wconf 89' lang='lat' dir='ltr'><strong>codicis</strong></span> <span class='ocrx_word' id='word_1_249' title='bbox 788 2126 1093 2180; x_wconf 90' lang='lat' dir='ltr'><strong>testimonia</strong></span> <span class='ocrx_word' id='word_1_250' title='bbox 1121 2126 1371 2181; x_wconf 89' lang='lat' dir='ltr'><strong>clariora.</strong></span> 
     </span>
    </p>
   </div>
   <div class='ocr_carea' id='block_1_38' title="bbox 408 2216 1945 2286">
    <p class='ocr_par' dir='ltr' id='par_1_38' title="bbox 408 2216 1945 2286">
     <span class='ocr_line' id='line_1_38' title="bbox 408 2216 1945 2286; baseline 0 -15"><span class='ocrx_word' id='word_1_251' title='bbox 408 2216 571 2272; x_wconf 78' lang='lat' dir='ltr'><strong>Marc.</strong></span> <span class='ocrx_word' id='word_1_252' title='bbox 619 2233 744 2286; x_wconf 87' lang='lat' dir='ltr'><strong>cap.</strong></span> <span class='ocrx_word' id='word_1_253' title='bbox 780 2233 895 2281; x_wconf 84' lang='lat' dir='ltr'><strong>vtu,</strong></span> <span class='ocrx_word' id='word_1_254' title='bbox 957 2217 1047 2272; x_wconf 88' lang='grc'><strong>10.</strong></span> <span class='ocrx_word' id='word_1_255' title='bbox 1110 2219 1513 2285; x_wconf 80' lang='lat' dir='ltr'><strong>Vindobunen.,</strong></span> <span class='ocrx_word' id='word_1_256' title='bbox 1564 2218 1833 2273; x_wconf 84' lang='lat' dir='ltr'><strong>Veronen.</strong></span> <span class='ocrx_word' id='word_1_257' title='bbox 1890 2225 1945 2271; x_wconf 89' lang='lat' dir='ltr'><strong>ct</strong></span> 
     </span>
    </p>
   </div>
   <div class='ocr_carea' id='block_1_39' title="bbox 334 2311 1940 2383">
    <p class='ocr_par' dir='ltr' id='par_1_39' title="bbox 334 2311 1940 2383">
     <span class='ocr_line' id='line_1_39' title="bbox 334 2311 1940 2383; baseline -0.001 -16"><span class='ocrx_word' id='word_1_258' title='bbox 334 2322 391 2367; x_wconf 86' lang='lat' dir='ltr'><strong>ct</strong></span> <span class='ocrx_word' id='word_1_259' title='bbox 419 2311 710 2366; x_wconf 83' lang='lat' dir='ltr'><strong>Corbeien.</strong></span> <span class='ocrx_word' id='word_1_260' title='bbox 746 2311 1039 2383; x_wconf 74' lang='lat' dir='ltr'><strong>Magedum.</strong></span> <span class='ocrx_word' id='word_1_261' title='bbox 1073 2312 1302 2383; x_wconf 78' lang='lat' dir='ltr'><strong>Vulgata</strong></span> <span class='ocrx_word' id='word_1_262' title='bbox 1336 2312 1391 2369; x_wconf 98' lang='grc'><strong>8.</strong></span> <span class='ocrx_word' id='word_1_263' title='bbox 1424 2312 1587 2367; x_wconf 85' lang='lat' dir='ltr'><strong>Marci</strong></span> <span class='ocrx_word' id='word_1_264' title='bbox 1622 2314 1707 2367; x_wconf 92' lang='lat' dir='ltr'><strong>hic</strong></span> <span class='ocrx_word' id='word_1_265' title='bbox 1736 2320 1940 2378; x_wconf 90' lang='lat' dir='ltr'><strong>narrat,</strong></span> 
     </span>
    </p>
   </div>
   <div class='ocr_carea' id='block_1_40' title="bbox 332 2402 1971 2475">
    <p class='ocr_par' dir='ltr' id='par_1_40' title="bbox 332 2402 1971 2475">
     <span class='ocr_line' id='line_1_40' title="bbox 332 2402 1971 2475; baseline 0.002 -17"><span class='ocrx_word' id='word_1_266' title='bbox 332 2402 613 2459; x_wconf 84' lang='lat' dir='ltr'><strong>Christum</strong></span> <span class='ocrx_word' id='word_1_267' title='bbox 650 2420 744 2473; x_wconf 91' lang='lat' dir='ltr'><strong>per</strong></span> <span class='ocrx_word' id='word_1_268' title='bbox 772 2420 918 2459; x_wconf 85' lang='lat' dir='ltr'><strong>mare</strong></span> <span class='ocrx_word' id='word_1_269' title='bbox 958 2404 1258 2460; x_wconf 86' lang='lat' dir='ltr'><strong>Tiberiadis</strong></span> <span class='ocrx_word' id='word_1_270' title='bbox 1314 2407 1594 2475; x_wconf 77' lang='lat' dir='ltr'><strong>navigasse</strong></span> <span class='ocrx_word' id='word_1_271' title='bbox 1654 2404 1971 2461; x_wconf 81' lang='lat' dir='ltr'><strong>Dalntanu-.</strong></span> 
     </span>
    </p>
   </div>
   <div class='ocr_carea' id='block_1_41' title="bbox 334 2487 1941 2567">
    <p class='ocr_par' dir='ltr' id='par_1_41' title="bbox 334 2487 1941 2567">
     <span class='ocr_line' id='line_1_41' title="bbox 334 2487 1941 2567; baseline -0.001 -17"><span class='ocrx_word' id='word_1_272' title='bbox 334 2500 506 2550; x_wconf 76' lang='lat' dir='ltr'><strong>uiam.</strong></span> <span class='ocrx_word' id='word_1_273' title='bbox 542 2495 601 2551; x_wconf 92' lang='grc'><strong>8.</strong></span> <span class='ocrx_word' id='word_1_274' title='bbox 629 2496 913 2550; x_wconf 78' lang='lat' dir='ltr'><strong>Matthaens</strong></span> <span class='ocrx_word' id='word_1_275' title='bbox 938 2487 1069 2551; x_wconf 83' lang='lat' dir='ltr'><strong>vero</strong></span> <span class='ocrx_word' id='word_1_276' title='bbox 1101 2512 1219 2567; x_wconf 85' lang='lat' dir='ltr'><strong>cap.</strong></span> <span class='ocrx_word' id='word_1_277' title='bbox 1251 2513 1343 2563; x_wconf 87' lang='lat' dir='ltr'><strong>xv,</strong></span> <span class='ocrx_word' id='word_1_278' title='bbox 1373 2497 1461 2562; x_wconf 88' lang='lat'><strong>59,</strong></span> <span class='ocrx_word' id='word_1_279' title='bbox 1499 2508 1552 2553; x_wconf 91' lang='lat' dir='ltr'><strong>et</strong></span> <span class='ocrx_word' id='word_1_280' title='bbox 1580 2498 1733 2567; x_wconf 90' lang='lat' dir='ltr'><strong>plura</strong></span> <span class='ocrx_word' id='word_1_281' title='bbox 1755 2497 1941 2551; x_wconf 90' lang='lat' dir='ltr'><strong>Latina</strong></span> 
     </span>
    </p>
   </div>
   <div class='ocr_carea' id='block_1_42' title="bbox 336 2588 1941 2660">
    <p class='ocr_par' dir='ltr' id='par_1_42' title="bbox 336 2588 1941 2660">
     <span class='ocr_line' id='line_1_42' title="bbox 336 2588 1941 2660; baseline 0 -17"><span class='ocrx_word' id='word_1_282' title='bbox 336 2588 395 2643; x_wconf 89' lang='lat' dir='ltr'><strong>S.</strong></span> <span class='ocrx_word' id='word_1_283' title='bbox 450 2588 616 2643; x_wconf 81' lang='lat' dir='ltr'><strong>Marci</strong></span> <span class='ocrx_word' id='word_1_284' title='bbox 669 2606 798 2642; x_wconf 89' lang='lat' dir='ltr'><strong>mss.</strong></span> <span class='ocrx_word' id='word_1_285' title='bbox 844 2588 1044 2645; x_wconf 85' lang='lat' dir='ltr'><strong>habent</strong></span> <span class='ocrx_word' id='word_1_286' title='bbox 1089 2591 1305 2646; x_wconf 87' lang='lat' dir='ltr'><strong>venisse</strong></span> <span class='ocrx_word' id='word_1_287' title='bbox 1351 2588 1631 2660; x_wconf 80' lang='lat' dir='ltr'><strong>Magedan.</strong></span> <span class='ocrx_word' id='word_1_288' title='bbox 1681 2590 1941 2660; x_wconf 89' lang='lat' dir='ltr'><strong>Syriacus</strong></span> 
     </span>
    </p>
   </div>
   <div class='ocr_carea' id='block_1_43' title="bbox 334 2681 1938 2751">
    <p class='ocr_par' dir='ltr' id='par_1_43' title="bbox 334 2681 1938 2751">
     <span class='ocr_line' id='line_1_43' title="bbox 334 2681 1938 2751; baseline 0.002 -19"><span class='ocrx_word' id='word_1_289' title='bbox 334 2695 574 2750; x_wconf 89' lang='lat' dir='ltr'><strong>quoque,</strong></span> <span class='ocrx_word' id='word_1_290' title='bbox 599 2695 664 2734; x_wconf 89' lang='lat' dir='ltr'><strong>ac</strong></span> <span class='ocrx_word' id='word_1_291' title='bbox 692 2682 976 2747; x_wconf 78' lang='lat' dir='ltr'><strong>Arabicus,</strong></span> <span class='ocrx_word' id='word_1_292' title='bbox 1010 2689 1063 2735; x_wconf 90' lang='lat' dir='ltr'><strong>et</strong></span> <span class='ocrx_word' id='word_1_293' title='bbox 1094 2683 1280 2736; x_wconf 65' lang='lat' dir='ltr'><strong>Grieca</strong></span> <span class='ocrx_word' id='word_1_294' title='bbox 1313 2681 1559 2751; x_wconf 67' lang='lat' dir='ltr'><strong>qutedam</strong></span> <span class='ocrx_word' id='word_1_295' title='bbox 1578 2682 1938 2736; x_wconf 81' lang='lat' dir='ltr'><strong>vetustissima</strong></span> 
     </span>
    </p>
   </div>
   <div class='ocr_carea' id='block_1_44' title="bbox 336 2773 1229 2845">
    <p class='ocr_par' dir='ltr' id='par_1_44' title="bbox 336 2773 1229 2845">
     <span class='ocr_line' id='line_1_44' title="bbox 336 2773 1229 2845; baseline 0.001 -16"><span class='ocrx_word' id='word_1_296' title='bbox 336 2773 671 2842; x_wconf 81' lang='lat' dir='ltr'><strong>exemplaria</strong></span> <span class='ocrx_word' id='word_1_297' title='bbox 701 2776 910 2844; x_wconf 87' lang='lat' dir='ltr'><strong>legunt,</strong></span> <span class='ocrx_word' id='word_1_298' title='bbox 946 2775 1229 2845; x_wconf 79' lang='lat' dir='ltr'><strong>Magedan.</strong></span> 
     </span>
    </p>
   </div>
   <div class='ocr_carea' id='block_1_45' title="bbox 412 2864 1941 2936">
    <p class='ocr_par' dir='ltr' id='par_1_45' title="bbox 412 2864 1941 2936">
     <span class='ocr_line' id='line_1_45' title="bbox 412 2864 1941 2936; baseline 0.001 -18"><span class='ocrx_word' id='word_1_299' title='bbox 412 2864 546 2921; x_wconf 88' lang='lat' dir='ltr'><strong>Luc.</strong></span> <span class='ocrx_word' id='word_1_300' title='bbox 572 2882 692 2936; x_wconf 83' lang='lat' dir='ltr'><strong>cap.</strong></span> <span class='ocrx_word' id='word_1_301' title='bbox 723 2884 819 2932; x_wconf 79' lang='lat' dir='ltr'><strong>xu,</strong></span> <span class='ocrx_word' id='word_1_302' title='bbox 844 2868 933 2923; x_wconf 84' lang='lat'><strong>55.</strong></span> <span class='ocrx_word' id='word_1_303' title='bbox 961 2868 1165 2922; x_wconf 88' lang='lat' dir='ltr'><strong>Desunt</strong></span> <span class='ocrx_word' id='word_1_304' title='bbox 1190 2868 1372 2932; x_wconf 83' lang='lat' dir='ltr'><strong>verba,</strong></span> <span class='ocrx_word' id='word_1_305' title='bbox 1398 2869 1451 2921; x_wconf 89' lang='lat' dir='ltr'><strong>in</strong></span> <span class='ocrx_word' id='word_1_306' title='bbox 1478 2868 1713 2922; x_wconf 87' lang='lat' dir='ltr'><strong>manibus</strong></span> <span class='ocrx_word' id='word_1_307' title='bbox 1740 2869 1941 2933; x_wconf 82' lang='lat' dir='ltr'><strong>vestris,</strong></span> 
     </span>
    </p>
   </div>
   <div class='ocr_carea' id='block_1_46' title="bbox 337 2957 1940 3025">
    <p class='ocr_par' dir='ltr' id='par_1_46' title="bbox 337 2957 1940 3025">
     <span class='ocr_line' id='line_1_46' title="bbox 337 2957 1940 3025; baseline 0.002 -15"><span class='ocrx_word' id='word_1_308' title='bbox 337 2957 390 3010; x_wconf 91' lang='lat' dir='ltr'><strong>in</strong></span> <span class='ocrx_word' id='word_1_309' title='bbox 417 2957 825 3025; x_wconf 82' lang='lat' dir='ltr'><strong>Vindoboneu.,</strong></span> <span class='ocrx_word' id='word_1_310' title='bbox 856 2958 1185 3025; x_wconf 84' lang='lat' dir='ltr'><strong>Vercellen.,</strong></span> <span class='ocrx_word' id='word_1_311' title='bbox 1216 2959 1337 3014; x_wconf 84' lang='lat' dir='ltr'><strong>Gat.</strong></span> <span class='ocrx_word' id='word_1_312' title='bbox 1368 2968 1424 3014; x_wconf 91' lang='lat' dir='ltr'><strong>et</strong></span> <span class='ocrx_word' id='word_1_313' title='bbox 1444 2959 1678 3013; x_wconf 80' lang='lat' dir='ltr'><strong>Brixiau.</strong></span> <span class='ocrx_word' id='word_1_314' title='bbox 1704 2970 1756 3014; x_wconf 90' lang='lat' dir='ltr'><strong>et</strong></span> <span class='ocrx_word' id='word_1_315' title='bbox 1788 2961 1857 3014; x_wconf 90' lang='lat' dir='ltr'><strong>ita</strong></span> <span class='ocrx_word' id='word_1_316' title='bbox 1890 2960 1940 3013; x_wconf 93' lang='lat' dir='ltr'><strong>in</strong></span> 
     </span>
    </p>
   </div>
   <div class='ocr_carea' id='block_1_47' title="bbox 335 3050 1938 3122">
    <p class='ocr_par' dir='ltr' id='par_1_47' title="bbox 335 3050 1938 3122">
     <span class='ocr_line' id='line_1_47' title="bbox 335 3050 1938 3122; baseline 0.001 -17"><span class='ocrx_word' id='word_1_317' title='bbox 335 3050 525 3105; x_wconf 59' lang='lat' dir='ltr'><strong>Graeco</strong></span> <span class='ocrx_word' id='word_1_318' title='bbox 558 3063 729 3117; x_wconf 79' lang='lat' dir='ltr'><strong>textu,</strong></span> <span class='ocrx_word' id='word_1_319' title='bbox 766 3053 817 3106; x_wconf 91' lang='lat' dir='ltr'><strong>in</strong></span> <span class='ocrx_word' id='word_1_320' title='bbox 847 3053 1083 3122; x_wconf 88' lang='lat' dir='ltr'><strong>antiquis</strong></span> <span class='ocrx_word' id='word_1_321' title='bbox 1112 3052 1535 3107; x_wconf 88' lang='lat' dir='ltr'><strong>Corbeieusibus</strong></span> <span class='ocrx_word' id='word_1_322' title='bbox 1567 3052 1777 3119; x_wconf 87' lang='lat' dir='ltr'><strong>Bibliis,</strong></span> <span class='ocrx_word' id='word_1_323' title='bbox 1807 3060 1862 3106; x_wconf 90' lang='lat' dir='ltr'><strong>et</strong></span> <span class='ocrx_word' id='word_1_324' title='bbox 1888 3054 1938 3107; x_wconf 94' lang='lat' dir='ltr'><strong>in</strong></span> 
     </span>
    </p>
   </div>
   <div class='ocr_carea' id='block_1_48' title="bbox 2050 1843 3656 1916">
    <p class='ocr_par' dir='ltr' id='par_1_48' title="bbox 2050 1843 3656 1916">
     <span class='ocr_line' id='line_1_48' title="bbox 2050 1843 3656 1916; baseline 0.003 -20"><span class='ocrx_word' id='word_1_325' title='bbox 2050 1843 2269 1909; x_wconf 87' lang='lat' dir='ltr'><strong>habent,</strong></span> <span class='ocrx_word' id='word_1_326' title='bbox 2295 1845 2393 1897; x_wconf 88' lang='lat' dir='ltr'><strong>nisi</strong></span> <span class='ocrx_word' id='word_1_327' title='bbox 2420 1846 2618 1916; x_wconf 83' lang='lat' dir='ltr'><strong>pugillo</strong></span> <span class='ocrx_word' id='word_1_328' title='bbox 2648 1846 2884 1899; x_wconf 84' lang='lat' dir='ltr'><strong>laverint.</strong></span> <span class='ocrx_word' id='word_1_329' title='bbox 2929 1846 3149 1900; x_wconf 63' lang='lat' dir='ltr'><strong>Graecus</strong></span> <span class='ocrx_word' id='word_1_330' title='bbox 3178 1861 3296 1915; x_wconf 93' lang='lat' dir='ltr'><strong>pro,</strong></span> <span class='ocrx_word' id='word_1_331' title='bbox 3351 1846 3451 1901; x_wconf 88' lang='lat' dir='ltr'><strong>nisi</strong></span> <span class='ocrx_word' id='word_1_332' title='bbox 3481 1848 3656 1901; x_wconf 87' lang='lat' dir='ltr'><strong>crebro</strong></span> 
     </span>
    </p>
   </div>
   <div class='ocr_carea' id='block_1_49' title="bbox 2047 1938 3653 2019">
    <p class='ocr_par' dir='ltr' id='par_1_49' title="bbox 2047 1938 3653 2019">
     <span class='ocr_line' id='line_1_49' title="bbox 2047 1938 3653 2019; baseline 0.004 -28"><span class='ocrx_word' id='word_1_333' title='bbox 2047 1938 2261 1991; x_wconf 85' lang='lat' dir='ltr'><strong>laverint</strong></span> <span class='ocrx_word' id='word_1_334' title='bbox 2280 1956 2481 2003; x_wconf 87' lang='lat' dir='ltr'><strong>manus,</strong></span> <span class='ocrx_word' id='word_1_335' title='bbox 2501 1939 2623 2003; x_wconf 89' lang='lat' dir='ltr'><strong>fert,</strong></span> <span class='ocrx_word' id='word_1_336' title='bbox 2647 1940 2754 1995; x_wconf 76' lang='grc' dir='ltr'><strong>Ἐὰν</strong></span> <span class='ocrx_word' id='word_1_337' title='bbox 2778 1947 2846 2012; x_wconf 70' lang='grc' dir='ltr'><strong>μή</strong></span> <span class='ocrx_word' id='word_1_338' title='bbox 2865 1950 3043 2017; x_wconf 74' lang='grc' dir='ltr'><strong>πυγμῇ</strong></span> <span class='ocrx_word' id='word_1_339' title='bbox 3060 1941 3309 2013; x_wconf 69' lang='grc' dir='ltr'><strong>νίψωνται</strong></span> <span class='ocrx_word' id='word_1_340' title='bbox 3328 1945 3423 2003; x_wconf 83' lang='grc' dir='ltr'><strong>τὰς</strong></span> <span class='ocrx_word' id='word_1_341' title='bbox 3443 1950 3653 2019; x_wconf 78' lang='grc' dir='ltr'><strong>χεῖρας,</strong></span> 
     </span>
    </p>
   </div>
   <div class='ocr_carea' id='block_1_50' title="bbox 2048 2033 3327 2105">
    <p class='ocr_par' dir='ltr' id='par_1_50' title="bbox 2048 2033 3327 2105">
     <span class='ocr_line' id='line_1_50' title="bbox 2048 2033 3327 2105; baseline 0.002 -21"><span class='ocrx_word' id='word_1_342' title='bbox 2048 2033 2135 2084; x_wconf 75' lang='grc' dir='ltr'><strong>οὐκ</strong></span> <span class='ocrx_word' id='word_1_343' title='bbox 2185 2034 2439 2097; x_wconf 76' lang='grc' dir='ltr'><strong>ἐσθίουσι,</strong></span> <span class='ocrx_word' id='word_1_344' title='bbox 2476 2033 2525 2086; x_wconf 87' lang='lat' dir='ltr'><strong>id</strong></span> <span class='ocrx_word' id='word_1_345' title='bbox 2551 2043 2651 2094; x_wconf 89' lang='lat' dir='ltr'><strong>est,</strong></span> <span class='ocrx_word' id='word_1_346' title='bbox 2685 2034 2783 2085; x_wconf 88' lang='lat' dir='ltr'><strong>nisi</strong></span> <span class='ocrx_word' id='word_1_347' title='bbox 2809 2034 3061 2105; x_wconf 85' lang='lat' dir='ltr'><strong>pugillum</strong></span> <span class='ocrx_word' id='word_1_348' title='bbox 3092 2034 3327 2088; x_wconf 81' lang='lat' dir='ltr'><strong>laverint.</strong></span> 
     </span>
    </p>
   </div>
   <div class='ocr_carea' id='block_1_51' title="bbox 2120 2124 3648 2194">
    <p class='ocr_par' dir='ltr' id='par_1_51' title="bbox 2120 2124 3648 2194">
     <span class='ocr_line' id='line_1_51' title="bbox 2120 2124 3648 2194; baseline 0.001 -16"><span class='ocrx_word' id='word_1_349' title='bbox 2120 2124 2284 2179; x_wconf 87' lang='lat' dir='ltr'><strong>Marc.</strong></span> <span class='ocrx_word' id='word_1_350' title='bbox 2329 2140 2448 2194; x_wconf 87' lang='lat' dir='ltr'><strong>cap.</strong></span> <span class='ocrx_word' id='word_1_351' title='bbox 2485 2143 2513 2180; x_wconf 81' lang='lat' dir='ltr'><strong>x</strong></span> <span class='ocrx_word' id='word_1_352' title='bbox 2549 2168 2562 2191; x_wconf 97' lang='lat'><strong>,</strong></span> <span class='ocrx_word' id='word_1_353' title='bbox 2602 2126 2693 2183; x_wconf 72' lang='grc'><strong>40.</strong></span> <span class='ocrx_word' id='word_1_354' title='bbox 2725 2126 2780 2180; x_wconf 85' lang='lat' dir='ltr'><strong>In</strong></span> <span class='ocrx_word' id='word_1_355' title='bbox 2824 2126 3204 2181; x_wconf 84' lang='lat' dir='ltr'><strong>Vindobonen.</strong></span> <span class='ocrx_word' id='word_1_356' title='bbox 3240 2169 3254 2193; x_wconf 92' lang='lat'><strong>,</strong></span> <span class='ocrx_word' id='word_1_357' title='bbox 3290 2126 3596 2181; x_wconf 86' lang='lat' dir='ltr'><strong>Vercellen.</strong></span> <span class='ocrx_word' id='word_1_358' title='bbox 3632 2168 3648 2193; x_wconf 93' lang='lat'><strong>,</strong></span> 
     </span>
    </p>
   </div>
   <div class='ocr_carea' id='block_1_52' title="bbox 2048 2215 3653 2283">
    <p class='ocr_par' dir='ltr' id='par_1_52' title="bbox 2048 2215 3653 2283">
     <span class='ocr_line' id='line_1_52' title="bbox 2048 2215 3653 2283; baseline 0.002 -17"><span class='ocrx_word' id='word_1_359' title='bbox 2048 2215 2333 2270; x_wconf 76' lang='lat' dir='ltr'><strong>Corbeien.</strong></span> <span class='ocrx_word' id='word_1_360' title='bbox 2362 2225 2416 2270; x_wconf 86' lang='lat' dir='ltr'><strong>et</strong></span> <span class='ocrx_word' id='word_1_361' title='bbox 2444 2216 2714 2273; x_wconf 83' lang='lat' dir='ltr'><strong>Veronen.</strong></span> <span class='ocrx_word' id='word_1_362' title='bbox 2745 2217 2934 2283; x_wconf 89' lang='lat' dir='ltr'><strong>deest,</strong></span> <span class='ocrx_word' id='word_1_363' title='bbox 2958 2220 3014 2272; x_wconf 86' lang='grc' dir='ltr'><strong>τὸ</strong></span> <span class='ocrx_word' id='word_1_364' title='bbox 3069 2218 3228 2270; x_wconf 88' lang='lat' dir='ltr'><strong>vobis.</strong></span> <span class='ocrx_word' id='word_1_365' title='bbox 3282 2217 3347 2272; x_wconf 87' lang='lat' dir='ltr'><strong>Et</strong></span> <span class='ocrx_word' id='word_1_366' title='bbox 3376 2218 3445 2271; x_wconf 88' lang='lat' dir='ltr'><strong>ita</strong></span> <span class='ocrx_word' id='word_1_367' title='bbox 3477 2259 3491 2283; x_wconf 94' lang='lat'><strong>,</strong></span> <span class='ocrx_word' id='word_1_368' title='bbox 3524 2216 3653 2272; x_wconf 91' lang='lat' dir='ltr'><strong>illud</strong></span> 
     </span>
    </p>
   </div>
   <div class='ocr_carea' id='block_1_53' title="bbox 2046 2306 3320 2379">
    <p class='ocr_par' dir='ltr' id='par_1_53' title="bbox 2046 2306 3320 2379">
     <span class='ocr_line' id='line_1_53' title="bbox 2046 2306 3320 2379; baseline 0.003 -20"><span class='ocrx_word' id='word_1_369' title='bbox 2046 2307 2202 2370; x_wconf 84' lang='lat' dir='ltr'><strong>vobis,</strong></span> <span class='ocrx_word' id='word_1_370' title='bbox 2238 2306 2390 2362; x_wconf 89' lang='lat' dir='ltr'><strong>abest</strong></span> <span class='ocrx_word' id='word_1_371' title='bbox 2414 2322 2443 2361; x_wconf 89' lang='lat' dir='ltr'><strong>a</strong></span> <span class='ocrx_word' id='word_1_372' title='bbox 2476 2309 2635 2379; x_wconf 84' lang='lat' dir='ltr'><strong>Syro,</strong></span> <span class='ocrx_word' id='word_1_373' title='bbox 2661 2318 2715 2363; x_wconf 87' lang='lat' dir='ltr'><strong>et</strong></span> <span class='ocrx_word' id='word_1_374' title='bbox 2742 2324 2768 2361; x_wconf 87' lang='lat' dir='ltr'><strong>a</strong></span> <span class='ocrx_word' id='word_1_375' title='bbox 2792 2309 3069 2363; x_wconf 90' lang='lat' dir='ltr'><strong>codicibus</strong></span> <span class='ocrx_word' id='word_1_376' title='bbox 3097 2308 3320 2365; x_wconf 61' lang='lat' dir='ltr'><strong>Graecis.</strong></span> 
     </span>
    </p>
   </div>
   <div class='ocr_carea' id='block_1_54' title="bbox 2121 2399 3647 2470">
    <p class='ocr_par' dir='ltr' id='par_1_54' title="bbox 2121 2399 3647 2470">
     <span class='ocr_line' id='line_1_54' title="bbox 2121 2399 3647 2470; baseline 0 -17"><span class='ocrx_word' id='word_1_377' title='bbox 2121 2399 2249 2453; x_wconf 91' lang='lat' dir='ltr'><strong>Luc.</strong></span> <span class='ocrx_word' id='word_1_378' title='bbox 2282 2414 2402 2469; x_wconf 89' lang='lat' dir='ltr'><strong>cap.</strong></span> <span class='ocrx_word' id='word_1_379' title='bbox 2437 2412 2509 2454; x_wconf 82' lang='lat' dir='ltr'><strong>xtl</strong></span> <span class='ocrx_word' id='word_1_380' title='bbox 2530 2442 2545 2467; x_wconf 92' lang='lat'><strong>,</strong></span> <span class='ocrx_word' id='word_1_381' title='bbox 2576 2401 2666 2457; x_wconf 86' lang='lat'><strong>58.</strong></span> <span class='ocrx_word' id='word_1_382' title='bbox 2716 2401 3017 2455; x_wconf 86' lang='lat' dir='ltr'><strong>Vindobon.</strong></span> <span class='ocrx_word' id='word_1_383' title='bbox 3050 2402 3111 2456; x_wconf 91' lang='lat' dir='ltr'><strong>Si</strong></span> <span class='ocrx_word' id='word_1_384' title='bbox 3137 2402 3325 2455; x_wconf 84' lang='lat' dir='ltr'><strong>venerit</strong></span> <span class='ocrx_word' id='word_1_385' title='bbox 3355 2403 3647 2470; x_wconf 82' lang='lat' dir='ltr'><strong>vespertina</strong></span> 
     </span>
    </p>
   </div>
   <div class='ocr_carea' id='block_1_55' title="bbox 2048 2494 3647 2563">
    <p class='ocr_par' dir='ltr' id='par_1_55' title="bbox 2048 2494 3647 2563">
     <span class='ocr_line' id='line_1_55' title="bbox 2048 2494 3647 2563; baseline 0.001 -18"><span class='ocrx_word' id='word_1_386' title='bbox 2048 2494 2175 2547; x_wconf 84' lang='lat' dir='ltr'><strong>hora</strong></span> <span class='ocrx_word' id='word_1_387' title='bbox 2205 2495 2401 2563; x_wconf 72' lang='lat' dir='ltr'><strong>vigilia,</strong></span> <span class='ocrx_word' id='word_1_388' title='bbox 2432 2494 2656 2558; x_wconf 86' lang='lat' dir='ltr'><strong>Veron.,</strong></span> <span class='ocrx_word' id='word_1_389' title='bbox 2692 2495 2977 2548; x_wconf 86' lang='lat' dir='ltr'><strong>Corbeien.</strong></span> <span class='ocrx_word' id='word_1_390' title='bbox 3010 2504 3066 2548; x_wconf 92' lang='lat' dir='ltr'><strong>et</strong></span> <span class='ocrx_word' id='word_1_391' title='bbox 3094 2494 3220 2548; x_wconf 86' lang='lat' dir='ltr'><strong>Mm.</strong></span> <span class='ocrx_word' id='word_1_392' title='bbox 3255 2496 3298 2547; x_wconf 86' lang='lat' dir='ltr'><strong>si</strong></span> <span class='ocrx_word' id='word_1_393' title='bbox 3321 2494 3512 2547; x_wconf 85' lang='lat' dir='ltr'><strong>venerit</strong></span> <span class='ocrx_word' id='word_1_394' title='bbox 3537 2511 3647 2547; x_wconf 87' lang='lat' dir='ltr'><strong>ves-</strong></span> 
     </span>
    </p>
   </div>
   <div class='ocr_carea' id='block_1_56' title="bbox 2046 2583 3643 2655">
    <p class='ocr_par' dir='ltr' id='par_1_56' title="bbox 2046 2583 3643 2655">
     <span class='ocr_line' id='line_1_56' title="bbox 2046 2583 3643 2655; baseline 0.001 -18"><span class='ocrx_word' id='word_1_395' title='bbox 2046 2586 2245 2655; x_wconf 86' lang='lat' dir='ltr'><strong>pertina</strong></span> <span class='ocrx_word' id='word_1_396' title='bbox 2271 2586 2467 2655; x_wconf 85' lang='lat' dir='ltr'><strong>vigilia.</strong></span> <span class='ocrx_word' id='word_1_397' title='bbox 2503 2584 2710 2638; x_wconf 85' lang='lat' dir='ltr'><strong>Vetusti</strong></span> <span class='ocrx_word' id='word_1_398' title='bbox 2735 2584 2953 2639; x_wconf 88' lang='lat' dir='ltr'><strong>codices</strong></span> <span class='ocrx_word' id='word_1_399' title='bbox 2990 2585 3232 2639; x_wconf 89' lang='lat' dir='ltr'><strong>nonnulli</strong></span> <span class='ocrx_word' id='word_1_400' title='bbox 3259 2585 3399 2654; x_wconf 88' lang='lat' dir='ltr'><strong>apud</strong></span> <span class='ocrx_word' id='word_1_401' title='bbox 3421 2583 3643 2639; x_wconf 78' lang='lat' dir='ltr'><strong>Millium</strong></span> 
     </span>
    </p>
   </div>
   <div class='ocr_carea' id='block_1_57' title="bbox 2048 2676 3653 2752">
    <p class='ocr_par' dir='ltr' id='par_1_57' title="bbox 2048 2676 3653 2752">
     <span class='ocr_line' id='line_1_57' title="bbox 2048 2676 3653 2752; baseline 0.001 -23"><span class='ocrx_word' id='word_1_402' title='bbox 2048 2678 2136 2731; x_wconf 94' lang='lat' dir='ltr'><strong>hic</strong></span> <span class='ocrx_word' id='word_1_403' title='bbox 2168 2679 2344 2731; x_wconf 85' lang='lat' dir='ltr'><strong>lerunt</strong></span> <span class='ocrx_word' id='word_1_404' title='bbox 2368 2718 2381 2741; x_wconf 95' lang='lat'><strong>,</strong></span> <span class='ocrx_word' id='word_1_405' title='bbox 2414 2676 2679 2751; x_wconf 75' lang='grc' dir='ltr'><strong>Ἐσπερινῇ</strong></span> <span class='ocrx_word' id='word_1_406' title='bbox 2711 2678 2905 2752; x_wconf 74' lang='grc' dir='ltr'>φυλακῇ</span> <span class='ocrx_word' id='word_1_407' title='bbox 2935 2718 2948 2740; x_wconf 92' lang='grc'><strong>,</strong></span> <span class='ocrx_word' id='word_1_408' title='bbox 2982 2676 3086 2732; x_wconf 89' lang='lat' dir='ltr'><strong>hoc</strong></span> <span class='ocrx_word' id='word_1_409' title='bbox 3115 2687 3196 2732; x_wconf 86' lang='lat' dir='ltr'><strong>est</strong></span> <span class='ocrx_word' id='word_1_410' title='bbox 3219 2719 3235 2744; x_wconf 94' lang='lat'><strong>,</strong></span> <span class='ocrx_word' id='word_1_411' title='bbox 3264 2679 3545 2747; x_wconf 88' lang='lat' dir='ltr'><strong>vespertina</strong></span> <span class='ocrx_word' id='word_1_412' title='bbox 3576 2679 3653 2730; x_wconf 85' lang='lat' dir='ltr'><strong>vi-</strong></span> 
     </span>
    </p>
   </div>
   <div class='ocr_carea' id='block_1_58' title="bbox 2045 2770 3646 2841">
    <p class='ocr_par' dir='ltr' id='par_1_58' title="bbox 2045 2770 3646 2841">
     <span class='ocr_line' id='line_1_58' title="bbox 2045 2770 3646 2841; baseline 0.001 -18"><span class='ocrx_word' id='word_1_413' title='bbox 2045 2772 2203 2841; x_wconf 88' lang='lat' dir='ltr'><strong>gilia,</strong></span> <span class='ocrx_word' id='word_1_414' title='bbox 2241 2784 2376 2839; x_wconf 91' lang='lat' dir='ltr'><strong>pro,</strong></span> <span class='ocrx_word' id='word_1_415' title='bbox 2418 2770 2643 2823; x_wconf 85' lang='lat' dir='ltr'><strong>secunda</strong></span> <span class='ocrx_word' id='word_1_416' title='bbox 2692 2770 2891 2841; x_wconf 82' lang='lat' dir='ltr'><strong>vigilia.</strong></span> <span class='ocrx_word' id='word_1_417' title='bbox 2934 2770 3000 2824; x_wconf 87' lang='lat' dir='ltr'><strong>Et</strong></span> <span class='ocrx_word' id='word_1_418' title='bbox 3026 2771 3099 2824; x_wconf 85' lang='lat' dir='ltr'><strong>ita</strong></span> <span class='ocrx_word' id='word_1_419' title='bbox 3148 2772 3360 2841; x_wconf 82' lang='lat' dir='ltr'><strong>legebat</strong></span> <span class='ocrx_word' id='word_1_420' title='bbox 3387 2772 3646 2836; x_wconf 81' lang='lat' dir='ltr'><strong>Marcion,</strong></span> 
     </span>
    </p>
   </div>
   <div class='ocr_carea' id='block_1_59' title="bbox 2048 2862 2538 2933">
    <p class='ocr_par' dir='ltr' id='par_1_59' title="bbox 2048 2862 2538 2933">
     <span class='ocr_line' id='line_1_59' title="bbox 2048 2862 2538 2933; baseline -0.004 -16"><span class='ocrx_word' id='word_1_421' title='bbox 2048 2872 2187 2917; x_wconf 90' lang='lat' dir='ltr'><strong>teste</strong></span> <span class='ocrx_word' id='word_1_422' title='bbox 2220 2862 2538 2933; x_wconf 88' lang='lat' dir='ltr'><strong>Epiphanio.</strong></span> 
     </span>
    </p>
   </div>
   <div class='ocr_carea' id='block_1_60' title="bbox 2116 2956 3645 3026">
    <p class='ocr_par' dir='ltr' id='par_1_60' title="bbox 2116 2956 3645 3026">
     <span class='ocr_line' id='line_1_60' title="bbox 2116 2956 3645 3026; baseline -0.001 -14"><span class='ocrx_word' id='word_1_423' title='bbox 2116 2958 2248 3012; x_wconf 85' lang='lat' dir='ltr'><strong>Luc.</strong></span> <span class='ocrx_word' id='word_1_424' title='bbox 2281 2972 2400 3026; x_wconf 89' lang='lat' dir='ltr'><strong>cap.</strong></span> <span class='ocrx_word' id='word_1_425' title='bbox 2439 2974 2516 3023; x_wconf 67' lang='grc' dir='ltr'>χι,</span> <span class='ocrx_word' id='word_1_426' title='bbox 2548 2957 2634 3011; x_wconf 81' lang='lat' dir='ltr'><strong>l5.</strong></span> <span class='ocrx_word' id='word_1_427' title='bbox 2668 2956 3048 3013; x_wconf 84' lang='lat' dir='ltr'><strong>Viudoboneu.</strong></span> <span class='ocrx_word' id='word_1_428' title='bbox 3077 2998 3092 3024; x_wconf 92' lang='lat'><strong>,</strong></span> <span class='ocrx_word' id='word_1_429' title='bbox 3132 2957 3403 3013; x_wconf 80' lang='lat' dir='ltr'><strong>Veronen.</strong></span> <span class='ocrx_word' id='word_1_430' title='bbox 3431 2968 3484 3011; x_wconf 93' lang='lat' dir='ltr'><strong>et</strong></span> <span class='ocrx_word' id='word_1_431' title='bbox 3507 2957 3645 3012; x_wconf 86' lang='lat' dir='ltr'><strong>Cor-</strong></span> 
     </span>
    </p>
   </div>
   <div class='ocr_carea' id='block_1_61' title="bbox 2048 3049 3641 3123">
    <p class='ocr_par' dir='ltr' id='par_1_61' title="bbox 2048 3049 3641 3123">
     <span class='ocr_line' id='line_1_61' title="bbox 2048 3049 3641 3123; baseline -0.001 -17"><span class='ocrx_word' id='word_1_432' title='bbox 2048 3053 2463 3117; x_wconf 87' lang='lat' dir='ltr'><strong>beien.,bonum</strong></span> <span class='ocrx_word' id='word_1_433' title='bbox 2497 3052 2694 3106; x_wconf 87' lang='lat' dir='ltr'><strong>datum.</strong></span> <span class='ocrx_word' id='word_1_434' title='bbox 2743 3060 2798 3107; x_wconf 91' lang='lat' dir='ltr'><strong>et</strong></span> <span class='ocrx_word' id='word_1_435' title='bbox 2842 3052 2915 3106; x_wconf 88' lang='lat' dir='ltr'><strong>ita</strong></span> <span class='ocrx_word' id='word_1_436' title='bbox 2959 3052 3080 3107; x_wconf 92' lang='lat' dir='ltr'><strong>cod.</strong></span> <span class='ocrx_word' id='word_1_437' title='bbox 3126 3049 3527 3123; x_wconf 87' lang='lat' dir='ltr'><strong>Cantabrigien.</strong></span> <span class='ocrx_word' id='word_1_438' title='bbox 3582 3051 3641 3107; x_wconf 90' lang='lat' dir='ltr'><strong>S.</strong></span> 
     </span>
    </p>
   </div>
   <div class='ocr_carea' id='block_1_62' title="bbox 338 3120 3641 3214">
    <p class='ocr_par' dir='ltr' id='par_1_62' title="bbox 338 3120 3641 3214">
     <span class='ocr_line' id='line_1_62' title="bbox 338 3120 3641 3214; baseline -0.001 -15"><span class='ocrx_word' id='word_1_439' title='bbox 338 3145 657 3214; x_wconf 84' lang='lat' dir='ltr'><strong>quibusdam</strong></span> <span class='ocrx_word' id='word_1_440' title='bbox 724 3146 844 3201; x_wconf 89' lang='lat' dir='ltr'><strong>aliis</strong></span> <span class='ocrx_word' id='word_1_441' title='bbox 888 3120 1093 3200; x_wconf 80' lang='lat' dir='ltr'><strong>Latinis</strong></span> <span class='ocrx_word' id='word_1_442' title='bbox 1126 3161 1255 3199; x_wconf 89' lang='lat' dir='ltr'><strong>mss.</strong></span> <span class='ocrx_word' id='word_1_443' title='bbox 1315 3146 1365 3198; x_wconf 92' lang='lat' dir='ltr'><strong>in</strong></span> <span class='ocrx_word' id='word_1_444' title='bbox 1407 3146 1467 3200; x_wconf 93' lang='lat' dir='ltr'><strong>S.</strong></span> <span class='ocrx_word' id='word_1_445' title='bbox 1519 3145 1707 3200; x_wconf 69' lang='lat' dir='ltr'><strong>Irentei</strong></span> <span class='ocrx_word' id='word_1_446' title='bbox 1750 3146 1840 3200; x_wconf 93' lang='lat' dir='ltr'><strong>lib.</strong></span> <span class='ocrx_word' id='word_1_447' title='bbox 1888 3162 1939 3199; x_wconf 83' lang='lat' dir='ltr'><strong>tv</strong></span> <span class='ocrx_word' id='word_1_448' title='bbox 1969 3120 2013 3184; x_wconf 58' lang='grc' dir='ltr'><strong>(ἶ</strong></span> <span class='ocrx_word' id='word_1_449' title='bbox 2046 3146 2363 3201; x_wconf 85' lang='lat' dir='ltr'><strong>Ambrosius</strong></span> <span class='ocrx_word' id='word_1_450' title='bbox 2412 3148 2467 3201; x_wconf 90' lang='lat' dir='ltr'><strong>in</strong></span> <span class='ocrx_word' id='word_1_451' title='bbox 2499 3146 2590 3200; x_wconf 92' lang='lat' dir='ltr'><strong>lib.</strong></span> <span class='ocrx_word' id='word_1_452' title='bbox 2639 3161 2656 3199; x_wconf 88' lang='grc' dir='ltr'><strong>ι</strong></span> <span class='ocrx_word' id='word_1_453' title='bbox 2727 3146 2796 3200; x_wconf 91' lang='lat' dir='ltr'><strong>de</strong></span> <span class='ocrx_word' id='word_1_454' title='bbox 2821 3145 2963 3214; x_wconf 89' lang='lat' dir='ltr'><strong>Spir.</strong></span> <span class='ocrx_word' id='word_1_455' title='bbox 3024 3147 3207 3200; x_wconf 89' lang='lat' dir='ltr'><strong>Sanct.</strong></span> <span class='ocrx_word' id='word_1_456' title='bbox 3251 3120 3471 3214; x_wconf 37' lang='lat' dir='ltr'><strong>cap.&#39;5,</strong></span> <span class='ocrx_word' id='word_1_457' title='bbox 3518 3160 3641 3214; x_wconf 90' lang='lat' dir='ltr'><strong>pag.</strong></span> 
     </span>
    </p>
   </div>
   <div class='ocr_carea' id='block_1_63' title="bbox 336 3238 1936 3309">
    <p class='ocr_par' dir='ltr' id='par_1_63' title="bbox 336 3238 1936 3309">
     <span class='ocr_line' id='line_1_63' title="bbox 336 3238 1936 3309; baseline 0 -17"><span class='ocrx_word' id='word_1_458' title='bbox 336 3248 523 3292; x_wconf 86' lang='lat' dir='ltr'><strong>contra</strong></span> <span class='ocrx_word' id='word_1_459' title='bbox 555 3238 794 3293; x_wconf 67' lang='lat' dir='ltr'><strong>hazreses</strong></span> <span class='ocrx_word' id='word_1_460' title='bbox 822 3248 954 3293; x_wconf 89' lang='lat' dir='ltr'><strong>tom.</strong></span> <span class='ocrx_word' id='word_1_461' title='bbox 983 3255 1022 3305; x_wconf 93' lang='grc' dir='ltr'>ι,</span> <span class='ocrx_word' id='word_1_462' title='bbox 1060 3255 1180 3308; x_wconf 87' lang='lat' dir='ltr'><strong>pag.</strong></span> <span class='ocrx_word' id='word_1_463' title='bbox 1214 3238 1341 3301; x_wconf 75' lang='lat'><strong>278;</strong></span> <span class='ocrx_word' id='word_1_464' title='bbox 1372 3239 1423 3291; x_wconf 94' lang='lat' dir='ltr'><strong>in</strong></span> <span class='ocrx_word' id='word_1_465' title='bbox 1458 3238 1514 3293; x_wconf 92' lang='lat' dir='ltr'><strong>S.</strong></span> <span class='ocrx_word' id='word_1_466' title='bbox 1548 3238 1803 3309; x_wconf 86' lang='lat' dir='ltr'><strong>Cypriani</strong></span> <span class='ocrx_word' id='word_1_467' title='bbox 1845 3239 1936 3293; x_wconf 93' lang='lat' dir='ltr'><strong>lib.</strong></span> 
     </span>
    </p>
   </div>
   <div class='ocr_carea' id='block_1_64' title="bbox 336 3328 1794 3399">
    <p class='ocr_par' dir='ltr' id='par_1_64' title="bbox 336 3328 1794 3399">
     <span class='ocr_line' id='line_1_64' title="bbox 336 3328 1794 3399; baseline 0 -17"><span class='ocrx_word' id='word_1_468' title='bbox 336 3330 405 3383; x_wconf 89' lang='lat' dir='ltr'><strong>de</strong></span> <span class='ocrx_word' id='word_1_469' title='bbox 430 3328 645 3385; x_wconf 88' lang='lat' dir='ltr'><strong>Unitate</strong></span> <span class='ocrx_word' id='word_1_470' title='bbox 677 3330 939 3385; x_wconf 65' lang='lat' dir='ltr'><strong>Ecclesia:</strong></span> <span class='ocrx_word' id='word_1_471' title='bbox 960 3330 1273 3393; x_wconf 74' lang='lat' dir='ltr'><strong>Catholicae,</strong></span> <span class='ocrx_word' id='word_1_472' title='bbox 1309 3345 1428 3399; x_wconf 87' lang='lat' dir='ltr'><strong>pag.</strong></span> <span class='ocrx_word' id='word_1_473' title='bbox 1454 3328 1561 3383; x_wconf 74' lang='grc'><strong>260</strong></span> <span class='ocrx_word' id='word_1_474' title='bbox 1587 3340 1640 3384; x_wconf 90' lang='lat' dir='ltr'><strong>et</strong></span> <span class='ocrx_word' id='word_1_475' title='bbox 1666 3329 1794 3384; x_wconf 73' lang='lat'><strong>266.</strong></span> 
     </span>
    </p>
   </div>
   <div class='ocr_carea' id='block_1_65' title="bbox 412 3422 1938 3493">
    <p class='ocr_par' dir='ltr' id='par_1_65' title="bbox 412 3422 1938 3493">
     <span class='ocr_line' id='line_1_65' title="bbox 412 3422 1938 3493; baseline 0.001 -18"><span class='ocrx_word' id='word_1_476' title='bbox 412 3422 573 3477; x_wconf 89' lang='lat' dir='ltr'><strong>Marc.</strong></span> <span class='ocrx_word' id='word_1_477' title='bbox 605 3438 725 3493; x_wconf 85' lang='lat' dir='ltr'><strong>cap.</strong></span> <span class='ocrx_word' id='word_1_478' title='bbox 779 3439 896 3486; x_wconf 91' lang='lat' dir='ltr'><strong>vut,</strong></span> <span class='ocrx_word' id='word_1_479' title='bbox 940 3424 1029 3479; x_wconf 83' lang='grc'><strong>15.</strong></span> <span class='ocrx_word' id='word_1_480' title='bbox 1062 3423 1496 3477; x_wconf 84' lang='lat' dir='ltr'><strong>Vindobonensis</strong></span> <span class='ocrx_word' id='word_1_481' title='bbox 1526 3440 1643 3492; x_wconf 91' lang='lat' dir='ltr'><strong>pro,</strong></span> <span class='ocrx_word' id='word_1_482' title='bbox 1690 3424 1938 3490; x_wconf 85' lang='lat' dir='ltr'><strong>Herodis,</strong></span> 
     </span>
    </p>
   </div>
   <div class='ocr_carea' id='block_1_66' title="bbox 336 3513 1941 3580">
    <p class='ocr_par' dir='ltr' id='par_1_66' title="bbox 336 3513 1941 3580">
     <span class='ocr_line' id='line_1_66' title="bbox 336 3513 1941 3580; baseline 0.001 -13"><span class='ocrx_word' id='word_1_483' title='bbox 336 3513 528 3579; x_wconf 84' lang='lat' dir='ltr'><strong>habet,</strong></span> <span class='ocrx_word' id='word_1_484' title='bbox 570 3513 1006 3569; x_wconf 81' lang='lat' dir='ltr'><strong>Herodianorum.</strong></span> <span class='ocrx_word' id='word_1_485' title='bbox 1060 3515 1230 3570; x_wconf 62' lang='lat' dir='ltr'><strong>Graeci</strong></span> <span class='ocrx_word' id='word_1_486' title='bbox 1283 3514 1497 3569; x_wconf 87' lang='lat' dir='ltr'><strong>codices</strong></span> <span class='ocrx_word' id='word_1_487' title='bbox 1548 3516 1815 3580; x_wconf 90' lang='lat' dir='ltr'><strong>nonnulli,</strong></span> <span class='ocrx_word' id='word_1_488' title='bbox 1862 3516 1941 3569; x_wconf 91' lang='lat' dir='ltr'><strong>vi-</strong></span> 
     </span>
    </p>
   </div>
   <div class='ocr_carea' id='block_1_67' title="bbox 334 3605 1941 3677">
    <p class='ocr_par' dir='ltr' id='par_1_67' title="bbox 334 3605 1941 3677">
     <span class='ocr_line' id='line_1_67' title="bbox 334 3605 1941 3677; baseline -0.001 -16"><span class='ocrx_word' id='word_1_489' title='bbox 334 3605 501 3661; x_wconf 89' lang='lat' dir='ltr'><strong>dendi</strong></span> <span class='ocrx_word' id='word_1_490' title='bbox 546 3607 689 3672; x_wconf 85' lang='lat' dir='ltr'><strong>apud</strong></span> <span class='ocrx_word' id='word_1_491' title='bbox 735 3607 956 3661; x_wconf 88' lang='lat' dir='ltr'><strong>Mtllium</strong></span> <span class='ocrx_word' id='word_1_492' title='bbox 998 3606 1084 3660; x_wconf 86' lang='lat' dir='ltr'><strong>hic</strong></span> <span class='ocrx_word' id='word_1_493' title='bbox 1125 3622 1243 3675; x_wconf 91' lang='lat' dir='ltr'><strong>pro,</strong></span> <span class='ocrx_word' id='word_1_494' title='bbox 1293 3609 1539 3677; x_wconf 82' lang='lat' dir='ltr'><strong>fermento</strong></span> <span class='ocrx_word' id='word_1_495' title='bbox 1574 3605 1815 3670; x_wconf 85' lang='lat' dir='ltr'><strong>Herodis,</strong></span> <span class='ocrx_word' id='word_1_496' title='bbox 1867 3607 1941 3660; x_wconf 85' lang='lat' dir='ltr'><strong>le-</strong></span> 
     </span>
    </p>
   </div>
   <div class='ocr_carea' id='block_1_68' title="bbox 334 3698 1940 3777">
    <p class='ocr_par' dir='ltr' id='par_1_68' title="bbox 334 3698 1940 3777">
     <span class='ocr_line' id='line_1_68' title="bbox 334 3698 1940 3777; baseline -0.001 -22"><span class='ocrx_word' id='word_1_497' title='bbox 334 3710 488 3761; x_wconf 86' lang='lat' dir='ltr'><strong>runt,</strong></span> <span class='ocrx_word' id='word_1_498' title='bbox 544 3704 638 3755; x_wconf 71' lang='grc' dir='ltr'><strong>Καὶ</strong></span> <span class='ocrx_word' id='word_1_499' title='bbox 662 3710 752 3761; x_wconf 76' lang='grc' dir='ltr'><strong>τῆς</strong></span> <span class='ocrx_word' id='word_1_500' title='bbox 780 3700 945 3773; x_wconf 69' lang='grc' dir='ltr'><strong>ζύμης</strong></span> <span class='ocrx_word' id='word_1_501' title='bbox 986 3698 1323 3777; x_wconf 77' lang='grc' dir='ltr'><strong>Ἦρωδιανῶν,</strong></span> <span class='ocrx_word' id='word_1_502' title='bbox 1363 3700 1464 3753; x_wconf 85' lang='lat' dir='ltr'><strong>huc</strong></span> <span class='ocrx_word' id='word_1_503' title='bbox 1491 3708 1594 3760; x_wconf 87' lang='lat' dir='ltr'><strong>est,</strong></span> <span class='ocrx_word' id='word_1_504' title='bbox 1640 3703 1940 3768; x_wconf 77' lang='lat' dir='ltr'><strong>fermentum</strong></span> 
     </span>
    </p>
   </div>
   <div class='ocr_carea' id='block_1_69' title="bbox 342 3790 1409 3861">
    <p class='ocr_par' dir='ltr' id='par_1_69' title="bbox 342 3790 1409 3861">
     <span class='ocr_line' id='line_1_69' title="bbox 342 3790 1409 3861; baseline 0.001 -17"><span class='ocrx_word' id='word_1_505' title='bbox 342 3790 788 3857; x_wconf 82' lang='lat' dir='ltr'><strong>Ilerodianorum;</strong></span> <span class='ocrx_word' id='word_1_506' title='bbox 814 3807 992 3861; x_wconf 89' lang='lat' dir='ltr'><strong>neque</strong></span> <span class='ocrx_word' id='word_1_507' title='bbox 1023 3791 1409 3860; x_wconf 89' lang='lat' dir='ltr'><strong>spernendum.</strong></span> 
     </span>
    </p>
   </div>
   <div class='ocr_carea' id='block_1_70' title="bbox 409 3883 1940 3955">
    <p class='ocr_par' dir='ltr' id='par_1_70' title="bbox 409 3883 1940 3955">
     <span class='ocr_line' id='line_1_70' title="bbox 409 3883 1940 3955; baseline -0.001 -16"><span class='ocrx_word' id='word_1_508' title='bbox 409 3885 567 3951; x_wconf 89' lang='lat' dir='ltr'><strong>Luc.,</strong></span> <span class='ocrx_word' id='word_1_509' title='bbox 615 3901 737 3955; x_wconf 87' lang='lat' dir='ltr'><strong>cap.</strong></span> <span class='ocrx_word' id='word_1_510' title='bbox 780 3901 838 3951; x_wconf 84' lang='lat' dir='ltr'><strong>x,</strong></span> <span class='ocrx_word' id='word_1_511' title='bbox 874 3886 961 3939; x_wconf 78' lang='grc'><strong>15.</strong></span> <span class='ocrx_word' id='word_1_512' title='bbox 999 3884 1377 3938; x_wconf 84' lang='lat' dir='ltr'><strong>Viudobonen.</strong></span> <span class='ocrx_word' id='word_1_513' title='bbox 1421 3892 1477 3938; x_wconf 84' lang='lat' dir='ltr'><strong>et</strong></span> <span class='ocrx_word' id='word_1_514' title='bbox 1516 3883 1787 3938; x_wconf 78' lang='lat' dir='ltr'><strong>Veronen.</strong></span> <span class='ocrx_word' id='word_1_515' title='bbox 1817 3885 1940 3954; x_wconf 85' lang='lat' dir='ltr'><strong>quid</strong></span> 
     </span>
    </p>
   </div>
   <div class='ocr_carea' id='block_1_71' title="bbox 335 3976 1937 4046">
    <p class='ocr_par' dir='ltr' id='par_1_71' title="bbox 335 3976 1937 4046">
     <span class='ocr_line' id='line_1_71' title="bbox 335 3976 1937 4046; baseline -0.001 -15"><span class='ocrx_word' id='word_1_516' title='bbox 335 3994 493 4046; x_wconf 81' lang='lat' dir='ltr'><strong>usque</strong></span> <span class='ocrx_word' id='word_1_517' title='bbox 536 3979 592 4032; x_wconf 89' lang='lat' dir='ltr'><strong>in</strong></span> <span class='ocrx_word' id='word_1_518' title='bbox 640 3978 844 4042; x_wconf 74' lang='lat' dir='ltr'><strong>cazlum,</strong></span> <span class='ocrx_word' id='word_1_519' title='bbox 888 3976 1125 4030; x_wconf 82' lang='lat' dir='ltr'><strong>Brixiau.</strong></span> <span class='ocrx_word' id='word_1_520' title='bbox 1156 3992 1270 4045; x_wconf 66' lang='lat' dir='ltr'><strong>quae</strong></span> <span class='ocrx_word' id='word_1_521' title='bbox 1322 3992 1478 4045; x_wconf 85' lang='lat' dir='ltr'><strong>usque</strong></span> <span class='ocrx_word' id='word_1_522' title='bbox 1530 3976 1582 4028; x_wconf 91' lang='lat' dir='ltr'><strong>in</strong></span> <span class='ocrx_word' id='word_1_523' title='bbox 1635 3976 1834 4029; x_wconf 76' lang='lat' dir='ltr'><strong>caelum.</strong></span> <span class='ocrx_word' id='word_1_524' title='bbox 1883 3976 1937 4031; x_wconf 87' lang='lat' dir='ltr'><strong>ltt</strong></span> 
     </span>
    </p>
   </div>
   <div class='ocr_carea' id='block_1_72' title="bbox 336 4067 1942 4125">
    <p class='ocr_par' dir='ltr' id='par_1_72' title="bbox 336 4067 1942 4125">
     <span class='ocr_line' id='line_1_72' title="bbox 336 4067 1942 4125; baseline -0.002 0"><span class='ocrx_word' id='word_1_525' title='bbox 336 4070 527 4125; x_wconf 76' lang='lat' dir='ltr'><strong>Grzeco</strong></span> <span class='ocrx_word' id='word_1_526' title='bbox 551 4069 743 4123; x_wconf 88' lang='lat' dir='ltr'><strong>codice</strong></span> <span class='ocrx_word' id='word_1_527' title='bbox 773 4068 1037 4123; x_wconf 89' lang='lat' dir='ltr'><strong>hodierno</strong></span> <span class='ocrx_word' id='word_1_528' title='bbox 1068 4067 1349 4121; x_wconf 70' lang='lat' dir='ltr'><strong>blattbmus</strong></span> <span class='ocrx_word' id='word_1_529' title='bbox 1380 4079 1431 4121; x_wconf 89' lang='lat' dir='ltr'><strong>et</strong></span> <span class='ocrx_word' id='word_1_530' title='bbox 1476 4067 1647 4121; x_wconf 83' lang='lat' dir='ltr'><strong>Lucas</strong></span> <span class='ocrx_word' id='word_1_531' title='bbox 1704 4084 1806 4120; x_wconf 91' lang='lat' dir='ltr'><strong>non</strong></span> <span class='ocrx_word' id='word_1_532' title='bbox 1841 4067 1942 4121; x_wconf 80' lang='lat' dir='ltr'><strong>dii-</strong></span> 
     </span>
    </p>
   </div>
   <div class='ocr_carea' id='block_1_73' title="bbox 337 4161 1941 4234">
    <p class='ocr_par' dir='ltr' id='par_1_73' title="bbox 337 4161 1941 4234">
     <span class='ocr_line' id='line_1_73' title="bbox 337 4161 1941 4234; baseline -0.002 -15"><span class='ocrx_word' id='word_1_533' title='bbox 337 4164 512 4219; x_wconf 89' lang='lat' dir='ltr'><strong>ferunt</strong></span> <span class='ocrx_word' id='word_1_534' title='bbox 547 4185 559 4217; x_wconf 95' lang='lat'>:</span> <span class='ocrx_word' id='word_1_535' title='bbox 605 4165 769 4234; x_wconf 81' lang='lat' dir='ltr'><strong>igitur</strong></span> <span class='ocrx_word' id='word_1_536' title='bbox 798 4164 1044 4233; x_wconf 79' lang='lat' dir='ltr'><strong>\ulgatns</strong></span> <span class='ocrx_word' id='word_1_537' title='bbox 1078 4164 1345 4230; x_wconf 71' lang='lat' dir='ltr'><strong>interpres</strong></span> <span class='ocrx_word' id='word_1_538' title='bbox 1394 4162 1444 4214; x_wconf 93' lang='lat' dir='ltr'><strong>iu</strong></span> <span class='ocrx_word' id='word_1_539' title='bbox 1480 4162 1667 4215; x_wconf 83' lang='lat' dir='ltr'><strong>Graeca</strong></span> <span class='ocrx_word' id='word_1_540' title='bbox 1702 4161 1941 4216; x_wconf 63' lang='lat' dir='ltr'><strong>Matthaai</strong></span> 
     </span>
    </p>
   </div>
   <div class='ocr_carea' id='block_1_74' title="bbox 340 4254 1941 4330">
    <p class='ocr_par' dir='ltr' id='par_1_74' title="bbox 340 4254 1941 4330">
     <span class='ocr_line' id='line_1_74' title="bbox 340 4254 1941 4330; baseline -0.001 -21"><span class='ocrx_word' id='word_1_541' title='bbox 340 4260 591 4311; x_wconf 78' lang='lat' dir='ltr'><strong>versione</strong></span> <span class='ocrx_word' id='word_1_542' title='bbox 641 4256 871 4325; x_wconf 79' lang='lat' dir='ltr'><strong>legebat,</strong></span> <span class='ocrx_word' id='word_1_543' title='bbox 921 4262 989 4326; x_wconf 72' lang='grc' dir='ltr'><strong>μή</strong></span> <span class='ocrx_word' id='word_1_544' title='bbox 1020 4258 1114 4315; x_wconf 80' lang='grc' dir='ltr'><strong>ἕως</strong></span> <span class='ocrx_word' id='word_1_545' title='bbox 1144 4257 1380 4330; x_wconf 70' lang='grc' dir='ltr'><strong>οὐρανοῦ,</strong></span> <span class='ocrx_word' id='word_1_546' title='bbox 1410 4254 1658 4321; x_wconf 82' lang='lat' dir='ltr'><strong>numquid</strong></span> <span class='ocrx_word' id='word_1_547' title='bbox 1702 4270 1861 4322; x_wconf 85' lang='lat' dir='ltr'><strong>usque</strong></span> <span class='ocrx_word' id='word_1_548' title='bbox 1888 4255 1941 4307; x_wconf 88' lang='lat' dir='ltr'><strong>in</strong></span> 
     </span>
    </p>
   </div>
   <div class='ocr_carea' id='block_1_75' title="bbox 339 4347 1941 4419">
    <p class='ocr_par' dir='ltr' id='par_1_75' title="bbox 339 4347 1941 4419">
     <span class='ocr_line' id='line_1_75' title="bbox 339 4347 1941 4419; baseline -0.001 -16"><span class='ocrx_word' id='word_1_549' title='bbox 339 4352 534 4410; x_wconf 62' lang='lat' dir='ltr'><strong>etplane,</strong></span> <span class='ocrx_word' id='word_1_550' title='bbox 570 4350 849 4419; x_wconf 85' lang='lat' dir='ltr'><strong>quomodo</strong></span> <span class='ocrx_word' id='word_1_551' title='bbox 895 4364 953 4403; x_wconf 91' lang='lat' dir='ltr'><strong>se</strong></span> <span class='ocrx_word' id='word_1_552' title='bbox 1004 4351 1055 4402; x_wconf 91' lang='lat' dir='ltr'><strong>in</strong></span> <span class='ocrx_word' id='word_1_553' title='bbox 1115 4348 1347 4418; x_wconf 84' lang='lat' dir='ltr'><strong>quodam</strong></span> <span class='ocrx_word' id='word_1_554' title='bbox 1394 4347 1691 4417; x_wconf 84' lang='lat' dir='ltr'><strong>exemplari</strong></span> <span class='ocrx_word' id='word_1_555' title='bbox 1746 4348 1941 4417; x_wconf 82' lang='lat' dir='ltr'><strong>legisse</strong></span> 
     </span>
    </p>
   </div>
   <div class='ocr_carea' id='block_1_76' title="bbox 337 4445 761 4500">
    <p class='ocr_par' dir='ltr' id='par_1_76' title="bbox 337 4445 761 4500">
     <span class='ocr_line' id='line_1_76' title="bbox 337 4445 761 4500; baseline -0.002 -2"><span class='ocrx_word' id='word_1_556' title='bbox 337 4455 565 4500; x_wconf 87' lang='lat' dir='ltr'><strong>testatur</strong></span> <span class='ocrx_word' id='word_1_557' title='bbox 601 4445 761 4498; x_wconf 65' lang='lat' dir='ltr'><strong>Bt-za.</strong></span> 
     </span>
    </p>
   </div>
   <div class='ocr_carea' id='block_1_77' title="bbox 2042 3238 3638 3309">
    <p class='ocr_par' dir='ltr' id='par_1_77' title="bbox 2042 3238 3638 3309">
     <span class='ocr_line' id='line_1_77' title="bbox 2042 3238 3638 3309; baseline -0.002 -13"><span class='ocrx_word' id='word_1_558' title='bbox 2042 3240 2168 3307; x_wconf 78' lang='lat' dir='ltr'><strong>6M,</strong></span> <span class='ocrx_word' id='word_1_559' title='bbox 2203 3249 2257 3294; x_wconf 88' lang='lat' dir='ltr'><strong>et</strong></span> <span class='ocrx_word' id='word_1_560' title='bbox 2278 3240 2519 3293; x_wconf 89' lang='lat' dir='ltr'><strong>nonnulli</strong></span> <span class='ocrx_word' id='word_1_561' title='bbox 2546 3238 2761 3293; x_wconf 89' lang='lat' dir='ltr'><strong>codices</strong></span> <span class='ocrx_word' id='word_1_562' title='bbox 2794 3239 3067 3309; x_wconf 84' lang='lat' dir='ltr'><strong>Evangelii</strong></span> <span class='ocrx_word' id='word_1_563' title='bbox 3094 3240 3388 3294; x_wconf 90' lang='lat' dir='ltr'><strong>secundum</strong></span> <span class='ocrx_word' id='word_1_564' title='bbox 3412 3240 3638 3306; x_wconf 89' lang='lat' dir='ltr'><strong>Lucam,</strong></span> 
     </span>
    </p>
   </div>
   <div class='ocr_carea' id='block_1_78' title="bbox 2044 3332 3637 3397">
    <p class='ocr_par' dir='ltr' id='par_1_78' title="bbox 2044 3332 3637 3397">
     <span class='ocr_line' id='line_1_78' title="bbox 2044 3332 3637 3397; baseline -0.003 -8"><span class='ocrx_word' id='word_1_565' title='bbox 2044 3344 2102 3389; x_wconf 93' lang='lat' dir='ltr'><strong>ut</strong></span> <span class='ocrx_word' id='word_1_566' title='bbox 2124 3334 2290 3389; x_wconf 80' lang='lat' dir='ltr'><strong>refert</strong></span> <span class='ocrx_word' id='word_1_567' title='bbox 2328 3334 2465 3387; x_wconf 90' lang='lat' dir='ltr'><strong>idem</strong></span> <span class='ocrx_word' id='word_1_568' title='bbox 2492 3333 2548 3388; x_wconf 90' lang='lat' dir='ltr'><strong>S.</strong></span> <span class='ocrx_word' id='word_1_569' title='bbox 2592 3332 2915 3386; x_wconf 80' lang='lat' dir='ltr'><strong>Ambrosius</strong></span> <span class='ocrx_word' id='word_1_570' title='bbox 2947 3334 2998 3386; x_wconf 92' lang='lat' dir='ltr'><strong>in</strong></span> <span class='ocrx_word' id='word_1_571' title='bbox 3039 3333 3183 3387; x_wconf 92' lang='lat' dir='ltr'><strong>dicto</strong></span> <span class='ocrx_word' id='word_1_572' title='bbox 3226 3334 3342 3387; x_wconf 92' lang='lat' dir='ltr'><strong>loco</strong></span> <span class='ocrx_word' id='word_1_573' title='bbox 3378 3375 3391 3397; x_wconf 95' lang='lat'><strong>,</strong></span> <span class='ocrx_word' id='word_1_574' title='bbox 3428 3343 3481 3387; x_wconf 89' lang='lat' dir='ltr'><strong>et</strong></span> <span class='ocrx_word' id='word_1_575' title='bbox 3510 3332 3637 3386; x_wconf 86' lang='lat' dir='ltr'><strong>Mm.</strong></span> 
     </span>
    </p>
   </div>
   <div class='ocr_carea' id='block_1_79' title="bbox 2045 3424 3636 3496">
    <p class='ocr_par' dir='ltr' id='par_1_79' title="bbox 2045 3424 3636 3496">
     <span class='ocr_line' id='line_1_79' title="bbox 2045 3424 3636 3496; baseline -0.002 -17"><span class='ocrx_word' id='word_1_576' title='bbox 2045 3427 2300 3496; x_wconf 74' lang='lat' dir='ltr'><strong>Spiritum</strong></span> <span class='ocrx_word' id='word_1_577' title='bbox 2320 3425 2508 3479; x_wconf 85' lang='lat' dir='ltr'><strong>bonum</strong></span> <span class='ocrx_word' id='word_1_578' title='bbox 2538 3426 2735 3478; x_wconf 88' lang='lat' dir='ltr'><strong>datum.</strong></span> <span class='ocrx_word' id='word_1_579' title='bbox 2792 3424 3029 3478; x_wconf 86' lang='lat' dir='ltr'><strong>Brixian.</strong></span> <span class='ocrx_word' id='word_1_580' title='bbox 3062 3424 3317 3493; x_wconf 86' lang='lat' dir='ltr'><strong>Spiritum</strong></span> <span class='ocrx_word' id='word_1_581' title='bbox 3363 3424 3636 3490; x_wconf 80' lang='lat' dir='ltr'><strong>Sanctum,</strong></span> 
     </span>
    </p>
   </div>
   <div class='ocr_carea' id='block_1_80' title="bbox 2043 3516 3636 3587">
    <p class='ocr_par' dir='ltr' id='par_1_80' title="bbox 2043 3516 3636 3587">
     <span class='ocr_line' id='line_1_80' title="bbox 2043 3516 3636 3587; baseline -0.003 -15"><span class='ocrx_word' id='word_1_582' title='bbox 2043 3529 2096 3572; x_wconf 92' lang='lat' dir='ltr'><strong>et</strong></span> <span class='ocrx_word' id='word_1_583' title='bbox 2119 3519 2189 3571; x_wconf 89' lang='lat' dir='ltr'><strong>ita</strong></span> <span class='ocrx_word' id='word_1_584' title='bbox 2224 3518 2401 3572; x_wconf 81' lang='lat' dir='ltr'><strong>versio</strong></span> <span class='ocrx_word' id='word_1_585' title='bbox 2422 3516 2658 3571; x_wconf 84' lang='lat' dir='ltr'><strong>Persica.</strong></span> <span class='ocrx_word' id='word_1_586' title='bbox 2718 3517 2974 3587; x_wconf 78' lang='lat' dir='ltr'><strong>Didymus</strong></span> <span class='ocrx_word' id='word_1_587' title='bbox 3005 3558 3020 3582; x_wconf 95' lang='lat'><strong>,</strong></span> <span class='ocrx_word' id='word_1_588' title='bbox 3054 3525 3110 3571; x_wconf 91' lang='lat' dir='ltr'><strong>et</strong></span> <span class='ocrx_word' id='word_1_589' title='bbox 3153 3517 3329 3570; x_wconf 92' lang='lat' dir='ltr'><strong>versio</strong></span> <span class='ocrx_word' id='word_1_590' title='bbox 3371 3516 3589 3585; x_wconf 86' lang='lat' dir='ltr'><strong>Syriaca</strong></span> <span class='ocrx_word' id='word_1_591' title='bbox 3620 3559 3636 3581; x_wconf 91' lang='lat'><strong>,</strong></span> 
     </span>
    </p>
   </div>
   <div class='ocr_carea' id='block_1_81' title="bbox 2043 3605 3641 3679">
    <p class='ocr_par' dir='ltr' id='par_1_81' title="bbox 2043 3605 3641 3679">
     <span class='ocr_line' id='line_1_81' title="bbox 2043 3605 3641 3679; baseline -0.004 -14"><span class='ocrx_word' id='word_1_592' title='bbox 2043 3608 2299 3679; x_wconf 85' lang='lat' dir='ltr'><strong>Spiritum</strong></span> <span class='ocrx_word' id='word_1_593' title='bbox 2344 3609 2648 3661; x_wconf 86' lang='lat' dir='ltr'><strong>sanctitatis.</strong></span> <span class='ocrx_word' id='word_1_594' title='bbox 2680 3606 2989 3677; x_wconf 66' lang='lat' dir='ltr'><strong>Ethiopica</strong></span> <span class='ocrx_word' id='word_1_595' title='bbox 3040 3621 3168 3660; x_wconf 87' lang='lat' dir='ltr'><strong>vero</strong></span> <span class='ocrx_word' id='word_1_596' title='bbox 3194 3605 3351 3660; x_wconf 89' lang='lat' dir='ltr'><strong>habet</strong></span> <span class='ocrx_word' id='word_1_597' title='bbox 3380 3648 3395 3671; x_wconf 93' lang='lat'><strong>,</strong></span> <span class='ocrx_word' id='word_1_598' title='bbox 3453 3606 3641 3659; x_wconf 88' lang='lat' dir='ltr'><strong>bonum</strong></span> 
     </span>
    </p>
   </div>
   <div class='ocr_carea' id='block_1_82' title="bbox 2043 3698 2696 3770">
    <p class='ocr_par' dir='ltr' id='par_1_82' title="bbox 2043 3698 2696 3770">
     <span class='ocr_line' id='line_1_82' title="bbox 2043 3698 2696 3770; baseline -0.002 -18"><span class='ocrx_word' id='word_1_599' title='bbox 2043 3700 2224 3753; x_wconf 85' lang='lat' dir='ltr'><strong>datum</strong></span> <span class='ocrx_word' id='word_1_600' title='bbox 2251 3699 2477 3770; x_wconf 82' lang='lat' dir='ltr'><strong>Spiritus</strong></span> <span class='ocrx_word' id='word_1_601' title='bbox 2497 3698 2696 3753; x_wconf 86' lang='lat' dir='ltr'><strong>Sancti.</strong></span> 
     </span>
    </p>
   </div>
   <div class='ocr_carea' id='block_1_83' title="bbox 2116 3791 3643 3862">
    <p class='ocr_par' dir='ltr' id='par_1_83' title="bbox 2116 3791 3643 3862">
     <span class='ocr_line' id='line_1_83' title="bbox 2116 3791 3643 3862; baseline -0.004 -13"><span class='ocrx_word' id='word_1_602' title='bbox 2116 3795 2245 3849; x_wconf 88' lang='lat' dir='ltr'><strong>Luc.</strong></span> <span class='ocrx_word' id='word_1_603' title='bbox 2272 3809 2390 3862; x_wconf 88' lang='lat' dir='ltr'><strong>cap.</strong></span> <span class='ocrx_word' id='word_1_604' title='bbox 2416 3809 2489 3859; x_wconf 70' lang='grc' dir='ltr'><strong>χι,</strong></span> <span class='ocrx_word' id='word_1_605' title='bbox 2522 3793 2616 3848; x_wconf 86' lang='lat'><strong>50.</strong></span> <span class='ocrx_word' id='word_1_606' title='bbox 2653 3791 3029 3846; x_wconf 83' lang='lat' dir='ltr'><strong>Vindobonen.</strong></span> <span class='ocrx_word' id='word_1_607' title='bbox 3083 3802 3135 3845; x_wconf 92' lang='lat' dir='ltr'><strong>et</strong></span> <span class='ocrx_word' id='word_1_608' title='bbox 3157 3791 3430 3847; x_wconf 81' lang='lat' dir='ltr'><strong>Veronen.</strong></span> <span class='ocrx_word' id='word_1_609' title='bbox 3482 3806 3643 3860; x_wconf 82' lang='lat' dir='ltr'><strong>usque</strong></span> 
     </span>
    </p>
   </div>
   <div class='ocr_carea' id='block_1_84' title="bbox 2043 3882 3638 3959">
    <p class='ocr_par' dir='ltr' id='par_1_84' title="bbox 2043 3882 3638 3959">
     <span class='ocr_line' id='line_1_84' title="bbox 2043 3882 3638 3959; baseline -0.001 -18"><span class='ocrx_word' id='word_1_610' title='bbox 2043 3890 2111 3941; x_wconf 89' lang='lat' dir='ltr'><strong>ad</strong></span> <span class='ocrx_word' id='word_1_611' title='bbox 2132 3888 2509 3959; x_wconf 86' lang='lat' dir='ltr'><strong>generationem</strong></span> <span class='ocrx_word' id='word_1_612' title='bbox 2561 3888 2733 3940; x_wconf 83' lang='lat' dir='ltr'><strong>istam.</strong></span> <span class='ocrx_word' id='word_1_613' title='bbox 2779 3894 2832 3940; x_wconf 91' lang='lat' dir='ltr'><strong>et</strong></span> <span class='ocrx_word' id='word_1_614' title='bbox 2891 3886 2961 3939; x_wconf 89' lang='lat' dir='ltr'><strong>ita</strong></span> <span class='ocrx_word' id='word_1_615' title='bbox 3009 3884 3224 3939; x_wconf 81' lang='lat' dir='ltr'><strong>Lucifer</strong></span> <span class='ocrx_word' id='word_1_616' title='bbox 3277 3882 3638 3941; x_wconf 86' lang='lat' dir='ltr'><strong>Calaritanus.</strong></span> 
     </span>
    </p>
   </div>
   <div class='ocr_carea' id='block_1_85' title="bbox 2043 3978 2932 4051">
    <p class='ocr_par' dir='ltr' id='par_1_85' title="bbox 2043 3978 2932 4051">
     <span class='ocr_line' id='line_1_85' title="bbox 2043 3978 2932 4051; baseline -0.006 -16"><span class='ocrx_word' id='word_1_617' title='bbox 2043 3980 2348 4035; x_wconf 84' lang='lat' dir='ltr'><strong>Vercelleu.</strong></span> <span class='ocrx_word' id='word_1_618' title='bbox 2380 3996 2536 4049; x_wconf 89' lang='lat' dir='ltr'><strong>usque</strong></span> <span class='ocrx_word' id='word_1_619' title='bbox 2561 3980 2613 4031; x_wconf 88' lang='lat' dir='ltr'><strong>in</strong></span> <span class='ocrx_word' id='word_1_620' title='bbox 2641 3988 2789 4051; x_wconf 87' lang='lat' dir='ltr'><strong>gente</strong></span> <span class='ocrx_word' id='word_1_621' title='bbox 2817 3978 2932 4031; x_wconf 85' lang='lat' dir='ltr'><strong>hac.</strong></span> 
     </span>
    </p>
   </div>
   <div class='ocr_carea' id='block_1_86' title="bbox 2115 4070 3642 4141">
    <p class='ocr_par' dir='ltr' id='par_1_86' title="bbox 2115 4070 3642 4141">
     <span class='ocr_line' id='line_1_86' title="bbox 2115 4070 3642 4141; baseline -0.001 -16"><span class='ocrx_word' id='word_1_622' title='bbox 2115 4072 2245 4126; x_wconf 86' lang='lat' dir='ltr'><strong>Luc.</strong></span> <span class='ocrx_word' id='word_1_623' title='bbox 2272 4087 2391 4141; x_wconf 90' lang='lat' dir='ltr'><strong>cap.</strong></span> <span class='ocrx_word' id='word_1_624' title='bbox 2422 4087 2573 4137; x_wconf 84' lang='lat' dir='ltr'><strong>xvui,</strong></span> <span class='ocrx_word' id='word_1_625' title='bbox 2616 4071 2704 4125; x_wconf 73' lang='grc'><strong>11.</strong></span> <span class='ocrx_word' id='word_1_626' title='bbox 2734 4070 3138 4135; x_wconf 78' lang='lat' dir='ltr'><strong>Vindobonen.,</strong></span> <span class='ocrx_word' id='word_1_627' title='bbox 3173 4070 3446 4126; x_wconf 81' lang='lat' dir='ltr'><strong>Veronen.</strong></span> <span class='ocrx_word' id='word_1_628' title='bbox 3474 4112 3489 4137; x_wconf 93' lang='lat'><strong>,</strong></span> <span class='ocrx_word' id='word_1_629' title='bbox 3520 4071 3642 4125; x_wconf 86' lang='lat' dir='ltr'><strong>Bri-</strong></span> 
     </span>
    </p>
   </div>
   <div class='ocr_carea' id='block_1_87' title="bbox 2046 4163 3637 4235">
    <p class='ocr_par' dir='ltr' id='par_1_87' title="bbox 2046 4163 3637 4235">
     <span class='ocr_line' id='line_1_87' title="bbox 2046 4163 3637 4235; baseline -0.003 -15"><span class='ocrx_word' id='word_1_630' title='bbox 2046 4166 2213 4231; x_wconf 82' lang='lat' dir='ltr'><strong>xian.,</strong></span> <span class='ocrx_word' id='word_1_631' title='bbox 2238 4164 2529 4221; x_wconf 90' lang='lat' dir='ltr'><strong>Corbeien.</strong></span> <span class='ocrx_word' id='word_1_632' title='bbox 2572 4174 2625 4219; x_wconf 88' lang='lat' dir='ltr'><strong>et</strong></span> <span class='ocrx_word' id='word_1_633' title='bbox 2648 4164 2769 4221; x_wconf 79' lang='lat' dir='ltr'><strong>Gal.</strong></span> <span class='ocrx_word' id='word_1_634' title='bbox 2804 4165 2985 4235; x_wconf 83' lang='lat' dir='ltr'><strong>magis,</strong></span> <span class='ocrx_word' id='word_1_635' title='bbox 3011 4181 3163 4230; x_wconf 87' lang='lat' dir='ltr'><strong>quam</strong></span> <span class='ocrx_word' id='word_1_636' title='bbox 3192 4165 3278 4218; x_wconf 89' lang='lat' dir='ltr'><strong>ille</strong></span> <span class='ocrx_word' id='word_1_637' title='bbox 3319 4163 3637 4227; x_wconf 77' lang='lat' dir='ltr'><strong>Pharistrus;</strong></span> 
     </span>
    </p>
   </div>
   <div class='ocr_carea' id='block_1_88' title="bbox 2044 4252 3639 4325">
    <p class='ocr_par' dir='ltr' id='par_1_88' title="bbox 2044 4252 3639 4325">
     <span class='ocr_line' id='line_1_88' title="bbox 2044 4252 3639 4325; baseline -0.003 -14"><span class='ocrx_word' id='word_1_638' title='bbox 2044 4269 2099 4311; x_wconf 92' lang='lat' dir='ltr'><strong>et</strong></span> <span class='ocrx_word' id='word_1_639' title='bbox 2132 4260 2201 4311; x_wconf 88' lang='lat' dir='ltr'><strong>ita</strong></span> <span class='ocrx_word' id='word_1_640' title='bbox 2232 4259 2411 4311; x_wconf 89' lang='lat' dir='ltr'><strong>versio</strong></span> <span class='ocrx_word' id='word_1_641' title='bbox 2435 4257 2558 4325; x_wconf 88' lang='lat' dir='ltr'><strong>Syr.</strong></span> <span class='ocrx_word' id='word_1_642' title='bbox 2594 4265 2651 4311; x_wconf 88' lang='lat' dir='ltr'><strong>et</strong></span> <span class='ocrx_word' id='word_1_643' title='bbox 2698 4256 2756 4309; x_wconf 92' lang='grc'><strong>8.</strong></span> <span class='ocrx_word' id='word_1_644' title='bbox 2791 4256 3094 4325; x_wconf 80' lang='lat' dir='ltr'><strong>Cyprianus</strong></span> <span class='ocrx_word' id='word_1_645' title='bbox 3148 4256 3199 4308; x_wconf 93' lang='lat' dir='ltr'><strong>in</strong></span> <span class='ocrx_word' id='word_1_646' title='bbox 3230 4255 3321 4309; x_wconf 91' lang='lat' dir='ltr'><strong>lib.</strong></span> <span class='ocrx_word' id='word_1_647' title='bbox 3376 4255 3445 4309; x_wconf 91' lang='lat' dir='ltr'><strong>de</strong></span> <span class='ocrx_word' id='word_1_648' title='bbox 3488 4252 3639 4308; x_wconf 88' lang='lat' dir='ltr'><strong>Orat.</strong></span> 
     </span>
    </p>
   </div>
   <div class='ocr_carea' id='block_1_89' title="bbox 2046 4345 3644 4420">
    <p class='ocr_par' dir='ltr' id='par_1_89' title="bbox 2046 4345 3644 4420">
     <span class='ocr_line' id='line_1_89' title="bbox 2046 4345 3644 4420; baseline -0.003 -16"><span class='ocrx_word' id='word_1_649' title='bbox 2046 4350 2261 4404; x_wconf 92' lang='lat' dir='ltr'><strong>Domin.</strong></span> <span class='ocrx_word' id='word_1_650' title='bbox 2295 4364 2417 4420; x_wconf 85' lang='lat' dir='ltr'><strong>pag.</strong></span> <span class='ocrx_word' id='word_1_651' title='bbox 2452 4348 2678 4403; x_wconf 64' lang='lat'><strong>265:8.</strong></span> <span class='ocrx_word' id='word_1_652' title='bbox 2715 4347 2968 4401; x_wconf 79' lang='lat' dir='ltr'><strong>Ambros.</strong></span> <span class='ocrx_word' id='word_1_653' title='bbox 3016 4361 3229 4417; x_wconf 91' lang='lat' dir='ltr'><strong>quoque</strong></span> <span class='ocrx_word' id='word_1_654' title='bbox 3273 4346 3325 4400; x_wconf 92' lang='lat' dir='ltr'><strong>in</strong></span> <span class='ocrx_word' id='word_1_655' title='bbox 3353 4345 3447 4399; x_wconf 93' lang='lat' dir='ltr'><strong>lib.</strong></span> <span class='ocrx_word' id='word_1_656' title='bbox 3511 4361 3527 4399; x_wconf 92' lang='grc' dir='ltr'><strong>ι</strong></span> <span class='ocrx_word' id='word_1_657' title='bbox 3576 4345 3644 4399; x_wconf 91' lang='lat' dir='ltr'><strong>de</strong></span> 
     </span>
    </p>
   </div>
   <div class='ocr_carea' id='block_1_90' title="bbox 2047 4437 3642 4510">
    <p class='ocr_par' dir='ltr' id='par_1_90' title="bbox 2047 4437 3642 4510">
     <span class='ocr_line' id='line_1_90' title="bbox 2047 4437 3642 4510; baseline -0.003 -14"><span class='ocrx_word' id='word_1_658' title='bbox 2047 4440 2177 4496; x_wconf 83' lang='lat' dir='ltr'><strong>Cain</strong></span> <span class='ocrx_word' id='word_1_659' title='bbox 2206 4452 2260 4496; x_wconf 87' lang='lat' dir='ltr'><strong>et</strong></span> <span class='ocrx_word' id='word_1_660' title='bbox 2289 4440 2444 4504; x_wconf 84' lang='lat' dir='ltr'><strong>Abel,</strong></span> <span class='ocrx_word' id='word_1_661' title='bbox 2479 4456 2598 4510; x_wconf 90' lang='lat' dir='ltr'><strong>cap.</strong></span> <span class='ocrx_word' id='word_1_662' title='bbox 2624 4456 2699 4505; x_wconf 84' lang='lat' dir='ltr'><strong>lx,</strong></span> <span class='ocrx_word' id='word_1_663' title='bbox 2731 4454 2850 4509; x_wconf 87' lang='lat' dir='ltr'><strong>pag.</strong></span> <span class='ocrx_word' id='word_1_664' title='bbox 2885 4437 3012 4507; x_wconf 84' lang='grc'><strong>199,</strong></span> <span class='ocrx_word' id='word_1_665' title='bbox 3038 4440 3226 4509; x_wconf 86' lang='lat' dir='ltr'><strong>magis,</strong></span> <span class='ocrx_word' id='word_1_666' title='bbox 3259 4455 3415 4508; x_wconf 90' lang='lat' dir='ltr'><strong>quam</strong></span> <span class='ocrx_word' id='word_1_667' title='bbox 3446 4437 3642 4492; x_wconf 84' lang='lat' dir='ltr'><strong>Phari-</strong></span> 
     </span>
    </p>
   </div>
   <div class='ocr_carea' id='block_1_91' title="bbox 406 4509 2786 4606">
    <p class='ocr_par' dir='ltr' id='par_1_91' title="bbox 406 4509 2786 4606">
     <span class='ocr_line' id='line_1_91' title="bbox 406 4509 2786 4606; baseline -0.003 -15"><span class='ocrx_word' id='word_1_668' title='bbox 406 4538 537 4592; x_wconf 90' lang='lat' dir='ltr'><strong>an.</strong></span> <span class='ocrx_word' id='word_1_669' title='bbox 573 4553 697 4606; x_wconf 85' lang='lat' dir='ltr'><strong>cap.</strong></span> <span class='ocrx_word' id='word_1_670' title='bbox 747 4552 840 4599; x_wconf 85' lang='lat' dir='ltr'><strong>xu,</strong></span> <span class='ocrx_word' id='word_1_671' title='bbox 887 4536 940 4590; x_wconf 91' lang='lat'><strong>8.</strong></span> <span class='ocrx_word' id='word_1_672' title='bbox 980 4534 1376 4597; x_wconf 83' lang='lat' dir='ltr'><strong>Viudoboueu.,</strong></span> <span class='ocrx_word' id='word_1_673' title='bbox 1409 4533 1695 4588; x_wconf 85' lang='lat' dir='ltr'><strong>Corbeien.</strong></span> <span class='ocrx_word' id='word_1_674' title='bbox 1725 4541 1779 4588; x_wconf 88' lang='lat' dir='ltr'><strong>et</strong></span> <span class='ocrx_word' id='word_1_675' title='bbox 1808 4532 1932 4587; x_wconf 88' lang='lat' dir='ltr'><strong>Mm.</strong></span> <span class='ocrx_word' id='word_1_676' title='bbox 1964 4509 2019 4570; x_wconf 83' lang='lat' dir='ltr'><strong>D</strong></span> <span class='ocrx_word' id='word_1_677' title='bbox 2043 4551 2197 4588; x_wconf 77' lang='lat' dir='ltr'><strong>smus.</strong></span> <span class='ocrx_word' id='word_1_678' title='bbox 2230 4534 2355 4588; x_wconf 88' lang='lat' dir='ltr'><strong>Mm.</strong></span> <span class='ocrx_word' id='word_1_679' title='bbox 2396 4536 2560 4605; x_wconf 81' lang='lat' dir='ltr'><strong>magis</strong></span> <span class='ocrx_word' id='word_1_680' title='bbox 2588 4533 2648 4585; x_wconf 88' lang='lat' dir='ltr'><strong>ab</strong></span> <span class='ocrx_word' id='word_1_681' title='bbox 2676 4534 2786 4586; x_wconf 89' lang='lat' dir='ltr'><strong>illo.</strong></span> 
     </span>
    </p>
   </div>
   <div class='ocr_carea' id='block_1_92' title="bbox 338 4628 1938 4701">
    <p class='ocr_par' dir='ltr' id='par_1_92' title="bbox 338 4628 1938 4701">
     <span class='ocr_line' id='line_1_92' title="bbox 338 4628 1938 4701; baseline -0.001 -17"><span class='ocrx_word' id='word_1_682' title='bbox 338 4633 665 4701; x_wconf 77' lang='lat' dir='ltr'><strong>confitebitur</strong></span> <span class='ocrx_word' id='word_1_683' title='bbox 692 4633 743 4683; x_wconf 88' lang='lat' dir='ltr'><strong>in</strong></span> <span class='ocrx_word' id='word_1_684' title='bbox 773 4631 885 4693; x_wconf 87' lang='lat' dir='ltr'><strong>illo,</strong></span> <span class='ocrx_word' id='word_1_685' title='bbox 916 4641 968 4684; x_wconf 92' lang='lat' dir='ltr'><strong>et</strong></span> <span class='ocrx_word' id='word_1_686' title='bbox 1000 4630 1091 4695; x_wconf 90' lang='lat' dir='ltr'><strong>ita,</strong></span> <span class='ocrx_word' id='word_1_687' title='bbox 1121 4629 1269 4699; x_wconf 73' lang='lat' dir='ltr'><strong>juxta</strong></span> <span class='ocrx_word' id='word_1_688' title='bbox 1311 4628 1487 4684; x_wconf 77' lang='lat' dir='ltr'><strong>Grzec.</strong></span> <span class='ocrx_word' id='word_1_689' title='bbox 1513 4628 1571 4683; x_wconf 91' lang='grc'><strong>8.</strong></span> <span class='ocrx_word' id='word_1_690' title='bbox 1606 4630 1938 4698; x_wconf 78' lang='lat' dir='ltr'><strong>Augustinus</strong></span> 
     </span>
    </p>
   </div>
   <div class='ocr_carea' id='block_1_93' title="bbox 338 4720 1935 4794">
    <p class='ocr_par' dir='ltr' id='par_1_93' title="bbox 338 4720 1935 4794">
     <span class='ocr_line' id='line_1_93' title="bbox 338 4720 1935 4794; baseline -0.004 -16"><span class='ocrx_word' id='word_1_691' title='bbox 338 4726 389 4778; x_wconf 85' lang='lat' dir='ltr'><strong>in</strong></span> <span class='ocrx_word' id='word_1_692' title='bbox 416 4724 656 4794; x_wconf 70' lang='lat' dir='ltr'><strong>Speculo</strong></span> <span class='ocrx_word' id='word_1_693' title='bbox 683 4722 751 4775; x_wconf 92' lang='lat' dir='ltr'><strong>de</strong></span> <span class='ocrx_word' id='word_1_694' title='bbox 789 4722 1082 4791; x_wconf 73' lang='lat' dir='ltr'><strong>Evangelio</strong></span> <span class='ocrx_word' id='word_1_695' title='bbox 1112 4720 1408 4775; x_wconf 90' lang='lat' dir='ltr'><strong>secundum</strong></span> <span class='ocrx_word' id='word_1_696' title='bbox 1443 4720 1643 4774; x_wconf 88' lang='lat' dir='ltr'><strong>Lucam</strong></span> <span class='ocrx_word' id='word_1_697' title='bbox 1692 4731 1821 4773; x_wconf 90' lang='lat' dir='ltr'><strong>tom.</strong></span> <span class='ocrx_word' id='word_1_698' title='bbox 1857 4736 1935 4785; x_wconf 86' lang='lat' dir='ltr'><strong>ut,</strong></span> 
     </span>
    </p>
   </div>
   <div class='ocr_carea' id='block_1_94' title="bbox 340 4814 1941 4886">
    <p class='ocr_par' dir='ltr' id='par_1_94' title="bbox 340 4814 1941 4886">
     <span class='ocr_line' id='line_1_94' title="bbox 340 4814 1941 4886; baseline 0.001 -19"><span class='ocrx_word' id='word_1_699' title='bbox 340 4827 474 4886; x_wconf 70' lang='lat' dir='ltr'><strong>part.</strong></span> <span class='ocrx_word' id='word_1_700' title='bbox 521 4834 561 4879; x_wconf 89' lang='grc' dir='ltr'>ι,</span> <span class='ocrx_word' id='word_1_701' title='bbox 598 4832 721 4885; x_wconf 85' lang='lat' dir='ltr'><strong>pag.</strong></span> <span class='ocrx_word' id='word_1_702' title='bbox 747 4816 871 4881; x_wconf 89' lang='lat'><strong>770,</strong></span> <span class='ocrx_word' id='word_1_703' title='bbox 901 4828 955 4869; x_wconf 89' lang='lat' dir='ltr'><strong>et</strong></span> <span class='ocrx_word' id='word_1_704' title='bbox 982 4816 1031 4869; x_wconf 91' lang='lat' dir='ltr'><strong>in</strong></span> <span class='ocrx_word' id='word_1_705' title='bbox 1062 4816 1322 4871; x_wconf 90' lang='lat' dir='ltr'><strong>Sermone</strong></span> <span class='ocrx_word' id='word_1_706' title='bbox 1350 4817 1435 4877; x_wconf 84' lang='grc'><strong>71,</strong></span> <span class='ocrx_word' id='word_1_707' title='bbox 1466 4816 1533 4869; x_wconf 90' lang='lat' dir='ltr'><strong>de</strong></span> <span class='ocrx_word' id='word_1_708' title='bbox 1562 4814 1739 4870; x_wconf 88' lang='lat' dir='ltr'><strong>verbis</strong></span> <span class='ocrx_word' id='word_1_709' title='bbox 1764 4815 1941 4869; x_wconf 86' lang='lat' dir='ltr'><strong>Evan-</strong></span> 
     </span>
    </p>
   </div>
   <div class='ocr_carea' id='block_1_95' title="bbox 341 4907 1538 4978">
    <p class='ocr_par' dir='ltr' id='par_1_95' title="bbox 341 4907 1538 4978">
     <span class='ocr_line' id='line_1_95' title="bbox 341 4907 1538 4978; baseline -0.002 -15"><span class='ocrx_word' id='word_1_710' title='bbox 341 4911 460 4977; x_wconf 82' lang='lat' dir='ltr'><strong>gelii</strong></span> <span class='ocrx_word' id='word_1_711' title='bbox 484 4909 678 4963; x_wconf 84' lang='lat' dir='ltr'><strong>Matth.</strong></span> <span class='ocrx_word' id='word_1_712' title='bbox 710 4909 799 4973; x_wconf 77' lang='grc'><strong>12,</strong></span> <span class='ocrx_word' id='word_1_713' title='bbox 836 4920 963 4963; x_wconf 88' lang='lat' dir='ltr'><strong>tom.</strong></span> <span class='ocrx_word' id='word_1_714' title='bbox 992 4925 1045 4970; x_wconf 90' lang='lat' dir='ltr'><strong>v,</strong></span> <span class='ocrx_word' id='word_1_715' title='bbox 1076 4920 1213 4977; x_wconf 86' lang='lat' dir='ltr'><strong>part.</strong></span> <span class='ocrx_word' id='word_1_716' title='bbox 1250 4924 1287 4973; x_wconf 89' lang='grc' dir='ltr'>ι,</span> <span class='ocrx_word' id='word_1_717' title='bbox 1325 4924 1374 4978; x_wconf 91' lang='lat' dir='ltr'><strong>p.</strong></span> <span class='ocrx_word' id='word_1_718' title='bbox 1407 4907 1538 4963; x_wconf 77' lang='grc'><strong>401.</strong></span> 
     </span>
    </p>
   </div>
   <div class='ocr_carea' id='block_1_96' title="bbox 414 4999 1942 5071">
    <p class='ocr_par' dir='ltr' id='par_1_96' title="bbox 414 4999 1942 5071">
     <span class='ocr_line' id='line_1_96' title="bbox 414 4999 1942 5071; baseline -0.002 -14"><span class='ocrx_word' id='word_1_719' title='bbox 414 5005 543 5057; x_wconf 84' lang='lat' dir='ltr'><strong>Luc.</strong></span> <span class='ocrx_word' id='word_1_720' title='bbox 585 5017 709 5071; x_wconf 87' lang='lat' dir='ltr'><strong>cap.</strong></span> <span class='ocrx_word' id='word_1_721' title='bbox 762 5018 859 5067; x_wconf 76' lang='lat' dir='ltr'><strong>xu,</strong></span> <span class='ocrx_word' id='word_1_722' title='bbox 888 5003 977 5057; x_wconf 68' lang='lat'><strong>45.</strong></span> <span class='ocrx_word' id='word_1_723' title='bbox 1012 5001 1383 5055; x_wconf 83' lang='lat' dir='ltr'><strong>Viudobonen.</strong></span> <span class='ocrx_word' id='word_1_724' title='bbox 1417 5011 1468 5054; x_wconf 89' lang='lat' dir='ltr'><strong>et</strong></span> <span class='ocrx_word' id='word_1_725' title='bbox 1518 5000 1788 5055; x_wconf 81' lang='lat' dir='ltr'><strong>Veronen.</strong></span> <span class='ocrx_word' id='word_1_726' title='bbox 1834 4999 1942 5054; x_wconf 86' lang='lat' dir='ltr'><strong>Do-</strong></span> 
     </span>
    </p>
   </div>
   <div class='ocr_carea' id='block_1_97' title="bbox 347 5093 1943 5167">
    <p class='ocr_par' dir='ltr' id='par_1_97' title="bbox 347 5093 1943 5167">
     <span class='ocr_line' id='line_1_97' title="bbox 347 5093 1943 5167; baseline -0.001 -20"><span class='ocrx_word' id='word_1_727' title='bbox 347 5097 506 5148; x_wconf 82' lang='lat' dir='ltr'><strong>minus</strong></span> <span class='ocrx_word' id='word_1_728' title='bbox 535 5099 673 5167; x_wconf 80' lang='lat' dir='ltr'><strong>ejus.</strong></span> <span class='ocrx_word' id='word_1_729' title='bbox 703 5093 932 5160; x_wconf 86' lang='lat' dir='ltr'><strong>Quidam</strong></span> <span class='ocrx_word' id='word_1_730' title='bbox 982 5109 1113 5149; x_wconf 87' lang='lat' dir='ltr'><strong>mss.</strong></span> <span class='ocrx_word' id='word_1_731' title='bbox 1152 5094 1273 5147; x_wconf 83' lang='lat' dir='ltr'><strong>libri</strong></span> <span class='ocrx_word' id='word_1_732' title='bbox 1316 5094 1431 5147; x_wconf 89' lang='lat' dir='ltr'><strong>Div.</strong></span> <span class='ocrx_word' id='word_1_733' title='bbox 1476 5094 1614 5148; x_wconf 88' lang='lat' dir='ltr'><strong>Bibl.</strong></span> <span class='ocrx_word' id='word_1_734' title='bbox 1651 5093 1708 5149; x_wconf 93' lang='lat' dir='ltr'><strong>S.</strong></span> <span class='ocrx_word' id='word_1_735' title='bbox 1755 5093 1943 5147; x_wconf 88' lang='lat' dir='ltr'><strong>lliero-</strong></span> 
     </span>
    </p>
   </div>
   <div class='ocr_carea' id='block_1_98' title="bbox 352 5186 1686 5257">
    <p class='ocr_par' dir='ltr' id='par_1_98' title="bbox 352 5186 1686 5257">
     <span class='ocr_line' id='line_1_98' title="bbox 352 5186 1686 5257; baseline -0.001 -18"><span class='ocrx_word' id='word_1_736' title='bbox 352 5191 515 5257; x_wconf 87' lang='lat' dir='ltr'><strong>nymi,</strong></span> <span class='ocrx_word' id='word_1_737' title='bbox 537 5189 693 5257; x_wconf 80' lang='lat' dir='ltr'><strong>juxta</strong></span> <span class='ocrx_word' id='word_1_738' title='bbox 726 5186 990 5249; x_wconf 79' lang='lat' dir='ltr'><strong>Grzrcnm,</strong></span> <span class='ocrx_word' id='word_1_739' title='bbox 1018 5188 1234 5249; x_wconf 83' lang='lat' dir='ltr'><strong>habent,</strong></span> <span class='ocrx_word' id='word_1_740' title='bbox 1275 5186 1517 5239; x_wconf 86' lang='lat' dir='ltr'><strong>Dominus</strong></span> <span class='ocrx_word' id='word_1_741' title='bbox 1545 5203 1686 5240; x_wconf 87' lang='lat' dir='ltr'><strong>suus.</strong></span> 
     </span>
    </p>
   </div>
   <div class='ocr_carea' id='block_1_99' title="bbox 420 5278 1944 5349">
    <p class='ocr_par' dir='ltr' id='par_1_99' title="bbox 420 5278 1944 5349">
     <span class='ocr_line' id='line_1_99' title="bbox 420 5278 1944 5349; baseline 0.001 -16"><span class='ocrx_word' id='word_1_742' title='bbox 420 5280 546 5333; x_wconf 89' lang='lat' dir='ltr'><strong>Luc.</strong></span> <span class='ocrx_word' id='word_1_743' title='bbox 594 5295 713 5349; x_wconf 88' lang='lat' dir='ltr'><strong>cap.</strong></span> <span class='ocrx_word' id='word_1_744' title='bbox 754 5295 848 5341; x_wconf 77' lang='lat' dir='ltr'><strong>xu,</strong></span> <span class='ocrx_word' id='word_1_745' title='bbox 901 5278 992 5333; x_wconf 71' lang='grc'><strong>45.</strong></span> <span class='ocrx_word' id='word_1_746' title='bbox 1030 5278 1426 5338; x_wconf 83' lang='lat' dir='ltr'><strong>Vindoboneu.,</strong></span> <span class='ocrx_word' id='word_1_747' title='bbox 1460 5278 1755 5344; x_wconf 88' lang='lat' dir='ltr'><strong>Veronen.,</strong></span> <span class='ocrx_word' id='word_1_748' title='bbox 1811 5278 1944 5334; x_wconf 90' lang='lat' dir='ltr'><strong>Cor-</strong></span> 
     </span>
    </p>
   </div>
   <div class='ocr_carea' id='block_1_100' title="bbox 358 5370 1945 5440">
    <p class='ocr_par' dir='ltr' id='par_1_100' title="bbox 358 5370 1945 5440">
     <span class='ocr_line' id='line_1_100' title="bbox 358 5370 1945 5440; baseline -0.001 -13"><span class='ocrx_word' id='word_1_749' title='bbox 358 5372 545 5439; x_wconf 84' lang='lat' dir='ltr'><strong>beien.,</strong></span> <span class='ocrx_word' id='word_1_750' title='bbox 577 5374 705 5429; x_wconf 87' lang='lat' dir='ltr'><strong>Gat.</strong></span> <span class='ocrx_word' id='word_1_751' title='bbox 740 5383 795 5427; x_wconf 91' lang='lat' dir='ltr'><strong>et</strong></span> <span class='ocrx_word' id='word_1_752' title='bbox 836 5372 959 5425; x_wconf 86' lang='lat' dir='ltr'><strong>Mm.</strong></span> <span class='ocrx_word' id='word_1_753' title='bbox 996 5387 1113 5440; x_wconf 90' lang='lat' dir='ltr'><strong>pro,</strong></span> <span class='ocrx_word' id='word_1_754' title='bbox 1144 5387 1331 5432; x_wconf 88' lang='lat' dir='ltr'><strong>servos,</strong></span> <span class='ocrx_word' id='word_1_755' title='bbox 1386 5370 1602 5433; x_wconf 83' lang='lat' dir='ltr'><strong>habent,</strong></span> <span class='ocrx_word' id='word_1_756' title='bbox 1652 5386 1855 5439; x_wconf 87' lang='lat' dir='ltr'><strong>pueros,</strong></span> <span class='ocrx_word' id='word_1_757' title='bbox 1889 5379 1945 5425; x_wconf 87' lang='lat' dir='ltr'><strong>et</strong></span> 
     </span>
    </p>
   </div>
   <div class='ocr_carea' id='block_1_101' title="bbox 358 5461 1938 5534">
    <p class='ocr_par' dir='ltr' id='par_1_101' title="bbox 358 5461 1938 5534">
     <span class='ocr_line' id='line_1_101' title="bbox 358 5461 1938 5534; baseline -0.003 -15"><span class='ocrx_word' id='word_1_758' title='bbox 358 5465 450 5529; x_wconf 83' lang='lat' dir='ltr'><strong>ita,</strong></span> <span class='ocrx_word' id='word_1_759' title='bbox 470 5466 689 5534; x_wconf 77' lang='lat' dir='ltr'><strong>propius</strong></span> <span class='ocrx_word' id='word_1_760' title='bbox 724 5464 915 5520; x_wconf 58' lang='lat' dir='ltr'><strong>Graece</strong></span> <span class='ocrx_word' id='word_1_761' title='bbox 944 5465 1131 5528; x_wconf 81' lang='lat' dir='ltr'><strong>verbo,</strong></span> <span class='ocrx_word' id='word_1_762' title='bbox 1163 5463 1359 5517; x_wconf 88' lang='lat' dir='ltr'><strong>habent</strong></span> <span class='ocrx_word' id='word_1_763' title='bbox 1382 5461 1599 5531; x_wconf 88' lang='lat' dir='ltr'><strong>quidam</strong></span> <span class='ocrx_word' id='word_1_764' title='bbox 1618 5478 1747 5516; x_wconf 91' lang='lat' dir='ltr'><strong>mss.</strong></span> <span class='ocrx_word' id='word_1_765' title='bbox 1780 5461 1938 5516; x_wconf 89' lang='lat' dir='ltr'><strong>codd.</strong></span> 
     </span>
    </p>
   </div>
   <div class='ocr_carea' id='block_1_102' title="bbox 360 5556 1223 5627">
    <p class='ocr_par' dir='ltr' id='par_1_102' title="bbox 360 5556 1223 5627">
     <span class='ocr_line' id='line_1_102' title="bbox 360 5556 1223 5627; baseline -0.006 -15"><span class='ocrx_word' id='word_1_766' title='bbox 360 5557 478 5612; x_wconf 80' lang='lat' dir='ltr'><strong>Div.</strong></span> <span class='ocrx_word' id='word_1_767' title='bbox 503 5558 762 5613; x_wconf 84' lang='lat' dir='ltr'><strong>Bibliotlt.</strong></span> <span class='ocrx_word' id='word_1_768' title='bbox 799 5556 858 5611; x_wconf 89' lang='lat' dir='ltr'><strong>S.</strong></span> <span class='ocrx_word' id='word_1_769' title='bbox 893 5556 1223 5627; x_wconf 83' lang='lat' dir='ltr'><strong>Hieronymi.</strong></span> 
     </span>
    </p>
   </div>
   <div class='ocr_carea' id='block_1_103' title="bbox 423 5648 1945 5721">
    <p class='ocr_par' dir='ltr' id='par_1_103' title="bbox 423 5648 1945 5721">
     <span class='ocr_line' id='line_1_103' title="bbox 423 5648 1945 5721; baseline -0.003 -15"><span class='ocrx_word' id='word_1_770' title='bbox 423 5651 554 5706; x_wconf 87' lang='lat' dir='ltr'><strong>an.</strong></span> <span class='ocrx_word' id='word_1_771' title='bbox 604 5667 724 5721; x_wconf 88' lang='lat' dir='ltr'><strong>cap.</strong></span> <span class='ocrx_word' id='word_1_772' title='bbox 762 5667 855 5705; x_wconf 79' lang='lat' dir='ltr'><strong>xu.</strong></span> <span class='ocrx_word' id='word_1_773' title='bbox 896 5651 980 5702; x_wconf 79' lang='lat'><strong>55.</strong></span> <span class='ocrx_word' id='word_1_774' title='bbox 1016 5649 1318 5702; x_wconf 82' lang='lat' dir='ltr'><strong>Vindohon.</strong></span> <span class='ocrx_word' id='word_1_775' title='bbox 1348 5659 1396 5700; x_wconf 75' lang='lat' dir='ltr'><strong>et</strong></span> <span class='ocrx_word' id='word_1_776' title='bbox 1435 5648 1629 5702; x_wconf 82' lang='lat' dir='ltr'><strong>Veron.</strong></span> <span class='ocrx_word' id='word_1_777' title='bbox 1674 5666 1847 5702; x_wconf 78' lang='lat' dir='ltr'><strong>socrus</strong></span> <span class='ocrx_word' id='word_1_778' title='bbox 1893 5651 1945 5703; x_wconf 89' lang='lat' dir='ltr'><strong>in</strong></span> 
     </span>
    </p>
   </div>
   <div class='ocr_carea' id='block_1_104' title="bbox 361 5741 1943 5817">
    <p class='ocr_par' dir='ltr' id='par_1_104' title="bbox 361 5741 1943 5817">
     <span class='ocr_line' id='line_1_104' title="bbox 361 5741 1943 5817; baseline -0.001 -21"><span class='ocrx_word' id='word_1_779' title='bbox 361 5761 621 5813; x_wconf 86' lang='lat' dir='ltr'><strong>sponsam,</strong></span> <span class='ocrx_word' id='word_1_780' title='bbox 652 5754 758 5797; x_wconf 77' lang='lat' dir='ltr'><strong>etc.</strong></span> <span class='ocrx_word' id='word_1_781' title='bbox 787 5744 943 5796; x_wconf 70' lang='lat' dir='ltr'><strong>(lant.</strong></span> <span class='ocrx_word' id='word_1_782' title='bbox 967 5741 1140 5796; x_wconf 60' lang='lat' dir='ltr'><strong>Graec.</strong></span> <span class='ocrx_word' id='word_1_783' title='bbox 1173 5741 1649 5817; x_wconf 75' lang='grc' dir='ltr'><strong>διαμερισθήσονται</strong></span> <span class='ocrx_word' id='word_1_784' title='bbox 1688 5742 1790 5795; x_wconf 86' lang='lat' dir='ltr'><strong>hic.</strong></span> <span class='ocrx_word' id='word_1_785' title='bbox 1822 5741 1943 5795; x_wconf 78' lang='lat' dir='ltr'><strong>cod.</strong></span> 
     </span>
    </p>
   </div>
   <div class='ocr_carea' id='block_1_105' title="bbox 2116 4611 3700 4698">
    <p class='ocr_par' dir='ltr' id='par_1_105' title="bbox 2116 4611 3700 4698">
     <span class='ocr_line' id='line_1_105' title="bbox 2116 4611 3700 4698; baseline -0.004 -15"><span class='ocrx_word' id='word_1_786' title='bbox 2116 4630 2278 4683; x_wconf 89' lang='lat' dir='ltr'><strong>Marc.</strong></span> <span class='ocrx_word' id='word_1_787' title='bbox 2306 4643 2427 4698; x_wconf 91' lang='lat' dir='ltr'><strong>cap.</strong></span> <span class='ocrx_word' id='word_1_788' title='bbox 2457 4645 2528 4693; x_wconf 80' lang='lat' dir='ltr'><strong>vi,</strong></span> <span class='ocrx_word' id='word_1_789' title='bbox 2552 4628 2604 4680; x_wconf 90' lang='lat'><strong>5.</strong></span> <span class='ocrx_word' id='word_1_790' title='bbox 2635 4626 3009 4682; x_wconf 78' lang='lat' dir='ltr'><strong>\‘indobonen.</strong></span> <span class='ocrx_word' id='word_1_791' title='bbox 3030 4669 3043 4690; x_wconf 90' lang='lat'><strong>,</strong></span> <span class='ocrx_word' id='word_1_792' title='bbox 3078 4626 3382 4682; x_wconf 87' lang='lat' dir='ltr'><strong>Vercellen.</strong></span> <span class='ocrx_word' id='word_1_793' title='bbox 3418 4669 3432 4693; x_wconf 93' lang='lat'><strong>,</strong></span> <span class='ocrx_word' id='word_1_794' title='bbox 3465 4626 3636 4679; x_wconf 82' lang='lat' dir='ltr'><strong>Vero-</strong></span> <span class='ocrx_word' id='word_1_795' title='bbox 3695 4611 3700 4617; x_wconf 70' lang='grc'><strong>’</strong></span> 
     </span>
    </p>
   </div>
   <div class='ocr_carea' id='block_1_106' title="bbox 2044 4717 3641 4793">
    <p class='ocr_par' dir='ltr' id='par_1_106' title="bbox 2044 4717 3641 4793">
     <span class='ocr_line' id='line_1_106' title="bbox 2044 4717 3641 4793; baseline -0.004 -15"><span class='ocrx_word' id='word_1_796' title='bbox 2044 4739 2192 4788; x_wconf 90' lang='lat' dir='ltr'><strong>nen.,</strong></span> <span class='ocrx_word' id='word_1_797' title='bbox 2225 4723 2348 4778; x_wconf 85' lang='lat' dir='ltr'><strong>Gat.</strong></span> <span class='ocrx_word' id='word_1_798' title='bbox 2376 4730 2425 4777; x_wconf 93' lang='lat' dir='ltr'><strong>et</strong></span> <span class='ocrx_word' id='word_1_799' title='bbox 2470 4722 2592 4775; x_wconf 89' lang='lat' dir='ltr'><strong>Mm.</strong></span> <span class='ocrx_word' id='word_1_800' title='bbox 2635 4721 2823 4775; x_wconf 78' lang='lat' dir='ltr'><strong>Nonne</strong></span> <span class='ocrx_word' id='word_1_801' title='bbox 2850 4723 2933 4777; x_wconf 82' lang='lat' dir='ltr'><strong>hic</strong></span> <span class='ocrx_word' id='word_1_802' title='bbox 2964 4721 3135 4793; x_wconf 87' lang='lat' dir='ltr'><strong>(Gat.,</strong></span> <span class='ocrx_word' id='word_1_803' title='bbox 3178 4721 3327 4779; x_wconf 86' lang='grc' dir='ltr'>Μιιι..</span> <span class='ocrx_word' id='word_1_804' title='bbox 3359 4729 3411 4773; x_wconf 86' lang='lat' dir='ltr'><strong>et</strong></span> <span class='ocrx_word' id='word_1_805' title='bbox 3436 4717 3641 4773; x_wconf 81' lang='lat' dir='ltr'><strong>Vindo-</strong></span> 
     </span>
    </p>
   </div>
   <div class='ocr_carea' id='block_1_107' title="bbox 2044 4810 3639 4883">
    <p class='ocr_par' dir='ltr' id='par_1_107' title="bbox 2044 4810 3639 4883">
     <span class='ocr_line' id='line_1_107' title="bbox 2044 4810 3639 4883; baseline -0.002 -15"><span class='ocrx_word' id='word_1_806' title='bbox 2044 4815 2244 4870; x_wconf 88' lang='lat' dir='ltr'><strong>bonen.</strong></span> <span class='ocrx_word' id='word_1_807' title='bbox 2278 4815 2393 4883; x_wconf 84' lang='lat' dir='ltr'><strong>iste)</strong></span> <span class='ocrx_word' id='word_1_808' title='bbox 2423 4823 2497 4867; x_wconf 85' lang='lat' dir='ltr'><strong>est</strong></span> <span class='ocrx_word' id='word_1_809' title='bbox 2529 4813 2664 4883; x_wconf 76' lang='lat' dir='ltr'><strong>fabri</strong></span> <span class='ocrx_word' id='word_1_810' title='bbox 2696 4814 2833 4881; x_wconf 80' lang='lat' dir='ltr'><strong>ﬁlius</strong></span> <span class='ocrx_word' id='word_1_811' title='bbox 2860 4816 2882 4866; x_wconf 64' lang='grc' dir='ltr'><strong>ν</strong></span> <span class='ocrx_word' id='word_1_812' title='bbox 2912 4812 3085 4867; x_wconf 75' lang='lat' dir='ltr'><strong>Graeci</strong></span> <span class='ocrx_word' id='word_1_813' title='bbox 3125 4811 3341 4866; x_wconf 90' lang='lat' dir='ltr'><strong>codices</strong></span> <span class='ocrx_word' id='word_1_814' title='bbox 3391 4810 3639 4865; x_wconf 89' lang='lat' dir='ltr'><strong>nonnulli</strong></span> 
     </span>
    </p>
   </div>
   <div class='ocr_carea' id='block_1_108' title="bbox 2048 4904 3639 4978">
    <p class='ocr_par' dir='ltr' id='par_1_108' title="bbox 2048 4904 3639 4978">
     <span class='ocr_line' id='line_1_108' title="bbox 2048 4904 3639 4978; baseline -0.001 -17"><span class='ocrx_word' id='word_1_815' title='bbox 2048 4906 2270 4972; x_wconf 83' lang='lat' dir='ltr'><strong>habent,</strong></span> <span class='ocrx_word' id='word_1_816' title='bbox 2304 4910 2418 4978; x_wconf 78' lang='grc' dir='ltr'>Οὐχ</span> <span class='ocrx_word' id='word_1_817' title='bbox 2445 4904 2594 4967; x_wconf 78' lang='grc' dir='ltr'>οὗτός</span> <span class='ocrx_word' id='word_1_818' title='bbox 2616 4910 2729 4963; x_wconf 79' lang='grc' dir='ltr'><strong>ἐστι</strong></span> <span class='ocrx_word' id='word_1_819' title='bbox 2756 4914 2848 4962; x_wconf 81' lang='grc' dir='ltr'><strong>τοῦ</strong></span> <span class='ocrx_word' id='word_1_820' title='bbox 2869 4909 3119 4967; x_wconf 76' lang='grc' dir='ltr'><strong>τέκτονος.</strong></span> <span class='ocrx_word' id='word_1_821' title='bbox 3166 4905 3243 4958; x_wconf 89' lang='lat' dir='ltr'><strong>Ita</strong></span> <span class='ocrx_word' id='word_1_822' title='bbox 3284 4904 3443 4957; x_wconf 88' lang='lat' dir='ltr'><strong>codd.</strong></span> <span class='ocrx_word' id='word_1_823' title='bbox 3474 4905 3639 4973; x_wconf 85' lang='lat' dir='ltr'><strong>aliqui</strong></span> 
     </span>
    </p>
   </div>
   <div class='ocr_carea' id='block_1_109' title="bbox 2047 4997 3639 5067">
    <p class='ocr_par' dir='ltr' id='par_1_109' title="bbox 2047 4997 3639 5067">
     <span class='ocr_line' id='line_1_109' title="bbox 2047 4997 3639 5067; baseline 0 -13"><span class='ocrx_word' id='word_1_824' title='bbox 2047 5012 2281 5067; x_wconf 86' lang='lat' dir='ltr'><strong>veteres,</strong></span> <span class='ocrx_word' id='word_1_825' title='bbox 2312 5009 2447 5055; x_wconf 91' lang='lat' dir='ltr'><strong>teste</strong></span> <span class='ocrx_word' id='word_1_826' title='bbox 2479 5000 2726 5066; x_wconf 85' lang='lat' dir='ltr'><strong>Erasmo,</strong></span> <span class='ocrx_word' id='word_1_827' title='bbox 2756 4999 2910 5053; x_wconf 80' lang='lat' dir='ltr'><strong>Coll).</strong></span> <span class='ocrx_word' id='word_1_828' title='bbox 2946 5000 2998 5063; x_wconf 92' lang='lat'><strong>8,</strong></span> <span class='ocrx_word' id='word_1_829' title='bbox 3039 4998 3209 5052; x_wconf 85' lang='lat' dir='ltr'><strong>Paris.</strong></span> <span class='ocrx_word' id='word_1_830' title='bbox 3244 4997 3295 5065; x_wconf 86' lang='lat'><strong>6,</strong></span> <span class='ocrx_word' id='word_1_831' title='bbox 3326 4998 3490 5053; x_wconf 87' lang='lat' dir='ltr'><strong>Arab.</strong></span> <span class='ocrx_word' id='word_1_832' title='bbox 3543 4999 3639 5054; x_wconf 73' lang='grc' dir='ltr'><strong>ΑΞ-</strong></span> 
     </span>
    </p>
   </div>
   <div class='ocr_carea' id='block_1_110' title="bbox 2049 5090 3641 5162">
    <p class='ocr_par' dir='ltr' id='par_1_110' title="bbox 2049 5090 3641 5162">
     <span class='ocr_line' id='line_1_110' title="bbox 2049 5090 3641 5162; baseline -0.002 -15"><span class='ocrx_word' id='word_1_833' title='bbox 2049 5094 2246 5161; x_wconf 91' lang='lat' dir='ltr'><strong>thiop.,</strong></span> <span class='ocrx_word' id='word_1_834' title='bbox 2281 5102 2387 5146; x_wconf 91' lang='lat' dir='ltr'><strong>etc.</strong></span> <span class='ocrx_word' id='word_1_835' title='bbox 2412 5108 2533 5162; x_wconf 73' lang='lat' dir='ltr'><strong>qua:</strong></span> <span class='ocrx_word' id='word_1_836' title='bbox 2556 5092 2714 5145; x_wconf 80' lang='lat' dir='ltr'><strong>verba</strong></span> <span class='ocrx_word' id='word_1_837' title='bbox 2750 5090 2900 5144; x_wconf 91' lang='lat' dir='ltr'><strong>reddi</strong></span> <span class='ocrx_word' id='word_1_838' title='bbox 2931 5099 3156 5158; x_wconf 88' lang='lat' dir='ltr'><strong>possunt</strong></span> <span class='ocrx_word' id='word_1_839' title='bbox 3185 5090 3378 5146; x_wconf 89' lang='lat' dir='ltr'><strong>Latine</strong></span> <span class='ocrx_word' id='word_1_840' title='bbox 3402 5135 3417 5159; x_wconf 91' lang='lat'><strong>,</strong></span> <span class='ocrx_word' id='word_1_841' title='bbox 3456 5092 3641 5146; x_wconf 87' lang='lat' dir='ltr'><strong>Nonne</strong></span> 
     </span>
    </p>
   </div>
   <div class='ocr_carea' id='block_1_111' title="bbox 2048 5181 3642 5254">
    <p class='ocr_par' dir='ltr' id='par_1_111' title="bbox 2048 5181 3642 5254">
     <span class='ocr_line' id='line_1_111' title="bbox 2048 5181 3642 5254; baseline -0.001 -17"><span class='ocrx_word' id='word_1_842' title='bbox 2048 5185 2132 5240; x_wconf 84' lang='lat' dir='ltr'><strong>hic</strong></span> <span class='ocrx_word' id='word_1_843' title='bbox 2157 5195 2227 5239; x_wconf 89' lang='lat' dir='ltr'><strong>est</strong></span> <span class='ocrx_word' id='word_1_844' title='bbox 2252 5185 2391 5252; x_wconf 83' lang='lat' dir='ltr'><strong>ﬁlius</strong></span> <span class='ocrx_word' id='word_1_845' title='bbox 2415 5184 2569 5254; x_wconf 78' lang='lat' dir='ltr'><strong>fabri,</strong></span> <span class='ocrx_word' id='word_1_846' title='bbox 2598 5182 2682 5236; x_wconf 91' lang='lat' dir='ltr'><strong>vel</strong></span> <span class='ocrx_word' id='word_1_847' title='bbox 2720 5182 2981 5236; x_wconf 85' lang='lat' dir='ltr'><strong>artilicis?</strong></span> <span class='ocrx_word' id='word_1_848' title='bbox 3007 5181 3197 5238; x_wconf 55' lang='lat' dir='ltr'><strong>Grarca</strong></span> <span class='ocrx_word' id='word_1_849' title='bbox 3240 5184 3382 5237; x_wconf 85' lang='lat' dir='ltr'><strong>enim</strong></span> <span class='ocrx_word' id='word_1_850' title='bbox 3416 5198 3513 5237; x_wconf 88' lang='lat' dir='ltr'><strong>vox</strong></span> <span class='ocrx_word' id='word_1_851' title='bbox 3546 5198 3642 5251; x_wconf 88' lang='lat' dir='ltr'><strong>ge-</strong></span> 
     </span>
    </p>
   </div>
   <div class='ocr_carea' id='block_1_112' title="bbox 2051 5274 3639 5345">
    <p class='ocr_par' dir='ltr' id='par_1_112' title="bbox 2051 5274 3639 5345">
     <span class='ocr_line' id='line_1_112' title="bbox 2051 5274 3639 5345; baseline -0.004 -12"><span class='ocrx_word' id='word_1_852' title='bbox 2051 5280 2231 5333; x_wconf 87' lang='lat' dir='ltr'><strong>nerica</strong></span> <span class='ocrx_word' id='word_1_853' title='bbox 2256 5286 2371 5340; x_wconf 91' lang='lat' dir='ltr'><strong>est,</strong></span> <span class='ocrx_word' id='word_1_854' title='bbox 2429 5284 2483 5330; x_wconf 90' lang='lat' dir='ltr'><strong>et</strong></span> <span class='ocrx_word' id='word_1_855' title='bbox 2507 5275 2781 5345; x_wconf 88' lang='lat' dir='ltr'><strong>quodlibet</strong></span> <span class='ocrx_word' id='word_1_856' title='bbox 2839 5276 3103 5329; x_wconf 87' lang='lat' dir='ltr'><strong>artillcnm</strong></span> <span class='ocrx_word' id='word_1_857' title='bbox 3132 5290 3302 5345; x_wconf 85' lang='lat' dir='ltr'><strong>genus</strong></span> <span class='ocrx_word' id='word_1_858' title='bbox 3352 5274 3639 5343; x_wconf 77' lang='lat' dir='ltr'><strong>signiﬁcat.</strong></span> 
     </span>
    </p>
   </div>
   <div class='ocr_carea' id='block_1_113' title="bbox 2049 5356 3641 5439">
    <p class='ocr_par' dir='ltr' id='par_1_113' title="bbox 2049 5356 3641 5439">
     <span class='ocr_line' id='line_1_113' title="bbox 2049 5356 3641 5439; baseline -0.004 -12"><span class='ocrx_word' id='word_1_859' title='bbox 2049 5370 2233 5427; x_wconf 89' lang='lat' dir='ltr'><strong>Certat</strong></span> <span class='ocrx_word' id='word_1_860' title='bbox 2262 5356 2521 5439; x_wconf 87' lang='lat' dir='ltr'><strong>Origenes</strong></span> <span class='ocrx_word' id='word_1_861' title='bbox 2549 5368 2643 5423; x_wconf 92' lang='lat' dir='ltr'><strong>lib.</strong></span> <span class='ocrx_word' id='word_1_862' title='bbox 2670 5383 2724 5423; x_wconf 86' lang='lat' dir='ltr'><strong>vt</strong></span> <span class='ocrx_word' id='word_1_863' title='bbox 2749 5376 2938 5422; x_wconf 89' lang='lat' dir='ltr'><strong>contra</strong></span> <span class='ocrx_word' id='word_1_864' title='bbox 2967 5366 3182 5423; x_wconf 88' lang='lat' dir='ltr'><strong>Celsum</strong></span> <span class='ocrx_word' id='word_1_865' title='bbox 3201 5409 3213 5429; x_wconf 88' lang='lat'><strong>,</strong></span> <span class='ocrx_word' id='word_1_866' title='bbox 3260 5366 3406 5419; x_wconf 93' lang='lat' dir='ltr'><strong>nullo</strong></span> <span class='ocrx_word' id='word_1_867' title='bbox 3461 5364 3641 5420; x_wconf 87' lang='lat' dir='ltr'><strong>Evan—</strong></span> 
     </span>
    </p>
   </div>
   <div class='ocr_carea' id='block_1_114' title="bbox 2052 5457 3639 5534">
    <p class='ocr_par' dir='ltr' id='par_1_114' title="bbox 2052 5457 3639 5534">
     <span class='ocr_line' id='line_1_114' title="bbox 2052 5457 3639 5534; baseline -0.003 -17"><span class='ocrx_word' id='word_1_868' title='bbox 2052 5464 2313 5534; x_wconf 86' lang='lat' dir='ltr'><strong>geliorum</strong></span> <span class='ocrx_word' id='word_1_869' title='bbox 2347 5464 2464 5517; x_wconf 93' lang='lat' dir='ltr'><strong>loco</strong></span> <span class='ocrx_word' id='word_1_870' title='bbox 2494 5462 2701 5523; x_wconf 81' lang='lat' dir='ltr'><strong>doceri,</strong></span> <span class='ocrx_word' id='word_1_871' title='bbox 2732 5472 2898 5517; x_wconf 87' lang='lat' dir='ltr'><strong>artem</strong></span> <span class='ocrx_word' id='word_1_872' title='bbox 2922 5462 3083 5515; x_wconf 90' lang='lat' dir='ltr'><strong>ullam</strong></span> <span class='ocrx_word' id='word_1_873' title='bbox 3103 5457 3408 5515; x_wconf 87' lang='lat' dir='ltr'><strong>exercuisse</strong></span> <span class='ocrx_word' id='word_1_874' title='bbox 3430 5459 3639 5524; x_wconf 81' lang='lat' dir='ltr'><strong>Jesum,</strong></span> 
     </span>
    </p>
   </div>
   <div class='ocr_carea' id='block_1_115' title="bbox 2054 5553 3642 5628">
    <p class='ocr_par' dir='ltr' id='par_1_115' title="bbox 2054 5553 3642 5628">
     <span class='ocr_line' id='line_1_115' title="bbox 2054 5553 3642 5628; baseline -0.004 -16"><span class='ocrx_word' id='word_1_875' title='bbox 2054 5574 2377 5628; x_wconf 88' lang='lat' dir='ltr'><strong>quamquam</strong></span> <span class='ocrx_word' id='word_1_876' title='bbox 2440 5556 2708 5627; x_wconf 83' lang='lat' dir='ltr'><strong>Josephus</strong></span> <span class='ocrx_word' id='word_1_877' title='bbox 2762 5556 2911 5611; x_wconf 88' lang='lat' dir='ltr'><strong>faber</strong></span> <span class='ocrx_word' id='word_1_878' title='bbox 2950 5555 3075 5618; x_wconf 83' lang='lat' dir='ltr'><strong>fuit;</strong></span> <span class='ocrx_word' id='word_1_879' title='bbox 3122 5553 3347 5617; x_wconf 86' lang='lat' dir='ltr'><strong>dicens,</strong></span> <span class='ocrx_word' id='word_1_880' title='bbox 3404 5554 3642 5627; x_wconf 69' lang='grc' dir='ltr'><strong>Οὐδαμοῦ</strong></span> 
     </span>
    </p>
   </div>
   <div class='ocr_carea' id='block_1_116' title="bbox 2058 5647 3643 5721">
    <p class='ocr_par' dir='ltr' id='par_1_116' title="bbox 2058 5647 3643 5721">
     <span class='ocr_line' id='line_1_116' title="bbox 2058 5647 3643 5721; baseline -0.004 -16"><span class='ocrx_word' id='word_1_881' title='bbox 2058 5660 2156 5705; x_wconf 78' lang='grc' dir='ltr'><strong>τῶν</strong></span> <span class='ocrx_word' id='word_1_882' title='bbox 2190 5654 2237 5705; x_wconf 84' lang='grc' dir='ltr'>ἐν</span> <span class='ocrx_word' id='word_1_883' title='bbox 2269 5658 2384 5711; x_wconf 82' lang='grc' dir='ltr'><strong>ταῖς</strong></span> <span class='ocrx_word' id='word_1_884' title='bbox 2438 5652 2728 5709; x_wconf 72' lang='grc' dir='ltr'><strong>ἐκκλησίαις</strong></span> <span class='ocrx_word' id='word_1_885' title='bbox 2776 5650 3054 5721; x_wconf 66' lang='grc' dir='ltr'><strong>φερομένων</strong></span> <span class='ocrx_word' id='word_1_886' title='bbox 3093 5647 3400 5718; x_wconf 54' lang='lat' dir='ltr'><strong>Ebur/aliena</strong></span> <span class='ocrx_word' id='word_1_887' title='bbox 3456 5650 3643 5701; x_wconf 81' lang='grc' dir='ltr'>τέκτων</span> 
     </span>
    </p>
   </div>
   <div class='ocr_carea' id='block_1_117' title="bbox 2058 5739 3701 5815">
    <p class='ocr_par' dir='ltr' id='par_1_117' title="bbox 2058 5739 3701 5815">
     <span class='ocr_line' id='line_1_117' title="bbox 2058 5739 3701 5815; baseline -0.007 -18"><span class='ocrx_word' id='word_1_888' title='bbox 2058 5747 2213 5803; x_wconf 68' lang='grc' dir='ltr'><strong>αὐτὸς</strong></span> <span class='ocrx_word' id='word_1_889' title='bbox 2247 5744 2271 5797; x_wconf 87' lang='grc' dir='ltr'><strong>ὁ</strong></span> <span class='ocrx_word' id='word_1_890' title='bbox 2299 5744 2485 5802; x_wconf 68' lang='grc' dir='ltr'><strong>Ἰησοῦς</strong></span> <span class='ocrx_word' id='word_1_891' title='bbox 2509 5745 2911 5814; x_wconf 73' lang='grc' dir='ltr'><strong>ἀναγέγραπται.</strong></span> <span class='ocrx_word' id='word_1_892' title='bbox 2947 5739 3197 5810; x_wconf 79' lang='lat' dir='ltr'><strong>Plerique</strong></span> <span class='ocrx_word' id='word_1_893' title='bbox 3228 5753 3401 5796; x_wconf 77' lang='lat' dir='ltr'><strong>tamen</strong></span> <span class='ocrx_word' id='word_1_894' title='bbox 3431 5740 3643 5793; x_wconf 67' lang='lat' dir='ltr'><strong>mdium</strong></span> <span class='ocrx_word' id='word_1_895' title='bbox 3696 5812 3701 5815; x_wconf 19' lang='grc' dir='ltr'><em>Η</em></span> 
     </span>
    </p>
   </div>
  </div>
