4054 6198
394 263 496 322 115

1780 251 2150 311 PROLEGOM
2160 250 2292 308 ENA
2306 288 2320 307 .

3598 257 3703 314 H6

397 393 561 435 manu
591 374 822 442 exarati,
850 387 1145 444 omnesque
1195 371 1336 444 typis
1381 370 1586 441 vulgati
1615 409 1632 438 ,
1685 369 1872 424 Patres
1896 409 1911 433 ,
1939 377 1996 432 et
2019 369 2073 429 Α
2098 368 2540 424 circumstantibus
2590 383 2786 423 mecum
2815 407 2829 430 ,
2867 365 3156 422 Corbeicn.
3213 377 3334 422 sunt
3370 367 3577 438 quidam
3621 372 3705 427 hic

392 474 741 541 interpretes,
769 484 874 523 uno
899 480 1125 521 assensu
1155 505 1170 529 ,
1213 463 1398 518 Jesum
1432 461 1596 516 fuisse
1639 461 1846 515 fabrum
1890 459 1993 516 do-

397 573 544 621 cent.
586 560 866 617 Matthaaus
892 574 1014 629 cap.
1039 573 1154 626 xm,
1189 555 1281 624 55,
1313 555 1445 612 fert:
1478 554 1667 612 Nonne
1696 555 1778 608 hic
1816 563 1888 611 est
1916 553 1997 622 fa-

403 658 479 711 bri
508 655 688 725 ﬁlius?

474 747 604 804 Luc.
635 760 755 815 cap.
787 759 884 810 ιιι,
915 743 1006 800 59.
1036 742 1367 810 Vindobon.,
1425 741 1574 807 Gat.,
1605 740 1732 797 Mm.
1772 749 1828 797 et
1882 740 2000 796 Bri~

400 841 546 897 xian.
580 839 909 894 novissimum
932 837 1267 908 quadrantem
1295 836 1502 902 reddas,
1538 835 1807 891 Veronen.
1839 835 2000 891 donec

400 934 552 988 etiam
580 930 770 985 reddas
792 930 1121 984 novissimum
1168 930 1505 998 quadrantem
1532 969 1548 994 ,
1579 926 1868 984 Corbeien.
1908 943 2000 982 no-

392 1023 666 1080 vissimum
682 1021 1046 1092 quadrantem.
1071 1021 1126 1076 S.
1149 1019 1390 1076 [renatus
1420 1020 1472 1075 in
1507 1018 1850 1074 lib.tcontra
1889 1017 2002 1074 Ha:-

2096 462 2535 516 circumstantium
2565 477 2666 515 me.
2709 458 2764 514 S.
2795 456 3052 513 Ambros.
3097 457 3154 512 in
3209 457 3305 512 lib.
3354 475 3413 514 ιιι
3452 460 3519 516 de
3570 460 3706 522 Fide

2099 561 2228 610 tom.
2260 569 2318 620 ιι,
2350 568 2474 624 cap.
2504 551 2590 618 12,
2618 567 2737 623 pag.
2767 549 2894 616 514,
2927 550 3063 618 quod
3088 558 3208 604 sunt
3249 551 3462 620 quidam
3485 554 3703 609 circum-

2097 645 2361 700 stantium.

2171 737 2301 793 Luc.
2335 752 2453 808 cap.
2479 753 2556 805 ιιι,
2583 735 2639 791 2.
2669 734 3051 790 Vindobonen.
3092 744 3147 791 et
3177 734 3416 791 Brixian.
3463 736 3586 792 Fiat
3613 755 3704 794 vo-

2107 830 2280 885 luntas
2309 829 2642 903 (Vindobon.
2676 830 2989 898 volumptas)
3017 838 3125 894 tua,
3152 829 3284 886 sicut
3320 831 3372 884 in
3404 833 3552 899 uelo,
3578 843 3625 888 et
3650 836 3706 890 in

2103 930 2258 997 terra,
2293 921 2612 979 .Vercellen.
2645 920 2767 975 Fiat
2812 920 3050 976 voluntas
3087 932 3174 977 tua
3201 963 3217 990 ,
3261 922 3532 979 Veronen.
3583 925 3706 982 Fiat

2108 1013 2343 1069 voluntas
2371 1023 2459 1068 tua
2482 1015 2537 1068 in
2573 1014 2734 1079 coelo,
2775 1023 2825 1067 et
2854 1014 2908 1066 in
2945 1024 3102 1068 terra.
3140 1013 3316 1072 Grmci
3357 1017 3707 1086 quamplures

398 1130 553 1174 reses
575 1125 704 1172 tom.
732 1129 771 1180 ι,
797 1128 918 1185 pag.
951 1114 1077 1180 101,
1109 1113 1272 1168 donec
1306 1111 1496 1168 reddas
1525 1113 1858 1168 novissimum
1876 1129 2004 1183 qua-
2104 1116 2219 1164 tum
2247 1108 2399 1174 editi,
2426 1117 2536 1164 tum
2581 1123 2740 1162 manu
2792 1107 3000 1162 exarati
3026 1147 3040 1173 ,
3069 1107 3287 1177 legunt,
3323 1106 3444 1166 Fiat
3470 1111 3709 1166 voluntas

401 1209 660 1263 drantem.

473 1298 604 1352 Luc.
636 1312 756 1366 cap.
784 1312 918 1363 xm,
952 1296 1006 1352 8.
1043 1291 1420 1354 Vindohonen.
1469 1296 1822 1367 permitte.....
1881 1297 2003 1352 mit-

403 1408 509 1446 iam
541 1389 818 1458 caphinum
841 1388 1100 1454 stercoris,
1140 1387 1445 1467 Vercellen.
1474 1397 1530 1443 et
1561 1387 2000 1447 Brixian.........

403 1481 459 1538 et'
487 1485 684 1538 mittam
705 1480 984 1554 cephinum
1017 1482 1259 1538 stercoris
1283 1524 1298 1548 ,
1334 1482 1602 1538 Veronen.
1634 1492 1688 1538 et
1711 1483 2000 1541 Corbeien.

402 1577 842 1630 remitte..........
885 1584 929 1628 et
958 1575 1156 1628 mittant
1176 1574 1454 1644 copltinum
1488 1576 1748 1641 stercoris,
1774 1584 1826 1629 et
1849 1575 1918 1629 ita
1944 1575 2002 1631 S.

407 1666 686 1731 Paulinus,
720 1667 776 1720 S.
807 1664 1126 1719 Ambrosius
1149 1665 1203 1718 in
1228 1664 1320 1720 lib.
1355 1678 1392 1718 ιι
1414 1707 1429 1732 ,
1459 1665 1528 1720 de
1557 1665 1753 1720 Posuit.
1780 1680 1900 1736 cap.
1933 1666 1957 1719 1
1987 1704 2004 1728 ,

2108 1215 2216 1269 tua,
2247 1205 2378 1258 sicut
2405 1204 2459 1257 in
2485 1203 2610 1259 coelo
2636 1244 2650 1269 ,
2682 1213 2728 1256 et
2773 1203 2827 1256 in
2870 1211 3026 1259 terra.
3083 1202 3306 1272 Vulgata
3335 1243 3349 1269 ,
3381 1204 3712 1275 plurimique

2107 1295 2327 1351 codices
2349 1295 2568 1364 optimae
2615 1303 2756 1347 nota:
2789 1293 2905 1348 hmc
2935 1292 3096 1348 verba
3123 1293 3382 1350 omittunt
3408 1336 3424 1361 ,
3455 1296 3712 1366 quemad-

2109 1387 2329 1444 modum
2354 1387 2573 1456 Origen.
2610 1385 2707 1441 lib.
2739 1384 2806 1442 de
2858 1385 3050 1453 Prece,
3075 1401 3179 1457 qua
3227 1386 3297 1444 de
3340 1403 3402 1442 re
3450 1388 3713 1446 videndus

2108 1479 2263 1547 lliill.,
2299 1478 2452 1544 Var.,
2486 1479 2658 1542 Lect.,
2689 1476 2798 1544 hic,
2834 1486 2887 1532 et
2909 1478 2966 1532 S.
3016 1478 3366 1547 Augustinus.
3394 1479 3710 1537 Postremus

2112 1574 2167 1630 in
2195 1572 2545 1632 Enchiridion
2571 1571 2636 1628 ad
2666 1571 2926 1626 Laurent.
2956 1586 3077 1640 cap.
3105 1571 3229 1640 116,
3266 1571 3509 1630 advertit
3532 1614 3546 1638 ,
3572 1571 3708 1629 Ora-

2112 1667 2263 1722 tione
2284 1665 2561 1724 Dominica
2590 1664 2732 1734 apud
2760 1663 2958 1720 Lucam
3003 1665 3242 1736 quinque
3289 1666 3572 1724 dumtaxat
3624 1683 3716 1738 pe-

402 1775 526 1830 pag.
559 1760 686 1826 415,
720 1769 774 1813 et
799 1759 852 1813 in
877 1759 970 1814 lib.
1005 1773 1023 1812 ι
1052 1757 1120 1813 de
1134 1757 1322 1825 Jacob,
1347 1766 1402 1813 et
1420 1757 1542 1814 Vita
1565 1758 1752 1824 Beata,
1787 1772 1906 1828 cap.
1946 1759 2000 1823 1,
2035 1760 2084 1820 Β
2113 1758 2330 1815 titiones
2357 1757 2630 1813 contineri
2657 1775 2673 1820 ;
2705 1767 2914 1827 septem
2945 1772 3075 1812 vero
3105 1759 3244 1828 apud
3270 1760 3604 1817 Matthazum.

402 1868 526 1922 pag.
551 1852 677 1918 445,
713 1867 922 1907 necnon
955 1851 1013 1907 S.
1042 1830 1401 1920 Augustinus:

2183 1854 2314 1908 Luc.
2346 1867 2465 1921 cap.
2498 1866 2574 1916 ιιι,
2602 1850 2655 1906 2.
2693 1850 2746 1906 In
2779 1849 3159 1905 Vindobonen.
3196 1861 3356 1922 post,
3394 1851 3593 1920 Pater,
3618 1853 3715 1908 ad-

477 1944 613 2004 Luc.
649 1959 768 2014 cap.
819 1959 929 2019 xvn
953 1985 968 2013 ,
995 1941 1047 1997 9.
1082 1941 1459 1998 Vindobonen.
1490 1950 1545 1996 et
1573 1940 1849 1998 Veronen.
1893 1957 2008 2012 qua:
2109 1947 2274 2012 ditur,
2297 1956 2471 2001 sancte
2499 1987 2515 2012 ,
2548 1946 2633 2016 qui
2661 1947 2715 1999 in
2744 1945 2884 1999 ctelis
2913 1961 2964 2000 es
2994 1985 3008 2008 ,
3044 1946 3095 2002 in
3144 1945 3452 2004 Vercellen.
3479 1957 3534 2004 et
3582 1948 3714 2004 Cor-

408 2035 503 2087 sibi
531 2035 783 2105 imperata
803 2045 942 2110 sunt,
975 2033 1278 2089 Vercellen.
1325 2041 1380 2087 et
1419 2032 1661 2089 Brixian.
1719 2047 1834 2102 qua:
1873 2049 2008 2102 pra:-

409 2139 552 2200 cepta
579 2137 696 2186 sunt
720 2129 785 2193 ei,
808 2127 1094 2184 Corbeien.
1131 2127 1248 2181 sibi.
1283 2135 1339 2181 et
1369 2127 1441 2180 ita
1477 2126 1698 2200 quidam
1727 2140 1857 2182 mss.
1893 2127 2002 2182 div.

406 2223 547 2280 Bibl.
603 2223 660 2279 S.
720 2222 1035 2294 Hieronymi
1068 2263 1082 2285 ,
1135 2221 1194 2276 S.
1238 2219 1494 2276 Ambros.
1545 2221 1600 2278 in
1653 2221 1900 2290 Exposit.
1954 2221 2009 2277 in

405 2317 600 2386 psalm.
631 2331 815 2382 cxvnt,
849 2327 979 2372 tom.
1005 2331 1046 2382 ι,
1071 2330 1192 2385 pag.
1229 2313 1369 2370 1179
1399 2355 1413 2379 ,
1448 2313 1646 2380 habet,
1686 2313 1824 2380 quod
1850 2315 2012 2384 impe-

408 2421 577 2465 ratum
597 2420 670 2464 est
696 2412 764 2463 ei.

483 2505 615 2562 Luc.
647 2519 769 2575 cap.
798 2518 938 2570 xvn,
970 2502 1057 2559 18.
1095 2502 1477 2559 Vindobonen.
1541 2519 1644 2558 non
1673 2514 1749 2560 cst
1772 2505 1824 2560 in
1860 2504 1966 2559 illis
1995 2544 2011 2570 ,

2111 2038 2289 2093 beieu.
2315 2046 2510 2102 sancte,
2531 2037 2618 2106 qui
2647 2051 2700 2089 es
2743 2036 2971 2102 inccclis,
3005 2037 3058 2092 in
3095 2036 3363 2093 Veronen.
3386 2047 3444 2094 et
3473 2039 3712 2096 ltrixian.

2112 2141 2304 2196 noster,
2328 2131 2413 2200 qui
2437 2147 2488 2184 es
2516 2131 2570 2182 in
2587 2130 2723 2184 caelis
2756 2128 2832 2200 (in
2854 2129 2979 2186 Gat.
3003 2128 3214 2201 noster),
3245 2140 3300 2186 et
3331 2131 3403 2187 ita
3435 2133 3490 2188 in
3518 2132 3718 2191 Sancto

2114 2222 2430 2280 Ambrosio.
2461 2221 2519 2276 In
2549 2221 2674 2276 Mm.
2707 2232 2902 2276 sancte.
2936 2221 3113 2278 Verba
3162 2223 3276 2288 illa.
3310 2234 3514 2290 noster,
3549 2227 3637 2296 qui
3667 2243 3718 2279 es

2115 2318 2171 2371 in
2191 2316 2349 2383 ctelis,
2370 2317 2483 2386 jam
2509 2323 2636 2372 ante
2673 2314 2924 2386 Origenis
2968 2326 3213 2386 tempora
3255 2321 3541 2390 irrepsisse
3565 2363 3580 2388 ,
3624 2337 3720 2392 ap-

2115 2420 2270 2480 paret
2296 2425 2363 2467 ex
2391 2409 2638 2480 ejusdem
2671 2410 2828 2475 libro,
2858 2414 2980 2488 περὶ
3006 2413 3184 2484 Εὐχῆς
3215 2427 3334 2482 pag.
3363 2415 3452 2469 57.

2189 2501 2323 2558 Luc.
2359 2515 2478 2572 cap.
2511 2517 2609 2568 χιι,
2655 2502 2743 2557 11.
2789 2501 2843 2556 ln
2870 2501 3249 2559 Vindobonen.
3283 2545 3298 2567 ,
3347 2504 3655 2562 Vercellen.
3698 2548 3714 2574 ,

411 2602 500 2671 qui
529 2600 738 2662 rediret,
760 2608 810 2652 et
841 2599 1037 2668 gratias
1080 2607 1254 2670 ageret
1303 2595 1413 2652 Deo
1441 2639 1456 2664 ,
1493 2597 1796 2656 Vercellen.
1842 2614 1905 2652 ea:
1935 2598 2014 2652 his
2119 2596 2420 2661 Veronam,
2445 2604 2499 2651 et
2525 2593 2814 2650 Corbeien.
2841 2595 3055 2652 additur
3075 2637 3088 2662 ,
3119 2606 3165 2652 et
3196 2595 3424 2655 Hierico.
3477 2608 3535 2655 et
3563 2601 3636 2656 ita
3663 2601 3716 2657 in

413 2709 514 2748 non
542 2701 616 2746 est
645 2691 910 2756 inventus,
944 2699 1052 2746 etc.
1090 2689 1358 2744 Vcronen.
1403 2704 1467 2742 ea:
1509 2688 1615 2742 illis
1660 2705 1762 2744 non
1790 2697 1896 2754 est,
1928 2690 2016 2757 qui
2119 2689 2276 2749 Colb.
2307 2690 2363 2756 2,
2395 2689 2537 2758 apud
2580 2689 2710 2745 Mill.
2734 2694 2828 2748 τήν
2853 2691 3044 2763 teme...

412 2785 625 2849 rediret,
653 2794 698 2838 et
721 2783 916 2855 gratias
937 2791 1107 2854 ageret
1137 2781 1243 2835 Deo
1271 2823 1286 2847 ,
1315 2779 1606 2836 Corbeien.
1658 2797 1720 2832 ex
1747 2781 1853 2835 illis
1913 2799 2015 2837 non
2194 2780 2323 2834 Luc.
2358 2795 2477 2849 cap.
2511 2796 2546 2833 x
2567 2823 2580 2845 ,
2613 2779 2704 2833 20.
2735 2780 3037 2836 Vindobon.
3059 2823 3076 2849 ,
3110 2781 3249 2838 vobis
3294 2782 3504 2856 subjecti
3552 2796 3667 2841 sunt
3693 2827 3710 2852 ,

417 2890 550 2946 erat,
580 2879 667 2950 qui
686 2876 894 2942 rediret,
916 2885 962 2930 et
991 2876 1186 2946 gratias
1212 2885 1384 2944 ageret
1426 2871 1557 2927 Deo.
1589 2872 1648 2930 S.
1673 2871 1925 2928 Ambros.
1963 2876 2013 2929 in
2126 2873 2420 2938 Veronen.,
2442 2875 2654 2944 spiritus
2671 2874 3032 2944 malignivobis
3055 2876 3271 2944 subiecti
3292 2889 3435 2944 sunt,
3454 2878 3718 2946 Brixiam,

415 2973 510 3027 lib.
563 2971 670 3026 Ide
698 2969 828 3024 Cain
855 2979 910 3024 et
938 2968 1070 3026 Abel
1098 2983 1218 3038 cap.
1250 2967 1282 3022 9
1308 3007 1323 3032 ,
1366 2980 1488 3036 pag.
1543 2965 1668 3032 199,
1703 2982 1804 3021 ηοιι
1830 2967 1930 3036 fuit
1957 2983 2018 3020 ex
2124 2967 2392 3022 Dwmouia
2424 2967 2564 3022 vobis
2592 2969 2799 3024 subdita
2827 2979 2964 3024 sunt.
3011 2969 3413 3027 Ambrosiasler
3456 2973 3507 3027 in
3543 2973 3716 3044 Epist.

414 3066 542 3128 illis,
575 3066 660 3135 qui
684 3064 890 3127 rediret,
922 3072 969 3116 et
999 3061 1193 3132 gratias
1213 3069 1386 3130 ageret
1405 3057 1539 3114 Deo.

2122 3060 2187 3114 ad
2215 3058 2524 3115 Corinthios
2551 3061 2592 3124 Ι,
2623 3075 2744 3130 cap.
2788 3061 2876 3127 12,
2911 3077 3031 3133 pag.
3070 3063 3197 3118 154.
3241 3062 3539 3120 .Dwmonia
3585 3068 3722 3123 vobis

488 3133 621 3214 Luc.
645 3172 766 3225 cap.
794 3171 905 3221 XIX,
939 3155 992 3211 8.
1032 3152 1408 3208 Vindobonen.
1436 3152 1481 3205 si
1502 3151 1628 3222 quid
1652 3152 1806 3207 alicui
1835 3133 2019 3223 fraude
2047 3141 2092 3206 C
2125 3151 2357 3222 subjecta
2382 3161 2522 3206 sunt.

415 3251 645 3311 abstuli.
704 3247 988 3302 Corbeien.
1054 3253 1112 3300 et
1168 3243 1405 3300 Brixian.
1468 3245 1728 3314 fraudavi.
1787 3246 2016 3302 Sanctus

415 3341 653 3398 Irenaeus
679 3339 839 3392 habet
869 3380 882 3403 ,
919 3348 966 3396 et
1001 3339 1047 3394 si
1097 3339 1247 3408 cujus
1286 3335 1413 3404 quid
1465 3335 1724 3407 fraudavi.
1785 3337 2016 3394 Sanctus

418 3434 735 3490 Ambrosius
757 3434 808 3488 in
830 3433 924 3492 lib.
952 3437 988 3487 ιι
1011 3431 1078 3486 de
1103 3430 1234 3486 Cain
1257 3440 1309 3485 et
1340 3427 1478 3488 Abel
1503 3445 1624 3499 cap.
1661 3431 1721 3492 4,
1748 3445 1863 3500 pag.
1886 3431 2014 3500 2M,

417 3528 462 3580 si
482 3527 565 3581 cui
593 3527 788 3594 aliquid
815 3526 1000 3596 fraude
1021 3525 1231 3589 abstuli;
1259 3531 1313 3581 et
1342 3523 1412 3576 ita
1439 3523 1832 3594 Chrysologus.

489 3619 620 3675 Luc.
653 3633 772 3688 Cap.
797 3633 934 3684 un,
963 3617 1054 3681 51,
1089 3615 1315 3672 Vindnb.
1349 3617 1627 3683 expetivit,
1661 3625 1714 3672 ut
1747 3633 1834 3672 vos
1860 3617 2021 3671 venti-

422 3713 509 3778 let,
538 3711 826 3766 Corbeien.
860 3719 914 3765 et
943 3709 1183 3764 Brixian.
1215 3750 1230 3774 ,
1263 3711 1537 3778 expetivit,
1569 3720 1622 3764 ut
1650 3726 1738 3766 vos
1775 3710 2017 3775 ventilet,

421 3810 528 3857 etc.
558 3800 906 3858 Veron.......
939 3801 1048 3863 ivit,
1076 3810 1298 3856 ut.......
1332 3799 1416 3854 let.
1448 3800 1505 3854 8.
1536 3799 1767 3854 llilarius
1817 3799 1868 3854 in
1922 3800 2016 3856 lib.

423 3913 460 3951 χ
489 3895 559 3952 de
586 3894 872 3952 Trinitate.
915 3880 1050 3949 tom.
1081 3908 1117 3947 ιι
1145 3933 1161 3958 ,
1194 3907 1314 3962 pag.
1345 3892 1449 3947 518
1472 3933 1487 3957 ,
1518 3892 1757 3961 expetivit
1789 3932 1804 3957 ,
1833 3901 1887 3946 ut
1935 3910 2022 3949 vos

422 3997 676 4052 cerneret;
704 3986 944 4058 ejusdem
975 4000 1106 4041 vero
1128 3986 1185 4040 8.
1211 3984 1404 4040 Hilarii
1443 3983 1612 4039 codex
1649 3982 2019 4052 Colbertinus,

424 4093 480 4139 et
505 4082 598 4140 alii
620 4096 727 4138 non
761 4079 1054 4140 deterioris
1086 4086 1250 4142 nouo,
1279 4076 1485 4131 ventilet
1514 4093 1534 4142 ;
1583 4085 1640 4131 et
1681 4078 1751 4132 ita
1776 4077 1834 4133 S.
1892 4077 2022 4134 Am-

425 4177 576 4236 bros.
619 4173 674 4230 in
703 4173 795 4230 lib.
845 4187 904 4227 ιιι
933 4171 1002 4227 de
1032 4169 1304 4240 Interpell.
1343 4168 1446 4225 Job
1473 4183 1592 4238 cap.
1629 4169 1684 4236 5,
1717 4184 1836 4240 pag.
1867 4171 1972 4228 659
2004 4212 2020 4239 ,

428 4282 533 4324 nec
559 4281 667 4322 non
693 4264 1093 4322 Ambrosiaster
1121 4263 1173 4318 in
1205 4261 1378 4331 Epist.
1407 4261 1474 4316 ad
1515 4260 1744 4316 Roman.
1778 4276 1896 4331 pag.
1931 4262 2021 4330 77,

426 4364 486 4420 r3.
514 4359 678 4433 Cypr.
708 4361 762 4415 in
786 4359 880 4416 lib.
910 4358 980 4414 de
1002 4356 1158 4414 Orat.
1201 4355 1414 4417 Domin.
1448 4369 1569 4426 pag.
1599 4354 1730 4422 271,
1759 4356 2022 4426 expetivit,

425 4465 486 4510 ut
515 4471 601 4510 vos
630 4462 855 4521 vocaret,
884 4463 993 4509 etc.

2197 3245 2327 3300 Luc.
2377 3260 2496 3316 cap.
2555 3261 2687 3313 xm,
2731 3247 2822 3303 25.
2872 3247 3292 3314 Vindnbonen.,
3343 3249 3616 3306 Veronen.
3670 3262 3725 3308 et

2125 3336 2363 3392 Brixian.
2399 3337 2633 3402 Domine,
2669 3338 2902 3396 Domine.
2947 3340 3291 3399 Geminatnm
3318 3383 3334 3408 ,
3360 3341 3608 3410 Domine,
3641 3357 3723 3401 est

2125 3430 2382 3484 Matthasi.

2197 3522 2328 3580 Luc.
2365 3537 2484 3592 cap.
2521 3539 2643 3590 XXI,
2672 3525 2760 3580 17.
2794 3523 3170 3581 Vintlnbonen.
3195 3567 3212 3593 ,
3244 3525 3366 3582 Gut.
3397 3536 3452 3583 et
3477 3528 3720 3585 Brixian.
3801 3554 3812 3563 ο

2126 3618 2363 3672 erunibus
2390 3618 2704 3674 hominibus.
2737 3628 2791 3674 et
2814 3620 2882 3674 ita
2913 3619 2970 3678 S.
3019 3619 3338 3677 Ambrosius
3362 3667 3375 3689 ,
3402 3637 3496 3678 seu
3525 3624 3728 3679 Beron-

2126 3711 2334 3781 gaudus
2361 3711 2417 3766 in
2467 3710 2819 3780 Expositione
2867 3713 2920 3766 in
2951 3711 3312 3785 Apocalypsin
3345 3758 3360 3781 ,
3388 3714 3459 3770 de
3503 3714 3727 3771 Visione

2127 3818 2200 3866 tv,
2234 3812 2363 3856 tom.
2398 3818 2456 3868 ιι,
2491 3818 2608 3872 pag.
2640 3803 2766 3858 557.

2200 3895 2329 3952 Luc.
2359 3909 2479 3965 cap.
2525 3909 2560 3950 ι
2592 3935 2607 3961 ,
2649 3895 2741 3951 41.
2773 3896 2830 3951 ln
2880 3896 3261 3956 Vindobonen.
3292 3941 3307 3965 ,
3369 3899 3672 3955 Vercellen.
3707 3943 3725 3965 ,

2128 3986 2402 4044 Veronen.
2445 3997 2502 4043 et
2537 3985 2830 4045 Corbeien.
2878 3989 3074 4046 desunt
3114 3991 3315 4058 verba,
3369 3993 3594 4047 sollicita
3642 4011 3725 4058 es,

2129 4089 2174 4134 et
2222 4079 2446 4134 turbaris
2492 4097 2612 4151 erga
2655 4081 2902 4152 plurima.
2962 4092 3016 4138 et
3072 4084 3143 4136 ita
3191 4082 3250 4138 S.
3298 4083 3618 4139 Ambrosius
3671 4085 3727 4140 in

2128 4172 2323 4228 Enarr.
2358 4172 2412 4227 in
2445 4173 2621 4244 psal.'t
2646 4215 2662 4240 ,
2701 4189 2819 4245 pag.
2847 4174 2949 4230 757
2971 4216 2987 4242 ,
3015 4175 3066 4229 in
3101 4175 3344 4246 Exposit.
3372 4176 3504 4244 psal.
3537 4191 3723 4244 cum,

2129 4280 2252 4336 pag.
2280 4265 2456 4333 1107,
2485 4276 2538 4322 et
2566 4266 2619 4323 in
2661 4267 2756 4325 lib.
2789 4283 2826 4324 ι.
2880 4268 3128 4337 Εχιιοδίι.
3184 4269 3388 4340 Evang.
3429 4285 3543 4325 sec.
3589 4270 3727 4326 Luc.

2130 4357 2373 4427 p.1268.

2201 4451 2333 4506 Luc.
2383 4465 2502 4523 cap.
2551 4467 2618 4519 χ,
2668 4451 2760 4506 42.
2817 4452 2914 4507 Hic
2969 4467 3161 4508 versus
3204 4454 3360 4510 deest
3420 4456 3476 4511 in
3520 4455 3730 4512 Vindoo

498 4546 630 4601 Luc.
662 4559 781 4614 Cap.
815 4559 928 4610 xm,
953 4542 1045 4596 27.
1085 4541 1466 4598 Vindobonen.
1501 4542 1670 4596 nescio
1701 4541 1837 4596 unde
1861 4541 1973 4596 silis
2004 4582 2019 4607 ,
2048 4531 2104 4592 Ῑ)
2129 4547 2332 4605 bonen.
2360 4588 2377 4614 ,
2418 4545 2725 4604 Vercellen.
2766 4555 2824 4606 et
2875 4547 3145 4604 Veronen.
3190 4560 3351 4622 atque
3392 4551 3447 4607 in
3486 4552 3544 4609 S.
3601 4552 3733 4606 Am-

428 4639 702 4694 Veronen.
731 4677 745 4702 ,
777 4636 948 4691 nescio
969 4634 1106 4688 unde
1132 4635 1268 4689 estis.
1321 4641 1376 4689 et
1401 4633 1473 4689 ita
1502 4633 1562 4688 S.
1592 4631 1915 4690 Ambrosius
1971 4635 2023 4689 in

428 4731 524 4786 lib.
554 4747 570 4786 ι
599 4729 667 4784 de
693 4726 825 4782 Cain
856 4734 912 4782 et
935 4724 1071 4780 Abel
1091 4739 1212 4794 cap.
1245 4725 1300 4790 5,
1350 4740 1470 4795 pag.
1499 4723 1626 4780 192.

503 4821 630 4876 Luc.
660 4836 781 4892 cap.
811 4833 902 4874 xw
925 4857 940 4883 ,
966 4816 1054 4872 12.
1087 4812 1461 4870 Vindobonen.
1513 4825 1565 4870 et
1592 4812 1881 4872 Corbeien.
1937 4834 2027 4872 ne-

2133 4639 2340 4697 brosio.

2210 4735 2337 4790 Luc.
2371 4748 2492 4804 cap.
2524 4747 2649 4800 xnt,
2679 4735 2771 4790 55.
2803 4733 3180 4791 Vindobonen.
3229 4735 3470 4801 omittit,
3506 4736 3730 4791 deserta.

2133 4825 2305 4881 Porro
2353 4824 2528 4882 Grcei
2579 4825 2800 4882 codices
2849 4827 3002 4882 multi
3061 4843 3169 4882 non
3220 4827 3442 4893 ferunt,
3477 4829 3679 4883 deserta
3712 4869 3729 4896 ,

430 4929 529 4984 que
574 4914 764 4967 vicinos
795 4954 810 4978 ,
851 4925 1007 4980 neque
1034 4908 1256 4973 divites;
1285 4907 1584 4974 Vercellen,
1629 4923 1788 4977 neque
1836 4908 2013 4978 fratret

2136 4921 2353 4996 ἔρημοςς
2387 4935 2563 4989 neque
2605 4917 2663 4976 S.
2715 4919 3064 4991 Cyprianus,
3119 4936 3295 4990 neque
3345 4922 3467 4976 libri
3519 4932 3732 4979 vett-res

433 5015 571 5069 tuos,
599 5004 690 5056 sed
715 5018 806 5058 nec
832 5003 1045 5066 vicinos,
1069 5016 1160 5056 nec
1187 4999 1400 5064 divites;
1433 5014 1496 5052 ne
1524 5002 1655 5068 forte
1683 5009 1725 5054 et
1747 4999 1846 5067 ipsi
1866 5008 1913 5052 te
1945 5001 2022 5052 in-

431 5099 608 5161 vitent;
629 5093 899 5148 Vernnen.
925 5109 1084 5162 neque
1114 5097 1298 5165 fratres
1321 5132 1335 5156 ,
1365 5090 1836 5163 nequegcognatosi,
1869 5106 2027 5158 neque

429 5190 645 5254 vicinos,
677 5202 837 5255 neque
883 5186 1059 5246 divites
1083 5203 1100 5251 ε
1125 5203 1186 5240 ne
1222 5191 1355 5258 forte
1400 5194 1448 5239 et
1500 5185 1601 5258 ipsi
1639 5194 1686 5239 te
1714 5186 1978 5242 reinvitent
2009 5227 2025 5254 ,

435 5283 676 5339 Brixian.
707 5295 769 5334 ne
794 5279 928 5348 forte
956 5287 1005 5334 et
1033 5279 1131 5347 ipsi
1160 5280 1430 5336 reinvitent
1453 5289 1519 5336 te.
1567 5279 1624 5337 S.
1649 5279 1950 5352 Cyprianus
1975 5280 2028 5334 in

433 5377 529 5429 lib.
559 5371 1104 5432 tu'l‘estimoniorum
1156 5370 1223 5424 ad
1278 5371 1558 5436 Quirinum
1611 5386 1730 5446 cap.
1776 5371 1853 5440 2,
1899 5387 2025 5443 pag.

433 5463 560 5529 372,
595 5481 753 5534 neque
778 5464 966 5534 fratres
996 5502 1010 5528 ,
1041 5475 1203 5531 neque
1225 5461 1418 5516 vicinos
1450 5503 1466 5528 ,
1519 5479 1676 5536 neque
1724 5462 1938 5530 divites;
1966 5479 2028 5518 ne

438 5567 569 5633 forte
597 5567 643 5610 et
666 5559 742 5610 illi
746 5595 757 5625 ,.
775 5557 1042 5614 reinvitent
1064 5564 1130 5610 te.

510 5651 674 5705 Marc.
700 5663 816 5719 cap.
847 5664 963 5718 vm,
1006 5647 1097 5704 '69.
1143 5644 1521 5703 Vindobonen.
1571 5645 1710 5716 quod
1760 5653 1876 5702 sunt
1911 5647 2025 5715 qui-

457 5743 574 5803 dum
603 5741 1015 5808 circumstantes,
1055 5738 1328 5797 Veronen.
1375 5736 1512 5818 quod
1562 5744 1678 5792 sunt
1724 5735 1932 5807 quidam
1967 5736 2030 5792 de

2130 5011 2328 5076 Latini,
2353 5028 2527 5083 neque
2551 5013 2728 5068 versio
2773 5013 2991 5084 Coptica
3014 5054 3029 5078 ,
3061 5023 3115 5068 et
3141 5014 3396 5071 Armena.
3439 5013 3554 5082 Qua
3579 5014 3648 5071 de
3674 5030 3733 5070 re

2134 5103 2258 5158 vide
2282 5105 2433 5160 Grot.
2468 5105 2629 5175 Brug.
2664 5106 2794 5162 Mill.
2850 5105 3104 5162 Additum
3159 5106 3370 5162 videtur
3399 5122 3468 5160 ex
3504 5121 3559 5161 v.
3609 5107 3681 5162 53
3711 5146 3728 5172 ,

2133 5193 2323 5264 capitis
2350 5210 2480 5250 xstn
2510 5196 2790 5267 Evangelii
2822 5198 3007 5253 Sancti
3037 5197 3298 5252 Matthzei.

2207 5290 2337 5349 Luc.
2371 5303 2491 5359 cap.
2521 5303 2630 5355 1m,
2659 5289 2749 5345 21.
2783 5290 2837 5343 In
2861 5289 3166 5345 Vindobon.
3190 5330 3204 5354 ,
3242 5289 3566 5355 Vercellen.,
3625 5287 3736 5343 Ve-

2135 5402 2357 5452 ronen.,
2389 5385 2539 5451 Gat.,
2565 5385 2691 5441 Mm.
2721 5393 2775 5440 et
2806 5385 3046 5440 Brisian.
3079 5385 3281 5439 desunt
3307 5385 3465 5440 verba
3497 5383 3587 5440 illa
3621 5422 3637 5447 .
3681 5393 3733 5440 et

2136 5495 2283 5532 nemo
2305 5478 2382 5532 illi
2399 5477 2575 5532 dabat.
2607 5487 2662 5533 et
2687 5477 2760 5532 ita
2810 5478 2861 5531 in
2889 5476 3211 5546 quihusdam
3263 5489 3395 5532 mss.
3429 5474 3540 5530 div.
3587 5475 3730 5530 Bibl.

2135 5570 2194 5626 S.
2252 5570 2473 5625 Hieron.
2525 5581 2580 5626 et
2631 5572 2680 5625 in
2734 5569 2953 5624 Przcl'at.
3014 5570 3074 5626 8.
3144 5568 3415 5627 Gaudent.
3486 5567 3732 5640 episcop.

2143 5661 2380 5717 Brixian.
2411 5664 2476 5718 ad
2511 5664 2751 5718 Benivol.
2783 5671 2840 5718 ut
2865 5662 3243 5718 animadvertit
3290 5663 3374 5718 Cl.
3405 5661 3604 5720 Paulus
3624 5661 3735 5717 Ga-

2144 5755 2361 5819 leardus
2401 5771 2516 5830 pag.
2553 5757 2620 5818 10
2645 5795 2662 5824 ,
2686 5767 2846 5814 'num.
2874 5756 2910 5812 2
2942 5799 2956 5821 ,
2999 5771 3160 5833 quem
3214 5755 3468 5816 consula:
3517 5753 3734 5817 codices
