4054 6198
311 244 410 302 117
1053 237 1388 298 EPISTOLA
1427 238 1796 300 BLANCHINI
1837 241 1930 302 AD
1970 239 2360 302 EPISCOPUM
2396 240 2840 303 GURCENSEM.
3499 252 3607 310 Ηυξ

305 375 519 434 quoque
543 360 719 418 ϐιωθί
745 375 853 417 non
872 359 1029 430 pauci
1060 358 1202 429 apud
1230 357 1456 416 Millluut
1482 401 1497 426 ,
1524 369 1579 415 ct
1606 359 1894 420 Erasmum
1924 363 1978 422 Α
2081 359 2246 414 Marc.
2295 375 2414 431 cap.
2470 361 2524 426 7,
2579 361 2956 419 Vindobonen.
2984 404 3000 428 ,
3054 361 3367 433 Corbeien.,
3395 367 3517 424 Gat.
3551 381 3605 426 et

303 470 407 510 non
433 453 662 520 habent,
689 462 738 508 et
763 468 912 508 nemo
942 453 1018 508 illi
1063 451 1218 508 dabat
1237 493 1253 516 ,
1302 451 1540 522 itemque
1585 451 1898 508 Latinorum
2009 454 2246 508 Brixian.
2279 452 2378 510 Dei
2397 457 2616 510 summi.
2647 467 2702 512 et
2729 458 2802 512 ita
2830 457 3046 528 quidam
3082 473 3213 518 mss.
3244 459 3355 515 div.
3378 461 3515 517 Bibl.
3541 463 3599 519 S.

299 548 708 619 quamplurimi.
758 546 956 602 Addita
1003 545 1122 602 lucc
1148 556 1404 617 putantur
1449 561 1513 602 ex
1561 546 1756 615 capitis
1807 562 1898 612 xv,
2008 545 2344 618 Hieronymi.

299 643 576 699 versiculo
605 641 692 709 16,
724 640 1011 712 praesentis
1055 640 1375 710 Evangelii,
1419 640 1510 696 ubi
1540 639 1609 696 de
1662 640 1896 710 Prodigo
2085 639 2213 692 Luc.
2248 653 2366 709 cap.
2398 655 2451 694 ιιι
2477 681 2492 707 ,
2526 641 2614 695 51.
2647 640 3023 697 Vindobonen.
3059 652 3113 698 et
3136 643 3283 711 Gat.,
3309 647 3430 717 plus.
3448 647 3602 704 Sale

309 734 426 790 ﬁlio
451 748 632 790 sermo
657 742 760 799 est,
794 731 1027 788 satur-ari
1050 731 1304 800 cupiente
1336 738 1621 801 porcorum
1650 730 1855 801 siliquis
1889 771 1904 796 ,
2011 749 2161 787 mone
2184 732 2287 798 hic,
2321 733 2560 788 Brixian.
2614 736 2885 805 plusquam
2924 737 3199 792 Salomone
3236 739 3341 806 hjc.
3385 741 3442 798 In
3485 743 3603 810 qui-

302 837 355 882 et
376 843 529 882 nemo
553 826 632 880 illi
654 825 830 880 dabat.
2010 826 2236 881 busdam
2264 826 2539 882 codicibus
2569 827 2676 884 div.
2729 829 2867 886 Bibl.
2892 829 2951 886 S.
2997 831 3306 906 Hieronymi
3334 834 3559 894 habetur
3585 881 3597 903 ,

367 921 504 976 Luc.
537 935 660 986 cap.
691 935 798 974 xvn
817 960 833 984 ,
862 919 954 976 29.
997 918 1058 974 In
1109 918 1482 975 Vindobonen.
1529 925 1586 973 et
1613 915 1904 973 Corbeien.
2013 917 2131 988 plus
2159 917 2437 972 Salomone
2462 918 2566 972 hic.

298 1017 476 1080 deest,
506 1016 675 1084 ignem
696 1014 760 1067 de
787 1013 932 1069 creto.
963 1022 1018 1070 et
1036 1013 1111 1068 ita
1140 1014 1191 1068 in
1215 1011 1276 1068 S.
1311 1013 1455 1068 lren.
1504 1011 1638 1067 lbid.
1684 1009 1908 1067 Vercel-
2083 1011 2216 1068 Luc.
2243 1028 2362 1082 cap.
2388 1029 2462 1068 xu
2489 1057 2501 1079 ,
2532 1015 2620 1070 58.
2673 1016 3043 1074 Vindobonen.
3096 1027 3152 1074 et
3200 1019 3486 1080 Corbeien.
3536 1027 3605 1080 ad

299 1109 413 1167 len.
439 1121 488 1166 et
511 1110 738 1180 perdidit
766 1125 964 1172 omnes,
997 1118 1052 1164 et
1079 1110 1150 1163 ita
1180 1109 1321 1166 idem
1351 1106 1409 1164 S.
1437 1107 1690 1164 lrenaeus.
2011 1107 2389 1176 mgistratum.
2445 1116 2499 1161 et
2550 1109 2618 1161 ita
2642 1107 2701 1163 S.
2727 1107 3045 1168 Ambrosius
3091 1112 3144 1166 in
3194 1113 3288 1168 lib.
3316 1114 3385 1171 de
3437 1114 3604 1171 Tobia

373 1204 511 1258 Luc.
533 1219 650 1273 cap.
676 1218 770 1266 xx,
797 1203 885 1257 56.
917 1201 1298 1258 Vindobonen.
1349 1208 1403 1254 et
1443 1197 1733 1253 Corbcien.
1760 1196 1907 1267 [nam
2011 1212 2131 1270 cap.
2156 1198 2210 1264 9,
2239 1215 2357 1270 pag.
2388 1199 2512 1255 601.
2540 1202 2775 1257 Brixian.
2808 1203 2875 1258 ad
2897 1203 3154 1262 Iudicem.
3316 1185 3325 1191 ”

270 1305 424 1349 .snnt
449 1293 637 1348 similes
666 1293 864 1364 angelis
886 1290 1005 1357 Dei,
1033 1293 1155 1362 quia
1180 1332 1194 1355 ,
1228 1300 1335 1345 etc.
1366 1289 1424 1345 S.
1457 1288 1679 1344 Hieron.
1715 1288 1767 1341 in
1811 1287 1903 1341 lib.
2085 1293 2217 1349 Luc.
2252 1310 2372 1364 cap.
2404 1312 2498 1350 xm
2525 1338 2539 1362 ,
2569 1298 2659 1352 54.
2701 1297 3158 1355 Vindobonen....
3197 1301 3395 1372 gallina
3439 1303 3606 1373 pullos

301 1397 493 1442 contra
522 1385 674 1441 Joan.
718 1384 952 1440 Jerosol.
986 1393 1118 1438 tom.
1177 1399 1238 1448 ιι,
1272 1398 1393 1453 pag.
1424 1382 1530 1437 429
1563 1424 1578 1449 ,
1628 1381 1719 1435 sed
1758 1389 1910 1436 erunt
2012 1390 2105 1442 sub
2131 1389 2242 1442 alas
2274 1407 2416 1454 suas,
2455 1390 2780 1457 Vcrccllen.,
2811 1393 3240 1462 quemadmodum
3268 1395 3606 1468 gallina......

299 1480 432 1532 sicut
457 1477 629 1549 angeli
651 1475 774 1542 Dei,
799 1477 960 1544 quod,
987 1487 1094 1531 etc.
2012 1480 2105 1534 sub
2156 1479 2270 1535 alas
2315 1498 2438 1536 snas
2469 1525 2482 1548 ,
2519 1481 2792 1538 Veroncn.
2860 1486 3054 1554 gallina
3076 1527 3091 1552 ,
3124 1485 3365 1541 Brixian.
3416 1488 3609 1560 gallina

368 1569 502 1624 Luc.
530 1584 651 1640 cap.
685 1584 782 1623 xu
813 1566 1024 1634 ,15.1ιι
1067 1566 1443 1623 Vindobonen.
1500 1565 1804 1622 Vercellen.
1852 1573 1908 1620 et
2015 1574 2185 1644 pullos
2233 1589 2374 1628 suos.
2415 1575 2472 1632 S.
2528 1575 2765 1630 lrenaeus
2797 1578 2849 1632 in
2899 1577 2993 1632 lib.
3035 1593 3086 1632 tv
3137 1587 3325 1642 contra
3366 1580 3609 1638 Haerescs

301 1663 590 1718 Corbeien.
623 1662 821 1718 desunt
871 1662 1033 1717 verba
1063 1661 1156 1716 illa
1183 1701 1197 1726 ,
1247 1670 1294 1714 et
1323 1661 1672 1716 contradicere
1711 1675 1904 1714 omnes.
2015 1675 2148 1719 tom.
2185 1679 2223 1729 ι,
2253 1681 2372 1737 pag.
2401 1667 2626 1723 28L...
2658 1669 2853 1739 gallina
2881 1670 3050 1740 pullos
3071 1687 3190 1727 suos
3209 1672 3304 1728 sub
3334 1674 3468 1730 alas.

299 1759 367 1814 ΕΙ.
397 1759 470 1813 ita
502 1759 554 1812 in
583 1757 641 1814 S.
674 1757 836 1830 Cypr.
867 1757 961 1810 lib.
992 1756 1059 1810 ad
1084 1755 1474 1821 Fortunatum,
1517 1753 1585 1810 de
1635 1753 1901 1808 Exltorta-
1930 1743 1982 1806 B
2085 1758 2218 1814 Luc.
2279 1774 2398 1828 cap.
2463 1776 2594 1816 xvm
2630 1802 2645 1827 ,
2701 1761 2790 1816 50.
2854 1761 3230 1819 Vindobonen.
3262 1806 3279 1831 ,
3333 1765 3605 1822 verone“,

297 1855 448 1906 tione
476 1849 719 1921 Martyrii
745 1865 867 1918 cap.
903 1848 992 1916 10,
1022 1863 1147 1919 pag.
1177 1849 1302 1903 555.
2003 1859 2057 1906 et
2089 1849 2251 1930 φοι-1).
2282 1891 2297 1918 ,
2327 1853 2539 1922 recipiat
2568 1855 2771 1924 septies.
2813 1863 2866 1910 et
2895 1855 2967 1910 ita
2995 1855 3053 1910 S.
3083 1853 3248 1929 Cypr.
3282 1866 3339 1914 et
3382 1857 3441 1916 S.
3471 1857 3604 1930 Am-

369 1943 503 1998 Luc.
535 1957 650 2012 cap.
669 1958 765 2009 xu,
788 1944 841 1996 7.
867 1941 1070 1996 Desunt
1100 1942 1284 2006 verba,
1310 1941 1400 1994 sed
1420 1949 1503 2008 et,
1536 1940 1590 1994 in
1626 1938 1898 1993 Vindobo-
2003 1942 2151 2000 bros.

294 2053 426 2094 nen.
453 2045 511 2092 et
539 2037 608 2090 ita
639 2036 690 2090 in
725 2034 785 2091 S.
823 2033 1108 2106 Augustini
1140 2034 1233 2088 lib.
1285 2034 1357 2088 22
1404 2033 1471 2089 de
1497 2031 1724 2088 Civitate
1756 2030 1851 2086 Dei
1881 2074 1894 2096 ,
2078 2034 2211 2091 Luc.
2240 2051 2361 2110 cap.
2391 2053 2481 2092 XIX
2515 2080 2527 2104 ,
2559 2039 2612 2094 9.
2642 2039 3022 2100 Vindobonen.
3075 2043 3218 2114 ﬁlius
3249 2055 3346 2102 est.
3381 2045 3613 2106 Sanctus

297 2142 431 2186 tom.
460 2148 556 2200 vn,
592 2146 716 2202 pag.
744 2130 870 2187 681.
2007 2126 2170 2200 Cypr.
2208 2127 2389 2197 habet,
2417 2132 2660 2200 quoniam
2683 2140 2735 2188 et
2756 2133 2837 2192 hic
2861 2133 3004 2202 ﬁlius
3021 2144 3094 2192 est
3120 2135 3358 2194 Abrahae.

372 2224 508 2279 Luc.
538 2240 658 2293 cap.
687 2239 762 2277 χιι
789 2265 802 2287 ,
837 2223 928 2277 42.
961 2221 1197 2278 Verbum
1226 2263 1241 2288 ,
1283 2230 1437 2290 putas
1473 2262 1488 2287 ,
1529 2217 1795 2274 omittitur
1848 2216 1899 2272 in
2081 2221 2213 2278 Luc.
2239 2236 2359 2294 cap.
2389 2239 2499 2287 xix,
2532 2223 2621 2277 22.
2667 2223 3042 2288 Vindobonen.
3071 2269 3086 2292 ,
3124 2227 3429 2284 Vercellen.
3459 2270 3475 2296 ,
3502 2228 3610 2286 Ve-

302 2318 681 2372 V’indobonen.
717 2358 732 2379 ,
761 2314 1038 2370 Veroneu.
1073 2355 1088 2382 ,
1129 2312 1418 2368 Corbcien.
1467 2321 1522 2368 et
1565 2310 1800 2364 Brixian.
1848 2317 1903 2363 et
2009 2328 2203 2369 ronen.
2233 2325 2287 2369 et
2315 2313 2606 2370 Corbcicn.
2659 2317 2950 2380 tollo.......
2981 2327 3132 2376 meta.
3166 2329 3222 2376 et
3270 2321 3340 2374 ita
3371 2321 3432 2377 S.
3489 2321 3615 2382 Am-

306 2411 373 2464 ita
401 2411 454 2463 in
487 2409 546 2463 S.
573 2406 844 2461 Ambrosii
869 2407 963 2460 lib.
996 2421 1012 2460 ι
1041 2405 1108 2460 de
1145 2405 1339 2460 Posuit.
1378 2419 1498 2472 cap.
1526 2402 1560 2457 9
1584 2445 1599 2469 ,
1649 2417 1704 2471 p.
1737 2400 1862 2455 401.
2019 2407 2166 2461 bros.
2197 2407 2249 2460 in
2279 2407 2371 2461 ιιι),
2408 2409 2474 2462 de
2498 2409 2662 2463 Tohia
2690 2425 2810 2480 cap,
2843 2410 2931 2476 19,
2955 2426 3072 2480 pag.
3105 2413 3232 2472 615,

369 2499 504 2555 Luc.
536 2513 658 2569 cap.
690 2513 824 2562 XVII,
851 2497 935 2552 10.
969 2498 1150 2561 Deest,
1183 2497 1375 2561 omnia,
1409 2492 1903 2564 inﬂindubonen.,
2083 2499 2212 2554 Luc,
2249 2515 2367 2568 cap,
2398 2516 2508 2567 χιχ,
2540 2500 2631 2556 Q3.
2662 2501 3040 2562 Vindobonen.
3074 2543 3091 2569 ,
3123 2501 3427 2559 Vercellen,
3453 2546 3469 2571 ’
3497 2505 3607 2562 Ve.

307 2591 609 2648 Vercellen.
640 2599 695 2645 et
721 2589 997 2645 Veronen.
1050 2599 1106 2644 et
1137 2589 1204 2642 ita
1259 2587 1312 2641 in
1347 2587 1404 2642 S.
1437 2586 1598 2658 Cypr.
1655 2583 1748 2638 lib.
1797 2598 1856 2637 ιιι
1889 2625 1904 2649 ,
2015 2607 2208 2645 ronen.
2234 2601 2288 2644 et
2318 2591 2556 2645 Brixian.
2583 2601 2628 2646 et
2650 2609 2760 2664 ego.
2797 2602 2851 2650 et
2875 2594 2942 2654 ita
2973 2593 3032 2652 S.
3063 2593 3317 2656 Ambros.
3349 2600 3401 2652 in
3426 2598 3518 2654 lib.
3545 2600 3612 2656 de

308 2685 535 2740 Teatim.
574 2683 642 2738 ad
665 2683 820 2749 Quir.
851 2698 971 2751 cap.
998 2682 1088 2746 51,
1114 2696 1237 2752 pag.
1269 2679 1394 2733 582.

2015 2683 2149 2738 Fide
2177 2682 2491 2738 Orthodoxa
2506 2696 2695 2738 contra
2718 2683 2972 2752 Arianos,
3008 2695 3139 2742 tom.
3164 2703 3222 2756 ιι,
3252 2704 3370 2766 pag.
3406 2692 3532 2758 557,
3557 2701 3611 2748 et

384 2778 518 2833 Luc.
546 2793 665 2847 cap.
701 2792 821 2844 χιιι,
847 2774 942 2830 26.
969 2775 1170 2841 Verba,
1205 2785 1250 2827 ct
1282 2771 1596 2838 abundabit,
1630 2768 1828 2824 desunt
1857 2768 1908 2822 in

1740 2768 1908 2822 untin
2019 2777 2072 2831 in
2105 2777 2200 2832 lib.
2231 2776 2493 2831 deTobia
2523 2792 2641 2849 cap.
2679 2778 2765 2846 19,
2800 2795 2919 2854 pag.
2953 2781 3078 2838 διδ.
3260 2765 3341 2767 ί’

317 2870 722 2936 Vindobonen.,
750 2869 1082 2934 Vercellen.,
1109 2868 1398 2922 Corbeien.
1431 2873 1487 2920 et
1519 2863 1754 2919 Brixian.
1787 2877 1913 2917 nec-
2094 2869 2228 2924 Luc.
2291 2885 2412 2940 cap.
2465 2886 2557 2924 xxi
2590 2913 2604 2938 ,
2675 2871 2762 2926 10.
2828 2871 3139 2934 V'indobon.
3169 2915 3186 2942 ,
3233 2892 3351 2930 nam
3417 2886 3612 2954 surget.

322 2983 424 3021 non
457 2967 511 3020 in
536 2965 731 3021 Graeco
780 2973 926 3019 textu
953 3005 969 3027 ,
999 2966 1136 3019 etin
1165 2963 1362 3033 regina:
1407 2961 1702 3017 Succorum
1732 2971 1915 3016 vetus-
2019 2959 2260 3014 Brixian.
2285 3002 2300 3027 ,
2347 2972 2607 3028 exsurget.
2668 2961 2725 3017 S.
2781 2961 2944 3035 Cypr.
3001 2965 3052 3018 in
3104 2965 3196 3020 lib.
3239 2966 3306 3028 ad
3348 2951 3616 3030 Fortuna-

325 3060 442 3114 tiori
470 3075 573 3114 ms.
611 3057 817 3127 Evang.
847 3057 1062 3112 Latino.
1961 3131 1996 3138 Δ
2026 3061 2159 3117 tum,
2190 3052 2258 3107 de
2289 3051 2687 3109 Exhortatione
2736 3054 2973 3130 Martyrii
3005 3071 3124 3128 cap.
3153 3059 3214 3116 11
3242 3099 3260 3130 ,
3308 3074 3428 3138 pag.
3487 3059 3612 3120 554.

391 3155 517 3209 Luc.
555 3168 678 3222 cap.
713 3168 826 3220 xu,
858 3153 909 3207 8.
947 3152 1133 3217 Deest,
1163 3150 1398 3216 Domine,
1433 3150 1484 3203 in
1514 3148 1918 3215 Vindobonen.,
1949 3131 1998 3198 C
2028 3154 2263 3216 exsurget
2287 3145 2419 3198 enim
2444 3160 2566 3215 gens
2591 3162 2747 3216 super
2785 3156 3002 3220 gentem,
3026 3157 3074 3208 et
3103 3131 3326 3222 regnant
3360 3167 3512 3224 super
3542 3169 3621 3207 θ’θ-

325 3256 376 3302 ct
413 3247 485 3301 ita
525 3247 578 3300 in
627 3245 684 3301 S.
726 3243 865 3300 lren.
896 3243 993 3299 lib.
1022 3259 1075 3296 tv
1123 3253 1312 3298 contra
1345 3242 1626 3306 Hmreses,
1662 3250 1789 3296 tom.
1850 3255 1868 3294 ι
1901 3282 1916 3307 ,
2025 3253 2201 3309 gnum.

323 3357 441 3412 pag.
470 3341 580 3395 242
604 3381 620 3404 ,
653 3349 710 3395 et
740 3340 794 3395 in
840 3339 898 3394 S.
933 3339 1096 3410 Cypr.
1140 3338 1232 3393 lib.
1286 3337 1354 3392 de
1387 3336 1551 3407 Oper.
1607 3343 1664 3392 et
1708 3335 1916 3392 Eleem.
2096 3329 2229 3384 Luc.
2261 3345 2381 3402 cap.
2411 3346 2543 3396 χιιι,
2575 3331 2628 3387 5.
2662 3331 3061 3402 Vindobonen.,
3114 3335 3411 3405 Veronam,
3441 3337 3563 3398 Gat.
3600 3380 3618 3410 ,

325 3450 442 3505 pag,
467 3434 556 3488 35,
2027 3422 2155 3477 Mm.
2181 3431 2237 3478 et
2263 3423 2528 3491 Brixian.,
2581 3425 2841 3481 Scarioth.
2876 3437 2930 3482 et
2978 3428 3049 3483 ita
3101 3429 3317 3500 quidam
3359 3445 3488 3492 mss.
3523 3432 3617 3498 lib.

397 3527 524 3581 Luc.
549 3539 671 3594 cap.
703 3539 836 3589 un,
865 3524 954 3580 11.
982 3521 1042 3578 In
1075 3522 1458 3578 Vindobonen.
1497 3562 1512 3585 ,
1550 3519 1824 3575 Veronen.
1869 3528 1924 3575 et
2028 3515 2135 3570 div.
2162 3517 2297 3574 Bibl.
2322 3516 2380 3572 S.
2406 3517 2552 3572 Hier.

328 3618 612 3677 Forbeien.
643 3618 822 3684 deest,
856 3618 1064 3683 domus;
1087 3626 1142 3672 et
1169 3617 1239 3671 ita
1275 3617 1326 3670 in
1361 3615 1419 3671 S.
1446 3613 1752 3670 Ambrosio.
2101 3606 2232 3661 Luc.
2285 3623 2403 3678 cap.
2433 3625 2544 3664 xm
2570 3651 2584 3677 ,
2626 3609 2682 3664 2.
2723 3608 3100 3666 Vindobonen.
3127 3652 3142 3678 ,
3191 3611 3462 3673 Veronen.
3494 3655 3509 3681 ,
3568 3623 3624 3678 et

403 3712 572 3766 Marc.
602 3725 720 3780 cap.
751 3726 785 3762 v
811 3752 826 3775 ,
863 3711 916 3764 1.
954 3709 1086 3764 Post
1123 3713 1349 3780 fretum,
1399 3707 1598 3772 deest,
1641 3707 1835 3770 maris,
1873 3706 1926 3760 in
2033 3700 2270 3755 Brixian.
2311 3715 2406 3768 pro
2454 3699 2654 3767 Jesnm,
2679 3701 2916 3770 habent,
2942 3719 3073 3756 eum.
3109 3715 3162 3760 et
3189 3704 3260 3760 ita
3287 3705 3514 3764 habetur
3565 3708 3620 3774 iu

335 3802 708 3856 Vindobonen.
753 3801 1029 3856 Veronen.
1091 3809 1145 3854 et
1187 3798 1422 3853 Brixian.
1471 3807 1522 3853 et
1577 3796 1649 3851 ita
1683 3797 1735 3851 in
1791 3796 1924 3852 Cod.
2033 3793 2349 3862 quibusdam
2374 3807 2503 3846 mss.
2532 3793 2736 3851 Latinis
2765 3795 2890 3850 bibl.
2925 3796 3123 3866 regina:
3151 3795 3470 3862 Succorum.

328 3896 638 3967 Cantabrig.
672 3893 1012 3952 Graeco-Lat.
2105 3888 2268 3942 Marc.
2295 3902 2413 3957 cap.
2441 3903 2539 3953 xu,
2570 3887 2662 3943 29.
2691 3887 3090 3955 Vindobonen.,
3124 3891 3262 3954 Deus
3287 3902 3464 3958 vester,
3494 3894 3626 3950 Ver—

404 3992 570 4046 Harc.
605 4004 726 4058 cap.
754 4005 806 4054 ν,
841 3989 930 4043 11.
959 3987 1141 4053 Deest,
1169 4002 1392 4056 magnus
1420 4026 1436 4052 ,
1464 3986 1518 4040 in
1551 3982 1926 4042 Vindobonen.
2035 3981 2255 4047 cellen.,
2291 3979 2559 4035 Vcronen.
2589 3990 2642 4036 et
2662 3981 2975 4048 C0rbeicn.,
3008 3981 3143 4036 Deus
3170 3991 3357 4038 noster.
3391 3992 3446 4038 et
3468 3987 3534 4038 ita
3561 3985 3620 4046 ὃ.

337 4094 389 4138 et
413 4083 688 4138 Veronen.
722 4081 853 4136 utin
883 4080 1065 4135 Vcrss.
1096 4078 1285 4143 60th.,
1317 4078 1473 4147 Copt.
1505 4086 1561 4133 et
1587 4078 1738 4132 Pers.
2038 4072 2271 4128 Hilarius
2315 4072 2367 4127 in
2396 4072 2490 4126 lib.
2528 4090 2582 4126 Ix
2607 4073 2674 4129 de
2704 4073 2966 4129 Trinitate
2998 4083 3129 4129 tom.
3175 4090 3232 4142 ιι,
3265 4089 3389 4148 pag.
3422 4076 3547 4131 276.
3572 4087 3628 4142 et

415 4175 582 4232 Marc.
615 4189 736 4243 cap.
753 4187 852 4239 xu,
887 4171 975 4228 50.
1020 4169 1078 4225 ln
1123 4168 1501 4225 Vindobonen.
1540 4167 1692 4224 deest
1722 4209 1738 4235 ,
1790 4184 1936 4222 man—
2039 4181 2177 4222 unus
2208 4168 2406 4237 regium
2430 4166 2726 4224 Succorum
2759 4185 2863 4224 ms.
2896 4169 2990 4224 lib.
3043 4168 3238 4236 divina:
3278 4169 3625 4240 Bibliotheca:

345 4268 532 4322 datum.
562 4274 622 4326 et
644 4267 718 4322 ita
739 4265 795 4321 in
823 4264 1096 4335 aliquibus
1134 4277 1265 4319 mss.
1303 4262 1362 4326 ὃ.
1391 4261 1552 4334 Cypr.
1585 4262 1653 4326 de
1681 4262 1937 4318 Oratione
2040 4260 2098 4315 S.
2132 4260 2464 4330 Hieronymi.

350 4360 640 4418 Dominica.
2115 4352 2278 4408 Marc.
2310 4368 2428 4422 cap.
2455 4367 2552 4417 xu,
2588 4352 2677 4407 52.
2709 4350 3117 4420 Vindobonen.,
3147 4351 3270 4408 bene
3289 4352 3488 4419 dixisti,
3517 4352 3632 4408 Ma-

410 4452 539 4512 Luc.
594 4467 718 4522 cap.
777 4465 851 4506 xu
885 4490 898 4515 ,
968 4449 1060 4505 50.
1143 4445 1554 4513 Vindobonen.,
1609 4447 1882 4504 Verunen.
1920 4491 1935 4514 ,
2045 4447 2221 4516 gister,
2246 4447 2299 4499 in
2325 4446 2565 4513 ueritate,
2593 4446 2728 4515 quod
2759 4462 2892 4498 unus
2920 4447 2988 4500 sit
3015 4444 3196 4513 Deus,
3248 4463 3341 4501 nec
3379 4457 3451 4502 est
3497 4448 3632 4502 alius

344 4547 502 4604 Corb.
537 4589 553 4613 ,
585 4545 712 4602 Gal.
741 4553 798 4600 et
853 4543 1090 4599 Brixian.
1138 4542 1410 4612 baptisma.
1451 4551 1506 4597 et
1530 4541 1602 4595 ita
1656 4542 1715 4597 S.
1767 4540 1930 4612 Cypr.
1960 4527 2023 4589 Β
2042 4550 2225 4612 praeter
2247 4539 2414 4591 illum.
2440 4547 2496 4593 et
2521 4537 2591 4593 ita
2622 4536 2679 4591 S.
2723 4536 2955 4592 Hilarius
2982 4537 3034 4592 in
3063 4537 3155 4592 lib.
3198 4539 3340 4594 xtdc
3375 4538 3636 4594 Trinitale

346 4657 395 4711 p.
425 4641 550 4700 610.

2047 4644 2176 4686 tom.
2212 4646 2269 4699 ιι,
2303 4646 2420 4701 pag.
2453 4631 2579 4685 276.

422 4733 589 4788 Marc.
620 4745 740 4800 cap.
777 4741 897 4796 ιιιι,
933 4729 1019 4784 iii.
1072 4728 1446 4786 Vindobonen.
1473 4737 1529 4784 et
1557 4727 1707 4795 Gat.,
1732 4726 1946 4783 tribula—
2122 4725 2285 4778 Marc.
2315 4738 2434 4794 cap.
2493 4740 2608 4792 xm,
2644 4724 2734 4778 52.
2791 4725 3169 4782 Vindobonen.
3202 4736 3256 4781 et
3305 4725 3635 4792 Vercellen.,

350 4828 506 4885 tiones
529 4824 681 4890 tales,
705 4831 759 4878 et
778 4823 849 4878 ita
873 4821 979 4876 duo
1009 4822 1207 4892 reginae
1237 4821 1532 4876 Snecorum
1562 4836 1690 4876 mss.
1721 4821 1828 4875 div.
1859 4821 1946 4875 Bi-
2050 4828 2096 4874 et
2115 4820 2261 4885 hora,
2291 4827 2343 4874 et
2366 4821 2439 4873 ita
2467 4818 2524 4874 S.
2546 4819 2846 4875 Hilariusin
2872 4821 2964 4875 lib.
3001 4837 3016 4874 ι
3062 4821 3129 4876 de
3151 4820 3556 4876 Trinitatclom.
3581 4838 3642 4891 ιι,

354 4917 544 4973 blioth.
581 4915 642 4972 s.
681 4914 1016 4986 Hieronymi.
2059 4928 2178 4984 pag.
2216 4913 2300 4968 l9.
3405 4895 3414 4904 ’
3633 4893 3641 4904 ’

418 5009 552 5064 Luc.
612 5021 730 5077 cap.
773 5021 887 5062 xxn
918 5047 933 5073 ,
996 5006 1084 5060 12.
1161 5003 1543 5058 Vindobonen.
1575 5045 1588 5068 ,
1633 5005 1899 5059 Veroncn.
1936 5045 1951 5070 ,
2131 5005 2236 5060 Sed
2264 5005 2374 5074 jam
2423 5007 2553 5059 satis
2597 5007 2758 5060 multa
2810 5005 3015 5075 profudi
3044 5047 3058 5070 ,
3111 5011 3170 5059 ut
3208 5007 3551 5064 ostenderem
3598 5009 3651 5064 in

357 5103 642 5158 Corbcien.
675 5109 732 5156 et
757 5098 1020 5166 Brixian.,
1072 5097 1213 5162 uqbis
1235 5096 1485 5156 ostendet.
1528 5105 1586 5150 et
1639 5095 1713 5151 ita
1741 5096 1798 5151 S.
1827 5099 1959 5151 Am-
2062 5098 2438 5167 Evangeliario
2462 5098 2862 5152 Vindoboncnsi
2893 5099 3164 5168 antiquam
3189 5099 3432 5156 Latinam
3461 5077 3652 5158 Italam

363 5193 503 5255 ιιι-οξ,
2064 5192 2354 5247 contineri.
2383 5191 2678 5246 Subtcxam
2711 5205 2852 5244 nunc
2877 5191 3139 5262 integram
3183 5193 3422 5263 ejusdem
3456 5194 3658 5262 codicis

429 5287 561 5348 Luc.
604 5301 728 5355 cap.
767 5299 858 5339 ιιι
884 5324 898 5347 ,
959 5283 1046 5339 12.
1097 5281 1478 5336 Vindobonen.
1507 5321 1523 5347 ,
1581 5279 1963 5338 Veronen.'[ct
2066 5282 2509 5352 descriptionem,
2542 5297 2571 5334 a
2601 5282 2686 5335 (Il.
2710 5282 2954 5336 Forlosia
2977 5286 3372 5351 concinnatam,
3408 5299 3509 5338 una
3530 5265 3658 5349 cum

370 5377 597 5436 Brixian.
632 5377 789 5434 [tanta
809 5374 1185 5445 quidam.......
1224 5372 1384 5428 diues.
1429 5381 1485 5428 et
1513 5373 1584 5428 ita
1620 5372 1834 5428 Lucifer
1854 5369 1959 5426 Ca-
2067 5375 2286 5439 litteris,
2320 5388 2452 5443 quas
2503 5384 2554 5428 tu
2586 5389 2796 5429 mecum
2839 5377 2906 5430 ab
2942 5376 3034 5430 illo
3061 5385 3308 5447 acceptas
3361 5377 3664 5442 communi-

375 5469 512 5528 larit.
2076 5467 2229 5522 casti.
2260 5467 2364 5521 Eas
2391 5467 2493 5521 edo
2526 5469 2578 5521 in
2607 5468 2800 5535 lucem,
2832 5476 2891 5523 ut
2912 5485 3204 5525 memorem
3236 5484 3320 5523 me
3341 5479 3551 5524 tuorum
3583 5469 3666 5526 of-

445 5567 569 5622 Luc.
601 5579 724 5635 cap.
781 5579 871 5620 nt
894 5604 910 5627 ,
944 5563 1032 5617 15.
1069 5562 1442 5620 Vindobonen.
1492 5572 1547 5618 et
1583 5563 1822 5622 Brixian.
1870 5579 1974 5621 non
2082 5560 2322 5616 liciorum
2352 5562 2499 5614 omni
2531 5571 2771 5630 tempore
2801 5564 3033 5616 futurum
3065 5561 3254 5615 istlncc
3301 5561 3467 5616 editio
3510 5563 3668 5632 polli-

374 5659 586 5726 possint.
615 5667 671 5714 et
701 5658 774 5713 ita
802 5656 1022 5727 quidam
1050 5655 1222 5710 codex
1253 5670 1356 5710 ms.
1394 5656 1452 5711 S.
1490 5655 1654 5729 Cypr.
1704 5659 1756 5712 in
1785 5657 1877 5712 lib.
1907 5657 1976 5713 ad
2084 5663 2288 5708 ceatur.
2315 5653 2598 5708 Hominem
2623 5670 2689 5708 ex
2717 5655 2844 5722 ipsis
2872 5651 3064 5723 agnovi
3085 5654 3162 5709 tui
3191 5653 3674 5729 studiosissimum,

393 5751 750 5814 Fortunatam
772 5750 841 5808 de
871 5750 1259 5810 Exhortatione
1289 5750 1546 5823 Martyrii.
2098 5743 2260 5816 atque
2285 5747 2710 5802 amantissimum
2742 5743 2867 5799 mei.
