4054 6198
337 240 437 295 H9

1705 233 2234 291 PROLEGOMENA.

3524 240 3631 293 I20

334 354 638 424 Descriptio
679 353 921 425 ejusdem
979 352 1183 408 codicis
1230 352 1663 408 \‘indobonensis
1718 354 1855 405 facta
1898 365 1925 403 a
1960 354 2007 410 A
2033 354 2131 421 fuit
2157 352 2417 423 appellata
2451 359 2639 422 :alqtte
2667 351 2720 404 id
2750 352 2817 405 a‘d
2846 368 2991 420 cum,
3022 351 3109 421 qui
3143 351 3372 422 sequitur
3401 354 3630 407 modum.

404 446 483 501 Cl.
523 446 649 502 Viro
688 446 906 503 Nicolao
951 446 1193 502 Forlosia
1226 445 1363 515 Aug.
1411 444 1751 500 bibliotheca:
1802 458 1927 497 cus-

404 540 529 596 tode
561 540 832 610 primario.

406 674 581 729 Codex
608 676 700 728 iste
740 692 833 727 ms.
867 673 1212 745 theologicus,
1239 672 1432 726 latinus
1480 681 1582 735 est,
1614 671 1932 725 membrana-

332 786 449 821 ceus
471 811 483 833 ,
504 784 787 837 purpureus
805 810 819 833 ,
850 767 1032 821 litteris
1051 766 1315 836 quadratis
1336 782 1398 820 ex
1422 774 1633 837 argento
1655 807 1670 830 ,
1692 764 1928 820 in-I'olio.

336 860 546 914 Constat
582 861 637 912 in
664 860 935 931 prcesentia
968 858 1108 928 foliis
1137 870 1341 912 centum
1366 858 1710 929 quadraginta
1730 867 1777 912 et
1804 858 1935 910 duo-

335 954 446 1007 bus.
506 952 633 1021 Ejus
662 950 946 1020 amplitudo
995 959 1069 1004 est
1097 950 1259 1004 instar
1280 954 1425 1023 ejus,
1478 949 1615 1017 quod
1644 950 1935 1002 curavimus

339 1061 431 1112 pro
498 1044 852 1097 characterum
892 1044 1200 1112 specimine,
1254 1044 1577 1114 exemplaris.
1621 1042 1938 1098 Membratim

339 1138 492 1191 rubro
513 1139 717 1209 infecta:
738 1148 856 1190 sunt
880 1139 1049 1190 colore
1080 1179 1093 1203 ,
1128 1152 1229 1189 non
1262 1144 1428 1190 tamen
1466 1153 1528 1190 cx
1550 1152 1695 1205 atquo
1722 1152 1895 1189 omnes
1920 1177 1934 1201 ,

338 1231 428 1284 sed
452 1248 543 1299 pro
566 1234 816 1304 cujusque
837 1232 1026 1284 duritie
1045 1271 1057 1295 ,
1082 1241 1171 1283 aut
1193 1230 1469 1285 tenuitate:
1495 1246 1668 1283 carum
1687 1230 1942 1299 plerthue

340 1325 467 1377 adeo
498 1334 611 1378 sunt
642 1325 849 1377 subtiles
868 1368 880 1387 ,
904 1334 957 1376 ut
981 1340 1066 1377 eas
1095 1340 1198 1375 non
1219 1323 1433 1392 agninos
1464 1323 1620 1392 pelles
1641 1365 1655 1386 ,
1686 1322 1776 1376 sed
1815 1323 1943 1376 vesi—

344 1433 521 1468 carum
552 1432 658 1469 esse
706 1426 850 1484 putes
888 1416 1227 1470 membranas.
1252 1415 1405 1469 Folia
1436 1434 1496 1470 ex
1516 1426 1732 1487 utraque
1753 1417 1944 1484 scripta

345 1518 462 1561 sunt
523 1518 707 1577 parte:
758 1508 991 1577 qumlibet
1038 1509 1229 1579 pagina
1286 1508 1671 1577 quatuordecim
1725 1509 1945 1561 continet

345 1600 504 1652 lineas
538 1618 549 1651 :
603 1601 739 1653 linea
792 1615 908 1653 vero
937 1600 1131 1653 litteras
1158 1602 1227 1652 ad
1254 1599 1431 1669 viginti
1478 1609 1661 1669 praeter
1714 1608 1942 1669 propter.

346 1689 542 1743 Forma
568 1690 856 1745 litterarum
903 1691 1195 1760 quadrata:
1228 1706 1396 1760 eteque
1440 1706 1613 1744 omnes
1649 1705 1710 1743 ex
1741 1700 1947 1761 argento

351 1784 627 1854 liquefacto
646 1826 658 1849 ,
689 1786 916 1855 exceptis
950 1786 1034 1849 iis,
1060 1785 1242 1854 quibus
1272 1781 1629 1848 Dei,Domini
1652 1795 1773 1850 ,aut
1798 1784 1950 1838 Jesus

349 1892 533 1929 nomen
589 1876 833 1939 scriptum
862 1885 963 1942 est,
992 1892 1105 1947 qute
1131 1884 1251 1929 sunt
1276 1891 1339 1928 ex
1360 1891 1487 1928 auro
1519 1892 1537 1929 :
1592 1885 1743 1944 prout
1788 1890 1952 1929 mem-

352 1969 512 2021 brana
538 1970 764 2023 tenacior
784 2010 800 2035 ,
834 1979 922 2023 aut
949 1970 1180 2039 paratior
1198 2011 1210 2032 ,
1244 1969 1316 2021 ita
1336 1968 1553 2022 vividius
1592 1967 1811 2021 colorem
1829 2011 1843 2034 ,
1868 1978 1955 2021 aut

354 2062 637 2115 litterarum
656 2062 982 2134 splendorem
998 2074 1181 2117 servat.
1206 2061 1403 2116 Prteter
1416 2063 1564 2115 hosce
1576 2061 1955 2131 quatuordecim

350 2170 551 2222 versus,
578 2157 629 2208 in
678 2172 876 2209 summa
904 2158 1094 2229 pagina
1122 2156 1425 2228 (quadratis
1445 2157 1596 2217 etiam
1624 2197 1639 2220 ,
1661 2164 1716 2209 ut
1742 2155 1954 2220 dicitur,

357 2247 541 2299 litteris
559 2290 571 2310 ,
628 2248 718 2300 sed
744 2249 1028 2302 minoribus
1066 2248 1085 2320 )
1113 2264 1143 2300 a
1166 2260 1311 2319 parte
1340 2248 1548 2302 sinistra
1577 2249 1821 2321 scriptum
1845 2257 1952 2314 est,

353 2340 649 2393 secundum
669 2383 682 2407 ,
708 2356 738 2391 a
754 2339 964 2394 dextera
985 2350 1185 2405 autem,
1215 2356 1241 2393 e
1261 2340 1468 2410 regione
1490 2338 1953 2410 Evangelistarum,

357 2450 535 2487 nomen
570 2436 845 2489 Lucanum
872 2478 885 2501 ,
939 2447 1027 2489 aut
1068 2434 1302 2489 Marcum
1326 2478 1340 2502 ,
1374 2436 1511 2489 circa
1562 2435 1701 2504 quod
1758 2434 1957 2488 lineola:

354 2529 549 2599 aliquot
572 2527 939 2581 inscribuntur.
978 2528 1129 2596 Quod
1158 2538 1329 2581 autem
1355 2526 1511 2581 Luca:
1538 2544 1717 2581 nomen
1738 2527 1808 2580 ad
1853 2525 1959 2580 La-

359 2621 451 2675 tini
480 2621 808 2691 patrouimici
847 2625 1070 2691 formam
1098 2622 1149 2674 in
1184 2620 1456 2674 Lucanum
1489 2636 1755 2690 perperam
1796 2630 1959 2674 verte-

358 2718 471 2779 rit,
529 2715 585 2767 id
638 2715 960 2786 calligrapho
1014 2716 1429 2769 condonandum.
1483 2715 1550 2768 In
1599 2718 1957 2785 quaterniones

360 2809 617 2881 digestum
661 2810 823 2880 fuisse
876 2809 1100 2861 codicem
1129 2818 1345 2877 apparet
1391 2823 1454 2860 ex
1480 2807 1780 2879 hujusmodi
1827 2808 1959 2863 notis

360 2898 427 2966 Q.
450 2898 638 2967 XLIII,
664 2908 768 2953 etc.
804 2915 917 2969 qua:
945 2909 1079 2952 nota:
1093 2900 1161 2951 ad
1175 2899 1327 2968 ﬁnem
1346 2898 1593 2968 cujusque
1613 2898 1959 2967 quaternionis

356 2994 411 3047 in
432 2995 535 3046 ima
557 2995 747 3065 pagina
774 2994 1023 3047 visuntur.

2104 446 2145 498 Λ
2175 444 2303 513 folio
2327 444 2492 511 primo
2510 444 2578 496 ad
2606 444 2700 513 fol.
2725 446 3154 516 septuagesimum
3176 446 3433 513 quintum,
3462 443 3637 499 Evan-

2031 537 2222 607 gelium
2252 537 2549 593 secundum
2584 537 2779 591 Lucam
2821 578 2836 599 ,
2861 553 3008 605 quem
3038 553 3235 607 semper
3265 538 3319 591 in
3363 538 3636 593 Lucanum

2032 646 2228 684 versum
2242 631 2475 701 legimus.
2505 629 2989 698 Hocautemincipit
3012 630 3063 683 in
3086 630 3259 684 codice
3279 630 3341 684 ab
3363 632 3465 684 illis
3479 634 3640 685 verbis

2034 729 2218 798 capitis
2246 728 2464 792 decimi,
2495 743 2627 781 vers.
2652 727 2893 795 septimi,
2928 727 3011 780 sin
3039 736 3215 779 autem
3241 727 3307 779 ad
3337 742 3432 780 vos
3454 742 3641 782 rever-

2037 830 2209 884 tetur,
2255 829 2361 875 etc.
2396 818 2548 884 Quod
2590 819 2832 881 initium,
2859 821 2990 887 forte
3036 818 3174 885 quod
3201 827 3327 871 esset
3370 819 3591 871 deletum
3625 859 3640 884 ,

2037 914 2276 967 mendose
2328 912 2393 965 ab
2449 912 2685 980 imperito
2738 910 2921 963 deinde
2971 911 3262 981 suppletum
3304 912 3470 963 estad
3509 912 3645 964 hunc

2039 1005 2277 1070 modum,
2305 1003 2719 1059 Sinautemavos
2739 1044 2753 1067 ,
2776 1011 2882 1056 etc.
2906 1000 3107 1056 Desinit
3126 1004 3193 1055 ad
3218 1003 3403 1072 capitis
3418 1004 3645 1074 vigesimi

2042 1100 2198 1163 tertii,
2228 1113 2430 1153 versum
2480 1098 2732 1151 decimum
2762 1097 2814 1149 in
2844 1112 2903 1150 ea
2935 1095 3085 1149 verba
3105 1138 3119 1161 ,
3148 1106 3462 1151 constanter
3488 1112 3647 1153 accu-

2042 1204 2227 1248 sontes
2248 1209 2394 1249 eum.

2118 1308 2159 1360 Α
2219 1309 2347 1378 folio
2390 1308 2765 1379 septuagesimo
2801 1316 2942 1362 sexto
2987 1306 3055 1360 ad
3085 1306 3323 1360 ultimum
3382 1308 3647 1376 sequitur,

2049 1402 2385 1474 Evangelium
2417 1401 2711 1457 secundum
2761 1401 2996 1456 Marcum
3018 1444 3032 1467 ,
3085 1419 3113 1453 a
3141 1400 3301 1454 verbis
3333 1401 3516 1473 capitis
3566 1418 3649 1455 se-

2050 1493 2205 1548 cundi
2224 1535 2239 1560 ,
2269 1511 2400 1548 vers.
2433 1494 2634 1566 septimi
2662 1494 2847 1547 decimi
2868 1536 2883 1558 .
2917 1493 3043 1548 Sani
3078 1493 3341 1548 medicum
3363 1535 3378 1559 ,
3408 1492 3499 1547 sed
3558 1494 3650 1562 qui

2052 1586 2191 1641 male
2238 1586 2435 1652 habet,
2481 1596 2585 1641 etc.
2631 1584 2695 1639 In
2733 1594 2908 1639 nostra
2975 1584 3197 1655 Vulgata
3235 1585 3483 1649 habetur,
3536 1585 3653 1638 sani

2056 1676 2284 1732 medico.
2316 1675 2519 1730 Desinit
2560 1676 2611 1729 in
2641 1694 2699 1731 ea
2725 1676 2910 1747 capitis
2933 1676 3117 1730 decimi
3142 1676 3342 1745 quarti,
3376 1692 3511 1730 vers.
3561 1676 3656 1728 tri-

2055 1774 2231 1844 gesimi
2259 1772 2385 1826 sexti
2416 1769 2594 1837 rerba,
2640 1770 2789 1825 Abba
2821 1770 3007 1833 Pater,
3042 1768 3315 1839 possibilia
3346 1769 3523 1823 omnia
3560 1768 3653 1822 tibi

2055 1898 2199 1943 sunt.

2130 1981 2207 2035 Ad
2233 1979 2547 2034 educendum
2570 1980 2857 2033 litterarum
2881 1980 3102 2049 formam
3134 1994 3289 2030 unum
3318 1986 3470 2046 atque
3524 1978 3654 2030 alte-

2057 2090 2168 2127 rum
2196 2071 2407 2126 adhibui
2435 2072 2827 2136 delineatorem;
2866 2079 2919 2124 at
2940 2086 3054 2123 cum
3086 2070 3138 2122 id
3161 2085 3221 2123 ex
3274 2085 3386 2123 mea
3413 2072 3657 2122 sententia

2058 2167 2265 2220 minime
2297 2175 2629 2235 prwstarent,
2677 2180 2734 2217 eo
2785 2164 2921 2230 quod
2948 2163 3219 2233 comptiori
3265 2178 3463 2230 semper
3490 2161 3656 2229 forma

2058 2278 2143 2316 eas
2174 2260 2470 2325 redderent,
2494 2260 2602 2330 ipse
2630 2260 2874 2330 improba:
2900 2258 3018 2311 huic
3043 2274 3210 2326 opera:
3242 2274 3447 2309 manum
3472 2257 3656 2310 admo-

2059 2371 2171 2408 vere
2219 2369 2319 2407 non
2360 2352 2559 2422 refugi,
2598 2362 2643 2405 et
2682 2350 2937 2420 pellucida
2985 2353 3158 2403 charta
3213 2350 3287 2402 ita
3343 2348 3547 2417 excepi,
3601 2359 3655 2401 ut

2058 2448 2346 2520 exemplum
2394 2448 2561 2519 ipsum
2601 2446 2811 2518 prapius
2857 2444 3083 2516 attigisse
3121 2443 3311 2497 videar.
3363 2440 3651 2495 Crassiores

2060 2539 2240 2594 ctenim
2263 2540 2544 2593 litterarum
2578 2537 2759 2591 ductus
2786 2548 2932 2600 sunt,
2984 2536 3070 2589 sed
3118 2536 3170 2588 id
3197 2534 3440 2588 accidisse
3466 2533 3653 2602 opinor

2060 2632 2121 2687 ob
2143 2633 2296 2687 soluti
2325 2631 2524 2701 argenti
2560 2630 2980 2694 crassitudinem,
3012 2643 3124 2697 qua:
3151 2642 3249 2679 non
3278 2626 3467 2696 patitur
3509 2624 3650 2689 duci,

2061 2727 2488 2797 quemadmodum
2512 2723 2775 2795 scriptoris
2802 2724 2911 2777 vult
2930 2738 3108 2775 manus
3136 2731 3222 2773 aut
3249 2736 3410 2773 mens.

2134 2818 2355 2874 Exhibet
2402 2817 2662 2887 exemplar
2693 2816 2882 2871 codicis
2911 2814 3245 2884 ntanuscripti
3293 2814 3533 2883 paginam
3578 2815 3655 2868 al—

2062 2922 2221 2966 teram
2248 2911 2361 2981 folii
2387 2911 2645 2965 centesimi
2672 2927 2735 2965 ex
2784 2908 3067 2980 Evangelia
3096 2906 3387 2964 secundum
3419 2906 3654 2963 Marcum

2060 3019 2173 3073 cap.
2204 3018 2275 3058 vn
2296 3044 2311 3068 ,
2352 3018 2481 3058 vers.
2507 3002 2562 3057 4.

435 3084 717 3188 5‘1???“
731 3085 897 3188 “def
917 3084 969 3188 Ν
972 3086 1151 3188 “mu.
1164 3086 1262 3138 "“‘
1278 3094 1572 3188 "fl’f’mm’
1594 3102 1613 3150 ῖ
1635 3101 1695 3188 (ᾖε
1710 3084 1955 3188 Ρῗνίίηαξτ
1984 3113 2063 3181 ρ»
2137 3117 2289 3186 Quod
2318 3158 2334 3183 ,
2380 3118 2426 3171 si
2456 3117 2554 3172 hoc
2583 3125 2731 3188 pacto
2753 3114 2835 3170 Ct.
2864 3114 2990 3169 Viro
3015 3112 3327 3168 Blanchinio
3351 3112 3476 3166 satis
3500 3112 3659 3185 fuerit

358 3176 427 3229 ad
470 3176 828 3230 bibliothecam
854 3176 1071 3229 Patrum
1117 3176 1606 3247 Augustinianorum
1634 3175 1693 3230 S.
1736 3174 1957 3230 Joannis

357 3271 426 3326 de
455 3271 803 3327 Carbonaria.
838 3270 1152 3325 Monasterio
1177 3286 1235 3323 ea
1256 3270 1433 3323 relicta
1449 3272 1615 3340 fuerat
1653 3288 1684 3323 a
1706 3269 1958 3324 cardinali
2013 3306 2021 3317 .

362 3364 657 3435 Seripando
684 3406 697 3430 ,
720 3366 806 3435 qui
836 3363 889 3418 in
918 3364 1135 3418 concilio
1159 3363 1463 3418 'I'ridentino
1489 3374 1679 3418 sancta:
1707 3363 1957 3418 Romanae

360 3458 611 3513 Ecclesia:
637 3460 793 3531 legati
818 3475 1005 3512 munus
1031 3458 1205 3513 obivit.
1252 3456 1308 3512 Is
1330 3458 1517 3512 multos
1548 3458 1759 3511 maximi
1807 3458 1957 3525 pretii

358 3552 557 3606 codices
604 3568 668 3605 ex
695 3552 859 3622 legato
904 3552 1238 3619 acquisiverat
1286 3568 1317 3602 a
1370 3548 1509 3603 Iano
1545 3549 1845 3604 Parrhasio.
1890 3547 1955 3602 In

357 3645 527 3713 fronte
557 3647 758 3718 pagina:
786 3646 999 3718 primae,
1036 3644 1348 3714 Seripandi,
1390 3644 1465 3698 vel
1498 3644 1772 3697 Parrhasii
1803 3661 1956 3697 manu

357 3736 509 3809 (qua:
547 3738 599 3791 in
625 3739 743 3792 aliis
781 3740 931 3793 etiam
960 3740 1213 3810 apparet)
1259 3738 1383 3791 olim
1435 3739 1683 3808 scriptum
1728 3738 1912 3807 legitur
1937 3778 1953 3804 ,

356 3843 623 3883 annorum
650 3830 869 3884 circiter
899 3830 1083 3896 mille;
1108 3830 1235 3883 adeo
1262 3840 1317 3881 ut
1346 3845 1406 3883 ea
1431 3830 1630 3883 ratione
1657 3828 1823 3898 quinti
1846 3868 1861 3892 ,
1880 3829 1956 3881 vel

356 3923 485 3977 sexti
506 3922 684 3976 saeculi
712 3922 911 3975 habitus
926 3925 1040 3995 jam
1070 3932 1175 3975 tum
1204 3922 1377 3992 fuerit.

433 4014 592 4069 Initio
620 4016 871 4086 cujusque
898 4016 1101 4086 pagina:
1128 4014 1342 4086 majoris
1367 4016 1548 4085 formte
1576 4014 1772 4075 littera,
1802 4028 1959 4080 eaque

358 4110 582 4164 exterius
606 4150 620 4171 .
660 4109 794 4180 picta
845 4118 957 4173 est;
995 4109 1223 4177 quamvis
1276 4124 1338 4160 ex
1372 4106 1686 4161 intermediis
1725 4106 1961 4161 dictionis

355 4218 464 4257 esse
483 4203 771 4271 contigerit.
800 4201 891 4256 Sic
917 4202 1069 4256 etiam
1098 4201 1319 4255 initiales
1342 4202 1521 4255 littera:
1558 4200 1804 4271 cujusque
1843 4217 1958 4254 ver-

354 4296 507 4349 siculi
528 4296 849 4367 grandiores.

432 4409 497 4463 lu
527 4412 631 4479 fine
668 4410 1006 4466 membrorum
1029 4421 1162 4479 ,.aut
1191 4410 1519 4481 periodorum
1556 4410 1699 4464 nulla
1746 4410 1957 4463 distinc-

2062 3210 2290 3280 factum,
2315 3210 2409 3265 erit
2439 3210 2492 3263 id
2522 3210 2645 3265 mihi
2676 3219 2777 3263 tam
2807 3217 3008 3281 gratum
3041 3248 3055 3273 ,
3087 3222 3240 3277 quam
3260 3206 3396 3277 quod
3420 3204 3657 3277 gratissi-

2061 3320 2108 3357 m
2116 3321 2196 3357 um
2204 3343 2219 3359 ο

2058 3504 2204 3559 Cels.
2235 3504 2292 3559 S.
2324 3504 2388 3560 R.
2416 3504 2455 3559 l.
2491 3504 2715 3576 principi
2744 3503 2981 3575 Josepho
3000 3502 3196 3559 Comiti
3218 3502 3429 3559 Thunio
3443 3503 3658 3560 Sancta:

2130 3599 2422 3655 Gnrcensis
2477 3599 2730 3655 Ecclesia!
2778 3599 3064 3670 episcopo.
3121 3597 3368 3653 Nicotaus
3412 3596 3654 3652 Forlosia

2131 3693 2625 3764 obsequentissimo
2652 3708 2722 3750 ex
2753 3693 2935 3749 animo
2960 3692 3019 3747 S.
3052 3691 3115 3748 P.

2133 3878 2358 3951 Benigne
2406 3885 2459 3931 tu
2500 3877 2736 3946 quidem,
2790 3888 2847 3931 ut
2886 3877 3037 3941 soles,
3104 3876 3298 3931 celsiss.
3376 3875 3651 3946 princeps,

2058 3972 2195 4043 quod
2224 3969 2520 4041 Evangelici
2540 3968 2733 4023 codicis
2749 3968 3144 4037 descriptionem
3164 3983 3265 4021 non
3289 3967 3546 4037 ingratam
3570 3965 3649 4021 Cl.

2059 4067 2166 4119 viro
2214 4062 2521 4117 Blanchinio
2546 4062 2722 4133 fuisse,
2768 4060 3027 4132 signiﬁces
3056 4075 3076 4114 :
3103 4060 3337 4129 apprime
3364 4075 3581 4127 namque
3600 4058 3655 4112 id

2062 4168 2305 4228 gratum,
2355 4166 2400 4210 et
2424 4172 2548 4227 quas
2576 4172 2672 4227 par
2723 4165 2840 4219 est,
2884 4154 3043 4209 habeo
3088 4155 3321 4223 gratias;
3372 4154 3461 4208 sed
3495 4154 3651 4207 nolim

2064 4252 2244 4322 gratia:
2296 4250 2350 4303 id
2385 4249 2577 4321 apponi
2621 4247 2783 4312 mihi,
2836 4247 2972 4317 quod
3017 4248 3197 4301 merito
3250 4248 3351 4301 tuis
3380 4247 3652 4318 ‘paruerim

2050 4344 2217 4417 jussis
2243 4384 2254 4404 .
2286 4353 2330 4396 et
2382 4342 2459 4395 illi
2498 4342 2683 4412 fuerim
2712 4340 2975 4395 commode
3004 4340 3290 4395 obsecutus.
3346 4339 3467 4393 Jam
3492 4382 3506 4406 ,
3564 4356 3655 4394 nec

2062 4434 2248 4489 minori
2267 4444 2397 4489 certe
2416 4434 2575 4488 animi
2606 4434 2872 4488 alacritate
2904 4433 3114 4488 studebo
3138 4476 3155 4499 ,
3202 4435 3254 4487 iu
3283 4434 3651 4504 perquirendis,

357 4506 554 4558 tionum
578 4503 757 4596 signa,
795 4514 978 4576 prwter
1000 4504 1379 4596 aliquantulum
1405 4504 1561 4573 spatii
1596 4504 1839 4573 majoris,
1893 4520 1956 4556 ac
1980 4501 2035 4561 D
2060 4530 2135 4583 m5
2193 4527 2409 4580 mandas
2442 4567 2457 4589 ν
2505 4525 2725 4592 Latinis,
2761 4529 2805 4580 εί
2853 4526 2941 4596 συί
2965 4535 3080 4580 sum
3104 4567 3119 4592 ν
3164 4501 3342 4581 δαείω
3370 4501 3656 4593 summm,

354 4612 417 4649 ne
447 4596 501 4648 id
521 4595 725 4665 quidem
755 4612 973 4665 semper.
998 4595 1206 4651 Littera:
1236 4614 1409 4650 onmes
1440 4611 1581 4667 teque
1610 4598 1741 4651 inter
1767 4613 1820 4651 se
1846 4597 1953 4649 dis-

353 4698 498 4756 tant,
524 4688 667 4743 nulla
687 4689 861 4742 habita
888 4689 1041 4743 unius
1062 4689 1301 4743 dictionis
1328 4688 1390 4742 ab
1416 4690 1578 4743 altera
1607 4690 1951 4754 distinctione,

355 4780 456 4833 nisi
480 4796 620 4837 raro.
645 4780 726 4833 Ad
747 4781 899 4850 finem
929 4780 1157 4849 periodi,
1177 4790 1263 4833 aut
1289 4780 1523 4834 versiculi
1545 4822 1559 4846 ,
1579 4781 1775 4833 nullum
1792 4797 1955 4850 appo-

352 4872 507 4924 situm
547 4882 621 4925 est
655 4884 932 4941 punctum,
981 4874 1071 4926 sed
1120 4882 1315 4926 tantum
1350 4882 1460 4940 post
1505 4873 1953 4941 interrogationem

353 4962 562 5015 unicum
591 4965 920 5035 appingitur,
954 4981 1114 5036 neque
1142 4964 1196 5017 id
1223 4980 1419 5035 semper
1442 4980 1459 5017 :
1485 4980 1597 5033 qua:
1623 4980 1703 5018 res
1730 4964 1796 5018 ad
1819 4965 1954 5017 anti-

351 5053 597 5124 quitatem
638 5057 804 5123 fttcere
832 5058 1084 5112 videnlur.
1115 5056 1216 5112 Ubi
1237 5055 1425 5110 Divina
1456 5056 1665 5109 nomina
1683 5056 1874 5127 scripta
1892 5072 1954 5109 ex

351 5163 482 5201 auro
511 5155 658 5212 sunt,
693 5147 762 5200 ad
800 5149 934 5202 latus
970 5160 1235 5214 postrema:
1263 5151 1443 5206 littera'
1472 5162 1715 5219 punctum
1742 5166 1804 5204 ex
1824 5166 1952 5204 auro

350 5241 703 5309 adscriptum,
757 5252 968 5295 ornatus
1012 5246 1204 5313 gratia.
1255 5244 1580 5310 Dolendum,
1610 5244 1745 5315 quod
1762 5244 1948 5311 initio,

352 5333 455 5403 fine
473 5376 486 5399 ,
511 5344 555 5389 et
576 5334 890 5389 intermediis
927 5351 1125 5405 quoque
1144 5338 1284 5407 foliis
1310 5339 1374 5391 sit
1402 5355 1598 5411 quoque
1626 5338 1787 5393 codex
1832 5355 1947 5391 mu-

352 5424 500 5478 tilus.

422 5534 655 5588 Continet
677 5546 845 5592 autem
870 5581 884 5606 ,
908 5539 1045 5609 quod
1070 5539 1181 5609 ejus
1220 5552 1479 5611 superest,
1514 5540 1791 5611 Evangelia
1816 5542 1944 5609 duo,

347 5640 464 5721 qua:
513 5636 809 5681 sanctorum
832 5630 985 5686 Luca:
1035 5640 1083 5685 et
1129 5630 1296 5685 Marci
1349 5632 1626 5686 dicuntur:
1655 5642 1701 5687 et
1729 5634 1941 5702 quidem

343 5718 494 5785 iuxta
520 5733 630 5771 eam
673 5718 1105 5793 editionem,qute
1126 5722 1356 5795 Antiqua
1396 5722 1576 5779 Italica
1628 5740 1659 5777 a
1703 5722 1945 5779 Pdtribus

2057 4619 2345 4682 codicibus,
2375 4619 2678 4689 quicumque
2707 4618 2877 4672 decem
2902 4617 3161 4689 prioribus
3190 4617 3496 4671 Christiana:
3532 4618 3655 4672 reli-

2058 4712 2229 4783 gionis
2258 4711 2463 4765 stcculis
2490 4710 2668 4777 scripti
2704 4751 2718 4775 ,
2743 4711 2796 4763 in
2820 4710 2955 4781 Aug.
3006 4711 3103 4763 hac
3129 4710 3428 4764 bibliotheca
3458 4726 3657 4766 serven-

2058 4813 2160 4857 tur.
2216 4803 2383 4857 Unam
2432 4802 2751 4857 solummodo
2791 4801 2917 4855 mihi
2964 4803 3161 4856 veniam
3204 4812 3405 4876 petere,
3453 4820 3657 4859 necesse

2060 4907 2132 4950 est
2161 4914 2172 4949 :
2209 4913 2272 4950 ne
2298 4897 2492 4949 scilicet
2524 4938 2538 4961 ,
2573 4905 2673 4949 tam
2705 4912 2920 4967 propere
2965 4894 3022 4948 id
3062 4914 3093 4948 a
3114 4912 3193 4949 me
3226 4898 3461 4968 priestari
3505 4913 3655 4968 posse

2059 4997 2198 5058 putet
2221 4986 2583 5042 Blanchinius.
2638 4984 2739 5040 Ille
2764 4986 2947 5040 etenim
2974 5002 3173 5040 amoeno
3213 4987 3386 5043 Italia:
3414 4970 3540 5042 caelo
3567 5006 3654 5043 as-

2054 5092 2225 5137 suetus
2251 5122 2265 5146 ,
2294 5079 2503 5149 frigoris
2524 5078 2747 5151 regionis
2770 5079 2926 5150 hujus
2947 5079 3180 5149 ignarus,
3222 5088 3270 5133 et
3299 5081 3434 5149 quod
3486 5082 3653 5149 potis-

2055 5175 2237 5228 simum
2266 5182 2337 5227 est
2356 5213 2370 5237 ,
2418 5170 2734 5226 bibliothecas
2754 5184 2941 5227 nostra:
2965 5173 3159 5225 inscius
3184 5214 3198 5239 ,
3233 5174 3319 5227 vix
3364 5172 3649 5245 intelliget,

2054 5276 2159 5320 tam
2186 5282 2294 5320 esse
2320 5281 2409 5335 per
2424 5263 2641 5318 hiemem
2666 5265 2967 5319 adeuntibus
2997 5265 3253 5335 ingratam
3283 5306 3297 5328 ,
3330 5274 3376 5319 et
3417 5265 3653 5337 inhospi-

2053 5367 2158 5411 tam
2182 5398 2194 5419 ,
2226 5374 2378 5427 quam
2415 5364 2594 5412 testate
2624 5355 2932 5426 jucundam.
2958 5355 3087 5409 Cum
3135 5358 3360 5428 primum
3392 5358 3551 5428 igitur
3595 5357 3652 5411 id

2054 5451 2164 5511 fieri
2194 5452 2375 5521 poterit
2405 5490 2420 5515 ,
2444 5450 2499 5503 id
2546 5467 2624 5503 me
2671 5459 2967 5505 curaturum
2991 5451 3182 5522 recipio
3210 5493 3225 5516 ,
3255 5467 3316 5504 ac
3343 5451 3389 5505 si
3436 5451 3560 5519 quid
3582 5452 3653 5506 ad

2051 5546 2161 5615 ejus
2187 5560 2295 5599 rem
2319 5544 2484 5613 ,quod,
2493 5545 2672 5614 faciat,
2695 5560 2953 5613 reperero,
2968 5545 3060 5599 erit
3082 5544 3209 5598 mihi
3219 5542 3379 5609 vobis,
3394 5544 3651 5613 obtempe-

2049 5651 2191 5689 rasse
2213 5645 2317 5690 tam
2348 5646 2550 5705 gratum
2568 5652 2720 5706 quam
2741 5636 2878 5705 quod
2900 5636 3271 5708 gratissimum.
3300 5635 3391 5691 Sic
3422 5646 3489 5703 te,
3524 5634 3647 5690 Cel-

2048 5728 2167 5783 siss.
2205 5729 2457 5798 princeps,
2482 5744 2576 5797 pro
2610 5726 2851 5784 Ecclesiw
2896 5740 2999 5785 tute
3023 5728 3337 5785 incremento
3350 5726 3488 5784 Deus
3510 5728 3646 5799 opti-
