4054 6198
245 253 348 308 {El

1002 257 1336 317 EPISTOLA
1371 258 1735 316 ltLANCIlINl
1767 260 1858 316 AD
1898 257 2286 317 EPISCOPUM
2329 261 2769 320 GURCENSEM.

3442 269 3543 324 122

239 389 366 424 mus
386 383 543 427 servet
564 415 580 438 ,
606 389 667 428 ac
681 383 852 445 optata
875 384 962 431 tua
979 380 1234 433 secundet.
1272 378 1412 433 Vale.
1449 377 1841 446 Vindobona',a.

1954 397 2304 456 llobendorn‘.
2354 401 2574 457 Membr.
2610 417 2733 458 saec.
2775 420 2868 470 xu,
2913 405 3150 461 continet
3182 404 3298 461 Vet.
3330 415 3383 462 et
3409 406 3542 462 Nov.

238 470 301 519 d.
338 483 390 522 Χ.
427 468 531 523 cal.
554 470 744 540 Aprilis
767 511 781 536 ,
809 471 971 526 1746.

244 577 481 636 Celsiss.
517 583 574 637 S.
621 582 684 636 Β.
717 582 757 636 1.
793 585 1016 655 principi
1067 586 1306 658 .loseplto
1351 589 1561 646 Thtmio
1609 591 1845 649 Gurceu.

277 673 550 744 episeopo
576 674 824 730 Nicolaus
856 676 1097 734 Forlosia
1124 682 1182 736 S.
1213 681 1272 734 1).
1301 681 1806 748 obsequentissime.

320 833 495 889 Simul
533 852 595 888 ac
632 838 766 890 acris
810 838 970 892 hiems
995 842 1344 911 prcecipitare,
1387 855 1434 897 et
1479 859 1569 898 ver
1609 855 1849 918 appetere

238 925 423 996 erepit,
453 925 584 979 nihil
613 926 744 980 mihi
787 928 881 999 fuit
912 931 1076 1000 prius,
1123 948 1274 1001 quam
1318 943 1372 987 ut
1413 937 1671 990 mandatis
1717 939 1843 1004 tuis,

243 1012 460 1070 Celsiss.
509 1017 772 1086 princeps,
823 1037 1075 1090 parerem.
1119 1021 1333 1079 Latinos
1376 1026 1547 1096 itaque
1584 1043 1847 1083 sacrorum

243 1108 500 1162 librorum
527 1111 751 1176 codices,
797 1114 886 1183 qui
917 1115 969 1168 in
1009 1117 1146 1188 Aug.
1172 1116 1274 1172 hac
1297 1118 1600 1175 bibliotheca
1639 1138 1847 1177 servan-

241 1209 356 1264 tur,
385 1202 713 1271 perlustrari,
758 1220 982 1273 quosque
1011 1207 1079 1259 ad
1106 1208 1183 1262 Cl.
1232 1207 1527 1265 Blaucltinii
1556 1223 1731 1283 aptata
1759 1217 1843 1284 fa-

241 1310 367 1349 cere
397 1297 583 1365 reperi,
614 1313 696 1352 eos
736 1298 1000 1364 adnotavi,
1031 1311 1078 1354 et
1107 1303 1243 1364 -,Ituic
1271 1305 1501 1374 epistolce
1529 1325 1621 1376 pro
1651 1310 1844 1365 indicio

241 1386 562 1459 adscriptas,
588 1389 656 1442 ad
683 1399 732 1444 te
759 1392 927 1445 mitto.
963 1392 1114 1460 Quod
1143 1397 1187 1448 si
1214 1397 1339 1466 quid
1361 1415 1426 1452 ex
1464 1403 1576 1472 ejus
1609 1418 1704 1455 usu
1734 1407 1845 1472 [ue-

241 1478 341 1543 rit,
389 1482 484 1532 erit
532 1483 657 1534 milii
702 1485 1087 1553 gratissimum;
1117 1499 1194 1550 ut,
1224 1491 1268 1542 si
1293 1507 1407 1560 qua:
1437 1492 1548 1546 loca
1573 1510 1689 1547 cum
1729 1495 1843 1550 Cle-

243 1573 474 1625 mentiua
506 1571 735 1627 editione
756 1576 944 1629 collata
968 1579 1201 1645 voluerit,
1230 1580 1284 1633 id
1305 1598 1395 1650 per
1419 1585 1576 1637 otium
1602 1597 1845 1657 prtestare

241 1679 353 1718 non
381 1666 662 1737 defugiam.
695 1665 826 1740 Ejus
854 1669 1012 1740 igitur
1058 1673 1327 1743 explorare
1353 1677 1420 1728 sit
1463 1677 1630 1742 labor,
1676 1695 1736 1732 ac
1767 1681 1843 1734 tui

2026 491 2172 546 Test.

1951 607 2172 772 {Neap
2199 609 2737 772 Membr.s:ce.xr).}
2769 617 3045 671 continent
3085 616 3247 672 Vetus
3308 629 3361 673 et
3405 618 3542 674 Nov.

2007 702 2692 772 Neap..\lembr.szcc.x1v).
2767 707 2916 764 Test.

2007 702 2410 776 Nealeembr.
2427 709 2692 779 smc.x1v).
2717 702 2734 776 1
2767 707 2916 764 Test.

1951 818 2178 876 Codices
2207 824 2562 892 posteriorum
2587 825 2934 891 smculorum,
2965 825 3055 896 qui
3089 835 3215 882 sunt
3246 826 3381 882 bene
3408 828 3546 882 mul-

2030 914 2089 980 ti,
2122 915 2250 970 nulli
2283 916 2368 972 hic
2396 917 2744 974 adnotantur.

1949 1074 2254 1133 Celsiss.S.
2306 1078 2368 1133 R.
2404 1079 2445 1132 1.
2502 1079 2726 1150 principi
2774 1079 3010 1151 .loseplto
3051 1080 3262 1135 Tltunio
3283 1081 3545 1138 Gnrccnsi

2031 1170 2327 1241 episeopo,
2405 1171 2661 1228 Nicolaus
2737 1172 2978 1228 Forlosia
3061 1173 3548 1245 obsequentissime

2021 1263 2078 1320 S.
2114 1265 2174 1320 D.

2025 1402 2144 1458 Mea
2183 1404 2292 1471 tibi,
2326 1404 2533 1460 Celsiss.
2585 1408 2841 1478 princeps,
2887 1409 3102 1480 parendi
3149 1407 3341 1475 studia,
3366 1418 3414 1462 et
3462 1423 3548 1478 ge-

1948 1496 2094 1548 nium
2154 1497 2209 1550 in
2259 1499 2578 1570 lmjusmodi,
2630 1517 2758 1568 quos
2806 1503 2885 1556 Cl.
2935 1500 3274 1555 Blancltinius
3335 1503 3545 1570 expetit,

1947 1588 2226 1652 laboribus,
2262 1591 2360 1642 nisi
2391 1592 2516 1644 satis
2556 1593 2768 1663 probata
2798 1592 3045 1647 hactenus
3088 1593 3227 1648 vobis
3275 1609 3381 1647 esse
3423 1609 3547 1647 con-

1947 1679 2186 1748 ﬁderem,
2216 1697 2275 1733 ea
2305 1683 2458 1751 facile
2487 1683 2755 1737 suaderent
2786 1694 3056 1753 postrema:
3077 1686 3144 1738 ad
3165 1693 3230 1748 te,
3261 1701 3389 1755 quas
3405 1684 3546 1751 dedi,

231 1757 444 1829 jubere.
480 1757 570 1812 Sic
601 1770 650 1812 te
691 1759 832 1815 Deus
875 1779 969 1832 pro
1015 1761 1264 1819 Ecclesia:
1303 1776 1405 1822 tute
1446 1769 1596 1837 bono,
1643 1782 1689 1824 et
1735 1789 1846 1826 meo
1877 1777 1925 1836 B
1954 1772 2152 1825 littera'.
2201 1771 2265 1826 In
2288 1773 2352 1828 iis
2395 1777 2577 1828 etenim
2621 1793 2722 1830 non
2753 1778 2943 1845 {rustra
2985 1778 3152 1843 innui,
3201 1777 3246 1830 si
3287 1793 3400 1848 qua:
3441 1794 3548 1830 nta-

243 1851 494 1918 prtesidiu
518 1864 676 1906 servet
703 1854 1032 1907 incolumem.
1065 1855 1208 1909 Vale.
1224 1856 1561 1927 Vindobome,
1591 1879 1642 1915 a.
1679 1864 1732 1916 d.
1763 1880 1837 1918 ιχ.

242 1942 352 1995 kal.
379 1944 525 2009 maii,
561 1944 722 2000 1746.

247 2055 324 2109 Ex
372 2059 514 2125 Aug.
562 2055 885 2113 bibliotheca
935 2060 1177 2116 Caesarea
1228 2062 1622 2121 Vindobonensi
1668 2083 1848 2123 sacro-

317 2162 438 2200 rum
478 2147 774 2203 Bibliorum
806 2150 1022 2206 codices
1045 2151 1196 2221 juxta
1226 2155 1469 2210 ordinem
1499 2157 1561 2212 γ.
1599 2158 1658 2212 C.
1694 2158 1840 2214 Gen-

320 2240 500 2294 tilotii.

247 2353 308 2407 L.
344 2354 836 2426 Quinquagcsimus
861 2360 1030 2415 codex
1064 2361 1254 2418 Tltcol.
1291 2363 1510 2418 Latinus
1550 2376 1650 2431 est,
1679 2385 1847 2422 ntem-

315 2449 654 2517 brauaceus,
696 2454 1128 2524 antiquissimus,
1176 2459 1274 2511 sub
1321 2460 1478 2512 linem
1513 2462 1691 2516 surculi
1757 2479 1846 2518 \‘ttt

314 2553 412 2597 aut
461 2545 672 2599 initium
722 2563 796 2611 ix,
831 2547 1024 2603 litteris
1072 2549 1314 2604 rotundis
1347 2551 1578 2622 scriptus
1623 2555 1847 2623 sumpti-

317 2635 421 2690 bus
447 2636 687 2692 Radonis
727 2639 953 2693 Abbatis
984 2640 1040 2696 S.
1091 2641 1309 2696 Vedasti
1358 2643 1730 2700 Atrebatensis
1779 2647 1846 2698 ab

318 2729 385 2782 Α.
413 2726 540 2782 Cltr.
573 2729 700 2794 795,
739 2746 906 2802 usque
928 2732 993 2787 ad
1019 2732 1082 2787 A.
1113 2733 1240 2789 815.
1267 2734 1362 2788 llic
1389 2751 1513 2788 vero
1543 2736 1845 2805 descriptus

317 2837 346 2875 a
381 2822 668 2879 Lambecio
702 2824 799 2880 lib.
836 2842 868 2880 tt
927 2825 1384 2883 Commentarior.
1415 2845 1443 2882 a
1474 2845 1592 2900 pag.
1625 2832 1746 2896 402,
1779 2848 1847 2889 ex

316 2931 431 2986 quo
457 2928 709 2990 excerpta
745 2920 926 2974 retulit
950 2919 1182 2975 Jacobus
1211 2921 1284 2975 Le
1313 2921 1483 2992 Long,
1515 2923 1653 2978 Bibl.
1689 2924 1841 2980 Sacr.

318 3009 471 3064 Tom.
504 3027 540 3076 ι,
579 3027 700 3082 pag.
749 3013 875 3074 556.
905 3013 1143 3066 continet
1172 3012 1340 3067 Biblia
1373 3013 1535 3068 Sacra
1569 3016 1845 3086 utriusque

314 3102 670 3158 Teslautenti.
715 3103 966 3160 Codicem
998 3114 1155 3157 totum
1186 3105 1452 3157 ruinosam
1483 3103 1617 3160 falso
1658 3109 1843 3176 appel-

315 3194 436 3259 lari,
467 3197 540 3250 ait
566 3195 914 3263 Gentilotius,
961 3211 1058 3251 nec
1096 3195 1232 3252 adeo
1280 3195 1330 3250 id
1362 3212 1440 3250 vet
1460 3213 1548 3250 um
1593 3212 1715 3251 esse
1747 3215 1839 3252 ne-

311 3296 405 3356 gat
434 3303 447 3339 :
489 3304 607 3340 nam
639 3289 891 3360 fugientes
923 3288 1108 3342 alicubi
1135 3289 1351 3356 litteras,
1384 3289 1428 3342 si
1463 3287 1638 3342 oculos
1677 3289 1841 3344 inten-

310 3380 428 3445 das,
455 3381 757 3452 plerumque
781 3397 1073 3452 assequare.

254 3475 484 3594 ‘LXIV.
507 3517 947 3574 Membranaceus
973 3518 1100 3573 anni
1129 3518 1290 3574 1541.

251 3600 478 3733 (XCIV.
521 3634 964 3690 Metubranaceus
993 3651 1120 3690 saec.
1157 3634 1287 3705 xxv).

1352 3473 1636 3529 continent
1667 3474 1837 3529 Biblia

1355 3571 1561 3626 Veteris
1607 3581 1658 3626 et
1702 3572 1837 3627 Novi

1352 3666 1704 3721 Testamenti.

237 3756 408 3812 XCV.
451 3753 894 3812 Membranaeeus
946 3771 1073 3812 saec.
1138 3774 1190 3812 κ.
1225 3758 1393 3813 codex
1443 3758 1663 3811 mutilus
1710 3771 1840 3812 con-

310 3851 450 3907 tinet
477 3849 787 3921 prapbetas.

236 3965 345 4023 CL.
388 3965 830 4022 Membranaceus
861 3980 990 4021 saec.
1025 3982 1079 4032 χ,
1113 3964 1352 4021 continet
1385 3974 1618 4036 quatuor
1660 3964 1840 4020 Evan-

309 4058 468 4128 gelia.

239 4171 460 4228 CCLIX.
504 4173 807 4230 Membran.
840 4190 965 4230 szec.
997 4190 1051 4239 κ,
1083 4174 1331 4229 continet
1360 4175 1492 4228 Acta
1541 4168 1836 4245 Apostolo-

311 4282 451 4327 rum.
483 4267 779 4334 Epistolam
808 4265 1017 4331 Jacobi,
1047 4277 1102 4321 et
1135 4267 1232 4336 Ep.
1265 4265 1409 4320 Petri
1442 4267 1688 4335 primam.

237 4357 544 4414 CCLXXX.
585 4357 817 4413 Membr.
850 4373 978 4412 saec.
1010 4359 1338 4424 st,mutilus
1404 4358 1642 4414 continet
1683 4358 1839 4414 Salo-

310 4453 487 4507 monis
523 4451 842 4512 Proverbia,
867 4461 922 4505 et
949 4451 1142 4506 librum
1174 4450 1485 4520 Sapientiae.

238 4542 550 4599 CCCXLlll.
623 4544 920 4599 Membrau.
973 4558 1100 4599 ειυς.
1160 4559 1247 4609 x1,
1293 4543 1536 4599 continuet
1598 4543 1908 4615 quatuorD

307 4634 619 4706 Evangelia.

239 4748 583 4807 CCCLXXXI
632 4761 684 4806 et
735 4749 1005 4805 CDLVlll.
1049 4749 1441 4805 Metnbranacei
1512 4766 1639 4806 sme.
1701 4767 1826 4820 Σίν,

307 4845 462 4898 ambo
489 4845 778 4898 continent
805 4842 978 4896 Biblia
1007 4845 1286 4913 tttriusque
1317 4843 1670 4899 Testamenti.

245 4936 590 4992 CDLXXXV.
639 4936 940 4991 Membran.
989 4951 1116 4992 sate.
1166 4952 1279 5002 xu,
1337 4938 1578 4992 continet
1625 4936 1831 4992 Psalte-

308 5031 438 5084 rium
477 5028 801 5085 Davidicum
833 5043 954 5083 cum
987 5027 1226 5085 Canticis
1257 5029 1426 5094 Isaiae,
1452 5037 1506 5083 et
1529 5029 1763 5084 caneris.

239 5121 389 5178 DXC.
433 5123 740 5179 Membran.
781 5135 909 5175 stne.
956 5136 1036 5176 xu
1075 5121 1316 5175 continet
1367 5121 1570 5191 aliquot
1614 5119 1829 5176 Veteris

306 5216 448 5272 Test.
486 5217 675 5284 libros,
708 5225 762 5270 et
789 5224 1018 5284 quatuor
1049 5213 1362 5284 Evangelia.

235 5306 634 5365 DCLXXXV".
671 5307 898 5364 Metnbr.
942 5307 1007 5360 A.
1063 5307 1223 5372 1247,
1269 5307 1511 5362 continet
1559 5305 1728 5362 Vetus
1773 5317 1829 5362 et

308 5398 444 5454 Nov.
469 5400 618 5455 Test.

234 5494 506 5551 DCCLIX.
545 5496 775 5552 Metnbr.
809 5509 936 5550 saec.
984 5509 1102 5557 xm,
1147 5493 1387 5550 continet
1419 5493 1542 5548 Vet.
1589 5501 1662 5556 et,
1689 5491 1822 5548 Nov.

303 5588 455 5644 Test.

237 5679 604 5739 DCCLXXVL
649 5681 945 5738 Membran.
977 5697 1102 5738 sate.
1138 5697 1247 5749 xtv,
1275 5683 1516 5738 continet
1558 5681 1690 5738 Nov.
1725 5681 1826 5738 Te-

303 5785 438 5830 stam
447 5813 462 5830 .

1952 1866 2330 1933 nuscriptorum
2374 1868 2486 1922 loca
2532 1871 2752 1938 conferri
2793 1887 2909 1922 cum
2971 1869 3192 1940 Vulgata
3227 1871 3450 1924 editione
3491 1886 3549 1923 o-

1952 1969 2194 2025 pai-teret,
2247 1976 2326 2014 me
2373 1962 2426 2014 id
2479 1963 2844 2030 pra'stiturunt.
2901 1963 2978 2018 Ea
3019 1981 3142 2018 sane
3183 1965 3398 2028 ratione,
3445 1980 3547 2033 qua

1953 2069 2184 2121 possunt,
2228 2072 2308 2108 me
2339 2056 2427 2108 tibi
2471 2055 2649 2110 obtuli.
2689 2055 2864 2110 Talem
2895 2066 3060 2110 autem
3106 2057 3366 2127 inreptare
3407 2056 3547 2109 labo-

1952 2160 2079 2210 rem,
2127 2145 2420 2213 diutiusque
2483 2147 2788 2220 perdurare,
2834 2150 2886 2201 in
2916 2164 3016 2219 quo
3059 2148 3302 2201 incubare
3347 2148 3543 2210 oculos,

1953 2240 2164 2307 prapius
2211 2241 2534 2306 admovendi,
2583 2251 2629 2296 et
2659 2240 2851 2311 ﬁgendi
2898 2257 3075 2307 causa,
3120 2257 3248 2308 Opus
3293 2242 3378 2304 sit,
3424 2239 3548 2294 mihi

1952 2336 2060 2400 fere
2107 2335 2305 2406 μύωπι,
2341 2350 2442 2388 non
2474 2336 2608 2397 licet,
2642 2351 2731 2406 per
2771 2336 3006 2404 pectoris,
3041 2352 3192 2405 quant
3224 2335 3412 2404 patior,
3450 2334 3548 2386 im-

1952 2424 2300 2480 becillitatem.
2359 2428 2547 2480 Sacros
2597 2428 2768 2495 itaque
2815 2428 3014 2480 codices
3076 2427 3372 2494 conferendi
3419 2443 3546 2480 onus

1950 2517 2270 2586 suscipienti,
2304 2519 2487 2588 fallere
2517 2534 2718 2571 necesse
2766 2529 2916 2582 esset,
2964 2533 3117 2586 quam
3156 2517 3412 2571 exsolvere
3456 2533 3546 2572 ne-

1949 2624 2102 2677 queo,
2151 2609 2328 2676 ﬁdem.
2363 2610 2425 2662 At
2457 2610 2499 2662 si
2533 2612 2664 2678 forte
2693 2610 2802 2662 lteic
2846 2609 3166 2680 reperiantur
3212 2619 3311 2662 tute
3361 2608 3546 2662 diatre-

1951 2719 2061 2756 seos
2094 2703 2426 2756 ecclesiastici
2454 2704 2576 2765 duo,
2609 2721 2820 2773 quorum
2853 2705 3136 2775 diligentiw
3163 2705 3216 2758 id
3236 2705 3545 2759 committere

1952 2796 2138 2863 possis,
2168 2797 2242 2850 eis
2264 2813 2346 2849 me
2374 2797 2609 2862 libenter,
2644 2798 2694 2850 in
2722 2800 2992 2870 captandis
3017 2798 3330 2869 fugientibus
3365 2800 3545 2853 litteris

1949 2898 2137 2958 prcesto
2186 2888 2419 2958 futurum
2485 2891 2748 2960 promitto.
2803 2890 3069 2956 Pluribus,
3121 2892 3400 2946 excusandi
3446 2892 3546 2945 mei

1949 2983 2140 3050 gratia,
2194 2979 2442 3047 abstineo,
2489 2999 2551 3036 ne
2588 2984 2651 3037 de
2697 2996 2784 3038 tua
2809 3000 2929 3054 erga
2954 3001 3032 3038 me
3063 2985 3424 3050 benevolentia,
3455 2994 3545 3039 aut

1949 3069 2014 3122 de
2043 3085 2124 3134 ea,
2153 3087 2254 3142 qua
2285 3075 2425 3144 apud
2461 3071 2827 3127 Blancbinium
2871 3075 3030 3134 vales.
3081 3079 3148 3126 ad
3195 3076 3292 3146 ipsi
3335 3091 3546 3144 persua-

1948 3163 2172 3218 dendum
2201 3167 2528 3230 auctoritate,
2558 3168 2785 3237 difﬁdere
2814 3169 3003 3221 videar.
3046 3166 3297 3237 Equidem
3322 3178 3370 3221 te
3391 3169 3544 3223 etiam

1945 3272 2090 3328 rogo,
2120 3267 2173 3310 ut
2201 3258 2280 3311 illi
2327 3259 2637 3330 persuadeas
2663 3260 2736 3324 id,
2765 3261 2904 3329 quod
2929 3261 3150 3314 maxime
3175 3276 3238 3314 ea:
3261 3260 3420 3313 animi
3445 3262 3542 3316 mei

1944 3351 2192 3404 sententia
2219 3362 2472 3421 optarem,
2505 3362 2750 3424 pra’stare
2772 3369 2874 3406 non
2902 3369 3066 3421 posse,
3101 3363 3146 3406 et
3177 3352 3382 3407 dividite
3409 3370 3534 3408 esse.

1946 3443 2036 3500 Sic
2083 3454 2152 3514 te,
2201 3443 2408 3501 Celsiss.
2461 3448 2734 3516 princeps,
2788 3446 2856 3500 D.
2909 3447 2972 3502 0.
3011 3447 3087 3500 Μ.
3122 3448 3211 3500 dtu
3239 3448 3540 3502 incolumem

1943 3546 2124 3590 seruet.
2153 3536 2301 3592 Vale.
2342 3537 2678 3604 Vindobona’,
2725 3555 2776 3591 a.
2809 3539 2862 3592 d.
2895 3555 2979 3605 v1,
3013 3557 3135 3592 non.
3165 3539 3336 3602 Junii,
3375 3539 3535 3595 1746.

2017 3648 2144 3703 llaec
2191 3658 2335 3711 sunt,
2385 3665 2504 3719 quae
2545 3666 2609 3704 ex
2661 3652 2887 3719 Optimo,
2917 3659 2971 3704 et
3006 3651 3165 3720 lobgo
3211 3666 3388 3704 rerum
3437 3666 3535 3705 usu

1943 3739 2400 3795 exercitatissimo
2431 3740 2840 3796 biltliotltecario
2878 3757 3111 3807 mecum,
3154 3741 3537 3799 humanissime

1941 3831 2219 3902 princeps,
2264 3833 2696 3899 communicasti,
2743 3843 2796 3886 ut
2850 3834 3230 3904 intelligerent,
3279 3851 3367 3891 me
3405 3837 3536 3890 tattli

1944 3923 2045 3978 viri
2071 3925 2337 3978 amicitias
2367 3934 2459 3980 tuo
2489 3941 2712 3980 munere
2743 3925 2908 3981 fuisse
2955 3938 3297 3997 aucupatum.
3344 3927 3535 3982 Audivi

1941 4030 1970 4069 a
2004 4017 2256 4072 maximis
2288 4019 2448 4082 viris,
2471 4021 2668 4089 quique
2697 4019 2747 4074 id
2794 4021 3043 4076 facillime
3075 4037 3235 4076 nosse
3264 4031 3532 4091 poterant,

1945 4109 1996 4163 in
2034 4108 2440 4166 Vindobouensi
2489 4111 2742 4183 tltcsanro
2773 4111 2932 4167 codd.
2983 4128 3113 4167 mss.
3156 4113 3358 4167 nullum
3387 4113 3533 4168 aliud

1941 4203 2246 4271 exemplum
2297 4218 2582 4273 superesse
2633 4203 2776 4258 illius
2832 4204 3094 4258 versionis
3144 4205 3360 4269 Italicae,
3413 4220 3534 4276 qua:

1943 4301 2260 4362 propagata,
2291 4295 2549 4364 quasique
2583 4310 2676 4362 per
2703 4310 2890 4348 manus
2923 4297 3110 4349 tradita
3143 4297 3260 4361 fuit,
3289 4307 3343 4350 et
3386 4311 3532 4352 Slllll-

1943 4399 2031 4438 tuo
2062 4385 2243 4439 sutdio
2271 4395 2475 4440 retenta
2523 4385 2574 4440 in
2611 4387 2876 4458 plerisque
2912 4387 3115 4440 Latinis
3147 4388 3409 4454 ecclesiis,
3443 4405 3534 4446 us-

1942 4491 2044 4546 que
2074 4478 2140 4531 ad
2173 4486 2413 4547 tempora
2443 4477 2502 4534 S.
2538 4477 2779 4549 Gregorii
2823 4479 3017 4547 Magni.
3052 4479 3392 4536 Sacerrimus
3441 4483 3531 4537 ille

1941 4572 2111 4624 codex
2145 4572 2194 4625 iu
2229 4572 2423 4640 pluteis
2453 4574 2713 4628 latitabat.
2745 4573 2823 4628 Tu
2855 4589 2982 4628 vero
3008 4575 3059 4628 itt
3087 4590 3153 4630 eo
3200 4577 3530 4632 conferendo

1944 4665 2148 4734 priutus
2201 4667 2438 4720 omnium
2486 4668 2689 4721 navasti
2739 4683 2990 4737 operam;
3042 4679 3097 4722 ttt
3151 4685 3250 4740 ego
3306 4671 3529 4726 collatos

1940 4755 2092 4810 locos
2144 4756 2196 4810 in
2244 4756 2411 4812 bocce
2442 4757 2865 4827 Evangeliariuut
2895 4759 3237 4829 Quadruplex
3270 4760 3526 4827 inferens,

1937 4861 2058 4900 eum
2118 4843 2422 4902 Christiana
2467 4863 2581 4918 rep.
2628 4851 3098 4904 communicarem.
3136 4849 3303 4903 Velim
3351 4856 3527 4902 tamen

1936 4955 2002 4996 ex
2037 4952 2088 4996 te
2139 4942 2318 4996 audiat
2347 4943 2427 4997 Cl.
2480 4942 2745 5010 Forlosia,
2794 4954 3046 5014 quantum
3093 4958 3192 5012 ego
3237 4941 3365 4994 tttilti
3396 4957 3529 4996 con-

1939 5035 2083 5088 scius
2110 5035 2236 5101 sim,
2264 5045 2319 5090 et
2348 5037 2600 5106 prolitear
2625 5052 2710 5090 me
2738 5036 2835 5089 sibi
2860 5050 3072 5104 quoque
3088 5035 3288 5090 debere
3309 5051 3323 5101 ;
3345 5052 3530 5106 quam-

1935 5143 2045 5199 que
2073 5129 2288 5193 bcatum
2323 5145 2408 5184 me
2442 5129 2676 5183 futurum
2711 5139 2912 5197 putem,
2956 5130 2999 5182 si
3053 5129 3181 5184 mihi
3233 5131 3529 5185 referenda:

1934 5220 2120 5288 gratia:
2170 5227 2411 5289 potestas
2440 5221 2615 5274 detur.
2650 5221 2882 5275 Litteras
2919 5229 3038 5275 tuas
3082 5223 3235 5277 valde
3281 5233 3523 5291 expecto,

1933 5311 2018 5366 vir
2052 5312 2489 5381 sapientissime;
2523 5328 2622 5368 nec
2655 5315 2783 5368 mihi
2815 5315 3103 5386 quidquam
3149 5317 3352 5387 gratius
3381 5315 3530 5369 acci-

1934 5403 2066 5459 dere
2095 5403 2312 5474 poterit,
2345 5419 2504 5474 quam
2551 5407 2594 5460 si
2640 5422 2726 5461 me
2762 5408 2854 5462 tibi
2899 5409 3098 5479 aliquid
3147 5421 3230 5461 tua
3264 5421 3421 5460 causa
3455 5407 3530 5460 la-

1935 5512 2060 5553 cere
2081 5497 2291 5568 jubeas.
2326 5497 2461 5554 Novi
2495 5509 2568 5566 te,
2594 5501 2698 5556 mei
2731 5516 2854 5558 esse
2881 5503 3327 5557 amantissimum.
3377 5501 3527 5558 Nunc

1934 5607 2069 5649 vero
2097 5600 2152 5649 et
2179 5593 2268 5648 alii
2297 5610 2362 5648 ex
2404 5595 2620 5666 scriptis
2664 5596 2782 5652 istis
2815 5596 3128 5665 intelligent,
3160 5604 3357 5662 quanta
3387 5597 3530 5651 inter

1937 5700 2037 5740 nos
2063 5687 2423 5751 voluntatum,
2455 5702 2518 5742 ac
2561 5688 2861 5742 studiorum
2913 5686 3222 5754 conjmtctio
3273 5687 3361 5741 sit.
3397 5687 3528 5743 Vive

1931 5777 2046 5836 ditt.
2091 5778 2286 5847 praesul
2339 5777 2759 5841 humanissime;
2801 5777 2944 5845 vive,
2997 5786 3050 5831 et
3099 5793 3428 5836 consenesco
3475 5780 3526 5833 itt
