4054 6198
442 181 546 243 1‘13

1818 168 2351 239 PROLEGOMENA.

3588 244 3595 249 ο
3636 172 3731 234 lii

442 295 635 353 Sltttliis
686 295 811 349 tuis.
844 293 1226 366 Contempsisli
1257 293 1429 349 adhuc
1468 294 1683 364 juvenis
1725 308 1786 350 ea
1826 295 2026 361 omnia,
2057 296 2356 365 Aprrestiti
2399 296 2450 350 in
2507 304 2654 365 parte
2712 311 2779 361 tt,
2840 310 2996 352 versa
3049 294 3209 366 hujus
3261 295 3536 354 editionis.
3597 297 3731 354 Pos-

442 404 561 459 quce
593 386 753 457 vulgo
779 386 937 441 etiam
980 402 1008 439 a
1038 386 1255 440 senibus
1303 386 1518 440 maximi
1551 384 1702 439 ﬁunt.
1738 385 1925 450 Deum,
1978 394 2034 441 et

444 482 743 537 Ecelesiam
779 490 919 535 luam
954 480 1106 534 unice
1134 481 1357 550 cogitas.
1402 478 1522 533 Alia
1564 480 1744 533 omnia
1788 487 2027 533 contem-

447 577 557 642 nis,
588 575 837 645 quoniam
868 572 1038 640 fluxa,
1066 582 1119 628 et
1142 572 1341 628 caduca
1368 582 1511 626 sunt.
1540 569 1724 625 Nostri
1747 585 1935 626 omnes
1982 578 2035 626 te

445 669 698 723 salutant.
754 667 935 722 Saluta
983 666 1112 720 mihi
1148 675 1217 719 (tu
1267 664 1422 719 isthic
1474 664 1537 720 Ι),
1586 664 1906 719 Forlosiam.
1953 662 2034 718 Ad

447 776 570 819 eum
601 762 842 817 scribere
876 775 1022 816 nunc
1050 776 1155 814 non
1187 759 1313 813 licet
1343 774 1436 828 per
1457 758 1836 827 occupationes
1867 776 1882 811 :
1914 758 2039 812 seri~

450 854 570 909 bam
613 864 790 909 autem
837 852 1170 924 prapediem.
1214 852 1363 915 Vale,
1396 861 1449 907 et
1476 852 1541 906 de
1590 851 1770 907 Sacris
1818 850 2037 907 Litteris

450 950 651 1020 optime
680 949 897 1014 mereri,
928 947 1141 1018 quando
1173 946 1223 1000 id
1254 946 1334 1001 vel
1366 944 1458 999 ttni
1490 946 1585 999 tibi
1621 946 1856 1000 maxime
1884 944 2033 1008 licet,

449 1058 517 1096 ne
562 1042 811 1095 desistas.
861 1040 955 1095 His
984 1048 1240 1110 quantum
1287 1038 1468 1102 studii,
1502 1036 1900 1109 diligentiaeque
1946 1038 2039 1092 ad-

451 1130 711 1195 hibueris,
748 1141 948 1186 tantum
984 1141 1033 1186 te
1061 1130 1321 1186 Gurcensi
1372 1129 1651 1193 Ecclesiae,
1705 1130 2040 1201 publicaeque

455 1226 693 1292 utilitati,
739 1228 821 1281 cui
872 1240 1088 1295 semper
1118 1225 1404 1279 consulere
1445 1223 1719 1289 studuisti,
1753 1224 2039 1294 elargitum

453 1334 572 1375 €528
625 1334 950 1389 cognovero.
1024 1320 1101 1374 Ex
1150 1317 1375 1372 zEdibus
1431 1316 1828 1383 Vallicellanis,
1884 1319 2043 1375 nonis

453 1412 582 1481 Apr.
616 1410 773 1466 1747.

1082 1573 1411 1630 EPISTULA

882 1723 1159 1767 BLANCEINI
1196 1726 1264 1766 AD
1293 1726 1429 1767 MUSE
1436 1726 1614 1767 LLIUI.

454 1850 771 1906 Clarissimo
797 1860 852 1905 et
903 1850 1441 1905 benemerentissimo
1481 1849 1596 1903 viro
1638 1842 1831 1904 Joanni
1882 1846 2049 1902 Fran-

527 1944 671 1997 cisco
694 1942 939 1997 Musellio
987 1951 1187 1996 sanctm
1220 1941 1544 1996 Veronensis
1588 1941 1843 1996 Ecclesiae
1883 1956 2049 1996 eano-

531 2038 650 2088 nico
688 2034 1158 2105 archipresbytero
1190 2033 1391 2102 Joscph
1422 2033 1746 2087 lllanchinus
1778 2032 2053 2087 Veronen-

528 2129 605 2183 sis
663 2128 944 2200 presbyter
969 2130 1403 2199 congregationis
1443 2128 1676 2182 Oratorii
1729 2128 1785 2183 S.
1822 2128 2052 2200 Philippi

529 2222 673 2279 Nerii
702 2222 768 2278 de
796 2223 928 2278 urbe
955 2223 1186 2278 Salutem
1216 2235 1268 2279 et
1299 2225 1485 2278 vitam.

534 2344 719 2397 Annus
747 2344 854 2409 jam
883 2343 1057 2411 agitur
1081 2358 1168 2407 xv,
1198 2357 1265 2397 ex
1297 2356 1423 2411 quo,
1460 2356 1558 2411 pro
1589 2341 1844 2412 singulari
1878 2350 1969 2397 tuo
1991 2340 2059 2397 de

461 2433 643 2490 Sacris
695 2433 913 2489 Litteris
966 2434 1346 2489 benemerendi
1401 2434 1616 2499 studio,
1673 2445 1860 2489 auctor
1925 2433 2059 2488 milti

462 2526 631 2588 l'uisti,
666 2535 723 2579 ut
761 2525 1004 2581 codicem
1048 2527 1194 2580 illum
1225 2541 1551 2595 purpureum
1582 2526 1949 2582 celeberrima:
1980 2525 2061 2579 bi-

466 2618 752 2673 bliotheca:
784 2618 888 2672 DD.
924 2620 1307 2673 eanonieorutu
1358 2621 1671 2687 amplissimi
1714 2621 1933 2689 capituli
1957 2620 2063 2676 Ve-

465 2711 734 2777 ronensis,
766 2712 922 2780 cujus
967 2712 1076 2780 jam
1125 2727 1225 2781 ego
1256 2727 1377 2780 pars
1409 2712 1511 2765 ima
1542 2712 1638 2777 lui,
1687 2722 1741 2765 tu
1784 2726 1943 2777 vero,
1976 2726 2065 2766 ar-

467 2802 841 2874 ebipresbyter
873 2804 1342 2874 prtestantissime,
1385 2819 1656 2859 summum
1702 2818 1761 2859 es
1803 2816 1984 2873 caput,
2012 2812 2067 2859 et

468 2896 654 2962 decus,
705 2896 844 2967 typis
891 2896 1132 2961 ederem,
1184 2906 1344 2967 atque
1394 2895 1757 2963 illustraretn;
1808 2897 2066 2966 quoniam

470 2986 691 3043 exhibet
721 2988 993 3057 antiquam
1024 2987 1264 3043 Latinam
1290 2987 1474 3050 Italam
1505 2988 1932 3056 translationem,
1953 2990 2065 3058 jam

2139 390 2364 444 teritatis
2411 390 2588 460 potius
2659 390 2975 459 adjuvandte
3054 390 3271 453 studio,
3334 400 3391 443 ut
3435 406 3518 445 me
3557 396 3726 447 velte-

2135 490 2365 547 menter,
2399 492 2450 539 et
2473 483 2670 550 saepius
2692 498 2753 537 es
2784 483 3121 549 cohortatus,
3153 482 3408 550 efﬁciam,
3432 494 3491 538 ut
3514 486 3565 539 in
3594 503 3731 556 pra:-

2137 574 2321 643 cipuas
2335 574 2576 643 ejusdem
2604 574 2959 644 Evangeliarii
2975 576 3236 631 lectiones
3260 577 3593 643 incumbam,
3611 594 3733 650 quze

2139 667 2339 722 abeunt
2368 684 2396 722 a
2427 679 2609 722 nostra
2637 668 2875 723 editione
2904 668 3127 740 Vulgata
3164 688 3175 722 :
3209 671 3363 740 sique
3413 687 3476 726 ac
3522 674 3735 728 ratione

2143 760 2423 815 catholica:
2467 760 2721 815 Ecclesiae
2763 762 2937 829 juvari
2978 776 3140 817 causa
3202 764 3430 831 poterit,
3484 773 3542 817 ιιι
3588 776 3736 821 certe

2140 863 2340 925 potest,
2376 870 2705 924 magnOpere
2734 870 2894 925 spero
2923 854 3059 919 fore,
3089 866 3144 910 ut
3177 871 3351 926 neque
3376 866 3428 911 te
3467 856 3631 913 ofﬁcii
3662 859 3739 913 tui

2142 950 2194 1005 in
2223 966 2308 1006 me
2338 950 2689 1011 cohortando.
2716 964 2890 1021 neque
2919 951 3353 1020 ineomparabilis
3399 952 3741 1007 liberalitatis

2141 1044 2360 1100 JOANNIS
2390 1045 2429 1096 V
2456 1086 2470 1109 ,
2505 1042 2845 1115 Portngallize
2876 1054 2929 1100 et
2963 1045 3342 1115 Algarbiorttm
3376 1047 3517 1117 regis
3560 1049 3612 1101 iit
3646 1048 3743 1102 ad-

2140 1138 2379 1207 juvando
2412 1137 2689 1206 ptetiiteat.
2755 1138 2830 1192 En
2876 1152 3005 1207 ergo
3051 1140 3442 1209 praecipuorum
3497 1142 3739 1195 locorum

2144 1230 2515 1300 Florilegium,
2539 1230 2682 1299 quod
2706 1246 2774 1285 ex
2804 1229 2900 1285 SS.
2922 1231 3138 1286 Patrum
3163 1232 3746 1305 Antehieronymiano-

2146 1338 2264 1377 rum
2294 1323 2543 1391 operibus
2565 1323 2850 1393 diligenter
2876 1335 3210 1394 excerptum.
3231 1341 3369 1381 nunc
3398 1326 3462 1379 ad
3491 1336 3541 1381 te
3564 1329 3740 1381 mitto.

2148 1416 2448 1484 Antequam
2477 1430 2603 1470 vero
2631 1415 2810 1469 ordiar
2835 1424 3019 1471 texere
3044 1420 3357 1472 earumdem
3382 1418 3741 1483 collationem,

2147 1508 2287 1561 seire
2314 1516 2365 1561 te
2394 1505 2535 1570 volo,
2566 1505 2732 1561 fuisse
2760 1506 3070 1573 nonnullos,
3104 1508 3217 1577 qui,
3249 1510 3299 1563 in
3334 1509 3626 1566 Veronensi
3654 1527 3752 1566 co-

2148 1599 2268 1655 dice
2290 1599 2509 1654 Joannis
2537 1600 2713 1667 capite
2738 1615 2772 1664 ι,
2807 1614 2963 1654 versu
2996 1601 3083 1667 13,
3117 1601 3207 1655 ubi
3240 1603 3461 1671 legitur:
3501 1605 3603 1671 Qui
3646 1621 3750 1659 non

2076 1696 2123 1756 B
2150 1709 2212 1747 ea;
2232 1694 2502 1763 sanguine,
2528 1708 2687 1761 neque
2710 1708 2777 1747 ea:
2807 1692 3067 1746 voluntate
3086 1695 3276 1758 carnis,
3303 1711 3463 1764 neque
3478 1711 3542 1748 ea:
3563 1697 3749 1749 volun-

2155 1796 2256 1841 tate
2278 1788 2393 1851 viri,
2418 1786 2506 1839 scd
2533 1802 2595 1840 ex
2617 1784 2724 1839 Deo
2755 1796 2906 1839 natus
2934 1796 3029 1848 est,
3056 1796 3280 1840 vetusta:
3306 1786 3462 1856 hujus
3494 1788 3746 1843 lectionis

2153 1881 2509 1949 ignoratione,
2543 1888 2667 1933 sunt
2698 1879 2962 1942 arbitrati,
2995 1868 3235 1933 c‘odicem
3269 1890 3509 1934 nostrum
3540 1882 3607 1935 ab
3639 1881 3751 1935 hm-

2153 1974 2335 2030 reticis
2362 1974 2523 2028 fuisse
2554 1984 2888 2042 corruptum.
2944 1972 3229 2027 Ltthricam
3264 1975 3393 2028 mihi
3417 1973 3588 2029 fateor
3616 1978 3751 2030 hanc

2150 2083 2277 2123 esse
2308 2067 2703 2122 defensionem.
2737 2066 2865 2121 Nam
2896 2081 2991 2122 eos
3027 2083 3125 2137 ego
3163 2068 3346 2135 quanti
3391 2066 3605 2133 faciam,
3657 2084 3751 2121 no-

2157 2172 2303 2225 runt,
2328 2162 2650 2230 quicumque
2682 2175 2767 2214 me
2791 2168 3008 2213 norunt.
3038 2159 3142 2213 Res
3176 2170 3349 2213 tamen
3400 2160 3512 2228 ipsa
3557 2160 3752 2228 subigit

2158 2269 2266 2319 me,
2293 2261 2349 2306 ut
2379 2253 2548 2306 dicam
2586 2266 2679 2305 eos
2728 2250 3154 2318 reprehendendi
3187 2251 3461 2303 sacerrimi
3528 2250 3748 2312 codicis,

2162 2347 2320 2418 paulo
2341 2362 2496 2415 qttam
2524 2360 2618 2415 par
2646 2353 2782 2409 erat,
2809 2344 3116 2414 cupidiores
3145 2345 3325 2397 fuisse.
3357 2343 3411 2398 Si
3453 2344 3613 2407 enim,
3652 2360 3750 2396 na-

2163 2449 2241 2491 tus
2263 2448 2354 2500 est,
2387 2437 2485 2507 ipsi
2520 2451 2779 2505 nusquam
2819 2434 2955 2489 forte
2980 2435 3100 2487 alibi
3137 2434 3395 2503 legerant,
3431 2450 3535 2487 non
3568 2433 3750 2486 statim

2163 2530 2577 2602 confugiendum
2602 2531 2681 2583 eis
2708 2537 2823 2583 erat
2853 2529 2917 2581 ad
2945 2527 3070 2581 illud
3096 2536 3151 2580 ut
3178 2526 3421 2582 dicerent
3448 2569 3461 2591 ,
3493 2526 3548 2580 in
3580 2527 3756 2579 omni-

2167 2623 2263 2677 bus
2297 2622 2544 2676 Patribus
2573 2620 2857 2689 scriptum,
2891 2620 2993 2672 nati
3024 2628 3164 2672 sunt.
3195 2617 3346 2684 Quod
3379 2617 3423 2671 si
3451 2617 3668 2677 volunt,
3703 2625 3759 2670 ut

2164 2729 2264 2785 ego
2290 2712 2515 2782 alicujus
2538 2711 2733 2765 veteris
2755 2710 3036 2779 scriptoris
3070 2708 3335 2779 proferam
3362 2707 3752 2772 testimonium,

2166 2822 2193 2860 a
2224 2821 2329 2876 quo
2361 2805 2496 2858 illius
2529 2804 2776 2859 lectionis
2809 2804 3009 2857 mentio
3039 2802 3150 2867 fiat,
3181 2802 3302 2870 jure
3332 2802 3546 2871 quidem
3582 2802 3629 2854 id
3661 2816 3752 2869 po-

2167 2899 2387 2953 smlant.
2419 2899 2547 2951 Nam
2581 2896 2881 2951 Vcronensi
2913 2896 3084 2949 codici
3113 2910 3213 2965 ego
3235 2893 3445 2965 quidem
3472 2896 3759 2962 plurimum

2169 2992 2365 3056 tribuo,
2400 3005 2503 3043 non
2534 2997 2735 3043 tantum
2761 2998 2960 3052 tamen,
2987 2996 3045 3041 ut
3072 2988 3201 3040 satis
3230 2987 3320 3052 sit,
3348 2986 3503 3045 αυτὸς
3530 2982 3640 3056 ἔφα.
3667 2983 3764 3036 Pa-

472 3084 596 3138 inde
623 3083 692 3137 ah
713 3084 1078 3155 apostolorum
1112 3083 1445 3152 temporibus
1494 3099 1592 3138 usu
1636 3076 1929 3152 receptam,
1959 3069 2062 3138 cte-
2092 3075 2137 3139 C
2171 3096 2276 3140 tres
2303 3086 2443 3140 illius
2468 3084 2717 3140 lectionis
2740 3092 2904 3139 testes
2935 3082 3108 3137 habeo
3136 3080 3452 3151 locupletes,
3480 3078 3761 3143 Irenaeum,

474 3176 714 3245 terisque
762 3174 1038 3245 prtelatam
1091 3176 1182 3245 (ob
1225 3176 1514 3230 verborum
1549 3177 1912 3243 tenacitatem,
1944 3190 2066 3231 cum

477 3268 857 3337 perspicuitate
913 3266 1237 3336 sententiae)
1292 3267 1407 3323 fere
1473 3282 1641 3338 usque
1708 3267 1777 3333 ad
1853 3276 2069 3325 aetatem

479 3358 660 3414 Sancti
712 3358 958 3427 Gregorii
1004 3358 1201 3429 Magni.
1256 3360 1456 3426 Quare,
1508 3376 1629 3415 cum
1686 3372 1775 3415 tua
1827 3362 2074 3417 voluntas

481 3449 728 3505 maximae
755 3453 886 3521 legis
910 3451 1038 3516 vim,
1067 3467 1164 3522 pro
1191 3468 1399 3507 summa
1432 3464 1517 3507 tua
1562 3469 1667 3509 non
1702 3453 1867 3510 modo
1893 3466 2076 3513 aucto-

481 3544 659 3610 ritate,
696 3558 877 3596 verum
911 3542 1073 3596 etiam
1103 3543 1388 3614 sapientia,
1421 3544 1666 3599 obtinere
1696 3546 1836 3615 apud
1860 3561 1946 3600 me
1979 3546 2077 3601 de-

481 3636 638 3701 beat;
666 3638 805 3691 scias
834 3638 1014 3703 velim,
1038 3654 1122 3693 me
1146 3639 1215 3693 ita
1238 3640 1557 3707 animatum,
1587 3642 1655 3696 ita
1687 3650 1931 3713 paratum
1959 3658 2080 3698 esse

486 3730 577 3783 ubi
612 3728 712 3782 hac
741 3729 792 3782 in
824 3746 903 3798 re,
947 3739 1003 3783 ut
1033 3731 1087 3785 in
1111 3732 1361 3787 Omnibus
1404 3735 1521 3789 aliis
1571 3735 1801 3790 libenter
1832 3736 2080 3806 obsequi,

484 3833 543 3876 ut
592 3838 700 3878 non
749 3822 1046 3878 detrectem
1101 3826 1394 3883 editionem
1442 3830 1756 3898 suscipere,
1807 3844 1989 3899 agere,
2029 3839 2086 3886 et

489 3924 768 3985 praestare,
823 3932 1039 3987 quoquo
1088 3918 1248 3973 modo
1297 3936 1537 3989 possunt.
1594 3922 1744 3979 Nosti
1793 3922 2087 3978 observan-

490 4013 614 4071 tiam
649 4027 848 4079 meam,
879 4021 1164 4085 postquam
1196 4015 1354 4069 etiam
1388 4014 1596 4070 Verona
1643 4015 1866 4071 discessi
1895 4058 1909 4082 ,
1945 4025 2001 4071 ut
2031 4017 2085 4072 in

493 4104 630 4160 hanc
658 4104 1139 4176 Congregationem
1174 4106 1357 4163 Sancti
1391 4107 1622 4179 Philippi
1664 4109 1813 4166 Nerii
1848 4125 1933 4167 me
1960 4126 2091 4166 con-

490 4196 690 4252 ferrem
723 4215 736 4254 :
782 4212 996 4269 semper
1037 4201 1186 4257 enim
1215 4199 1314 4255 tibi
1343 4203 1712 4272 optemperavi
1740 4244 1755 4269 ,
1791 4214 1954 4274 atque
1986 4219 2090 4259 una

496 4290 596 4359 l'ni,
627 4291 817 4346 saltem
848 4293 1174 4349 commercio
1200 4294 1520 4361 litterarum;
1553 4296 1603 4349 in
1628 4295 1823 4366 quibus
1848 4312 1952 4351 non
1992 4313 2093 4369 ego

502 4383 718 4454 quidem
752 4394 893 4441 tuam
923 4402 1110 4443 vocem
1138 4388 1320 4455 audio,
1353 4404 1527 4460 neque
1556 4398 1609 4445 tu
1632 4405 1832 4460 meam,
1863 4391 1955 4447 sed
1976 4408 2096 4463 qua:

2173 3179 2595 3243 Tertullianum,
2670 3176 2753 3231 Jo.
2820 3176 3308 3247 Chrysostomum,
3386 3171 3763 3242 Augustinum,

2175 3269 2429 3340 Vigiliutn
2485 3268 2813 3338 Tapsenscm
2848 3307 2863 3332 ,
2916 3278 2970 3320 et
3037 3266 3296 3320 Joannem
3354 3265 3763 3318 Datnascenum.

2178 3364 2331 3420 Libet
2352 3364 2684 3435 singulorum
2720 3362 2879 3415 verba
2910 3360 3172 3431 proferre.
3201 3360 3257 3415 S.
3292 3358 3558 3424 lrenmus,
3594 3358 3685 3411 lib.
3710 3372 3767 3411 ιιι

2180 3469 2364 3514 contra
2414 3460 2655 3511 “(Ill‘eSCS
2701 3457 3001 3510 luculenter
3028 3454 3424 3518 demonstrans,
3495 3466 3661 3505 unum
3721 3458 3773 3504 et

2182 3554 2428 3610 eumdeiu
2442 3550 2754 3609 esseJesum
2774 3549 3069 3614 Christum,
3088 3548 3427 3618 Unigenitum
3446 3546 3533 3600 Dei
3551 3544 3777 3609 Filium,

2183 3662 2369 3702 verum
2447 3646 2651 3707 Deum,
2708 3659 2769 3696 ac
2826 3658 3012 3697 verum
3080 3642 3384 3707 hominem,
3441 3641 3612 3710 capite
3687 3653 3777 3693 xw

2185 3739 2371 3811 (I’ag.
2444 3736 2583 3801 204,
2632 3737 2730 3791 rel.
2788 3737 2857 3804 ‘2,
2915 3753 3055 3789 num.
3102 3736 3180 3799 2,
3254 3738 3329 3789 lit.
3389 3736 3493 3803 ο),
3567 3735 3637 3788 ita
3693 3734 3773 3788 itt-

2187 3835 2301 3903 quit
2333 3850 2344 3885 :
2386 3849 2402 3882 t
2442 3831 2696 3885 Potuerat
2717 3828 2899 3884 dicere
2923 3828 3223 3893 Matthaaus,
3255 3827 3382 3881 Jesu
3416 3844 3532 3881 vero
3572 3842 3780 3897 genera—

2195 3942 2213 3975 t
2262 3925 2332 3976 tio
2359 3924 2431 3975 sic
2460 3932 2606 3975 erat:
2649 3920 2742 3975 sed
2788 3922 3095 3990 praevidens
3145 3919 3377 3990 Spiritus
3418 3918 3647 3974 Sanctus
3688 3919 3785 3973 tle-

2198 4035 2216 4068 ‹
2266 4028 2612 4086 pravatores,
2643 4021 2699 4068 et
2728 4012 3089 4081 praemuniens
3133 4021 3321 4065 contra
3366 4010 3783 4065 fraudulentiam

2201 4128 2218 4160 ι
2265 4122 2452 4163 eorum
2473 4149 2488 4173 ,
2520 4120 2613 4176 per
2639 4102 2946 4158 Mattltreum
2973 4104 3046 4157 ait
3073 4121 3085 4157 :
3118 4100 3312 4157 Christi
3333 4112 3503 4156 autem
3529 4101 3788 4171 generatio

2202 4220 2219 4252 ι
2269 4202 2341 4254 sic
2375 4211 2525 4267 erat;
2571 4211 2624 4256 et
2654 4200 2907 4271 quoniam
2936 4196 3024 4251 hic
3042 4205 3126 4251 est
3149 4194 3458 4251 Emmanuel
3489 4212 3507 4249 :
3552 4210 3619 4248 ne
3649 4193 3788 4249 forte

2204 4312 2223 4345 ι
2273 4302 2475 4347 tantum
2528 4309 2649 4348 eum
2699 4291 2969 4346 hominem
3016 4298 3327 4358 putaremus
3351 4328 3365 4353 ,
3399 4288 3526 4360 (non
3556 4287 3701 4341 enim
3729 4299 3799 4339 ea:

2206 4405 2224 4438 ι
2274 4387 2532 4441 voluntate
2569 4386 2763 4450 carnis,
2793 4398 2957 4452 neque
2983 4398 3045 4435 ea:
3076 4381 3332 4435 voluntate
3358 4380 3474 4445 viri,
3510 4380 3595 4433 sed
3616 4394 3677 4431 ex
3702 4394 3795 4432 vo-

498 4477 616 4531 VOCi
646 4478 832 4533 Sllbesl
859 4494 969 4544 1‘03,
1014 4496 1135 4535 eam
1188 4479 1538 4537 nihilominus
1603 4483 1865 4553 percipio,
1934 4500 2093 4553 quam
2120 4480 2174 4540 D
2206 4499 2226 4533 ι
2274 4482 2469 4535 luntate
2501 4478 2614 4545 Dei,
2660 4478 2878 4533 Verbum
2899 4492 3020 4530 caro
3043 4478 3235 4546 factum
3263 4475 3400 4545 est);
3435 4488 3608 4542 neque
3629 4473 3799 4528 alium

502 4586 623 4627 cum
675 4570 794 4626 istic
823 4573 1138 4627 canonicum
1169 4589 1405 4644 agerem.
1438 4574 1541 4630 Tot
1568 4591 1833 4632 annorum
1886 4577 2092 4647 lapsus,

501 4672 757 4733 tantaque
788 4663 1029 4719 locorum
1080 4664 1447 4737 intercapedo,
1497 4668 1815 4738 obsequium
1866 4683 1996 4738 erga
2045 4679 2096 4727 te

506 4771 684 4814 meum
717 4757 1027 4814 nullatenus
1058 4758 1413 4815 immutarunt
1446 4777 1458 4811 :
1487 4762 1653 4815 iunno
1677 4762 2096 4832 ipsumaugetur

506 4849 559 4904 in
591 4850 729 4917 dies,
780 4852 846 4905 ad
892 4866 1268 4922 summumque
1299 4852 1631 4923 perducitur,
1660 4853 2100 4927 archipresbyter

507 4948 588 4996 ter
617 4943 861 5000 colende.
895 4946 1027 5002 Cum
1061 4946 1242 5015 itaque
1288 4945 1416 4999 nihil
1467 4944 1749 5001 habuerim
1806 4946 2101 5016 antiquius,

508 5036 751 5107 nihilque
782 5042 1206 5108 exspectaverim
1238 5039 1427 5109 magis,
1460 5050 1515 5094 et
1538 5038 1949 5105 observaverim
1976 5040 2104 5103 dili-

507 5130 743 5202 gentius,
773 5145 930 5199 quam
962 5139 1017 5184 ut
1049 5132 1198 5187 firma
1248 5132 1314 5187 ad
1363 5140 1413 5191 te
1440 5132 1726 5189 colendum
1784 5131 1952 5187 animi
1998 5134 2106 5189 mei

511 5222 801 5293 ριόμθιιεὶυ
826 5222 1005 5290 aliquo
1034 5224 1244 5291 publico
1277 5224 1370 5278 tibi
1399 5234 1603 5294 pateret
1630 5224 1837 5294 officio,
1890 5241 1957 5283 en
2002 5235 2106 5285 tute

514 5318 688 5383 libens
714 5332 857 5372 nunc
896 5315 1167 5386 obsequor
1194 5318 1490 5384 voluntati;
1532 5334 1691 5389 quam
1742 5334 1843 5387 ego
1892 5334 2108 5388 semper

514 5413 647 5469 tanti
675 5412 852 5468 facere
875 5411 1046 5475 soleo,
1081 5422 1137 5464 ut
1162 5411 1350 5466 eadem
1393 5410 1521 5467 mihi
1569 5412 1689 5466 loco
1725 5412 1986 5480 jnssionis
2015 5412 2110 5467 ha-

515 5503 723 5565 beatur.
793 5503 1219 5573 Descriptioncm
1276 5511 1453 5556 tamen
1500 5502 1704 5563 codicis
1756 5503 2112 5571 Evangeliarii

538 5596 864 5659 Veronensis
900 5641 915 5665 ,
958 5614 991 5652 v
1016 5597 1101 5652 vel
1130 5612 1185 5651 vt
1222 5595 1423 5655 saeculo
1476 5596 1684 5649 exarati
1711 5636 1725 5661 ,
1755 5594 1873 5657 heic
1904 5612 2009 5655 non
2039 5607 2121 5654 at—

532 5700 752 5760 texam,
784 5694 1035 5763 quoniam
1061 5693 1197 5750 liber
1225 5706 1391 5768 penes
1428 5704 1528 5747 vos
1564 5698 1667 5759 est,
1712 5700 1871 5763 atque
1918 5691 1969 5748 id
2015 5691 2125 5762 jam

2212 4593 2231 4626 ι
2277 4574 2494 4645 quidem
2520 4574 2725 4638 Jesum,
2760 4573 2987 4627 alterum
3013 4578 3190 4622 autem
3233 4568 3503 4622 Christum
3552 4564 3797 4634 suspica-

2214 4690 2231 4723 ι
2280 4688 2462 4727 remur
2488 4670 2672 4737 fuisse,
2693 4670 2786 4725 sed
2817 4684 2982 4725 unum
2998 4675 3051 4721 et
3071 4665 3322 4722 eumdem
3342 4666 3758 4719 sciremttsesse.
3773 4680 3795 4714 ι

2210 4764 2275 4818 Et
2298 4779 2418 4833 cap.
2446 4779 2537 4818 ιιι
2562 4761 2653 4832 (P.
2682 4762 2812 4827 212,
2844 4761 2942 4815 cal.
2974 4760 3030 4826 2,
3064 4775 3205 4811 num.
3228 4757 3285 4823 ‘2,
3314 4758 3393 4811 lit.
3426 4756 3522 4826 m),
3554 4755 3801 4826 ejusdem

2210 4859 2351 4925 libri,
2422 4866 2479 4913 ut
2545 4856 2737 4925 probet
2792 4870 2860 4910 ex
2929 4852 3241 4921 Seriptnris,
3318 4852 3566 4906 eumdem
3616 4849 3804 4905 Jesum

2209 4950 2484 5008 Christum
2538 4966 2722 5007 verum
2775 4963 2897 5004 esse
2954 4947 3049 5003 Dei
3107 4946 3302 5001 Filium
3354 4960 3417 4999 ex
3481 4945 3587 4999 Deo
3648 4944 3806 4997 l‘atre

2210 5044 2467 5113 genitum,
2530 5053 2583 5097 et
2656 5056 2841 5097 verum
2916 5039 3187 5103 hominem
3254 5036 3424 5091 filium
3471 5052 3536 5091 ex
3585 5036 3809 5106 Virgine

2214 5145 2415 5197 natura,
2448 5134 2622 5188 Esaite
2651 5133 2792 5205 (cap.
2825 5148 2938 5197 LIII,
2960 5130 3043 5199 8),
3063 5146 3125 5185 ac
3149 5131 3283 5201 (cap.
3314 5123 3444 5195 xvtt,
3474 5130 3531 5198 9)
3557 5128 3809 5193 Jeremia:

2215 5229 2459 5297 geminos
2491 5226 2691 5297 profert
2721 5226 2890 5290 locos,
2922 5232 2978 5289 et
3007 5224 3116 5278 ait:
3154 5242 3170 5273 ι
3214 5224 3436 5291 Propter
3467 5222 3567 5280 hoc
3596 5236 3813 5292 genera.

2225 5339 2243 5371 ι
2292 5322 2480 5373 tionem
2510 5320 2621 5389 ejus
2648 5319 2763 5387 quis
2793 5315 3086 5371 enarrabit?
3114 5314 3368 5383 quoniam
3419 5314 3570 5369 homo
3615 5324 3712 5379 est,
3764 5320 3813 5365 et

2227 5432 2245 5465 ι
2295 5414 2410 5483 quis
2434 5424 2673 5484 agnoscet
2705 5411 2862 5467 eum?
2893 5408 3184 5481 Cognoscit
3208 5421 3387 5469 autem
3419 5409 3566 5462 illttm
3614 5408 3678 5471 is,
3726 5406 3815 5471 cui

2231 5524 2249 5557 ι
2298 5506 2474 5567 Pater,
2510 5507 2713 5575 quiest
2746 5505 2795 5558 in
2827 5503 2999 5565 ccelis,
3052 5501 3313 5555 revelavit
3359 5518 3371 5552 :
3419 5512 3477 5552 ut
3527 5498 3813 5569 intelligat,

2233 5617 2252 5651 ι
2296 5600 2548 5669 quoniam
2581 5599 2644 5664 is,
2680 5600 2768 5667 qui
2798 5614 2900 5657 non
2929 5613 2991 5651 ex
3025 5596 3284 5653 voluntate
3313 5594 3505 5660 carnis,
3550 5608 3711 5663 neque
3755 5608 3821 5653 ea:

2242 5710 2260 5746 t
2312 5692 2570 5753 voluntate
2611 5692 2706 5745 viri
2754 5701 2903 5745 natus
2950 5689 3219 5766 est.lilius
3282 5687 3546 5753 hominis,
3602 5686 3688 5743 hic
3737 5694 3825 5744 est
