4054 6198
278 248 391 304 Hii

1024 241 1356 307 EPISTOLA
1396 243 1765 307 BLANClllNl
1814 249 1905 306 Αο
1946 246 2331 305 EPISCOPUM
2373 248 2817 307 GURCENSEM.

3476 251 3576 308 it'ti

281 382 301 416 ι
352 362 601 419 (ΣΙη-ἰειιιε
628 363 795 418 Filius
823 363 913 418 Dei
935 363 1066 419 vivi.
1100 363 1265 421 iltem
1287 380 1407 436 cap.
1438 381 1527 421 xxi
1555 364 1713 437 (Pag.
1736 365 1867 431 217,
1896 370 1950 428 Α
1976 374 2081 422 tam
2106 376 2459 437 exagoranter
2502 367 2789 423 inculcavit
2836 383 2939 422 non
2986 383 3048 421 ea:
3086 369 3364 439 sanguine,
3394 384 3485 421 iter
3509 385 3575 422 ea:

274 456 375 506 col.
414 456 462 518 1,
496 472 551 507 n.
588 454 666 525 5),
696 464 1032 521 ostensurus,
1063 457 1321 526 Spiritum
1351 458 1445 514 Del
1477 473 1573 526 per
1600 458 1875 525 apostolos

174 622 184 631 .
270 550 650 615 annuntiasse,
683 563 750 603 ex
782 548 1000 619 Virgine
1021 560 1205 606 natum
1226 565 1347 606 esse
1369 551 1706 616 Emmanuel,
1738 552 1873 607 insi-

268 654 438 714 gnem
468 640 638 695 Esaiae
663 640 857 696 recitat
888 643 1267 713 pr0phetiam},
1301 658 1647 714 pravamque,
1675 653 1731 699 et
1759 644 1873 699 hae-

269 734 504 790 retiCam
548 734 983 791 adversariorum
1034 738 1536 808 interpretationem
1593 737 1871 805 confutat,

266 825 461 882 dicens
492 845 505 882 :
547 845 565 880 ι
598 827 830 898 Propter
878 829 981 885 hoc
1033 830 1176 886 enim
1199 872 1211 894 ,
1244 842 1297 887 et
1343 830 1411 886 de
1458 829 1638 886 fructu
1671 832 1874 887 ventris

274 941 296 976 ‹
344 922 461 991 ejus
495 937 678 991 regem
727 922 998 993 promisit,
1023 923 1162 991 quod
1193 934 1311 981 erat
1341 926 1617 995 proprium
1646 925 1874 994 Virginis

276 1034 297 1068 ι
346 1017 710 1086 ρι’ωςηαιιιίςς
741 1026 795 1072 et
824 1032 929 1071 non
960 1017 1028 1072 de
1060 1017 1234 1071 fructu
1268 1016 1574 1073 lumborum
1601 1017 1738 1088 ejus,
1772 1032 1875 1072 nec

276 1125 299 1161 ι
343 1109 412 1162 de
434 1109 610 1163 fructu
639 1124 833 1164 renum
860 1108 999 1179 ejus,
1032 1111 1173 1179 quod
1199 1119 1282 1166 est
1303 1112 1580 1181 proprium
1623 1110 1725 1165 viri
1775 1127 1871 1181 ge—

273 1216 293 1251 t
344 1202 607 1265 nerantis,
639 1210 691 1255 et
718 1202 961 1257 mulieris
986 1219 1049 1257 ex
1082 1204 1198 1257 viro
1224 1204 1633 1274 conceptionem
1663 1204 1870 1260 facien-

275 1313 295 1347 ι
349 1294 438 1347 tis.
467 1294 905 1365 Circuniscripsit
950 1297 1109 1366 igitur
1143 1298 1394 1366 genitalia
1424 1299 1525 1352 viri
1558 1298 1612 1353 in
1644 1298 1872 1367 promis-

274 1405 293 1438 i
342 1388 501 1442 sione
528 1386 802 1457 Scriptura
836 1406 848 1442 :
885 1389 1048 1444 immo
1073 1404 1201 1443 vero
1236 1405 1335 1445 nec
1377 1402 1871 1459 commemoratur;

274 1500 292 1531 ε
342 1481 599 1550 quoniam
641 1496 745 1535 non
780 1497 843 1536 ex
873 1484 1149 1541 voluntate
1179 1484 1278 1539 \iri
1310 1495 1447 1552 erat,
1478 1486 1567 1554 qui
1609 1485 1870 1541 nasceba-

274 1591 292 1624 ι
343 1584 449 1626 tur.
492 1591 510 1623 ›
552 1573 682 1628 Dein
712 1589 895 1629 veram
936 1575 1177 1642 ejusdem
1229 1579 1505 1645 propheta:
1546 1576 1868 1631 sententiam

269 1666 525 1734 explicat,
554 1673 609 1720 et
630 1664 918 1720 confirmat
942 1667 1063 1720 aliis
1106 1677 1214 1721 tum
1249 1666 1507 1731 Danielis,
1553 1679 1665 1722 tum
1700 1667 1871 1722 Esaim

1978 460 2150 513 carnis
2180 460 2460 523 voluntate,
2484 470 2571 513 aut
2592 461 2691 514 eiri
2722 471 2941 524 natum;
2975 461 3073 514 nisi
3100 461 3228 531 quia
3250 476 3314 515 ex
3356 476 3419 515 ea
3461 469 3579 515 erat

1976 564 2105 605 caro
2127 566 2285 621 quam
2308 568 2371 605 ex
2398 551 2686 605 concubitu
2714 562 2892 604 natam
2920 566 3079 606 nemo
3098 551 3404 606 dubitaret?
3430 560 3535 606 etc.
3552 572 3573 604 ι

1976 646 2134 701 Paria
2187 647 2347 702 habet
2396 647 2535 701 idem
2584 645 2946 700 'l‘ertullianus
2999 647 3051 701 in
3099 645 3288 702 eodem
3338 646 3477 701 libro
3505 646 3574 701 de

1976 738 2154 796 Carne
2173 740 2373 794 Christi
2401 754 2522 810 cap.
2550 738 2645 805 ΞΛ,
2679 738 2765 794 tibi
2802 739 3001 805 locum,
3032 740 3101 794 de
3124 754 3230 809 quo
3250 739 3451 806 scribo,
3482 738 3580 793 ad-

1976 848 2167 888 versus
2203 833 2463 889 Ebionem
2503 833 2661 887 affert
2697 850 2709 887 :
2743 851 2761 885 t
2794 832 2919 888 Ideo
2952 851 2970 885 ›
3000 833 3171 902 inquit
3197 850 3214 883 ι
3245 833 3407 887 etiam
3435 833 3577 887 Mar.

1975 930 2184 984 cionem
2218 929 2548 998 prospiciens
2576 924 2829 998 (Spiritus
2855 928 3132 996 Sanctus):
3167 922 3283 997 Ego
3314 941 3457 992 sum,
3493 928 3575 980 iii-

1975 1024 2110 1093 quit,
2147 1023 2309 1087 Dens,
2333 1030 2388 1076 et
2412 1023 2552 1075 alius
2583 1021 2789 1089 absque
2819 1036 2905 1075 me
2936 1037 3042 1074 nun
3067 1029 3169 1075 est.
3208 1020 3272 1074 Et
3299 1035 3420 1075 cum
3444 1020 3577 1076 alias

1976 1116 2207 1186 idipsum
2238 1116 2433 1172 eodem
2463 1114 2622 1168 modo
2654 1115 2811 1179 dicit,
2844 1114 3028 1169 nescio
3064 1127 3198 1184 quas
3228 1113 3346 1168 illas
3374 1112 3577 1167 Valen-

1976 1208 2301 1265 tinianorum
2361 1223 2574 1261 mnuum
2623 1206 2969 1275 genealogias
3013 1205 3213 1273 pulsat.
3247 1205 3333 1267 Et,
3368 1218 3475 1259 non
3513 1220 3577 1259 cx

1975 1302 2257 1371 sanguine,
2294 1314 2469 1369 neque
2492 1314 2559 1353 ex
2586 1299 2789 1363 carnis,
2824 1305 2879 1351 et
2908 1296 3008 1350 viri
3040 1296 3339 1361 voluntate,
3378 1295 3471 1349 sed
3513 1310 3579 1350 ex

1978 1394 2089 1449 Deo
2116 1404 2273 1448 natus
2304 1402 2406 1447 est.
2444 1410 2463 1445 ι
2500 1391 2730 1449 Sanctus
2751 1404 2966 1460 quoque
2988 1388 3228 1443 Joannes
3252 1387 3578 1459 Chrysosto-

1976 1502 2093 1543 mus
2120 1487 2185 1541 ad
2224 1486 2469 1542 eamdem
2517 1485 2802 1539 lectionem
2852 1482 3023 1536 nostri
3069 1478 3429 1549 Evangeliarii
3470 1479 3577 1534 Vc-

1974 1580 2224 1635 ronensis
2266 1579 2342 1651 (in
2388 1578 2569 1647 aliquo
2614 1575 2843 1647 proinde
2884 1573 3077 1630 Graeco
3117 1572 3416 1642 exemplari
3458 1587 3488 1626 a
3519 1586 3581 1628 se

1974 1682 2266 1743 repertam,
2319 1668 2647 1740 lectamque)
2691 1667 2903 1723 videtur
2956 1668 3282 1737 respexisse,
3328 1679 3451 1719 cum
3496 1663 3582 1718 lno

265 1756 592 1825 proplietiis,
625 1765 785 1826 atque
816 1758 884 1811 ita
909 1758 1184 1815 concludit
1216 1756 1307 1827 (P.
1352 1758 1480 1824 217,
1510 1775 1555 1812 c.
1587 1758 1642 1825 3,
1674 1776 1729 1813 η.
1762 1758 1818 1829 7)
1845 1778 1858 1814 :

1974 1768 2084 1836 quit
2117 1782 2129 1819 ι
2159 1766 2250 1823 Διά
2284 1768 2438 1820 τοῦτο
2458 1759 2611 1820 διπλῆ
2652 1761 2849 1836 γέγονεν
2893 1762 2923 1818 ri
2968 1758 3233 1833 γέννησις,
3275 1761 3360 1811 καὶ
3389 1752 3578 1813 ἐοικυῖα

271 1868 294 1903 ς
327 1848 564 1918 PrOpter
591 1848 691 1904 huc
719 1860 897 1904 autem
922 1861 971 1904 et
999 1850 1185 1906 Daniel
1208 1850 1507 1921 praevidens
1530 1851 1645 1918 ejus
1667 1850 1869 1905 adven-

277 1954 297 1986 ι
348 1945 484 2000 tum,
532 1935 765 2004 lapidem
797 1935 913 1989 sine
944 1935 1188 1991 manibus
1237 1935 1536 1991 abscissum
1584 1936 1869 1991 advenisse

274 2045 292 2078 ‹
341 2028 394 2082 in
428 2027 571 2083 hunc
602 2027 857 2082 mundum
903 2029 1032 2100 (hoc
1071 2039 1154 2083 est
1195 2030 1361 2095 enim,
1394 2030 1534 2097 quod
1566 2032 1673 2087 sine
1700 2031 1869 2083 mani-

273 2139 292 2181 ς
341 2121 457 2190 bus)
491 2120 831 2191 signiﬁcabat
854 2119 1005 2192 (cap.
1038 2138 1222 2183 xxvui.
1272 2122 1408 2177 Dan.
1454 2138 1510 2187 ll,
1543 2121 1669 2193 54);
1699 2124 1865 2194 quod,

276 2232 294 2264 ι
340 2228 450 2267 non
482 2213 835 2282 operantibus
861 2215 1107 2269 humanis
1135 2214 1403 2278 manibus,
1456 2215 1559 2270 hoc
1595 2226 1695 2278 est,
1728 2217 1870 2269 viro-

276 2322 293 2355 ι
343 2320 461 2360 rum
492 2305 731 2370 illorum,
766 2306 853 2376 qui
896 2307 1309 2375 solent.lapides
1336 2306 1569 2373 caadere,
1624 2308 1674 2361 in
1725 2307 1869 2363 hunc

275 2416 294 2448 ι
341 2398 604 2453 mundum
633 2396 751 2467 ejus
776 2396 1039 2452 adventus
1078 2409 1223 2463 erat;
1254 2398 1304 2452 id
1333 2410 1436 2465 est,
1470 2416 1574 2454 non
1609 2409 1869 2468 operante

276 2509 294 2541 ι
340 2492 395 2543 in
418 2506 544 2544 eum
576 2490 797 2558 Josepli,
828 2490 922 2545 sed
951 2490 1067 2545 sola
1096 2492 1259 2545 Zl‘laria
1284 2501 1611 2560 cooperante
1639 2493 1870 2561 disposi-

275 2602 294 2636 ι
342 2584 499 2639 tioni.
524 2581 622 2638 Hic
651 2583 794 2638 enim
830 2583 963 2654 lapis
994 2599 1021 2635 a
1048 2592 1188 2639 terra
1218 2600 1279 2638 ex
1312 2586 1507 2640 virtute
1528 2595 1580 2639 et
1604 2594 1720 2641 arte
1741 2600 1868 2640 con-

278 2695 296 2729 ‹
342 2685 451 2731 stat
482 2676 596 2731 Dei.
630 2675 860 2746 Propter
892 2675 991 2732 hoc
1020 2688 1195 2731 autem
1233 2688 1286 2732 et
1313 2677 1500 2732 Esaias
1529 2678 1601 2733 ait
1629 2695 1640 2730 :
1671 2677 1760 2733 Sic
1783 2678 1867 2731 di-

280 2788 296 2820 i
344 2771 418 2823 cit
462 2766 751 2824 Dominus:
785 2768 921 2826 Ecce
962 2785 1052 2841 ego
1089 2770 1234 2823 mitto
1270 2770 1323 2823 in
1369 2769 1705 2838 fundamenta
1741 2768 1870 2825 Sion

280 2883 297 2917 ‹
347 2864 571 2934 lapidem
594 2864 898 2931 pretiosum,
934 2863 1169 2927 electum,
1224 2879 1498 2929 summum,
1550 2862 1867 2935 angularem,

278 2976 297 3011 ι
344 2956 722 3025 honoriﬁcum;
752 2957 828 3011 uti
860 2970 968 3010 non
1012 2971 1074 3011 ex
1107 2956 1381 3010 voluntate
1414 2954 1532 3019 viri,
1563 2953 1655 3010 sed
1687 2969 1751 3010 ex
1777 2972 1871 3007 vo-

278 3071 297 3105 ι
344 3053 554 3106 luntate
584 3052 700 3115 Dei,
730 3049 1016 3104 adventum
1043 3049 1184 3115 ejus,
1216 3048 1306 3118 qui
1351 3047 1645 3106 secundum
1697 3047 1871 3103 homi—

1973 1861 2105 1930 ἡμῖν,
2130 1860 2214 1912 καὶ
2232 1856 2611 1933 ὑπερϐαίνουσα
2638 1859 2730 1913 τήν
2749 1854 3021 1929 ἡμετέραν
3056 1852 3118 1907 τὸ
3271 1852 3325 1903 ἐκ
3344 1851 3577 1923 γυναικὸς

1970 1952 2283 2025 γεννηθῆναι,
2317 1952 2435 2019 ἡμῖν
2470 1948 2765 2004 συνέϐαινε*
2821 1947 2876 2002 τὸ
2919 1944 2971 2001 δέ
3019 1951 3087 2017 μὴ
3126 1946 3150 1999 's
3179 1944 3418 2013 αἳματος,
3449 1942 3578 2015 μηδὲ

1973 2045 2023 2101 ἐκ
2047 2044 2323 2113 θελήματος
2345 2039 2525 2114 ἀνδρὸς
2548 2039 2579 2099 ἦ
2609 2041 2824 2116 σαρκὸς,
2861 2038 2961 2094 ἀλλ’
2984 2040 3036 2093 ἐκ
3064 2038 3349 2107 Πνεύματος
3376 2035 3572 2108 'A'yiou,

1970 2143 2059 2196 τήν
2089 2136 2508 2213 ὑπερϐαίνονσαν
2535 2135 2669 2205 ἡμᾶς
2698 2135 2785 2189 καὶ
2814 2136 2906 2192 τὴν
2933 2130 3575 2204 μέλλουσανπροαναφανεί

1969 2231 2216 2304 γέννησιν.
2242 2230 2301 2289 ἢν
2321 2230 2437 2301 ἡμῖν
2463 2226 2662 2299 ἔμελλεν
2681 2228 2734 2283 ἐκ
2752 2226 3035 2300 Dubitare;
3060 2225 3385 2299 χαρίζεσθαι.
3414 2219 3439 2273 1
3449 2221 3544 2275 deo
3558 2250 3573 2260 -

1969 2338 2067 2392 que
2110 2320 2303 2388 duplex
2350 2318 2604 2390 (Chiisti)
2651 2318 2908 2387 generatio
2957 2317 3093 2386 fuit;
3139 2324 3185 2369 et
3234 2328 3349 2383 qua:
3392 2311 3578 2368 similis

1972 2422 2157 2468 ποεῖν-αξ
2186 2419 2333 2476 esset,
2384 2421 2429 2465 et
2475 2426 2590 2478 qua!
2634 2419 2859 2463 nostram
2890 2414 3241 2474 exsuperant.
3276 2403 3478 2459 Etenim
3504 2419 3569 2457 ea:

1976 2504 2190 2558 muliere
2214 2504 2356 2557 nasci
2381 2502 2523 2557 nobis
2544 2500 2816 2569 competit;
2840 2498 2980 2551 nasci
3009 2506 3176 2550 autem
3210 2511 3311 2549 non
3352 2510 3415 2550 ac
3451 2509 3574 2547 san-

1971 2596 2145 2664 guine,
2180 2610 2279 2647 nou
2307 2608 2370 2649 ex
2398 2594 2653 2647 voluntate
2700 2592 2825 2656 uiri,
2859 2599 2904 2645 et
2933 2590 3104 2645 carnis
3124 2629 3139 2653 ,
3172 2586 3261 2642 sed
3283 2604 3346 2642 ea;
3371 2586 3575 2658 Spiritu

1975 2686 2185 2752 Sancto,
2231 2687 2610 2756 generationem
2658 2701 2749 2739 nos
2787 2693 3194 2752 exsuperantem,
3247 2691 3295 2736 et
3344 2686 3574 2753 futuram

1974 2781 2306 2851 praenuntiat,
2339 2795 2451 2847 qua:
2479 2795 2543 2834 ex
2572 2780 2759 2847 spiritu
2804 2777 2947 2831 nobis
2976 2775 3301 2832 concedenda
3347 2784 3474 2828 erat.
3510 2774 3575 2828 Et

1973 2882 2031 2927 ut
2062 2873 2177 2927 hmo
2200 2873 2398 2928 leviora
2429 2873 2559 2937 sint,
2591 2871 2846 2940 quoniam
2894 2886 2999 2924 non
3042 2868 3347 2933 manifesta,
3396 2868 3574 2922 locum

1971 2977 2139 3032 certe,
2170 2982 2330 3034 quem
2355 2965 2662 3034 subjiciam,
2692 2962 2987 3019 com-iliare
3024 2962 3258 3031 aliquam
3302 2960 3428 3016 huic
3463 2960 3582 3031 θρῖα

1971 3060 2124 3115 stolae
2161 3059 2415 3128 gratiam,
2445 3071 2508 3111 ac
2541 3056 2747 3126 pondus
2792 3066 3159 3111 controversa:
3204 3054 3442 3119 lectioni,
3492 3051 3578 3107 Vel

277 3162 297 3195 ι
346 3158 469 3197 nem
512 3153 618 3210 est,
660 3142 1043 3209 intelligamus.
1081 3159 1101 3193 ι
1142 3141 1363 3199 Demum
1396 3140 1486 3195 lib.
1540 3156 1593 3205 γ.
1639 3155 1757 3208 cap.
1812 3141 1863 3205 l,
1895 3152 1940 3217 ρ
1972 3154 2110 3223 apud
2155 3153 2466 3209 [ειειίαίοβοε
2514 3151 2893 3213 ωειίηηιοι-ρε,
2928 3158 3125 3219 potest,
3158 3146 3349 3216 ιιοίμιε
3378 3146 3433 3199 s,
3458 3146 3576 3201 Αυ-

271 3236 571 3291 luculenter
591 3234 851 3299 ostendit,
882 3233 1243 3301 Valentinum,
1268 3249 1331 3289 ac
1351 3233 1634 3298 Ebionem,
1667 3234 1755 3302 qui
1787 3234 1871 3289 ln-

271 3330 645 3382 carnationem
695 3326 814 3384 Filii
867 3325 964 3381 Dei
1017 3341 1079 3380 ex
1131 3325 1296 3381 Mat-ia
1353 3325 1615 3397 Virgine,
1667 3325 1868 3394 Spiritu

272 3419 473 3476 Sancto
499 3427 759 3488 operante
785 3417 976 3473 factam
1003 3417 1351 3487 respuebant,
1380 3432 1598 3470 manere
1621 3416 1673 3473 in
1700 3417 1867 3470 veteri

269 3513 406 3568 Adre
427 3511 791 3575 damnatione,
823 3518 984 3580 atque
1034 3510 1105 3567 ita
1146 3509 1422 3564 concludit
1456 3527 1468 3563 :
1508 3528 1527 3563 ι
1561 3509 1677 3567 Non
1724 3511 1868 3564 enim

277 3623 296 3655 ι
346 3602 533 3674 effugit
556 3601 843 3673 aliquando
873 3601 1043 3656 Adam
1077 3617 1268 3657 manus
1296 3602 1413 3668 Dei,
1447 3602 1510 3657 ail
1538 3619 1671 3674 quas
1713 3583 1874 3660 Pater

276 3718 292 3751 ι
340 3699 597 3767 loquens,
628 3696 786 3751 dicit:
821 3694 1105 3752 Faciamus
1154 3697 1411 3751 hominem
1458 3697 1526 3753 ad
1573 3698 1869 3767 imaginem,

278 3809 294 3843 t
346 3800 398 3842 et
427 3788 809 3845 similitudinem
842 3800 1091 3845 nostram.
1152 3788 1222 3845 Ει
1260 3799 1481 3860 propter
1530 3790 1631 3845 hoc
1674 3791 1727 3845 in
1767 3792 1875 3851 line

274 3900 293 3934 ς
314 3942 319 3945 Α
341 3897 450 3935 non
484 3896 552 3935 ex
585 3879 860 3936 voluntate
891 3883 1093 3946 Carnis,
1122 3896 1296 3955 neque
1344 3898 1406 3937 ex
1436 3883 1709 3941 voluntate
1749 3885 1870 3954 viri,

276 3992 292 4025 ι
338 3973 434 4028 sed
467 3988 535 4027 ex
565 3972 763 4041 placito
794 3972 967 4029 Patris
1016 3988 1206 4029 manus
1256 3973 1373 4043 ejus
1419 3974 1596 4033 vivum
1628 3975 1869 4044 perfece-

276 4084 294 4117 ‹
341 4072 469 4119 runt
502 4064 799 4127 hominem,
834 4064 908 4119 uti
938 4063 1033 4119 ﬁat
1060 4064 1229 4120 Adam
1257 4066 1551 4121 secundum
1583 4066 1873 4138 imaginem

278 4175 294 4209 ι
339 4168 390 4211 et
414 4155 830 4212 similitudinem
879 4155 996 4211 Dei.
1032 4175 1051 4208 ι
1090 4156 1223 4212 Vide
1252 4172 1407 4227 ergo,
1441 4158 1522 4213 vir
1545 4155 1653 4223 CL,
1700 4174 1765 4213 an
1812 4159 1873 4228 ii,

272 4251 361 4321 qui
392 4259 572 4319 putant
611 4247 900 4307 lectionem
934 4248 1278 4329 «Veronensis
1329 4249 1691 4322 Evangeliarii
1724 4251 1876 4311 nullo

270 4342 437 4397 veteri
486 4343 798 4399 testimonio
848 4342 1031 4401 fultam
1079 4359 1221 4409 esse,
1272 4344 1482 4401 veritati
1539 4345 1715 4403 litent.
1766 4345 1874 4409 Sed

268 4437 441 4505 placet
472 4435 575 4488 alia
604 4449 819 4506 quoque
843 4436 1145 4492 testimonia
1170 4452 1491 4511 proponere,
1518 4453 1580 4495 ac
1600 4439 1653 4495 in
1680 4438 1873 4513 primis

1972 3248 2217 3315 gustinns
2258 3246 2308 3299 in
2339 3245 2477 3299 libro
2501 3242 2914 3299 Confessiontnn
2944 3258 3042 3307 vn,
3069 3256 3188 3309 cap.
3217 3241 3271 3301 9.
3303 3238 3378 3293 ait
3407 3257 3418 3291 :
3449 3256 3468 3289 ι
3506 3238 3575 3293 Et

1975 3339 2150 3409 primo
2178 3339 2373 3394 volens
2404 3336 2696 3392 ostendere
2738 3334 2889 3399 mihi,
2936 3349 3095 3403 quam
3130 3334 3354 3389 resistas
3383 3346 3575 3398 super-

1973 3432 2079 3496 bis,
2107 3431 2397 3491 humilibus
2424 3439 2603 3487 autem
2633 3430 2729 3487 (les
2753 3428 3001 3498 gratiam,
3032 3436 3088 3483 et
3111 3437 3306 3497 quanta
3360 3422 3575 3479 miscri-

1974 3524 2157 3580 cordia
2183 3536 2269 3577 tua
2293 3524 2663 3579 demonstrata
2692 3521 2762 3576 sit
2784 3519 3089 3575 hominibus
3111 3520 3192 3574 via
3222 3516 3558 3579 humilitatis,

1974 3616 2116 3687 quod
2154 3616 2386 3671 Verbnm
2443 3625 2592 3669 tuum
2622 3629 2748 3668 caro
2800 3614 2996 3669 factum
3056 3618 3159 3673 est,
3210 3618 3266 3664 et
3319 3607 3576 3663 habitavit

1975 3708 2116 3763 inter
2141 3707 2423 3771 homines;
2486 3706 2785 3775 procurasti
2819 3704 2948 3758 mihi
3000 3717 3099 3774 per
3145 3701 3435 3772 quemdam
3478 3701 3577 3755 lio-

1974 3801 2198 3863 minem,
2229 3798 2615 3852 inimanissimo
2644 3797 2808 3867 typho
2840 3796 3129 3864 turgidum,
3152 3793 3416 3862 quosdam
3448 3792 3569 3847 Pla-

1974 3892 2273 3949 tonicorum
2328 3890 2495 3949 libros
2539 3905 2606 3945 ex
2657 3889 2843 3947 Graeca
2879 3889 3055 3958 lingua
3086 3888 3136 3941 in
3169 3885 3417 3941 Latinam
3456 3900 3571 3939 vero

1973 4000 2065 4041 sos
2089 4002 2104 4051 ;
2130 3994 2185 4042 et
2216 3985 2285 4041 ibi
2312 3986 2437 4055 legi,
2470 3999 2576 4040 non
2600 3983 2816 4054 quidem
2844 3983 2927 4036 his
2947 3981 3149 4045 verbis,
3174 3979 3269 4034 sed
3300 3978 3398 4032 hoc
3432 3977 3573 4033 idem

1974 4078 2195 4131 omnino
2228 4076 2507 4141 mttltis,et
2535 4075 2924 4142 multiplicibus
2979 4072 3193 4131 suaderi
3251 4071 3572 4143 rationibus,

1974 4170 2196 4240 quodin
2220 4169 2475 4239 principio
2507 4178 2613 4224 erat
2648 4167 2886 4232 Verbum,
2919 4176 2968 4221 et
3022 4165 3235 4221 Verbum
3280 4174 3391 4219 erat
3434 4161 3577 4231 apud

1976 4261 2161 4330 Deam,
2195 4272 2240 4315 et
2291 4261 2432 4315 Deus
2474 4270 2583 4314 erat
2637 4258 2875 4317 Verbum.
2914 4256 3026 4319 Hoc
3077 4266 3183 4311 erat
3232 4258 3284 4310 in
3321 4253 3578 4327 principio

1975 4356 2115 4425 apud
2148 4353 2543 4410 Daunuomnia
2573 4368 2663 4421 per
2692 4353 2859 4420 ipsum
2889 4354 3025 4420 facta
3064 4358 3198 4412 sunt,
3233 4356 3279 4401 et
3320 4347 3432 4401 sine
3460 4347 3575 4415 ipso

1976 4451 2169 4518 factum
2190 4456 2261 4503 est
2288 4446 2439 4503 nihil.
2470 4444 2622 4511 Quod
2651 4444 2846 4513 factum
2866 4452 2938 4498 est
2963 4443 3017 4497 in
3039 4457 3123 4507 eo,
3150 4441 3254 4495 vita
3272 4449 3374 4505 est,
3401 4451 3449 4492 et
3472 4440 3577 4493 vita

266 4527 531 4598 insignem
554 4526 844 4597 quemdam
872 4528 1190 4585 Tertulliani
1220 4529 1417 4594 locum.
1450 4531 1632 4603 inquo
1659 4540 1857 4602 tam".
1890 4536 1945 4597 D
1968 4552 2079 4595 erat
2108 4539 2199 4594 tua:
2219 4540 2501 4602 hominum,
2535 4547 2581 4593 et
2612 4539 2703 4591 tua:
2738 4538 2790 4590 in
2839 4536 3054 4591 tenebris
3092 4536 3244 4603 lucet,
3274 4544 3319 4588 et
3354 4532 3576 4587 tenebrw

263 4621 349 4689 qui
378 4635 438 4674 se
472 4631 718 4674 veterum
751 4621 1078 4691 scriptorum
1120 4620 1274 4692 quasi
1322 4622 1568 4679 medicos
1596 4639 1715 4681 esse
1743 4624 1861 4695 glov

264 4715 496 4779 riantur,
512 4713 733 4767 latentia
760 4714 939 4775 ulcera
961 4714 1255 4784 (inoptimis
1277 4715 1578 4785 quibusque
1590 4716 1865 4775 codicibus

264 4824 368 4862 non
392 4807 735 4879 apparentia)
754 4807 1183 4878 deprehendunt.
1200 4807 1418 4881 Legitur
1441 4811 1615 4880 itaque
1639 4810 1702 4869 ad
1726 4810 1866 4871 hunc

263 4904 484 4955 nioduui
514 4901 566 4954 in
597 4899 737 4953 libro
763 4898 830 4953 de
855 4897 1028 4953 Carne
1056 4898 1258 4955 Christi
1302 4913 1419 4977 cap.
1441 4901 1528 4967 l9,
1553 4901 1870 4966 ubidisserit

267 4992 529 5047 adversus
558 4992 968 5047 Valentinianos
1003 5011 1015 5047 :
1055 5012 1073 5046 ε
1122 4994 1259 5062 Quid
1301 5004 1385 5051 est
1427 5012 1604 5068 ergo:
1636 4997 1751 5054 Non
1800 5014 1870 5061 ex

266 5091 551 5158 sanguine,
588 5103 765 5158 neque
827 5104 892 5144 ex
934 5089 1207 5143 voluntate
1249 5091 1447 5156 carnis,
1472 5106 1646 5161 neque
1674 5108 1738 5149 ex
1770 5109 1867 5149 vo-

267 5177 471 5235 luntate
495 5179 618 5241 viri,
646 5179 739 5235 sed
770 5196 832 5233 ex
862 5181 969 5235 Deo
1000 5188 1154 5238 natus
1181 5180 1303 5235 est?
1336 5182 1444 5235 Hoc
1477 5183 1693 5252 quidem
1720 5188 1861 5256 capi~

272 5271 497 5340 luluego
515 5271 691 5341 potius
708 5279 845 5337 utar,
869 5287 1032 5343 quum
1062 5271 1456 5330 adulteratores
1479 5275 1595 5344 ejus
1627 5275 1868 5337 obduxe-

271 5377 359 5417 ro.
383 5362 469 5418 Sic
496 5366 641 5419 enim
665 5364 925 5434 scriptum
957 5379 1077 5421 esse
1102 5366 1429 5422 eontendunt
1469 5386 1481 5420 :
1517 5366 1636 5423 Non
1664 5385 1725 5422 ea:
1748 5386 1871 5425 sana

266 5456 450 5523 guine,
479 5470 565 5507 nec
585 5470 649 5507 ea:
670 5454 841 5506 carnis
863 5455 1142 5513 voluntate.
1170 5471 1260 5509 nec
1301 5471 1364 5513 ea:
1404 5456 1518 5523 viri,
1552 5456 1642 5511 sed
1670 5473 1733 5511 ea:
1759 5456 1868 5518 Deo

266 5555 427 5598 natus
449 5544 559 5598 est?
598 5543 1067 5614 .....lntelligiinus
1095 5561 1223 5614 ergo
1252 5561 1321 5604 ex
1352 5547 1639 5603 concubitu
1670 5551 1865 5607 nativis

274 5649 442 5695 tatem
481 5638 694 5694 Domini
727 5648 991 5713 negatam,
1039 5640 1183 5709 quod
1224 5642 1366 5711 sapit
1390 5642 1636 5705 voluntas
1670 5645 1788 5711 viri,
1819 5652 1873 5703 et

284 5738 488 5803 carnis,
528 5751 639 5792 non
670 5750 736 5795 ex
764 5734 935 5789 vulvae
966 5735 1390 5811 participatione.
1427 5739 1493 5805 Et
1539 5740 1665 5812 quid
1692 5742 1875 5814 utique

1973 4648 2088 4688 eam
2130 4648 2232 4687 non
2276 4630 2796 4701 comprehenderunt.
2844 4629 2910 4685 Et
2937 4629 3059 4698 quia
3102 4626 3336 4684 hominis
3367 4624 3569 4687 anima,

1974 4724 2223 4796 quamvis
2250 4724 2616 4780 testimonium
2661 4722 2941 4792 perhibeat
2980 4722 3046 4779 de
3098 4720 3320 4783 lumine,
3354 4732 3458 4770 non
3490 4726 3575 4770 est

1978 4830 2156 4877 tamen
2211 4821 2323 4889 ipsa
2374 4809 2578 4883 lumen,
2632 4818 2727 4873 sed
2778 4817 3008 4873 Verbnm
3034 4814 3151 4880 Dei,
3183 4814 3343 4876 Dens,
3376 4820 3460 4866 est
3491 4810 3576 4866 lu-

1975 4928 2099 4968 men
2126 4926 2333 4978 verum,
2357 4912 2499 4981 quod
2533 4910 3032 4967 illuminatouinem
3056 4904 3329 4959 hominem
3354 4904 3577 4959 venien-

1974 5016 2081 5065 tem
2133 5008 2183 5063 in
2235 5005 2377 5060 hunc
2420 5003 2701 5063 mundum.
2736 5002 2800 5057 Et
2825 5000 2947 5069 quia
2981 5000 3029 5051 in
3063 4997 3163 5051 hoc
3195 4996 3399 5051 mundo
3430 5007 3571 5061 erat,

1973 5108 2027 5153 et
2061 5098 2294 5152 mundus
2316 5110 2409 5165 per
2436 5095 2611 5165 ipsum
2643 5092 2815 5147 iactus
2836 5100 2941 5155 est,
2972 5097 3028 5143 et
3052 5089 3286 5145 mundus
3312 5103 3436 5144 eum
3468 5103 3574 5142 non

1971 5190 2240 5258 cognovit,
2296 5188 2428 5254 Quia
2484 5200 2614 5241 vero
2657 5187 2709 5239 in
2751 5199 2845 5239 sua
2896 5185 3110 5252 propria
3160 5183 3330 5248 venit,
3385 5191 3438 5236 et
3490 5182 3577 5237 sui

1972 5297 2094 5337 eum
2137 5296 2243 5335 nou
2290 5288 2649 5349 receperunt,
2702 5285 2968 5347 quotquot
3020 5285 3199 5332 autem
3251 5278 3578 5339 receperunt

1974 5392 2120 5442 eum,
2152 5374 2299 5430 dedit
2322 5374 2401 5432 eis
2423 5380 2744 5444 potestatem
2775 5370 2916 5425 ﬁlios
2940 5369 3030 5431 Dei
3061 5368 3198 5433 ﬁeri,
3231 5362 3575 5423 credentibus

1976 5469 2029 5523 in
2078 5467 2296 5529 nomine
2339 5465 2477 5536 ejus,
2532 5480 2638 5521 non
2692 5463 2762 5518 ibi
2810 5462 2937 5535 legi.
2972 5459 3103 5514 ltcm
3143 5458 3211 5513 ibi
3271 5455 3387 5524 .cgi,
3445 5453 3574 5531 quia

1978 5559 2119 5618 Deus
2152 5559 2408 5627 Verbum,
2442 5574 2549 5615 non
2596 5573 2663 5621 ex
2707 5571 2891 5617 carne.
2925 5567 3032 5610 non
3062 5566 3123 5604 es
3152 5548 3433 5615 sanguine,
3468 5562 3576 5600 non

1980 5668 2047 5710 ex
2078 5652 2354 5715 voluntate
2384 5650 2504 5721 viri,
2535 5665 2710 5729 neque
2737 5664 2802 5727 ex
2830 5645 3100 5705 voluntate
3122 5638 3319 5720 .carnis
3344 5680 3360 5703 ,
3388 5638 3481 5694 sed
3508 5653 3577 5703 ex

2009 5747 2119 5808 Deo
2148 5756 2301 5812 natus
2325 5751 2409 5805 est
2446 5760 2458 5796 :
2500 5742 2595 5804 sed
2622 5741 2745 5814 quia
2778 5736 3009 5821 Verbum
3061 5746 3189 5815 paro
3232 5730 3429 5803 (actum
3477 5741 3582 5805 est,
