4054 6198
425 216 526 272 1³27

1785 214 2156 272 PROLEGOM
2166 216 2323 272 ENA.

3621 221 3726 278 1‘28

418 342 475 387 et
511 329 770 386 habitavit
797 331 850 386 in
879 331 1052 394 nobis.
1084 346 1190 386 non
1220 330 1293 387 ibi
1317 331 1440 402 legi.
1494 351 1514 385 ι
1559 332 1760 388 Auctor
1801 347 2017 404 quoque
2043 335 2094 396 Α
2123 341 2210 403 pta
2254 341 2397 388 sunt.
2433 332 2606 388 Porro
2647 347 2842 406 magno
2880 349 3107 392 numero
3135 336 3357 394 codices
3405 336 3544 394 hanc
3576 339 3734 396 addi-

424 423 770 496 Dialogorum
797 423 868 480 de
896 422 996 479 SS.
1027 423 1308 490 Trinitate,
1341 424 1431 493 qui
1463 423 1689 494 Vigilius
1731 424 2020 494 Tapsensis

419 516 662 572 creditur
684 516 768 584 (ut
783 513 995 570 ostendi
1015 516 1066 570 in
1080 514 1422 571 Enarratione
1434 513 2022 571 Pseudo-Atlianasiana

419 611 476 665 in
507 608 839 680 Symbolum,
871 624 1030 677 quam
1061 608 1292 665 Veronae
1331 609 1525 680 edidi),
1573 610 1638 664 ad
1687 610 2020 680 probandum

422 715 616 756 nomen
648 701 833 755 aeterni
857 700 1032 757 Patris
1057 717 1179 757 esse
1204 703 1256 757 in
1287 702 1444 768 Filio,
1475 717 1539 757 ac
1567 702 1769 770 Spiritu
1799 703 2020 771 Sancto,

421 795 652 850 alterum
699 809 912 862 eorum,
963 796 1052 863 qui
1106 797 1512 867 colloquuntur,
1545 797 1794 854 videlicet
1823 796 2022 852 Ortho-

423 886 645 951 doxnm,
690 886 764 942 ita
813 887 1079 943 dicentem
1124 890 1176 944 in
1216 891 1520 957 palzrstram
1553 889 1756 945 inducit
1794 904 1809 945 :
1853 909 1872 942 ι
1919 891 2023 946 Sed

423 998 492 1040 cx
521 984 632 1039 Deo
660 994 846 1038 natum
888 998 1012 1040 esse
1036 983 1361 1056 (Christum)
1391 985 1625 1041 Joannes
1655 995 1881 1041 testatur
1909 1003 1922 1039 :
1957 985 2024 1041 In

422 1092 517 1130 sua
542 1077 698 1141 venit,
723 1085 771 1130 et
793 1077 875 1130 sui
901 1095 1013 1131 eum
1044 1094 1147 1131 non
1190 1088 1489 1148 receperunt
1520 1095 1539 1132 :
1568 1087 1816 1149 quotquot
1855 1088 2028 1133 autem

423 1179 722 1238 receperunt
767 1185 907 1234 eum,
951 1170 1090 1225 dedit
1116 1171 1187 1225 eis
1217 1182 1516 1242 potestatem
1562 1172 1702 1241 ﬁlios
1747 1172 1845 1227 Dei
1885 1173 2022 1242 ﬁeri,

423 1262 748 1318 credentibus
773 1264 826 1318 in
853 1265 1055 1318 nomine
1083 1269 1215 1335 ejus,
1245 1267 1333 1336 qui
1357 1282 1460 1320 non
1484 1283 1547 1320 ea:
1572 1268 1841 1337 sanguine,
1869 1282 2028 1337 neque

425 1370 490 1409 ea:
515 1356 721 1410 uolunte
747 1358 941 1422 carnis,
975 1374 1136 1429 neque
1155 1375 1221 1413 ea:
1250 1360 1507 1414 voluntate
1534 1361 1652 1425 viri,
1683 1360 1772 1414 sed
1813 1377 1875 1413 ea:
1922 1359 2028 1414 Deo

426 1456 577 1502 natus
601 1458 695 1502 est.
729 1449 864 1509 Huic
895 1450 1108 1505 tandem
1140 1452 1348 1507 accedit
1375 1453 1539 1507 etiam
1570 1453 1628 1507 S.
1660 1452 1896 1507 Joannes
1926 1452 2027 1506 Da-

428 1553 738 1606 mascenus,
768 1542 858 1610 qui
890 1551 1023 1597 tom.
1057 1560 1096 1610 1,
1140 1544 1236 1598 lib.
1279 1560 1378 1610 111,
1409 1543 1479 1600 de
1517 1543 1648 1600 Fide
1685 1543 2026 1610 Orthodoxa,

427 1645 548 1702 cap.
581 1634 634 1699 7,
670 1649 792 1704 pag.
818 1634 944 1699 204,
977 1635 1110 1690 edit.
1147 1637 1473 1692 Parisiensis
1514 1637 1576 1692 P.
1619 1637 1893 1694 Michaelis
1922 1638 2029 1694 Le-

2126 427 2327 481 tionem
2355 441 2460 482 non
2491 426 2710 483 habent.

2195 518 2326 575 an.
2367 535 2484 591 cap.
2512 537 2586 584 Vl,
2612 522 2704 593 55,
2738 521 3034 586 Veronen.,
3069 541 3224 595 super
3242 536 3439 596 gratos,
3471 537 3516 580 et
3545 528 3733 586 malos.

2130 611 2256 668 llzec
2277 613 2435 668 lectio
2459 615 2648 669 referri
2677 615 2895 671 videtur
2919 616 2984 670 ad
3011 617 3251 684 codices,
3275 620 3472 690 quibus
3499 634 3625 675 usus
3648 629 3740 676 est

2125 707 2488 762 Tertullianus
2521 710 2572 763 in
2606 709 2698 763 lib.
2732 725 2783 764 IV
2813 717 3000 764 contra
3035 709 3197 765 Marc.
3229 726 3350 778 cap.
3380 713 3468 774 17,
3505 713 3557 767 111
3614 715 3736 782 qui-

2126 798 2224 853 bus
2251 809 2372 868 post
2399 815 2611 855 versum
2638 801 2726 864 56,
2753 800 2856 856 hoc
2885 811 3259 856 assmnentum
3291 803 3614 872 habebatur,
3643 805 3733 876 qui

2129 892 2262 961 pluit
2305 908 2458 964 super
2498 891 2677 958 bonos,
2711 903 2756 946 et
2784 895 2967 959 malos,
2998 904 3045 948 et
3085 897 3245 950 solem
3277 914 3424 950 suum
3454 899 3578 952 oriri
3608 899 3736 970 facit

2126 1001 2280 1054 super
2291 988 2486 1057 justas,
2511 995 2560 1039 et
2579 986 2834 1054 injustas;
2857 987 3128 1057 quomodo
3152 996 3207 1043 et
3226 987 3457 1044 habebat
3481 990 3731 1047 Grmcnm

2127 1079 2423 1145 exemplar,
2448 1079 2588 1148 quod
2613 1078 2858 1134 adhibuit
2880 1091 3069 1136 auctor
3105 1081 3447 1137 homiliarum
3473 1083 3733 1142 Clemen-

2129 1169 2360 1224 tinarnm
2391 1171 2589 1224 I-lomil.
2620 1171 2675 1238 5,
2708 1171 2736 1242 §
2770 1172 2857 1226 57.

2202 1261 2331 1316 Luc.
2383 1277 2503 1331 cap.
2549 1279 2602 1325 ι,
2640 1263 2730 1328 15,
2759 1262 3062 1330 Veronen.,
3099 1282 3258 1336 usque
3283 1269 3336 1320 in
3361 1269 3642 1336 infernum.
3674 1270 3732 1326 ln

2128 1351 2320 1410 Graeco
2359 1352 2506 1410 fonte
2537 1354 2724 1411 eadem
2771 1355 2934 1410 verba
2967 1367 3297 1427 occurrunt,
3346 1362 3445 1423 ἕως
3475 1360 3602 1433 ᾃδου
3633 1385 3732 1417 καί

2130 1453 2476 1526 ταϐιϐαθὴσῃ,
2501 1468 2657 1522 usque
2687 1454 2738 1506 in
2767 1454 3046 1524 infernum.

2203 1544 2333 1600 Luc.
2367 1561 2482 1614 cap.
2518 1561 2615 1609 xu,
2653 1545 2743 1610 55,
2764 1545 3064 1613 Veranen.,
3096 1556 3146 1602 et
3170 1549 3244 1602 ita
3267 1549 3382 1618 ﬁet.
3405 1548 3554 1615 Gat.,
3581 1549 3731 1618 Mm.,

2130 1635 2512 1692 Vindobonen.
2562 1647 2616 1690 et
2662 1636 2927 1700 Brixian.,
2974 1650 3022 1692 et
3063 1640 3137 1692 ita
3176 1641 3254 1709 ﬁt.
3284 1641 3359 1702 ῗτὸ
3406 1642 3497 1708 ita,
3529 1641 3735 1697 addunt

425 1725 589 1795 quien
617 1726 739 1781 0rd.
765 1726 871 1782 FF.
899 1728 1189 1784 Prmdicat.
1219 1728 1358 1784 1712
1382 1732 1495 1785 ait:
1527 1735 1621 1786 Καὶ
1656 1730 1682 1786 ὁ
1707 1732 1870 1805 Λόγος
1894 1733 2027 1807 σὰρξ

2151 1731 2296 1785 etiam
2322 1730 2566 1784 nonnulli
2593 1730 2753 1785 codd.
2787 1731 2982 1798 Grteci,
3016 1741 3071 1786 et
3101 1733 3282 1788 rersio
3309 1732 3550 1802 Ethiop.

425 1820 696 1895 ἀτρέπτως
717 1823 928 1894 ἐγένετο,
969 1826 1023 1878 ἐκ
1052 1829 1338 1897 Πνεὺματος
1360 1825 1531 1899 ἁγίου,
1577 1828 1660 1880 καὶ
1697 1827 1895 1901 Μαρίας
1933 1835 2026 1886 τῆς

425 1915 572 1990 ἁγίας
598 1919 949 1996 ἀειπαρθένου,
989 1925 1069 1976 καὶ
1111 1922 1382 1977 Θεοτὸκου·
1416 1926 1502 1976 καὶ
1539 1924 1751 1993 μεσίτης
1783 1926 1910 1976 Θεοῦ
1947 1923 2029 1976 καὶ

426 2010 706 2087 ἀνθρώπων
761 2018 1099 2088 χρηματίζει,
1149 2015 1174 2070 ὁ
1221 2015 1369 2087 μόνος
1411 2016 1756 2093 Φιλὰνθρωπος
1786 2056 1802 2082 ,
1843 2018 1928 2070 οὐκ
1975 2016 2028 2068 ἐκ

426 2104 725 2176 θελήματος,
749 2104 780 2165 ἦ
797 2108 1089 2178 ἐπιθυμίας,
1111 2108 1142 2168 ἦ
1166 2114 1441 2184 συναφείας
1464 2110 1666 2187 ἀνδρὸς,
1697 2109 1726 2170 ἣ
1751 2116 2030 2184 γεννήσεως

427 2195 682 2262 ἐνηδόνου,
707 2200 760 2254 ἐν
782 2208 844 2275 τῇ
867 2201 1116 2278 ἀχρὰντῳ
1136 2208 1308 2279 μήτρᾳ
1323 2213 1415 2264 τῆς
1441 2207 1690 2281 Παρθένου
1712 2205 2028 2278 συλληφθεὶς,

427 2289 534 2343 ἀλλ’
579 2293 636 2344 ἐκ
683 2294 979 2366 Πνιύματος
1033 2295 1205 2370 ἁγίου,
1254 2301 1339 2352 καὶ
1386 2305 1478 2358 τῆς
1512 2302 1720 2375 πρώτης
1752 2305 1842 2353 τοῦ
1883 2297 2031 2369 Δδὰμ

427 2384 697 2453 γενέσεως,
749 2401 868 2451 quae
925 2386 1110 2440 Grieca
1165 2388 1326 2443 verba
1382 2390 1629 2444 laudatus
1683 2390 2032 2445 doctissimus

429 2473 607 2528 editor
637 2475 926 2545 Latinejita
952 2478 1188 2532 reddidit
1222 2498 1236 2533 :
1283 2497 1302 2531 ι
1349 2479 1611 2548 Quocirca
1642 2481 1876 2537 Verbum
1905 2497 2032 2538 caro

436 2583 455 2616 ι
503 2568 706 2635 alisque
729 2568 834 2622 ulla
868 2571 1167 2626 mutatione
1188 2572 1255 2626 de
1274 2573 1480 2639 Spiritu
1509 2574 1732 2640 Sancto,
1754 2583 1808 2629 et
1831 2575 2030 2630 Sancta

438 2674 457 2706 ι
503 2657 666 2712 Maria
701 2673 920 2728 semper
948 2660 1196 2731 Virgine,
1248 2663 1451 2733 Deique
1503 2664 1779 2720 Genitrice
1830 2666 2030 2720 factum

439 2768 458 2802 ι
506 2761 583 2804 est
619 2770 631 2803 :
664 2751 856 2821 deique
879 2763 932 2807 et
961 2754 1236 2808 hominum
1265 2757 1528 2812 mediator
1557 2759 1741 2814 existit
1768 2760 1915 2816 solus
1944 2761 2035 2816 ille

442 2862 460 2895 ι
509 2845 560 2898 111
588 2845 836 2901 homines
873 2845 1323 2918 benignissimus,
1357 2865 1462 2903 non
1498 2867 1563 2904 ex
1595 2853 1872 2907 voluntate
1897 2895 1911 2917 ,
1944 2862 2035 2907 aut

441 2953 460 2986 ι
507 2939 941 3007 cencupiscentia
959 2979 973 3004 ,
999 2951 1089 2994 aut
1113 2955 1410 3011 congressu
1435 2944 1658 3009 viri,aut
1681 2946 2034 3015 generatione

442 3047 461 3080 ι
509 3045 630 3083 cum
663 3031 936 3101 voluptate
979 3033 1287 3102 conjuncta,
1345 3036 1394 3088 in
1454 3035 1774 3092 intemerato
1797 3038 2034 3109 Virginis

2204 1822 2498 1891 Marc.cap.
2521 1837 2556 1886 I,
2576 1820 2895 1888 ll,Veron.,
2914 1822 2967 1876 in
2983 1839 3082 1893 quo
3096 1824 3216 1878 bene
3237 1825 3424 1893 placuit
3443 1826 3586 1894 milii,
3609 1825 3731 1881 Bri-

2132 1914 2253 1967 xian
2265 1913 2370 1983 .qui
2387 1912 2510 1965 mihi
2523 1913 2643 1966 bene
2657 1914 3032 1983 complacuisti.
3047 1913 3085 1967 ϐ
3096 1915 3216 1969 racci
3234 1915 3446 1970 codices
3461 1916 3730 1986 impressi,

2137 2013 2192 2059 ιιι
2232 2019 2393 2058 manu
2425 2005 2629 2058 exarati
2659 2004 3026 2074 quamplures,
3059 2020 3182 2060 cum
3220 2006 3469 2062 Matthaeo
3493 2021 3725 2062 consen-

2136 2099 2357 2164 tientes,
2385 2098 2604 2161 habent,
2629 2097 2682 2150 in
2705 2113 2802 2167 quo
2823 2098 3134 2167 complacui.
3162 2097 3401 2170 Vulgata;
3425 2098 3602 2156 favent
3632 2100 3736 2155 Ln-

2135 2205 2248 2255 cas,
2272 2199 2327 2244 et
2355 2190 2527 2259 major
2559 2190 2821 2244 librorum
2854 2205 3134 2246 numerus.

2208 2281 2374 2336 Marc.
2421 2297 2539 2352 cap.
2597 2297 2689 2348 vr,
2741 2282 2848 2346 55,
2913 2281 3228 2351 Veronen.,
3289 2292 3338 2338 et
3395 2294 3737 2339 convenerunt

2136 2374 2282 2428 illuc.
2315 2373 2536 2430 Graacus
2561 2389 2774 2445 quoque
2808 2383 2984 2430 textus
3013 2375 3183 2440 addit,
3216 2385 3262 2430 et
3291 2389 3632 2431 convenerunt
3661 2378 3733 2430 ad

2137 2469 2308 2524 illum.

2211 2561 2403 2616 Matth.
2433 2576 2554 2631 cap.
2597 2579 2694 2628 xu,
2727 2563 2816 2618 51.
2850 2563 3143 2630 Veronen.,
3171 2565 3259 2634 qui
3287 2573 3456 2618 autem
3487 2565 3541 2618 in
3566 2563 3742 2638 Spiri-

2140 2663 2246 2705 tum
2269 2653 2516 2709 Sanctum
2537 2653 2986 2725 blasphemaverit,
3014 2671 3114 2709 non
3144 2657 3427 2710 remittetur
3450 2655 3532 2710 illi
3563 2673 3744 2728 pecca-

2139 2755 2265 2808 tum,
2294 2743 2580 2800 Corbeien.
2615 2750 2702 2819 qui
2725 2757 2892 2802 autem
2923 2751 2977 2802 in
3010 2748 3268 2818 Spiritum
3295 2747 3389 2804 Dei
3415 2749 3742 2820 blasphema-

2139 2840 2285 2903 verit,
2316 2856 2417 2893 non
2453 2841 2739 2895 remittetur
2777 2843 2845 2908 ei,
2873 2841 3112 2898 Brixian.
3149 2841 3380 2913 Spiritus
3417 2853 3586 2896 autem
3608 2844 3745 2898 blas-

2143 2932 2344 3000 phemia
2372 2949 2471 2987 non
2503 2937 2785 2989 remittetur
2809 2936 3124 2990 hominibus.
3153 2935 3212 2992 S.
3247 2935 3448 2992 Athan.
3472 2937 3523 2990 in
3551 2937 3644 2991 lib.
3673 2936 3742 2991 de

2141 3024 2182 3079 Τ
2189 3025 2339 3080 rinit.
2360 3025 2516 3082 Tom.
2538 3044 2574 3091 1,
2592 3043 2714 3100 pag.
2743 3028 2840 3084 98l
2859 3071 2872 3094 ,
2899 3030 2986 3099 qui
3017 3038 3184 3083 autem
3223 3029 3647 3097 blasphemaverit
3686 3031 3739 3084 iu

444 3142 462 3174 ι
512 3133 665 3177 “tum
695 3134 1010 3193 concepms’
1039 3127 1133 3180 sed
1159 3126 1227 3181 de
1257 3126 1460 3197 spirit"
1501 3128 1699 3185 Sancto
1724 3171 1738 3196 ,
1770 3147 1831 3186 ac
1861 3132 2031 3202 prima
2059 3117 2104 3179 C
2139 3118 2341 3189 Spiritu
2370 3119 2563 3174 Sancto
2594 3137 2694 3174 non
2737 3121 3024 3175 remittetur
3046 3121 3111 3186 ei,
3159 3132 3214 3176 et
3242 3123 3292 3174 in
3319 3119 3510 3191 fragm.
3545 3135 3739 3176 secun-

445 3236 464 3270 ι
515 3217 601 3271 illa
631 3217 820 3271 Adami
848 3218 1218 3287 productione.
1257 3237 1276 3271 ι

511 3309 698 3364 Matth.
725 3325 843 3380 cap.
871 3325 926 3374 ν,
954 3311 1006 3376 1,
1035 3311 1209 3379 deest,
1237 3311 1412 3378 Iesus,
1437 3313 1487 3367 in
1507 3313 1704 3368 Veron.
1731 3314 2036 3369 ctBrixian.

441 3411 494 3458 ct
523 3403 594 3456 ita
640 3402 692 3456 in
732 3411 882 3458 textu
921 3402 1144 3470 Graeco,
1189 3420 1400 3460 necnon
1443 3406 1495 3460 in
1530 3406 1801 3477 plerisque
1831 3406 2040 3462 Latinis

442 3508 574 3548 mss.
603 3496 986 3553 vetuStioribns
1019 3496 1285 3551 Vaticana!
1317 3497 1685 3554 Bibliothecaa.

514 3586 699 3643 Matth.
745 3604 864 3657 cap.
909 3605 982 3654 ix,
1013 3588 1105 3652 28,
1153 3589 1203 3642 in
1237 3588 1435 3644 Veron.
1471 3589 1643 3646 deest.
1686 3590 1843 3658 vobis,
1879 3601 1933 3646 et
1968 3593 2040 3648 ita

446 3679 497 3733 in
527 3679 716 3734 Grut-co
747 3682 1065 3752 exemplari,
1097 3697 1163 3738 ac
1185 3682 1236 3736 in
1269 3681 1542 3738 nonnullis
1565 3685 1951 3740 vetustioribus
1979 3686 2043 3739 li-

444 3770 557 3824 bris
589 3771 1029 3840 Evangeliorutn.

516 3862 703 3917 Matth.
751 3877 872 3933 cap.
906 3881 1015 3930 1m,
1049 3870 1102 3931 4,
1141 3866 1193 3919 111
1227 3866 1496 3922 Verunen.
1527 3867 1813 3924 Corbeien.
1845 3879 1901 3924 et
1928 3871 2044 3925 Bri—

447 3959 598 4012 xian.
641 3957 820 4023 deest,
863 3969 1042 4012 totum.
1086 3970 1135 4014 et
1177 3961 1248 4013 ita
1277 3960 1329 4013 in
1363 3961 1565 4016 Grmcis
1606 3961 1847 4018 melioris
1878 3975 2040 4030 notae,

446 4059 500 4104 et
530 4050 580 4104 in
614 4050 819 4104 Latinis
841 4052 1040 4120 regium
1063 4053 1358 4106 Snecormn
1389 4067 1517 4107 mss.
1553 4055 1726 4109 libris.

516 4141 670 4196 Joan.
696 4157 817 4212 cap.
845 4159 884 4210 1,
919 4143 1006 4209 12,
1042 4142 1340 4210 Veronen.,
1368 4146 1712 4214 credentibus,
1736 4147 1892 4218 juxta
1921 4158 2040 4205 tex-

447 4242 559 4289 ltltn
586 4234 858 4301 Graecum,
887 4247 999 4299 τοῖς
1028 4241 1388 4296 πιστεύουσιν.

517 4327 675 4384 Joan.
732 4343 852 4399 cap.
907 4345 990 4396 Vl,
1047 4331 1137 4396 58,
1191 4331 1462 4387 Veronen.
1512 4332 1623 4387 vivo
1673 4350 1764 4403 per
1803 4332 2043 4403 Patrem;

445 4429 494 4474 et
519 4421 627 4492 ipse
661 4421 779 4475 vivit
805 4439 895 4493 per
918 4440 1016 4476 me.
1060 4423 1304 4493 Graecus,
1339 4423 1422 4480 διὰ
1442 4426 1528 4482 τὸν
1554 4427 1777 4502 πατέρα,
1812 4443 1904 4498 per
1938 4426 2043 4482 Pa-

447 4523 594 4569 trem.

517 4608 673 4663 .Ioan.
708 4622 829 4678 cap.
857 4624 947 4672 xv,
980 4610 1034 4673 6,
1068 4610 1338 4666 Veronen.
1373 4621 1426 4668 et
1455 4609 1740 4668 Corbeien.
1761 4654 1776 4678 ,
1811 4622 1857 4668 et
1883 4614 2044 4678 aruit,

447 4704 670 4771 propius
694 4701 885 4758 Graeco
908 4706 1099 4759 textui.

521 4796 650 4854 Luc.
694 4813 816 4864 cap.
866 4814 924 4863 11,
963 4797 1054 4866 54,
1093 4797 1391 4864 Veronen.,
1427 4798 1527 4853 Hic
1554 4801 1750 4869 positus
1773 4811 1849 4854 est
1877 4802 1931 4854 in
1961 4817 2050 4854 ca-

451 4904 581 4941 sum.
616 4901 671 4942 et
710 4891 780 4943 ita
815 4900 994 4946 textus
1025 4890 1248 4946 Grmens
1278 4892 1348 4952 εἰς
1379 4899 1597 4957 πτῶσιν,
1647 4891 1696 4944 id
1743 4901 1846 4957 est,
1877 4893 1932 4946 in
1959 4909 2048 4946 ca-

451 4995 583 5032 sum.
615 4978 774 5035 Casus
798 4993 976 5036 autem
1010 4983 1082 5037 ibi
1118 4983 1332 5052 ponitur
1368 4997 1467 5052 pro
1497 4983 1672 5049 exitio,
1701 4985 1822 5052 quia
1858 4985 1924 5048 is,
1957 4985 2047 5054 qui

451 5070 665 5134 cecidit,
700 5073 854 5125 lacile
883 5075 950 5126 ah
983 5076 1135 5131 hoste
1162 5077 1506 5146 opprimitur,
1552 5085 1605 5131 et
1635 5087 1888 5130 censetur
1924 5091 2042 5146 per-

451 5165 595 5220 ditus
625 5182 637 5218 :
669 5167 762 5232 ita,
799 5172 1120 5234 resurrectio,
1154 5186 1269 5238 pro,
1299 5171 1492 5235 salute;
1527 5170 1690 5240 quod,
1723 5170 1817 5241 qui
1837 5178 2051 5226 erectus

452 5261 687 5328 steterit,
717 5259 895 5315 salvus
927 5261 1190 5317 videatur.

528 5350 657 5405 an.
691 5367 812 5421 cap.
845 5367 914 5419 tv,
945 5351 998 5416 8,
1029 5351 1324 5420 Veronen.,
1359 5353 1500 5409 Vade
1520 5365 1635 5426 post
1658 5371 1758 5420 me,
1789 5355 2052 5421 Satanas;

454 5449 699 5520 scriptum
727 5461 803 5505 est
830 5450 966 5504 enim
1008 5465 1028 5504 :
1069 5448 1346 5503 Dominum
1391 5448 1560 5503 Deum
1606 5460 1748 5504 tuum
1791 5451 2049 5530 adorabis.

459 5541 683 5598 Griecus
726 5543 878 5614 legit,
926 5544 1121 5619 'Trra'ys
1175 5545 1340 5600 ὀπίσω
1371 5566 1489 5617 μου,
1521 5550 1740 5600 Σατανᾶ⁹
1768 5547 2057 5618 ’γέγραπται

462 5637 583 5714 γὰρ,
617 5642 722 5690 etc.
755 5637 854 5692 hoc
883 5651 984 5705 est,
1026 5638 1204 5693 recede
1233 5655 1265 5691 a
1290 5653 1386 5705 me,
1415 5637 1678 5700 Satanas;
1710 5638 1957 5707 scriptum
1987 5645 2060 5691 est

461 5730 615 5795 enim,
640 5743 746 5784 etc.
781 5745 901 5800 quae
932 5731 1093 5787 verba
1127 5748 1190 5786 ex
1224 5731 1457 5786 Matthmi
1483 5745 1603 5803 cap.
1625 5745 1696 5797 tv,
1727 5729 1814 5797 10,
1844 5730 2060 5785 desum-

2149 3213 2276 3268 dum
2309 3213 2618 3269 Matthazum
2647 3215 2806 3270 Tom.
2834 3232 2872 3279 ι,
2904 3215 3051 3270 Part.
3087 3231 3141 3278 u,
3170 3230 3290 3287 pag.
3316 3214 3478 3282 1169,
3510 3214 3740 3287 blasphe-

2146 3306 2250 3358 mia
2272 3314 2442 3360 autem
2471 3306 2525 3360 in
2557 3307 2813 3377 Spiritum
2843 3324 2945 3361 non
2975 3308 3259 3362 remittetur
3283 3308 3408 3361 illis.

2216 3398 2347 3453 Luc.
2379 3413 2501 3469 cap.
2531 3416 2625 3466 xu,
2655 3402 2744 3466 '58,
2776 3383 3076 3467 Veronen.,
3099 3410 3151 3455 et
3173 3401 3216 3454 si
3243 3401 3435 3454 venerit
3458 3399 3744 3468 vespertina

2143 3493 2342 3565 vigilia,
2376 3503 2422 3547 et
2449 3495 2520 3547 ita
2547 3492 2814 3558 invenerit,
2851 3493 2985 3546 beati
3017 3501 3135 3546 sunt
3154 3507 3174 3556 ;
3199 3492 3442 3562 quoniam
3457 3492 3657 3561 jubebit
3682 3493 3744 3545 il-

2146 3587 2224 3642 los
2252 3587 2592 3650 discumbere,
2633 3598 2679 3641 et
2704 3586 3016 3640 ministrabit
3044 3586 3176 3655 illis,
3205 3583 3492 3640 Corbeien.
3524 3587 3570 3638 si
3594 3601 3747 3640 vene-

2143 3681 2212 3735 rit
2241 3682 2528 3754 vespertina
2557 3682 2751 3750 vigilia,
2789 3691 2837 3735 et
2867 3680 2939 3734 ita
2965 3679 3241 3745 invenerit,
3277 3679 3404 3732 beati
3429 3689 3590 3743 sunt;
3624 3678 3746 3748 quia

2136 3775 2336 3846 jubebit
2365 3776 2489 3829 illos
2520 3775 2853 3841 discumbere,
2888 3783 2932 3827 et
2963 3774 3191 3838 transiet,
3223 3782 3269 3827 et
3294 3772 3601 3827 ministrabit
3628 3773 3699 3826 eis
3728 3789 3747 3827 :

2147 3868 2192 3920 si
2218 3867 2464 3932 secunda,
2506 3876 2552 3920 et
2581 3867 2626 3920 si
2656 3867 2826 3931 tertia,
2855 3867 2989 3921 beati
3019 3874 3156 3933 sunt,
3187 3865 3341 3930 Mm.,
3387 3875 3433 3919 et
3476 3865 3518 3919 si
3557 3867 3748 3919 venerit

2146 3958 2433 4030 vespertina
2460 3958 2657 4028 vigilia,
2688 3967 2733 4012 et
2773 3959 2844 4010 ita
2866 3958 3131 4020 invenerit.
3165 3957 3295 4011 beati
3332 3965 3447 4012 sunt
3474 3958 3605 4012 servi
3629 3956 3748 4021 illi;

2148 4051 2266 4120 quia
2283 4049 2485 4123 jubebit
2525 4051 2642 4103 illos
2673 4049 3005 4115 discumbere,
3052 4061 3097 4103 et
3144 4050 3398 4104 transiens
3437 4051 3746 4104 ministrabit

2149 4144 2256 4198 illis
2289 4159 2308 4196 :
2335 4153 2382 4196 et
2415 4144 2457 4195 si
2488 4143 2676 4196 venerit
2722 4143 2772 4195 in
2803 4141 3027 4196 secunda
3057 4142 3254 4212 vigilia,
3278 4152 3325 4196 et
3353 4143 3400 4195 si
3427 4142 3478 4195 in
3509 4142 3676 4205 tertia,
3699 4151 3750 4196 et

2146 4240 2218 4293 ita
2235 4239 2500 4304 invenerit,
2525 4236 2675 4303 beati,
2696 4235 3110 4292 etc.Vindobon.
3122 4244 3187 4302 ,et
3202 4237 3247 4289 si
3261 4236 3446 4290 venerit
3463 4236 3752 4306 vespertina

2149 4333 2280 4387 hora
2304 4333 2500 4404 vigilia,
2529 4340 2578 4386 et
2610 4333 2682 4386 ita
2710 4331 2975 4404 invenerit,
3004 4331 3137 4386 beati
3171 4339 3359 4386 sunt...
3389 4331 3510 4401 quia
3541 4330 3741 4403 jubebit

2151 4428 2279 4482 illos
2308 4425 2645 4490 discumbere,
2696 4433 2741 4478 et
2773 4425 3005 4491 transiet,
3037 4433 3082 4478 et
3111 4422 3418 4478 ministrabit
3457 4422 3564 4477 illis
3587 4438 3606 4476 :
3631 4432 3678 4477 et
3708 4424 3753 4478 si

2073 4521 2129 4580 D
2153 4519 2398 4583 secunda,
2441 4526 2487 4572 et
2523 4517 2566 4572 si
2608 4517 2780 4584 tertia,
2813 4517 2942 4571 beati
2967 4526 3107 4570 sunt.
3152 4515 3325 4571 Etiam
3357 4503 3410 4569 in}
3437 4514 3622 4570 codice
3650 4515 3755 4570 Ca-

2153 4612 2376 4679 tholico,
2425 4625 2530 4682 quo
2560 4610 2651 4665 hic
2689 4626 2818 4666 usus
2842 4620 2924 4666 est
2952 4609 3214 4676 Marcion,
3258 4617 3382 4663 ante
3411 4623 3626 4662 versum
3659 4609 3750 4672 58,

2151 4711 2223 4765 ita
2256 4709 2555 4778 legebatur,
2593 4711 2679 4762 καὶ
2705 4709 2786 4762 ἐὰν
2817 4706 2929 4782 ἔλθῃ
2973 4707 3022 4760 ἐν
3049 4714 3111 4783 τῇ
3141 4705 3382 4782 ἑσπερινῇ
3422 4705 3617 4780 φυλακῇ
3666 4708 3756 4757 καὶ

2155 4805 2280 4880 εὕρῃ
2328 4804 2484 4865 οὕτω,
2541 4803 2784 4880 μακάριοί
2839 4804 2966 4856 εἰσιν
2997 4799 3074 4856 ὅτι
3111 4800 3365 4855 ἀνακλινεῖ
3409 4801 3618 4864 αὐτοὺς,
3667 4801 3755 4852 καὶ

2155 4897 2306 4951 ἐλθὼν
2333 4901 2438 4951 πᾶν
2476 4893 2765 4953 διακονήσει
2793 4894 2991 4953 αὐτοῖς.
3040 4895 3212 4962 Atque
3249 4891 3351 4945 hoc
3380 4898 3754 4946 assumentutn

2159 5003 2266 5043 non
2297 5003 2441 5052 esse,
2471 4994 2620 5056 putat
2645 4985 2841 5039 Millius
2862 5027 2876 5049 ,
2919 4983 3013 5039 sed
3047 4985 3334 5054 genuinam
3370 4984 3432 5036 D.
3463 4981 3621 5037 Lucae
3649 4983 3761 5037 lec-

2160 5079 2358 5133 tionem
2389 5093 2440 5146 p.
2469 5077 2558 5141 55,
2591 5077 2642 5130 111
2668 5075 2880 5144 Proleg.
2913 5089 3030 5128 eam
3061 5089 3294 5144 namque
3326 5073 3544 5128 ﬁrmant
3569 5072 3760 5128 lectio-

2162 5188 2284 5228 nem
2333 5169 2614 5240 exemplar
2645 5168 2887 5240 Vulgatze
2918 5167 3066 5239 (ante
3099 5166 3508 5238 Hieronymum)
3562 5165 3758 5221 lrenaai

2159 5263 2756 5336 interpretis,Ambros.
2777 5280 2828 5317 tn
2846 5261 3000 5316 Com.
3026 5261 3077 5314 in
3099 5259 3231 5315 an.
3261 5260 3452 5324 lib.vu,
3477 5273 3596 5328 cap.
3617 5257 3676 5319 ‘2,
3698 5265 3752 5310 et.

2161 5359 2467 5414 Methodius
2496 5357 2645 5412 Orat.
2694 5357 2757 5422 5,
2809 5355 2871 5409 de
2899 5353 3142 5408 Convicio
3197 5351 3487 5425 Virginum.
3531 5350 3759 5416 Verum,

2161 5466 2283 5510 cum
2317 5451 2538 5505 initialia
2569 5447 2823 5505 versiculi
2849 5447 3008 5515 hujus
3036 5445 3225 5501 eadem
3259 5446 3387 5509 sint,
3421 5459 3541 5514 quae
3570 5456 3762 5498 versus

2163 5543 2410 5614 proxime
2455 5540 2866 5610 subsequentis;
2929 5549 3089 5610 atque
3133 5538 3261 5592 item
3317 5547 3586 5608 postrema
3642 5536 3766 5604 ejus

2165 5633 2349 5699 verba,
2382 5634 2490 5688 sint
2519 5633 2710 5688 eadem
2751 5633 2889 5703 ipsa,
2921 5645 3039 5702 qua:
3061 5643 3252 5684 versus
3281 5627 3593 5683 immediate
3621 5641 3765 5698 pm-

2164 5727 2443 5792 cedentis;
2473 5741 2660 5781 errore
2680 5723 2968 5780 admodum
2993 5722 3133 5778 facili
3157 5721 3356 5778 factum
3379 5736 3500 5777 csse
3525 5720 3763 5788 videtur,
