4054 6198
278 323 372 378 129

267 530 488 593 Graecis,
518 542 673 598 quam
704 527 759 581 in
792 528 997 584 Latinis
1023 530 1420 599 exemplaribus
1452 528 1847 594 manuscriptis,

262 622 313 677 in
339 623 536 693 quibus
577 630 715 676 lotus
746 637 937 677 versus
969 624 1055 691 58,
1093 624 1335 694 Vulgatae
1366 622 1615 677 editionis
1644 621 1712 674 ab
1739 620 1851 674 An-

263 719 492 789 tiquario
511 717 906 787 praetermissus
930 726 1033 773 est.
1062 716 1189 772 Hzec
1220 717 1434 772 Millius.
1826 702 1842 710 ’

334 810 519 864 Matth.
546 825 667 880 cap.
713 825 749 872 ι,
780 809 876 871 25,
909 809 1183 865 Veronen.
1215 807 1503 863 Corbeien.
1531 816 1586 863 et
1613 806 1851 860 Brixian.

261 913 306 958 et
334 919 429 957 non
460 902 696 975 cognovit
727 918 856 956 eam.
886 910 941 956 et
968 902 1040 956 ita
1074 902 1131 957 S.
1180 902 1429 956 Ambros.
1469 901 1523 955 in
1551 900 1645 955 lib.
1677 899 1743 954 de
1768 898 1854 952 1n-

264 997 371 1052 stit.
400 995 546 1066 Virg.
583 1011 706 1065 cap.
748 996 804 1060 5,
854 1010 972 1066 pag.
998 995 1102 1050 257
1131 1004 1186 1051 et
1207 996 1339 1059 258,
1383 1009 1481 1049 nec
1527 1009 1632 1048 non
1666 994 1716 1046 in
1750 991 1858 1046 Ex-

270 1087 421 1159 posit.
451 1076 734 1158 Evangelii
765 1086 989 1141 secund.
1025 1086 1156 1142 Luc.
1198 1102 1318 1157 pag.
1348 1087 1507 1152 1281,
1542 1095 1596 1141 et
1626 1085 1683 1141 8.
1718 1083 1857 1139 Gre-

264 1197 382 1253 gor.
411 1180 585 1250 Magn.
622 1180 673 1233 in
705 1179 799 1234 lib.
833 1195 946 1244 vni,
982 1195 1100 1249 cap.
1152 1182 1205 1246 7,
1240 1179 1389 1235 Beati
1421 1181 1539 1234 Job.
1582 1194 1703 1249 pag.
1731 1176 1858 1232 286.

342 1274 534 1330 Matth.
561 1289 680 1342 cap.
716 1290 798 1340 ιιι,
831 1274 888 1339 5,
913 1273 1139 1340 Veron.,
1166 1274 1371 1328 semitas
1402 1272 1498 1327 Dei
1523 1273 1683 1327 nostri
1705 1282 1760 1327 et
1788 1272 1862 1326 ita

264 1367 322 1424 S.
355 1367 585 1422 [renuens
608 1366 659 1419 in
693 1366 787 1422 lib.
814 1382 897 1429 ιιι,
921 1374 1108 1421 contra
1144 1366 1395 1421 llcreses.

334 1461 521 1515 Matth.
552 1475 673 1530 cap.
704 1476 779 1527 tv,
817 1462 906 1523 15,
936 1461 1132 1515 Veron.
1182 1471 1237 1515 et
1269 1461 1507 1515 Brixian.
1551 1461 1604 1513 in
1632 1457 1865 1527 Caphar-

265 1572 412 1609 naum
439 1555 775 1608 maritimam.
821 1565 872 1609 et
916 1555 986 1608 ita
1017 1554 1145 1608 Itala
1188 1556 1389 1619 versio,
1433 1564 1569 1610 teste
1606 1554 1772 1609 Millio
1812 1555 1865 1608 in

267 1647 470 1715 Proleg.
500 1646 635 1699 Novi
660 1645 993 1701 Testainenti
1020 1661 1142 1716 pag.
1169 1645 1262 1700 51.

332 1739 520 1795 Matth.
554 1754 677 1808 cap.
728 1755 900 1807 xxvn,
947 1740 996 1803 6,
1031 1739 1256 1805 Veron.,
1300 1741 1351 1793 in
1396 1739 1649 1794 loculum.
1701 1748 1755 1795 et
1793 1740 1863 1793 ita

260 1833 317 1889 S.
352 1832 673 1887 Ambrosius
704 1834 756 1886 in
789 1833 985 1902 psalm.
1020 1848 1129 1899 ut,
1161 1848 1308 1887 num.
1350 1832 1436 1886 15.

329 1928 489 1983 Joan.
536 1942 660 1997 cap.
710 1942 783 1981 xu
811 1967 826 1991 ,
886 1928 948 1992 1,
994 1926 1293 1991 Veronen.,
1326 1936 1433 1980 erat
1481 1926 1737 1991 Lazarus,
1778 1927 1863 1996 qui

260 2024 355 2090 fuit
403 2032 655 2075 mortuus.
701 2020 945 2075 Brixian.
990 2030 1097 2075 erat
1128 2020 1376 2087 Lazarus,
1419 2022 1503 2091 qui
1534 2024 1702 2092 fuerat
1730 2036 1866 2074 tuor-

259 2128 396 2171 tuus.
431 2114 676 2181 Graecus,
703 2115 921 2190 λάζαρος
946 2112 971 2170 ὁ
1000 2100 1272 2182 τεθνηᾷεώς,
1302 2113 1556 2179 Lazarus,
1581 2116 1671 2178 qui
1693 2118 1863 2184 fuerat

265 2220 518 2265 ιιιοτικιη.

331 2303 463 2357 Luc.
500 2318 619 2371 cap.
654 2318 710 2367 ιι,
738 2302 793 2369 2,
841 2301 1107 2358 Veronen.
1130 2344 1145 2367 ,
1182 2301 1486 2358 Vercellen.
1514 2345 1528 2369 ,
1572 2301 1860 2358 Corbeien.

262 2409 312 2453 et
344 2396 464 2453 Gat.
498 2397 753 2452 secundis
793 2397 957 2463 curis,
1002 2398 1274 2465 professio.
1310 2396 1509 2451 Millius
1558 2397 1610 2451 in
1646 2396 1859 2467 Proleg.

262 2505 378 2560 mg.
422 2490 518 2555 52,
564 2489 662 2555 ait,
696 2488 960 2558 profiteri,
992 2504 1122 2551 non,
1166 2487 1408 2554 describi,
1441 2490 1601 2543 vertit
1641 2488 1865 2543 Latinus

260 2585 531 2653 interpres
583 2598 650 2637 ex
702 2581 925 2645 Graeco,
969 2580 1357 2655 ἀπογράφεσθαι
1400 2600 1411 2633 :
1481 2590 1528 2635 et
1592 2582 1862 2652 professio,

263 2680 533 2752 ἀπογραφή
561 2690 679 2729 ver.
727 2674 784 2739 2,
818 2688 983 2727 voces
1008 2671 1151 2726 haud
1191 2672 1391 2740 vulgati
1429 2671 1539 2740 jam
1572 2684 1724 2735 usus,
1770 2669 1865 2724 sed

264 2785 456 2824 revera
505 2768 808 2833 censuales,
866 2776 923 2820 ut
963 2766 1030 2818 ab
1075 2764 1302 2819 eruditis
1334 2773 1599 2829 notatum,
1633 2774 1687 2818 et
1711 2762 1866 2833 quasi

268 2861 555 2916 technicae.
590 2860 657 2914 Et
681 2857 898 2930 quidem
929 2857 1244 2927 elegantius,
1300 2856 1472 2927 inquit
1513 2857 1760 2926 Boysius,
1812 2866 1868 2908 ut

264 2955 648 3025 profiterentur,
673 2966 855 3022 quam,
898 2960 952 3003 ut
988 2950 1411 3013 describerentur,
1438 2948 1539 3004 hoc
1569 2948 1865 3018 praesertim

265 3048 315 3102 in
350 3049 491 3113 loco,
526 3046 642 3111 ubi,
670 3048 730 3101 τὸ
768 3045 1182 3121 ἀπογράφεσθαι,
1212 3058 1318 3096 ιιοιι
1351 3041 1415 3096 ad
1448 3056 1670 3096 censum
1702 3056 1867 3110 agen-

267 3146 366 3202 tes,
401 3137 498 3192 sed
527 3138 594 3192 ad
641 3152 772 3203 eos,
826 3137 916 3206 qui
944 3143 1259 3199 censentur,
1301 3133 1553 3188 refertur.
1594 3134 1703 3199 Sic,
1734 3136 1867 3189 ἀπο-

997 319 1335 381 EPISTOLA
1380 315 1750 378 BLANCHINI
1790 314 2311 389 AD:EPISCOPUM
2352 296 2799 378 GURCENSEM.

268 447 321 490 nt
347 438 439 489 ista
468 451 500 490 e
537 448 763 504 corpore
793 442 970 491 textus
995 436 1106 507 jam
1137 438 1265 493 olim
1299 436 1617 500 exciderint,
1655 444 1759 489 tam
1801 435 1851 488 in
1882 438 1931 495 Λ

3451 323 3552 379 150

2029 436 2215 490 Matth.
2246 450 2365 506 cap.
2418 453 2529 501 xvr,
2568 439 2652 502 19,
2703 437 3001 505 Veronen,
3033 437 3322 494 Corbeien.
3354 449 3409 495 et
3439 440 3555 495 Bri—

1957 530 2125 595 xian.,
2160 538 2207 583 ct
2232 546 2628 602 quaecumque...
2659 542 2803 585 erunt
2834 534 3063 605 ligata...
3089 545 3135 588 et
3154 551 3552 606 quotcumque...

1959 634 2105 678 erunt
2132 625 2323 691 soluta,
2347 635 2452 680 etc.
2476 636 2529 681 et
2552 627 2621 680 ita
2650 626 2710 681 8.
2736 627 3051 683 Ambrosius
3080 629 3131 682 in
3152 630 3245 683 lib.
3269 646 3305 694 ι,
3332 631 3400 685 de
3427 630 3552 686 Ρωο

1962 717 2152 771 nitent.
2185 733 2301 786 cap.
2354 719 2404 783 7,
2444 733 2564 788 pag.
2608 717 2733 775 599.
2765 718 2988 776 Tertull.
3034 723 3085 775 in
3132 720 3226 775 lib.
3257 723 3324 778 de
3364 723 3551 779 l’udic.

1960 824 2079 879 cap.
2112 809 2204 874 21,
2239 810 2385 879 legit,
2438 810 2627 865 soluta.
2661 811 2720 867 8.
2753 811 3005 883 Cyprian.
3032 822 3077 867 et
3102 831 3282 885 quia...
3314 826 3461 869 erant
3492 818 3557 870 li-

1960 909 2146 971 gata...
2193 912 2237 955 et
2267 917 2663 971 quwcumqne...
2716 914 2865 957 erunt
2895 906 3084 970 saluta,
3133 918 3237 961 etc.
3292 907 3556 965 Pacianus

1963 1008 2175 1061 quoque
2215 1002 2400 1047 contra
2436 994 2719 1049 Tractatus
2744 994 3165 1052 Novatianorum
3210 999 3260 1052 in
3308 999 3467 1069 epist.
3497 1002 3555 1067 2,

1964 1083 2145 1151 habet,
2180 1085 2347 1139 soluta
2371 1096 2536 1141 erunt.

2036 1175 2228 1230 Matth.
2264 1191 2381 1246 cap.
2430 1194 2538 1245 xv1,
2571 1178 2663 1243 24,
2698 1180 2967 1238 Vcronen.
3005 1190 3057 1237 et
3089 1182 3555 1239 Sau-Gerrnancn.

1964 1268 2175 1341 abneget
2202 1287 2256 1324 se
2282 1271 2397 1324 sibi.
2421 1272 2476 1326 S.
2514 1271 2747 1328 lrenzeus
2779 1274 2832 1328 in
2864 1275 2956 1330 lib.
2987 1291 3068 1341 ιιι,
3101 1285 3286 1330 contra
3316 1276 3561 1332 llarreses

1965 1371 2099 1415 tom.
2158 1378 2196 1429 ι,
2240 1378 2360 1433 pag.
2409 1363 2536 1429 210,
2566 1375 2713 1435 neget
2739 1383 2811 1419 se.
2845 1367 2901 1421 S.
2940 1367 3173 1422 Hilarius
3200 1368 3250 1422 in
3284 1384 3563 1424 commen-

1968 1463 2068 1509 tar.
2102 1455 2153 1509 in
2189 1458 2329 1511 hunc
2378 1458 2610 1512 Matthaei
2640 1460 2837 1523 locum,
2866 1462 3016 1531 juxta
3066 1474 3172 1517 tres
3199 1478 3329 1517 mss.
3376 1463 3557 1530 codd.,

1968 1552 2180 1619 abneget
2208 1549 2431 1620 seipsum
2463 1551 2579 1615 sibi,
2624 1563 2678 1605 et
2728 1553 2799 1607 ita
2941 1554 3257 1610 Ambrosius
3303 1556 3354 1610 in
3386 1557 3560 1626 Epist.

1970 1656 2117 1705 ιιιιιι,
2146 1642 2303 1710 prim.
2330 1643 2488 1696 class.
2520 1659 2642 1713 pag.
2682 1644 2837 1701 1040.
2863 1645 2918 1699 1n
2942 1646 3033 1701 lib.
3060 1658 3236 1701 autem
3267 1665 3325 1706 ιι,
3348 1649 3415 1703 de
3442 1649 3565 1705 Ρω-

1939 1735 2161 1801 _nitent.
2198 1750 2317 1804 cap.
2370 1752 2426 1803 x,
2462 1753 2583 1808 pag.
2613 1737 2740 1805 457,
2787 1739 2969 1807 habet,
3000 1742 3208 1813 abneget
3238 1744 3566 1815 semetipsum

1895 1840 1943 1900 Β
1969 1825 2085 1879 sibi.

2041 1920 2229 1974 Matth.
2260 1936 2381 1991 cap.
2432 1939 2540 1989 xxi,
2592 1923 2647 1992 9,
2684 1925 2983 1983 Vercellen.
3038 1927 3143 1983 Fili
3189 1928 3378 1983 David.
3410 1940 3461 1986 et
3494 1930 3567 1986 ita

1972 2009 2029 2064 S.
2058 2011 2315 2068 Irenzeus.

2041 2104 2229 2159 Matth.
2262 2122 2383 2177 cap.
2420 2124 2548 2170 xxn.
2582 2110 2671 2175 10,
2708 2110 3013 2167 Vercellen.
3048 2123 3100 2168 et
3130 2113 3395 2170 Vcronen.
3420 2126 3571 2186 quot-

1968 2207 2091 2265 quot
2120 2198 2439 2254 invenerunt.
2477 2211 2530 2256 et
2558 2203 2628 2256 ita
2657 2202 2714 2257 8.
2747 2204 3005 2271 lrenteus,
3036 2215 3091 2261 et
3118 2205 3331 2262 Lucifer
3360 2207 3571 2263 Calari-

1972 2300 2125 2346 tanus
2157 2292 2211 2346 in
2242 2293 2333 2348 lib.
2379 2311 2433 2361 ιι,
2464 2311 2561 2365 pro
2588 2296 2647 2352 8.
2692 2298 3009 2354 Athanasio.
3040 2299 3174 2355 Cod.
3207 2300 3369 2357 Corb.
3415 2319 3570 2373 quos-

1970 2402 2181 2458 cumque
2202 2389 2516 2444 invenerunt.

2044 2482 2231 2535 Matth.
2274 2499 2394 2551 cap.
2430 2500 2570 2548 xxtr,
2616 2487 2705 2552 50,
2750 2487 3055 2551 Veronen.,
3098 2487 3162 2542 In
3201 2492 3572 2547 resurrectione

1970 2585 2138 2628 autem
2166 2592 2325 2645 neque
2347 2578 2564 2645 nubunt,
2588 2595 2747 2645 neque
2769 2596 2956 2635 uxores
2978 2582 3190 2636 ducunt.
3221 2584 3452 2640 Sanctus
3476 2585 3573 2655 Cy-

1973 2668 2191 2736 prianus
2217 2674 2432 2740 quotque
2464 2686 2583 2740 pag.
2617 2670 2745 2738 209,
2780 2672 2957 2740 habet,
2990 2684 3181 2730 autem.
3223 2678 3279 2733 8.
3314 2678 3565 2734 Ambros.

1970 2759 2025 2814 in
2051 2761 2142 2815 lib.
2171 2777 2207 2825 ι,
2234 2761 2301 2816 de
2326 2761 2529 2833 Virgin.
2566 2780 2685 2834 cap.
2725 2766 2779 2832 8,
2807 2783 2927 2838 pag.
2963 2769 3087 2833 159,
3121 2771 3173 2823 in
3201 2774 3573 2828 resurrectione

1973 2860 2142 2906 autent
2165 2869 2323 2923 neque
2348 2855 2554 2923 nubent,
2582 2873 2743 2927 neque
2768 2875 2952 2915 uxores
2979 2862 3182 2916 ducent.
3218 2862 3275 2917 S.
3302 2863 3449 2919 Zeno
3471 2864 3571 2920 Ve-

1972 2948 2220 3002 ronensis
2248 2949 2298 3001 in
2332 2949 2424 3005 lib.
2459 2966 2473 3004 ι
2504 2949 2687 3007 Tract.
2744 2953 2777 3008 5
2806 2952 2872 3006 de
2907 2954 3275 3023 Continentia,
3325 2973 3446 3029 pag.
3478 2958 3569 3027 19,

1974 3056 2135 3109 neque
2165 3040 2384 3094 nubunt.
2412 3041 2631 3096 Orneus
2663 3055 2859 3113 textus,
2886 3064 2988 3101 non
3023 3050 3239 3104 nubunt.

2046 3130 2204 3186 Joan.
2238 3148 2356 3202 cap.
2406 3150 2519 3199 χιιι,
2556 3136 2644 3201 18,
2675 3137 2872 3193 Veron.
2908 3150 2962 3194 et
2994 3141 3257 3211 Brixiam,
3287 3161 3443 3215 super
3470 3163 3572 3202 me.

262 3239 454 3307 γραφή,
483 3246 600 3299 eos,
636 3230 726 3301 qui
779 3237 1093 3296 censentur,
1142 3228 1469 3299 respiciens,
1517 3235 1599 3281 est
1624 3226 1865 3297 proprie,
1898 3230 1942 3293 (ς
1976 3235 2029 3279 et
2049 3223 2120 3279 ita
2145 3226 2201 3279 8.
2236 3225 2554 3283 Ambrosius
2578 3230 2629 3283 in
2662 3231 2852 3286 Enarr.
2886 3233 2938 3287 in
2973 3236 3109 3303 psal.
3142 3252 3230 3301 XL,
3262 3254 3316 3307 p.
3345 3237 3470 3294 876.

266 3328 519 3398 professio
530 3370 541 3379 .

337 3421 473 3475 Luc.
500 3434 621 3490 cap.
661 3434 712 3485 ν,
753 3416 853 3481 14,
883 3417 1085 3472 Veron.
1107 3457 1121 3481 ,
1148 3415 1304 3482 offers
1334 3430 1534 3469 munus.
1582 3412 1871 3467 Tertullia-

262 3532 369 3573 nus
409 3531 532 3586 pag.
579 3513 721 3580 420,
773 3511 902 3580 offer
947 3528 1148 3566 manus.
1198 3511 1255 3566 S.
1308 3508 1637 3579 Augustinus
1686 3508 1737 3562 iit
1770 3507 1866 3562 lib.

266 3626 321 3666 vt
350 3617 541 3665 contra
570 3607 849 3671 Faustum,
882 3606 1039 3660 Tom.
1070 3621 1183 3673 vnt,
1213 3619 1335 3674 pag.
1374 3601 1499 3669 206,
1530 3600 1660 3669 offer
1690 3617 1872 3655 munus

266 3714 435 3758 tuum.
1392 3708 1395 3711 ’

340 3796 543 3851 Matth.
577 3810 692 3864 cap.
724 3810 757 3848 v
782 3836 797 3861 ,
849 3794 911 3850 11
941 3836 955 3857 ,
995 3791 1196 3848 Veron.
1240 3800 1294 3846 et
1338 3789 1574 3844 Brixian.
1624 3788 1785 3842 eritis.
1819 3797 1872 3842 et

264 3889 337 3943 ita
366 3885 603 3942 Tertull.
655 3902 772 3956 pag.
802 3883 906 3941 114
936 3892 991 3939 et
1018 3883 1147 3948 494,
1191 3882 1249 3938 8.
1301 3880 1644 3951 (ἶγριίειιιρὶιι
1701 3878 1868 3947 Epist.

264 3980 358 4040 26.
387 3997 510 4051 pag.
546 3977 638 4044 81,
667 3987 721 4034 et
749 3978 918 4033 Hilar.
949 3978 1099 4032 Diae.
1131 3977 1186 4030 in
1220 3973 1626 4029 commentariis
1655 3972 1707 4026 in
1739 3970 1875 4026 Pau-

265 4074 407 4139 lum,
430 4073 533 4127 sub
557 4071 827 4127 Ambrosii
854 4069 1071 4125 nomine
1096 4068 1345 4139 vulgatis,
1387 4066 1563 4138 Epist.
1592 4066 1647 4132 5,
1671 4063 1736 4119 ad
1759 4063 1871 4118 Ro-

272 4184 422 4224 man.
456 4184 574 4238 pag.
606 4168 699 4222 52.

347 4260 540 4313 Matth.
572 4274 694 4328 cap.
729 4273 781 4311 v.
812 4256 904 4320 25,
934 4256 1203 4311 Veronen.
1236 4263 1292 4309 et
1321 4253 1550 4310 Vercell.
1582 4256 1789 4325 offeres.
1821 4260 1876 4307 et

273 4351 345 4406 ita
386 4352 632 4421 plerique
662 4364 793 4405 mss.
841 4348 964 4402 libri
992 4348 1050 4402 S.
1083 4346 1368 4417 Augustini
1398 4346 1452 4399 in
1482 4345 1759 4401 Encbirid.
1808 4344 1876 4401 de

272 4446 443 4510 Fide,
470 4445 611 4515 Spe,
641 4453 695 4499 et
726 4442 1003 4499 Charitate
1024 4484 1038 4508 ,
1073 4450 1126 4497 et
1159 4442 1210 4496 in
1241 4440 1335 4496 lib.
1369 4455 1458 4495 xxx
1516 4439 1584 4495 de
1648 4439 1878 4496 Civitate

265 4537 388 4594 Dei.

2043 3317 2200 3373 Joan.
2250 3335 2371 3388 cap.
2425 3337 2533 3387 χιι,
2572 3322 2627 3388 9,
2664 3323 2857 3379 Veron.
2907 3335 2961 3381 et
2987 3326 3302 3397 Corbeien.,
3333 3347 3434 3385 non
3465 3346 3575 3385 cre-

1971 3410 2119 3464 dunt.
2150 3411 2376 3478 Quidam
2421 3429 2552 3469 mss.
2588 3414 2709 3469 libri
2741 3417 2791 3470 in
2824 3417 2937 3472 div.
2970 3419 3287 3477 Bibliothec.
3342 3421 3400 3478 S.
3438 3423 3565 3478 Hie-

1973 3508 2185 3574 ronymi
2216 3504 2438 3570 habent,
2463 3523 2565 3559 non
2595 3509 2818 3563 credent.

2046 3596 2203 3650 Joan.
2252 3611 2371 3665 cap.
2423 3614 2531 3663 xv1,
2596 3598 2679 3665 12,
2744 3601 2796 3654 in
2852 3601 3126 3657 Veronen.
3174 3612 3293 3673 post
3323 3605 3572 3674 verbum,

1974 3690 2204 3759 potestis,
2237 3689 2470 3754 additur,
2525 3707 2603 3755 ea,
2637 3691 2687 3744 in
2718 3691 3047 3749 Vercellensi
3103 3706 3302 3765 autem,
3333 3697 3449 3752 illa.
3503 3698 3576 3754 Et

1975 3779 2047 3833 ita
2074 3780 2124 3834 in
2157 3781 2215 3836 8.
2268 3782 2540 3838 Ambrosii
2588 3782 2681 3838 lib.
2716 3800 2793 3849 ιιι,
2842 3786 2909 3842 de
2952 3787 3095 3858 Spir.
3138 3787 3298 3845 Sanc.
3331 3806 3450 3862 cap.
3481 3792 3572 3857 H,

1976 3886 2100 3943 pag.
2132 3872 2260 3928 687.

2048 3965 2178 4020 Luc.
2210 3982 2331 4036 cap.
2362 3983 2398 4033 ι,
2429 3967 2519 4036 59,
2557 3968 2778 4037 Veron.,
2831 3969 2992 4027 Corb.
3025 3982 3079 4028 et
3124 3974 3297 4041 Brix.,
3349 3975 3572 4047 Juda'w,

1977 4065 2031 4111 et
2053 4058 2125 4111 ita
2153 4059 2213 4113 S.
2243 4058 2563 4114 Ambrosius
2615 4062 2665 4116 in
2700 4062 2789 4118 lib.
2846 4079 2927 4131 ιιι,
2974 4065 3217 4137 Exposit.
3251 4068 3455 4143 Evang.
3485 4086 3574 4129 se-

1978 4150 2139 4205 cund.
2180 4151 2309 4206 Luc.
2338 4167 2392 4222 p.
2425 4153 2588 4209 1515.

2050 4242 2184 4297 Luc.
2208 4259 2328 4314 cap.
2362 4260 2420 4312 ιι,
2449 4245 2540 4312 57,
2565 4246 2837 4304 Veronen.
2867 4260 2917 4305 et
2946 4251 3273 4321 Vcrcellen.,
3309 4272 3574 4314 annorum

1979 4350 2193 4401 Lxsxn';
2244 4335 2302 4391 8.
2334 4338 2655 4393 Ambrosius
2686 4341 2738 4394 in
2787 4341 2923 4396 libro
2952 4344 3110 4399 unico
3139 4345 3209 4402 de
3238 4347 3421 4404 Viduis
3451 4365 3571 4421 cap.

1981 4429 2035 4496 4,
2070 4444 2120 4498 p.
2169 4427 2295 4497 191,
2324 4433 2581 4502 octoginta
2604 4442 2650 4486 et
2676 4443 2897 4503 quatuor
2918 4452 3188 4505 annorum,
3219 4449 3272 4495 et
3312 4440 3365 4495 in
3403 4441 3572 4513 Epist.

1980 4524 2140 4579 class.
2166 4542 2204 4591 ι,
2240 4542 2292 4593 p.
2323 4524 2448 4591 968,
2483 4543 2736 4581 annorum
2763 4531 3020 4602 octoginta
3046 4543 3285 4602 quatuor.

342 4628 537 4685 Matth.
588 4644 711 4697 cap.
763 4642 879 4692 vtn,
930 4626 1018 4693 12,
1055 4625 1255 4682 Veron.
1289 4623 1591 4680 Vercellen.
1640 4633 1695 4680 et
1738 4624 1869 4680 San-

2052 4619 2179 4674 Luc.
2214 4634 2332 4690 cap.
2367 4636 2446 4686 ιιι,
2480 4621 2531 4686 1,
2567 4621 2764 4677 Veron.
2800 4632 2853 4679 et
2880 4623 3140 4697 Vercell.,
3166 4628 3388 4697 Judane,
3418 4637 3472 4683 et
3501 4629 3573 4684 ita

265 4722 627 4786 Ger-manem,
652 4721 818 4775 ibunt.
848 4729 901 4775 et
927 4720 998 4774 ita
1028 4720 1085 4776 8.
1112 4718 1346 4774 lrenaeus
1372 4717 1426 4771 in
1456 4717 1548 4772 lib.
1579 4733 1651 4784 tv,
1684 4728 1874 4772 contra

269 4815 525 4870 llazreses
556 4824 688 4868 tom.
715 4829 757 4879 ι,
786 4829 905 4883 pag.
933 4812 1061 4869 281.
1101 4812 1160 4869 8.
1190 4811 1491 4883 Cyprianus
1539 4826 1668 4866 vero
1700 4811 1752 4864 in
1778 4810 1873 4865 lib.

270 4924 287 4963 ι
346 4910 613 4963 adversus
644 4907 861 4962 Judreos
888 4906 955 4962 ad
983 4904 1265 4975 Quirinum
1297 4919 1417 4975 cap.
1461 4905 1552 4973 25,
1587 4920 1708 4976 pag.
1738 4904 1874 4971 548,

270 5001 458 5065 habet,
491 5001 735 5055 exibunt.

344 5092 540 5146 Man.
565 5107 688 5159 cap.
718 5106 818 5157 xu,
848 5090 901 5157 7,
924 5088 1126 5144 Veron.
1151 5088 1439 5144 Corbeien.
1468 5096 1523 5143 et
1551 5087 1701 5143 Brix.
1726 5104 1880 5159 quam

271 5186 617 5254 sacriﬁcium,
650 5193 705 5239 et
736 5185 806 5239 ita
832 5182 994 5254 aliqui
1022 5196 1153 5238 mss.
1199 5181 1323 5237 libri
1355 5180 1413 5237 S.
1458 5180 1647 5237 Irenaci
1679 5180 1772 5236 lib.
1804 5196 1878 5247 tv,

269 5291 466 5334 contra
502 5278 771 5333 liereses.

355 5370 542 5424 Matth.
573 5385 694 5440 cap.
730 5385 819 5436 xv,
862 5368 954 5433 26,
986 5367 1188 5422 Veron.
1236 5376 1293 5424 et
1334 5366 1635 5423 Vercellen.
1686 5377 1732 5420 et
1760 5366 1886 5421 dare

270 5462 529 5528 canibus,
553 5472 607 5518 et
637 5465 705 5516 ita
735 5461 791 5517 8.
826 5460 994 5516 Hilar.
1028 5460 1082 5514 in
1112 5468 1405 5515 comment.
1440 5461 1493 5514 in
1523 5460 1667 5515 hunc
1696 5459 1884 5515 Matth.

272 5558 501 5621 locum,
552 5566 605 5612 et
643 5555 853 5613 Tertul.
896 5554 1157 5611 adversus
1201 5554 1529 5611 Marcionem
1571 5555 1624 5610 in
1668 5554 1761 5610 lib.
1812 5570 1885 5622 tv,

262 5632 403 5721 cap.
439 5651 497 5703 7.

346 5747 543 5803 Matth.
600 5760 702 5815 cap
764 5758 853 5809 xv,
886 5743 977 5809 52,
1010 5743 1282 5799 Veronen.
1332 5752 1387 5800 et
1421 5742 1674 5809 Vercell.,
1708 5753 1754 5797 et
1790 5758 1889 5798 non

272 5840 461 5896 habent
489 5854 685 5905 escam,
718 5844 773 5894 et
802 5837 875 5891 ita
898 5836 953 5892 S.
990 5834 1329 5894 Ambrosius.

1984 4723 2136 4770 vetus
2156 4714 2444 4785 interpres,
2476 4723 2613 4771 teste
2639 4716 2804 4773 Millio
2827 4718 2878 4773 in
2904 4719 3138 4791 Proleg.,
3164 4722 3327 4791 p.52.

2058 4808 2187 4862 Luc.
2221 4822 2341 4879 cap.
2375 4826 2428 4877 v,
2473 4810 2561 4866 10.
2602 4809 2800 4868 Veron.
2831 4812 3149 4870 Vercellen.
3185 4823 3240 4869 et
3282 4812 3568 4871 Corbeien.

1986 4903 2272 4972 viviﬁcnns,
2319 4912 2373 4959 et
2413 4903 2484 4958 ita
2516 4906 2572 4961 8.
2609 4906 2926 4962 Ambrosius
2972 4908 3024 4961 in
3069 4907 3164 4962 lib.
3212 4924 3282 4978 vr,
3319 4908 3576 4967 llesaem.

1987 5010 2109 5067 cap.
2140 4997 2194 5063 8,
2224 5013 2278 5067 p.
2309 4997 2429 5052 155.
2684 4994 2687 4997 ⁷

2063 5089 2192 5144 Luc.
2222 5104 2343 5159 cap.
2375 5104 2469 5157 vn,
2508 5088 2599 5155 42,
2643 5088 2867 5154 Veron.,
2900 5087 3229 5159 Vercellen.,
3272 5092 3581 5164 Corbeien.,

1989 5180 2135 5247 GaL,
2168 5182 2295 5237 Mm.
2325 5191 2380 5236 et
2408 5181 2671 5246 Brixiam,
2702 5196 2733 5234 a
2762 5191 2908 5237 vento
2936 5185 3167 5240 moveri?
3192 5185 3344 5243 Unus
3374 5187 3587 5242 Vatica-

1990 5290 2114 5341 nus,
2148 5282 2202 5330 et
2228 5274 2334 5330 duo
2373 5275 2576 5345 reginae
2613 5274 2908 5331 Suecorum
2955 5293 3085 5333 mss.
3125 5280 3340 5336 codices
3384 5279 3436 5333 in
3468 5276 3583 5332 div.

1992 5366 2130 5423 Bibl.
2162 5366 2217 5423 S.
2244 5366 2577 5438 Hieronymi,
2610 5379 2756 5423 vento
2782 5371 3017 5426 moveri?
3106 5432 3107 5435 η

2066 5460 2197 5515 Luc.
2231 5474 2350 5529 cap.
2376 5475 2483 5526 xvr,
2518 5460 2571 5525 6,
2610 5458 2809 5519 Veron.
2840 5472 2895 5518 et
2927 5461 3216 5529 Corbeien,
3254 5461 3426 5531 accipe
3456 5462 3590 5518 litte-

1992 5568 2080 5606 ras
2098 5563 2231 5619 tuas,
2262 5560 2317 5607 et
2344 5552 2415 5605 ita
2453 5551 2510 5609 S.
2543 5551 2877 5609 Gaudentius
2907 5556 2957 5608 in
2989 5553 3165 5609 Serm.
3194 5568 3341 5620 xvut,
3372 5570 3426 5624 p.
3461 5555 3589 5609 202.

2070 5645 2233 5699 Marc.
2262 5658 2381 5714 cap.
2411 5659 2491 5709 ιιι,
2525 5643 2618 5711 27,
2648 5644 2872 5710 Veron.,
2908 5644 3029 5697 Mm.
3075 5652 3128 5697 et
3172 5643 3438 5709 Brixian.,
3469 5646 3593 5701 alli-

1997 5739 2210 5809 gaverit,
2251 5747 2304 5792 et
2347 5739 2414 5791 ita
2445 5738 2504 5793 S.
2540 5738 2853 5793 Ambrosius
2886 5738 2939 5793 iu
2970 5737 3213 5809 Exposit.
3251 5740 3450 5812 Evang.
3482 5758 3591 5799 sec.

2001 5832 2133 5888 Luc.
2161 5832 2253 5887 lib.
2290 5849 2347 5900 ιι,
2376 5847 2429 5901 p.
2463 5830 2621 5886 1507.
