4054 6198
482 334 582 397 1η

1844 302 2383 369 ιιιιοιεαοιιεω.

3685 305 3783 367 152

558 448 718 502 Marc.
750 457 870 512 cap.
904 455 979 505 ιιι,
1014 437 1109 502 55,
1140 440 1281 504 post,
1326 444 1494 493 soror,
1523 428 1701 492 deest,
1731 440 1866 491 mea,
1897 424 1948 477 in
1981 422 2083 476 Ve-
2109 426 2164 491 Α
2184 424 2273 492 qui
2298 434 2373 480 est
2393 423 2622 479 incestis.
2650 419 2810 478 Forte
2842 420 2945 476 hoc
2960 430 3336 477 assumentum
3359 417 3599 474 exstabat
3622 424 3781 473 etiam

485 560 605 598 run.
631 551 685 597 et
717 536 956 595 Brixiae.
989 542 1045 587 et
1075 531 1145 585 ita
1174 528 1226 583 iu
1249 525 1451 584 Graecis
1492 522 1769 593 plerisque
1808 517 2082 585 exempla-

482 638 654 701 ribus,
675 633 805 689 etin
839 646 944 684 uno
968 627 1168 697 reginae
1191 623 1488 679 Succorum
1519 632 1622 672 ms.
1647 615 1807 681 libro,
1837 613 2006 668 relato
2026 610 2084 665 in

482 730 592 784 div.
620 726 757 781 Bibl.
791 724 850 779 8.
886 716 1219 789 llieronymi.

554 821 715 875 Marc.
740 832 862 885 cap.
883 830 937 878 ιι,
970 814 1056 878 17,
1090 809 1292 865 Veron.
1320 817 1665 877 prazcurrens,
1696 808 1749 854 et
1778 798 1850 854 ita
1879 795 1936 852 8.
1969 793 2084 851 Au-

477 913 728 986 gustiuus
751 911 803 964 in
825 907 1056 975 Speculo
1081 903 1148 957 de
1170 897 1464 969 Evangelia
1490 891 1791 950 secundum
1819 889 2081 953 Marcum,

480 1005 635 1061 Tom.
668 1019 747 1068 ιιι,
783 1004 928 1055 l’art.
959 1013 997 1060 ι,
1034 1014 1085 1065 p.
1122 993 1245 1049 765.

552 1097 745 1152 Matth.
781 1108 901 1161 cap.
930 1105 1090 1155 XXIV,
1114 1088 1208 1151 51,
1237 1084 1435 1139 Veron.
1464 1080 1588 1135 huic
1618 1074 1889 1135 versiculo
1911 1070 2081 1139 addit,

482 1190 608 1245 Cum
649 1185 894 1257 creperint
921 1191 1093 1235 autem
1114 1179 1222 1232 lucc
1250 1175 1390 1245 ﬁeri,
1421 1171 1678 1243 respicite,
1716 1179 1764 1225 et
1798 1168 1955 1220 levate
2000 1180 2086 1216 ca-

480 1283 590 1350 pita
646 1289 837 1341 vestra,
895 1272 1143 1345 quoniam
1203 1266 1477 1340 adpropiat
1543 1260 1826 1332 redeanptio
1895 1265 2080 1312 uestra.

478 1376 711 1429 Sanctus
732 1370 905 1423 Lucas
926 1365 1104 1434 capite
1133 1378 1243 1429 XII,
1276 1358 1549 1415 versiculo
1571 1356 1667 1418 28,
1698 1366 1751 1409 ct
1780 1362 1931 1408 vetus
1955 1350 2088 1404 Mat-

483 1465 607 1519 thtci
635 1461 804 1517 codex
833 1455 1296 1527 Cantabrigiensis
1320 1450 1664 1509 Graeco-Lat.
1698 1444 1838 1517 apud
1862 1444 1968 1498 Mil.
2000 1442 2086 1495 hic

480 1558 685 1612 addunt
712 1554 983 1618 similiter,
1018 1550 1115 1603 llis
1144 1560 1317 1601 autem
1356 1545 1470 1613 fieri
1509 1540 1891 1610 incipientibus,
1920 1535 2088 1602 respi-

478 1652 595 1715 cite,
620 1659 666 1703 et
697 1650 855 1702 levate
879 1646 1049 1714 capita
1068 1650 1258 1707 vestra,
1290 1638 1535 1708 quoniam
1577 1630 1959 1703 appropinquat
1999 1642 2084 1679 re-

480 1745 708 1816 demptio
732 1752 917 1798 vestra.

2190 517 2241 570 in
2273 515 2552 571 codicibus
2601 514 3007 578 Ambrosianus;
3054 528 3177 567 nam
3216 514 3273 568 8.
3315 512 3651 571 Ambrosius.
3691 528 3786 566 ex-

2186 625 2395 680 ponens
2440 610 2582 665 hunc
2608 609 2787 664 locum
2831 606 3085 672 Matthzei,
3113 622 3235 676 cap.
3262 622 3319 670 κ,
3346 606 3439 669 55,
3478 604 3591 659 ait:
3621 605 3790 673 Atque

2187 704 2261 756 ita
2297 705 2543 775 scriptum
2572 712 2672 769 est,
2700 718 2803 756 non
2831 700 2998 755 solum
3023 701 3075 754 in
3109 716 3166 752 eo
3207 699 3357 762 libro,
3396 698 3485 767 qui
3512 697 3787 751 secundum

2190 793 2491 850 Matthtcum
2519 796 2782 857 scribitur,
2810 792 3081 866 Evangelii
3104 791 3317 845 Domini
3343 788 3376 842 J
3383 807 3491 855 esu,
3523 790 3613 843 sed
3637 790 3789 842 etiam

2186 891 2242 944 in
2268 907 2328 943 eo
2356 890 2537 944 lectum
2567 900 2663 956 est,
2703 906 2852 958 quem
2876 888 3159 942 secundum
3180 884 3375 939 Lucam
3395 884 3707 954 reperimus;
3734 892 3790 936 ut

2184 988 2339 1047 scias,
2373 1002 2471 1039 non
2496 986 2654 1039 otiose
2674 984 2729 1037 id
2751 984 2984 1053 posuisse
3008 990 3294 1046 utrumque.

2257 1077 2449 1135 Matth.
2482 1092 2601 1146 cap.
2629 1092 2683 1142 x,
2716 1075 2808 1139 29,
2846 1075 3114 1130 Veronen.
3138 1071 3308 1135 addit,
3338 1070 3421 1140 qui
3451 1078 3523 1123 est
3553 1069 3607 1122 in
3628 1068 3788 1133 culis,

2188 1178 2244 1226 et
2274 1171 2343 1224 ita
2368 1168 2426 1225 8.
2457 1170 2694 1225 Ιιθιιειιε
2723 1167 2776 1223 iu
2812 1167 2903 1222 lib.
2950 1182 2981 1220 ν
3006 1175 3196 1221 contra
3232 1164 3477 1219 Han-eses
3497 1204 3511 1228 ,
3539 1176 3661 1231 cap.
3692 1161 3790 1228 22,

2190 1263 2326 1320 Cod.
2360 1262 2673 1327 Corbeien.,
2706 1262 2795 1332 qui
2826 1263 2882 1316 in
2902 1261 3039 1316 caelis
3066 1270 3157 1315 est.

2260 1356 2419 1411 Joan.
2461 1371 2581 1427 cap.
2615 1372 2714 1420 xu,
2760 1354 2853 1419 25,
2886 1354 2942 1409 in
2974 1353 3174 1408 Veron.
3195 1361 3333 1420 post,
3365 1351 3591 1405 animam
3619 1366 3794 1415 suam,

2192 1450 2366 1518 primo
2405 1448 2527 1504 loco
2569 1447 2802 1509 additur.
2844 1447 2899 1501 in
2936 1447 3031 1501 hoc
3072 1444 3285 1499 mundo.
3322 1444 3381 1499 In
3425 1445 3482 1500 S.
3524 1443 3798 1515 Cypriano

2190 1552 2366 1597 autem
2397 1558 2450 1611 p.
2482 1542 2603 1606 199,
2633 1542 2755 1605 557,
2784 1539 2887 1595 516
2913 1548 2969 1593 et
2993 1538 3121 1603 518,
3151 1538 3203 1590 in
3230 1538 3325 1591 hoc
3356 1536 3567 1591 swculo.

2263 1634 2393 1689 Luc.
2447 1650 2546 1703 Cap
2605 1650 2698 1696 vu,
2753 1634 2839 1698 11,
2870 1633 2923 1686 in
2976 1631 3177 1685 Veron.
3212 1639 3333 1699 post
3377 1630 3622 1692 verbum,
3653 1630 3796 1699 ejus,

2190 1726 2429 1791 additur,
2458 1726 2625 1780 multi.
2657 1728 2716 1781 τό
2738 1725 2921 1788 multi,
2946 1722 3230 1793 irrepsisse
3259 1720 3475 1777 videtur
3513 1735 3580 1777 ex
3612 1736 3662 1772 v.
3704 1719 3797 1772 12.

551 1813 738 1893 Matth.
773 1852 892 1903 cap.
937 1847 1083 1895 xxvi,
1115 1830 1209 1893 27,
1252 1825 1481 1889 Veron.,
1512 1820 1748 1891 accipite,
1778 1827 1824 1871 et
1854 1815 2001 1869 bibite
2026 1828 2089 1867 ea:
2119 1813 2169 1875 B
2201 1818 2331 1874 Vide
2359 1819 2578 1873 Millium
2612 1819 2663 1872 in
2693 1818 2903 1887 proleg.
2938 1830 3057 1885 pag.
3088 1813 3184 1879 44,
3211 1814 3320 1869 col.
3352 1813 3406 1868 1.

479 1935 597 1999 hoc,
638 1940 693 1985 et
737 1931 808 1984 ita
850 1929 908 1983 S.
942 1922 1261 1982 Ambrosius
1306 1919 1359 1974 in
1392 1916 1487 1973 lib.
1528 1931 1581 1970 tv
1635 1914 1703 1968 de
1742 1911 2083 1967 Sacrament.

478 2042 599 2096 cap.
634 2025 688 2090 5,
720 2038 773 2094 ιι.
820 2022 953 2076 571.

553 2091 739 2176 Matth:
760 2132 882 2185 cap.
906 2128 1060 2179 xxvi,
1084 2111 1173 2174 55,
1204 2107 1399 2163 Veron.
1423 2112 1482 2160 et
1498 2100 1740 2157 Brixian.
1770 2111 1843 2150 xu
1898 2091 2085 2157 millia,

480 2216 541 2271 8.
580 2213 909 2284 Augustinus
956 2209 1009 2262 in
1040 2206 1136 2261 lib.
1182 2204 1248 2257 de
1273 2199 1478 2269 Spiritu
1523 2208 1574 2250 et
1626 2192 1848 2284 Littera,
1883 2200 2084 2284 capit,

480 2318 615 2363 tom.
645 2276 693 2359 ὶῐ
717 2343 733 2370 ,
768 2316 889 2372 pag.
920 2299 1014 2364 85,
1040 2296 1203 2366 chas
1236 2290 1459 2362 (inquit)
1492 2287 1645 2341 etiam
1676 2280 1947 2335 duodecim
1973 2276 2091 2329 mil-

479 2402 551 2456 lia
591 2399 814 2472 legiones
841 2392 1143 2465 angelorum
1185 2404 1278 2459 pro
1308 2383 1534 2447 Christo,
1567 2394 1630 2433 ne
1654 2383 1934 2445 pateretur,
1989 2385 2089 2442 pu-

475 2465 658 2567 gnare.
677 2492 933 2565 potuisse,
963 2503 1053 2541 nec
1086 2494 1253 2538 tamen
1277 2482 1493 2552 factum.
1528 2473 1661 2528 Item
1688 2484 1807 2538 cap.
1841 2465 1934 2530 55,
1967 2477 2088 2532 pag.

480 2561 608 2653 121,
636 2561 746 2641 ait:
792 2583 934 2639 Hinc
964 2576 1359 2646 eaiEvangelio,
1389 2580 1434 2625 et
1462 2586 1527 2624 ea:
1559 2565 1695 2637 Lege
1732 2561 1971 2653 quaedam
1993 2570 2091 2627 po-

480 2682 676 2735 suimus
702 2680 755 2732 in
781 2673 1028 2730 sermonis
1056 2670 1211 2741 hujus
1242 2662 1474 2724 exordio,
1498 2660 1652 2713 sicuti
1674 2657 1738 2710 de
1753 2652 1933 2707 cameli
1950 2660 2094 2702 tran-

476 2777 579 2832 situ
608 2790 699 2846 per
723 2772 955 2841 foramen
984 2782 1131 2829 acus,
1168 2771 1217 2816 et
1248 2760 1311 2814 de
1340 2755 1610 2810 duodecim
1652 2749 1880 2804 millibus
1935 2744 2096 2815 legio-

481 2844 618 2923 nunt
631 2865 950 2936 angelorum,
978 2858 1072 2929 qui
1126 2860 1421 2923 potuerunt,
1473 2847 1517 2899 si
1545 2844 1712 2909 vellet,
1740 2851 1973 2913 pugnare
2002 2849 2096 2904 pro

484 2933 857 3015 Cltrislo:......
889 2969 1004 3026 qua:
1028 2950 1199 3005 omnia
1228 2949 1365 3017 facta
1394 2958 1496 2996 non
1523 2946 1665 2993 sunt.
1696 2933 1830 2989 Vide
1872 2940 2004 2986 tom.
2038 2943 2094 2994 κ,

486 3055 635 3110 Edit.
667 3050 899 3106 Maurin.
931 3062 986 3118 p.
1019 3044 1090 3099 85
1122 3051 1175 3096 et
1205 3039 1331 3093 tat.

556 3145 689 3199 Luc.
738 3155 860 3209 cap.
890 3109 947 3203 1,.
974 3136 1028 3201 5,
1061 3132 1333 3186 Veronen.
1375 3124 1577 3180 Placuit
1607 3130 1656 3176 et
1705 3116 1849 3209 mihi,
1886 3122 1935 3209 cl
1968 3109 2096 3209 ξιφέ-

2263 1912 2429 1967 Marc.
2479 1926 2599 1981 cap.
2652 1927 2729 1976 ix,
2780 1910 2872 1976 40,
2930 1909 2983 1964 in
3028 1907 3231 1963 Veron.
3279 1906 3401 1963 Gat.
3451 1916 3509 1962 et
3554 1906 3799 1961 Brixian.

2190 2016 2337 2074 post,
2385 2020 2554 2075 aqum,
2602 2002 2844 2067 additur,
2892 2000 3125 2074 frigidm.
3180 1999 3249 2055 Et
3297 1999 3371 2055 ita
3422 2000 3473 2054 in
3524 1997 3805 2067 aliquibus

2186 2097 2521 2154 editionibus
2546 2096 2606 2152 S.
2630 2096 2858 2166 August.
2889 2095 3112 2165 Specul.
3145 2094 3213 2148 de
3242 2093 3445 2162 Evang.
3475 2107 3591 2147 sec.
3626 2092 3799 2146 Marc.

2268 2190 2456 2246 Matth.
2510 2206 2629 2258 cap.
2688 2206 2760 2251 xi.
2810 2188 2865 2255 8,
2908 2187 3109 2242 Veron.
3166 2195 3221 2241 et
3268 2185 3506 2240 Brixian.
3553 2183 3806 2239 mollibus

2193 2284 2504 2339 vestimentis
2551 2281 2831 2336 indutum?
2860 2289 2914 2336 et
2958 2280 3032 2335 ita
3070 2279 3129 2336 8.
3176 2276 3498 2335 Ambrosius
3527 2278 3582 2334 in
3611 2278 3707 2334 lib.
3765 2292 3807 2331 v

2198 2378 2459 2432 Hexaem.
2489 2390 2608 2443 cap.
2633 2375 2727 2441 25,
2756 2392 2809 2443 p.
2843 2373 2969 2431 109.

2266 2468 2455 2523 Matth.
2484 2482 2602 2536 cap.
2641 2482 2727 2529 xv,
2757 2466 2851 2532 52,
2893 2466 2945 2520 in
2981 2464 3179 2521 Veron.
3211 2472 3265 2520 et
3309 2462 3596 2519 Corbeien.
3641 2469 3801 2526 ante,

2196 2565 2252 2617 in
2280 2562 2428 2616 Brix.
2459 2574 2589 2614 vero
2639 2571 2759 2629 post
2789 2574 2998 2627 vocem,
3045 2558 3230 2621 turbaz,
3274 2554 3513 2621 additur,
3562 2554 3702 2608 huic.
3738 2554 3804 2608 ιιι

2196 2656 2256 2711 8.
2284 2654 2473 2710 Ambr.
2502 2654 2539 2708 l.
2570 2670 2598 2705 v
2641 2653 2900 2707 Hexaem.
2924 2667 2976 2706 c.
3004 2650 3095 2715 25,
3120 2667 3173 2720 p.
3203 2647 3307 2705 1H
3327 2692 3341 2714 ,
3364 2648 3585 2718 legitur,
3613 2646 3801 2718 hujus.

2272 2746 2461 2802 Matth.
2491 2760 2612 2813 cap.
2644 2760 2796 2810 XVIII,
2826 2743 2919 2805 20,
2950 2741 3151 2796 Veron.
3198 2749 3254 2795 et
3298 2739 3632 2804 Vercellen.,
3656 2738 3727 2791 ibi
3756 2748 3805 2792 et

2200 2855 2313 2910 ego.
2364 2839 2433 2893 Et
2478 2837 2551 2892 ita
2596 2838 2659 2892 S.
2694 2837 2949 2891 Ambros.
2990 2836 3043 2888 in
3077 2834 3170 2887 lib.
3202 2833 3268 2888 de
3294 2832 3569 2903 ‘Mysteriis
3595 2846 3711 2901 cap.
3741 2831 3801 2897 5,

2205 2949 2324 3003 pag.
2376 2929 2505 2996 552,
2553 2940 2610 2985 et
2655 2929 2860 2983 Victor.
2919 2927 3128 2981 Vilens.
3181 2925 3381 2979 Hister.
3434 2922 3604 2977 Vand.
3657 2922 3802 2977 Edit.

2204 3024 2366 3079 Ruio.
2401 3038 2455 3093 p.
2510 3023 2602 3081 56.
2653 3021 2777 3076 cod.
2811 3020 2976 3075 Corb.
3027 3018 3207 3085 habet,
3249 3016 3319 3071 ibi
3358 3032 3473 3087 ego.
3508 3015 3575 3070 Et
3619 3015 3694 3068 ita
3738 3013 3805 3068 8.

2203 3117 2460 3171 Ambros.
2512 3116 2564 3169 in
2597 3114 2690 3169 lib.
2740 3129 2797 3178 ιι,
2841 3112 2910 3167 de
2935 3111 3068 3167 Cain
3098 3119 3157 3165 et
3183 3110 3316 3165 Abel
3344 3124 3463 3176 cap.
3497 3108 3554 3174 2,
3589 3123 3642 3177 p.
3670 3105 3803 3173 208,

484 3191 847 3292 rituiganct—b.
892 3191 963 3282 liii
991 3191 1063 3280 ila
1082 3223 1277 3279 vetusti
1311 3219 1529 3288 quidam
1569 3211 1743 3271 Grmci
1772 3202 2095 3305 1ibri,E33£s
2126 3191 2171 3257 C
2204 3221 2260 3266 et
2312 3212 2363 3265 in
2416 3208 2586 3278 Epist.
2640 3207 2709 3263 65
2764 3207 2925 3276 prim.
2986 3206 3145 3261 class.
3194 3203 3445 3274 p.1023,
3491 3202 3616 3259 cod.
3663 3202 3808 3259 San-

487 3331 641 3406 κᾲμοί
695 3329 783 3380 καί
808 3329 883 3397 τῷ
916 3321 1173 3390 Πνεύματι
1202 3315 1350 3387 ἁγίῳ,
1406 3313 1507 3363 hoc
1546 3315 1651 3369 est,
1678 3304 1843 3357 visum
1873 3305 1921 3353 et
1949 3296 2094 3361 mihi,

488 3396 538 3481 el
554 3396 793 3491 “Spiritui
822 3396 1036 3471 Sancto.
1071 3410 1198 3464 Haec
1224 3407 1365 3461 forte
1387 3419 1417 3457 a
1448 3396 1780 3457 Marcionitis
1806 3397 2095 3462 expuncta,

489 3518 580 3588 qui
611 3526 815 3585 partem
838 3504 1118 3576 Evangelii
1144 3501 1303 3555 Lucan
1326 3494 1695 3555 admittentes,
1714 3495 1923 3558 partem
1941 3496 2099 3588 repu-

489 3574 729 3665 diab-snt.
760 3602 958 3659 Contra
992 3574 1136 3668 ipsos
1162 3592 1270 3663 agit
1292 3589 1349 3645 8.
1385 3588 1528 3643 lreu.
1562 3587 1614 3639 in
1647 3581 1742 3637 lib.
1775 3574 2097 3646 tu,cap.11.

563 3705 694 3759 Luc.
714 3708 844 3769 'cap.
875 3714 915 3762 ι,
946 3696 1040 3758 51,
1069 3690 1299 3753 Veron.,
1334 3683 1467 3737 Ecce
1487 3678 1681 3735 ancilla
1714 3672 1947 3737 Domini,
1976 3684 2099 3723 con-

492 3799 653 3867 tingat
696 3762 822 3845 mihi
866 3785 1145 3842 secundum
1184 3779 1393 3835 uerbum
1434 3785 1600 3828 tuum.
1649 3769 1801 3823 Hunc
1850 3762 2099 3819 ordinem

493 3857 692 3959 pariter
722 3891 938 3938 servant
972 3876 1152 3933 versio
1203 3871 1445 3942 Syriaca,
1485 3862 1739 3921 Arabica,
1772 3857 2014 3920 Persica,
2045 3863 2102 3911 et

493 3948 824 4049 iEthiopica,
850 3988 951 4029 nec
977 3985 1084 4026 non
1106 3968 1163 4022 S.
1191 3958 1509 4019 Ambrosius
1540 3957 1590 4009 in
1626 3951 1871 4021 Exposit.
1898 3948 2103 4017 Evaug.

491 4043 715 4133 SttCUﬂd:
749 4070 880 4127 Luc.
926 4064 1062 4123 Cod.
1101 4060 1251 4116 eurb.
1286 4069 1447 4110 versu
1490 4052 1595 4115 58,
1627 4048 1811 4110 habet,
1840 4043 2103 4111 contingat

493 4168 638 4222 mihi.
695 4165 760 4218 Et
790 4164 860 4215 ita
890 4159 945 4214 8.
981 4153 1167 4212 Ambr.
1204 4151 1257 4205 in
1299 4146 1473 4217 Epist.
1506 4143 1670 4198 class.
1713 4141 1765 4199 1,
1810 4152 1929 4207 pag.
1973 4133 2099 4189 967.

566 4259 696 4313 Luc.
737 4269 854 4324 cap.
883 4268 937 4318 κ,
972 4252 1023 4314 1,
1054 4245 1252 4300 Veron.
1296 4250 1351 4296 et
1394 4237 1564 4301 Brix.,
1598 4231 1901 4301 Designavit
1933 4237 2103 4281 autem

494 4363 542 4407 et
570 4350 701 4403 alios
720 4345 1070 4415 septuaginta.
1101 4338 1289 4394 Graeca
1317 4346 1531 4405 quoque
1560 4326 1890 4395 exemplaria
1914 4336 2102 4392 quam-

496 4444 671 4515 plura,
692 4441 913 4511 Syriaca
943 4434 1145 4497 versio,
1177 4428 1421 4498 Coptica,
1457 4422 1708 4487 Arabica,
1741 4418 1798 4473 8.
1838 4418 2099 4480 lrenccus,

2204 3304 2417 3367 Germ.,
2449 3302 2519 3355 ibi
2551 3318 2662 3354 sum
2696 3311 2739 3354 et
2767 3315 2879 3371 ego.

2277 3394 2468 3450 Matth.
2497 3409 2616 3463 cap.
2645 3409 2735 3456 xx,
2766 3393 2858 3457 25,
2891 3393 2941 3445 in
2970 3390 3194 3455 Veron.,
3221 3388 3525 3445 Vercellen.
3574 3396 3630 3443 et
3670 3386 3810 3442 Cor-

2207 3488 2387 3545 beien.
2420 3485 2657 3551 additur,
2686 3484 2858 3539 Jesus.
2894 3484 2959 3539 Et
3010 3483 3086 3538 ita
3131 3484 3186 3537 in
3226 3482 3287 3538 S.
3319 3480 3574 3537 Ambros.
3623 3481 3719 3537 lib.
3768 3496 3808 3537 ν

2206 3581 2273 3636 de
2297 3580 2430 3636 Fide
2454 3595 2575 3649 cap.
2607 3579 2663 3643 5,
2698 3593 2751 3647 p.
2782 3576 2908 3635 562.

2279 3674 2467 3729 Matth.
2516 3688 2634 3742 cap.
2664 3687 2716 3737 ν,
2749 3672 2840 3737 .18,
2890 3671 2941 3724 in
2984 3669 3188 3725 Veron.
3236 3678 3291 3723 et
3335 3666 3803 3724 San-Germanen.

2210 3774 2352 3837 post,
2400 3781 2543 3834 ergo,
2588 3763 2829 3829 additur,
2863 3772 2929 3825 et,
2959 3761 3098 3816 sicut
3124 3761 3175 3815 in
3234 3760 3291 3816 8.
3324 3759 3579 3815 Ambros.
3613 3759 3710 3814 lib.
3745 3774 3807 3814 ιιι

2207 3861 2275 3915 de
2301 3858 2458 3915 Ollic.
2494 3857 2723 3914 Miuistr.
2753 3871 2872 3925 cap.
2908 3856 2960 3920 2,
2994 3871 3046 3926 p.
3080 3853 3203 3910 110.

2281 3952 2471 4008 Matth.
2501 3965 2621 4021 cap.
2654 3965 2751 4016 vu,
2777 3950 2868 4013 15,
2902 3947 3104 4003 Veron.
3150 3956 3205 4002 et
3231 3945 3628 4002 Sun-German.
3661 3953 3805 4013 post,

2208 4045 2473 4109 attendite,
2522 4042 2747 4105 addunt,
2796 4040 2960 4095 vobis.
3009 4040 3075 4094 Et
3125 4042 3195 4094 ita
3244 4038 3473 4095 Tertull.
3511 4054 3627 4107 pag.
3674 4035 3806 4104 205,

2207 4140 2311 4192 217
2358 4146 2412 4191 et
2455 4135 2596 4201 218;
2648 4134 2705 4190 S.
2753 4132 3006 4188 Ambros.
3059 4133 3110 4185 iu
3158 4131 3248 4186 lib.
3298 4146 3339 4186 ιι
3396 4130 3463 4185 de
3493 4129 3635 4198 Spir.
3668 4126 3805 4183 Sun.

2204 4248 2329 4301 cap.
2366 4231 2452 4293 10,
2489 4247 2540 4299 p.
2570 4228 2698 4294 655,
2716 4238 2772 4284 et
2790 4229 2850 4283 in
2881 4228 2972 4283 lib.
2997 4227 3325 4282 villosaem.
3359 4240 3475 4295 cap.
3508 4226 3562 4291 6,
3586 4240 3639 4294 ι).
3674 4224 3805 4288 127,

2210 4334 2399 4392 ctcap.
2432 4321 2487 4387 8,
2516 4339 2573 4390 p.
2605 4319 2728 4374 152.

2281 4415 2472 4471 Matth.
2502 4430 2622 4484 cap.
2654 4429 2768 4470 vni.
2798 4412 2889 4477 20,
2919 4412 3194 4468 Veronen.
3230 4409 3533 4467 Vercellen.
3572 4416 3627 4463 et
3668 4406 3810 4461 San-

609 4501 943 4593 Ainbrosius,
993 4525 1380 4587 Tertullianus,
1432 4517 1632 4588 aliique
1682 4513 1862 4575 multi,
1917 4511 2104 4580 legunt
2133 4584 2179 4593 _
2211 4510 2467 4564 German.
2501 4516 2657 4576 caput
2687 4522 2857 4560 suum.
2892 4504 2957 4558 Et
2984 4507 3054 4558 ita
3095 4505 3152 4559 8.
3204 4501 3522 4558 Ambrosius
3551 4501 3806 4555 llexaeut.

825 4584 1170 4691 septuaginta,
1206 4630 1339 4680 non,
1366 4584 1709 4682 septuaginta
1740 4607 1887 4660 duos.
1933 4602 2099 4657 Iidem
2130 4584 2186 4645 D
2213 4603 2304 4657 lib.
2332 4616 2406 4663 v1,
2435 4616 2554 4671 cap.
2580 4600 2638 4665 8,
2667 4613 2789 4667 pag.
2821 4597 2945 4653 151.

496 4723 572 4778 illi
604 4730 806 4775 tamen,
830 4712 920 4783 qui
949 4713 999 4765 in
1028 4708 1178 4764 libris
1206 4707 1318 4762 suis
1352 4704 1616 4767 habuere,
1646 4697 1996 4769 septuaginta,
2028 4695 2105 4748 la-

499 4822 679 4870 tentur
708 4803 1004 4877 discipulos
1034 4799 1203 4854 fuisse
1240 4796 1383 4849 duos
1420 4802 1478 4848 et
1528 4792 1900 4859 septuaginta;
1941 4795 1997 4840 ut
2024 4786 2102 4838 vi-

500 4908 629 4961 dere
648 4914 733 4960 est
756 4900 895 4973 apud
921 4897 1047 4951 Var.
1076 4893 1225 4947 Lect.
1258 4889 1368 4943 Mil.
1398 4885 1579 4950 bic,et
1597 4882 1884 4936 Maldunat.
1902 4878 2103 4935 ctGro-

502 4975 726 5062 tium,et
751 4996 1040 5052 Seldeuum
1072 4988 1125 5042 in
1154 4985 1249 5040 lib.
1271 4998 1308 5036 tt
1329 4980 1396 5035 de
1419 4976 2015 5050 Syncdriiscap.9,art.
2046 4973 2100 5028 8.

568 5090 703 5144 Luc.
749 5102 868 5155 cap.
915 5100 991 5150 χι,
1013 5084 1070 5147 .1,
1103 5079 1306 5135 Veron.
1334 5082 1389 5130 et
1432 5066 1727 5126 Corbeien.
1760 5065 1987 5129 addunt,
2017 5064 2106 5119 sed

492 5182 659 5245 libera
686 5194 781 5232 nos
811 5193 842 5230 a
866 5175 1020 5227 malo.
1054 5169 1287 5228 Vindob.
1315 5174 1370 5222 et
1392 5163 1629 5219 Brixiae.
1658 5158 1753 5237 sed
1791 5158 1930 5228 eripe
1964 5156 2105 5227 (Bri-

496 5274 819 5349 sian.)erue
838 5286 930 5324 uos
951 5284 981 5320 a
996 5266 1151 5319 malo.
1174 5261 1347 5320 ϐιωοί
1373 5272 1587 5333 quoque
1610 5253 1960 5327 quamplures
1983 5250 2100 5307 libri

502 5346 612 5426 tum
640 5367 790 5432 editi,
823 5372 935 5416 tum
967 5372 1128 5414 manu
1154 5353 1361 5411 exarati
1398 5352 1605 5421 legunt,
1645 5348 1734 5403 sed
1762 5346 1923 5402 libera
1952 5360 2045 5399 nos
2070 5359 2105 5397 a

502 5464 658 5517 malo.
723 5438 953 5528 Vulgata
989 5461 1191 5509 tamen,
1235 5446 1561 5515 plurimique
1628 5440 1844 5496 codices
1885 5438 2105 5509 optima;

504 5564 645 5607 nota:
674 5551 788 5604 haec
816 5525 976 5603 verba
1012 5539 1307 5596 omittunt:
1354 5549 1459 5607 qua
1487 5532 1556 5589 de
1595 5546 1657 5588 re
1684 5528 1947 5584 videndus
1992 5525 2104 5580 Mil.

506 5644 633 5699 Var.
666 5640 815 5695 Lect.
848 5641 955 5703 hic,
983 5646 1034 5693 et
1059 5634 1118 5691 S.
1145 5628 1500 5702 Augustinus.

2286 4690 2474 4747 Matth.
2525 4706 2646 4759 cap.
2701 4706 2778 4753 Ix,
2833 4688 2921 4755 15,
2974 4688 3024 4741 in
3078 4686 3347 4742 Veronen.
3400 4684 3706 4740 Vercellen.
3754 4690 3813 4737 et

2214 4785 2681 4842 Sau-Germaneu.
2710 4791 2851 4850 post,
2891 4780 3223 4853 jejunabunt,
3242 4778 3479 4842 additur,
3494 4778 3545 4831 in
3561 4776 3671 4830 illis
3695 4775 3810 4830 die-

2217 4878 2332 4931 bus.
2358 4875 2425 4931 Et
2444 4876 2515 4929 ita
2541 4872 2669 4928 ἰιι8.
2699 4870 2888 4927 Atnbr.
2924 4872 3018 4939 Ep.
3050 4870 3121 4925 52
3142 4869 3297 4941 prim.
3330 4868 3645 4939 class.,pag.
3681 4866 3808 4922 915.

2285 4968 2471 5024 Matth.
2503 4983 2620 5037 cap.
2670 4982 2784 5032 χχι,
2820 4966 2909 5031 57,
2957 4964 3159 5020 Veron.
3212 4964 3432 5033 forsitan
3470 4963 3809 5018 verebuntur.

2214 5066 2278 5120 Et
2306 5066 2381 5120 ita
2406 5062 2467 5119 8.
2496 5061 2818 5117 Ambrosius
2850 5059 2905 5114 in
2945 5058 3041 5114 lib.
3074 5075 3107 5115 ιι
3155 5059 3223 5113 de
3252 5058 3544 5115 l’mnitent.
3595 5070 3719 5125 cap.
3749 5070 3807 5119 v,

2212 5172 2266 5227 p.
2297 5153 2420 5210 624.
2454 5154 2511 5209 8.
2541 5152 2801 5217 lrenaeus,
2845 5156 2978 5224 forte
3022 5150 3342 5205 verebuntur.
3389 5149 3677 5205 Corbeien.
3727 5162 3813 5201 ve-

2211 5249 2455 5304 rebuntur
2500 5248 2692 5317 utique.
2749 5245 2990 5299 Brixian.
3040 5245 3432 5307 reverebantur,
3484 5248 3543 5296 ut
3589 5239 3809 5310 quidam

2213 5345 2335 5401 cod.
2366 5341 2699 5399 Claromont.
2730 5341 2786 5394 in
2816 5339 2935 5394 loco
2967 5337 3183 5393 laudato
3207 5336 3269 5392 S.
3301 5334 3514 5391 lrenaei.

2284 5436 2439 5490 Joan.
2488 5449 2607 5502 cap.
2642 5449 2722 5502 ιιι,
2768 5432 2861 5499 56,
2917 5430 3117 5486 Veron.
3159 5427 3403 5486 secundo
3452 5427 3572 5483 luco
3622 5426 3807 5495 habet,

2216 5527 2373 5582 vitam
2417 5535 2680 5581 arternam.
2736 5525 2803 5581 Et
2855 5528 2926 5579 ita
2974 5523 3157 5579 multa:
3206 5522 3342 5577 edit.
3386 5519 3446 5577 S.
3494 5519 3808 5592 Augustini.

2287 5621 2444 5675 Joan.
2474 5634 2592 5689 cap.
2631 5633 2744 5683 xw,
2767 5618 2856 5673 55.
2895 5618 3117 5682 Veron.,
3141 5614 3433 5670 Corbeien.
3458 5622 3512 5668 et
3538 5613 3810 5684 Βιίιὶειιι.ν

579 5737 707 5791 Luc.
750 5747 871 5801 cap.
921 5747 1018 5796 xu,
1060 5727 1114 5790 9,
1152 5723 1349 5780 Veron.
1387 5717 1487 5788 Qui
1517 5726 1685 5773 autent
1728 5713 1984 5783 negaverit
2030 5727 2109 5765 me
2217 5714 2270 5765 in
2302 5714 2396 5765 hoc
2441 5720 2607 5766 autem
2648 5710 2860 5763 mundo.
2908 5710 2965 5767 8.
2997 5708 3301 5781 Cyprianus
3353 5705 3408 5759 in
3438 5704 3531 5761 lib.
3563 5705 3631 5761 de
3658 5705 3814 5761 Bono

510 5846 680 5887 corum
711 5824 1025 5889 hominibus,
1048 5818 1239 5889 negabo
1261 5825 1307 5871 et
1328 5830 1421 5886 ego
1448 5827 1565 5868 eum
1589 5824 1765 5866 coram
1788 5805 1948 5862 Patre
1972 5822 2107 5873 meo,

2221 5802 2497 5859 Patientia:
2526 5818 2576 5871 p.
2606 5800 2731 5868 516,
2763 5803 2817 5857 in
2845 5801 3037 5859 mundo
3066 5812 3255 5858 autem.
