4054 6198
263 326 359 380 155

1011 315 1346 380 EPISTOLA
1386 311 1754 378 BLANGllltVI
1793 315 1884 380 At)
1926 314 2309 374 EPISCOPUM
2349 316 2795 378 GURCENSEM.

3444 313 3548 376 ιη

328 439 461 493 Luc.
490 450 616 507 cap.
645 450 736 496 vn.
766 431 858 501 14,
893 436 946 490 in
981 435 1177 491 Veron.
1226 443 1279 492 et
1310 437 1526 491 Brixan.
1576 443 1714 505 post,
1770 434 1846 488 ια·
1880 439 1928 498 Α
1958 444 2006 488 et
2041 434 2182 488 Brix.
2211 443 2335 488 ante
2357 433 2515 496 Deus,
2547 433 2717 497 deest,
2749 447 2853 497 eos,
2887 439 2941 486 et
2973 431 3040 484 ita
3073 430 3124 483 in
3149 427 3272 500 Syr.
3303 436 3356 482 et
3389 427 3546 482 Pcrs.

255 533 472 604 crymis,
519 530 751 592 additur,
797 530 926 595 suis,
975 539 1029 585 et
1058 531 1128 585 ita
1163 531 1214 584 in
1257 530 1315 586 8.
1362 528 1630 585 Ambrosii
1683 528 1852 598 Epist.

253 628 327 682 i2
357 627 527 681 class.
563 626 612 690 1,
645 641 699 695 p.
727 621 855 679 919.

332 719 468 772 Luc.
520 732 638 785 cap.
687 733 818 780 χιιι,
855 714 909 780 6,
943 715 994 770 in
1022 714 1224 771 Veron.
1255 723 1310 771 et
1339 714 1568 770 Vindob.
1617 711 1856 782 additur,

255 811 357 875 eis,
393 809 444 863 in
469 806 756 863 Corbeien.
807 815 861 862 et
909 807 1054 862 Brix.
1093 810 1219 862 illis.
1257 807 1636 864 Addintentum
1681 816 1859 863 estex

258 903 449 958 Matth.
479 918 601 972 cap.
628 917 723 969 xu,
752 903 840 956 58.

335 1001 467 1050 an.
519 1009 638 1064 cap.
688 1010 804 1058 xm,
841 993 929 1056 10,
957 992 1161 1050 Veron.
1204 995 1256 1048 in
1302 1010 1408 1048 una
1455 1008 1857 1065 synagogarum.

266 1087 468 1154 Verba,
516 1088 569 1140 in
614 1102 720 1140 una
747 1101 1124 1157 synagogarum
1151 1086 1563 1157 explicationem
1597 1085 1864 1155 margina-

261 1183 370 1238 lem
404 1190 555 1251 putat
601 1179 800 1233 Millins
833 1194 850 1232 :
881 1179 974 1234 scd
1008 1179 1057 1233 id
1085 1179 1217 1234 mihi
1248 1182 1424 1234 minus
1466 1177 1689 1243 arridet,
1735 1191 1864 1231 cum

262 1275 321 1330 in
371 1273 615 1328 omnibus
663 1272 872 1328 Grmcis
919 1272 1196 1328 codicibus
1239 1273 1568 1344 reperiatur.
1622 1269 1860 1326 Brixian.

261 1370 323 1422 in
347 1372 568 1438 quadam
598 1381 882 1437 synagoga.

339 1463 740 1530 Luc.cap.x1v,
770 1461 862 1525 23,
897 1459 948 1512 in
978 1459 1203 1524 Veron.,
1226 1457 1512 1513 Corbeicn.
1545 1465 1598 1511 et
1619 1453 1861 1510 Brixian.

265 1564 391 1612 ante
439 1571 626 1626 stirpes,
679 1553 914 1620 additur,
964 1554 1121 1608 circa.
1177 1563 1235 1609 et
1281 1554 1352 1608 ita
1402 1554 1453 1607 in
1504 1550 1566 1607 8.
1613 1547 1866 1604 Ambros.

269 1649 464 1704 Enarr.
498 1649 552 1702 in
583 1647 722 1717 psal.
755 1663 847 1713 XL,
876 1661 995 1718 pag.
1031 1645 1157 1702 877.

341 1743 470 1796 Luc.
515 1757 635 1811 cap.
671 1755 781 1807 5m,
820 1741 874 1806 9,
922 1749 1065 1810 post,
1101 1738 1452 1804 tabernacula,
1483 1735 1717 1802 additur,
1751 1750 1866 1801 sua,

2033 528 2220 583 Matth.
2254 544 2372 597 cap.
2402 546 2475 592 vI,
2511 530 2597 593 15,
2630 527 2828 583 Veron.
2855 525 3161 581 Vercellen.
3183 536 3232 578 et
3256 523 3548 579 Corbeien.

1959 623 2234 690 omittunt,
2282 623 2464 686 Amen,
2513 633 2566 676 et
2615 622 2685 676 ita
2723 632 2878 676 vetus
2907 619 3042 674 liber
3067 617 3552 687 Cantabrigiensis,

1960 716 2159 787 aliique
2189 716 2536 786 quamplurcs
2563 714 2760 776 Grmci,
2791 724 2841 768 et
2867 711 3064 778 Latini,
3090 709 3247 766 codd.
3283 711 3391 765 duo
3421 724 3554 768 mss.

1960 809 2014 864 in
2048 809 2155 864 div.
2187 807 2323 863 Bibl.
2355 806 2414 865 S.
2445 808 2690 875 Hieron.,
2721 805 3106 870 Tertullianns,
3136 803 3196 859 S.
3229 801 3554 874 Cyprianus,

1963 901 2000 957 S
2050 900 2335 973 Augustin.
2371 911 2426 956 ct
2461 901 2640 956 versio
2685 899 2904 972 Syriaca
2951 915 2962 951 :
3009 913 3180 968 eaque
3227 913 3328 952 vox
3376 895 3558 951 addita

1961 997 2178 1052 videtur
2208 999 2273 1050 ab
2304 996 2498 1061 altera,
2530 1010 2687 1066 quam
2719 1009 2748 1049 a
2792 993 3026 1048 Matthaei
3061 1005 3243 1058 manu,
3276 1001 3558 1061 pestquam

1965 1091 2017 1144 in
2071 1089 2331 1160 liturgicis
2374 1088 2624 1159 precibus
2673 1087 2727 1142 in
2779 1085 2885 1142 line
2937 1084 3228 1140 Dominica:
3277 1081 3555 1137 Orationis

1969 1184 2212 1253 usurpari
2240 1184 2422 1253 cmpit.
3462 1214 3466 1218 ς
3514 1175 3560 1240 l-i

2041 1276 2228 1331 Matth.
2263 1291 2381 1346 cap.
2417 1292 2491 1342 vi,
2523 1275 2611 1331 54.
2647 1273 2700 1330 In
2739 1273 2937 1329 Veron.
2969 1281 3024 1328 et
3051 1269 3353 1327 Vercellen.
3385 1265 3562 1333 deest,

1969 1388 2110 1443 ergo,
2139 1380 2194 1426 et
2224 1371 2377 1440 itaiin
2409 1369 2467 1425 S.
2498 1369 2660 1441 Cypr.
2693 1382 2812 1440 pag.
2845 1367 2974 1435 221,
3008 1375 3062 1423 et
3105 1367 3158 1424 in
3187 1367 3245 1422 8.
3277 1364 3563 1435 Augustin.

1969 1462 2065 1518 lib.
2089 1475 2146 1526 ιι,
2167 1461 2232 1516 dc
2255 1463 2431 1518 Serm.
2457 1461 2610 1516 Dom.
2637 1460 2690 1515 in
2715 1469 2896 1516 monte
2920 1470 3050 1514 tom.
3070 1473 3130 1523 ιι,
3149 1465 3283 1528 part.
3303 1472 3420 1526 n,p.
3433 1453 3564 1508 222.

2047 1552 2236 1612 Matth.
2268 1569 2388 1626 cap.
2420 1569 2514 1622 vn,
2543 1554 2632 1622 27,
2665 1555 2720 1610 in
2744 1554 2946 1610 Veron.
2969 1561 3023 1609 et
3045 1550 3366 1608 San—Germ.
3391 1551 3566 1616 deest,

1975 1660 2054 1714 et,
2085 1648 2281 1719 primo,
2315 1649 2574 1715 secundo,
2599 1656 2654 1704 et
2680 1650 2837 1704 tertio
2865 1648 3008 1713 loco,
3054 1657 3107 1702 et
3138 1645 3213 1701 ita
3238 1645 3290 1702 in
3313 1645 3371 1701 S.
3403 1643 3564 1716 Cypr.

2047 1743 2235 1798 Matth.
2279 1755 2397 1813 cap.
2442 1757 2518 1807 ix,
2557 1740 2644 1807 15,
2673 1742 2724 1795 in
2759 1739 2957 1796 Veron.
2993 1741 3166 1806 deest,
3211 1739 3368 1803 enim,
3398 1746 3452 1792 et
3495 1737 3570 1790 ita

267 1837 320 1890 in
353 1834 559 1890 Veron.
591 1842 644 1888 et
683 1835 753 1887 ita
805 1832 858 1887 in
909 1832 968 1887 S.
1007 1831 1272 1886 Ambrosii
1325 1831 1418 1885 lib.
1471 1845 1526 1884 ιιι
1573 1829 1641 1883 de
1707 1825 1864 1881 (Nile.
1899 1824 1945 1883 B
1976 1836 2028 1890 in
2061 1835 2121 1890 s,
2154 1833 2425 1891 Ambrosii
2477 1835 2570 1890 lib.
2621 1851 2637 1889 ι
2683 1836 2748 1890 de
2794 1835 3088 1890 Pmnitent.
3137 1848 3256 1904 cap.
3310 1831 3398 1896 12,
3445 1845 3568 1903 pag.

268 1927 511 1984 Ministr.
554 1942 675 1994 cap.
708 1925 802 1992 22,
831 1941 952 1996 pag.
987 1921 1111 1992 140,
1140 1934 1191 1979 et
1220 1925 1270 1978 in
1301 1923 1396 1978 lib.
1451 1937 1468 1976 ι
1500 1923 1570 1976 de
1596 1918 1868 1974 Abraham

263 2037 388 2091 cap.
424 2023 481 2088 5,
513 2036 633 2091 pag.
661 2019 787 2076 295.

338 2116 473 2170 Luc.
524 2129 642 2184 cap.
688 2127 804 2178 vin,
838 2113 926 2180 15,
958 2113 1159 2169 Veron.
1190 2111 1432 2168 etCorb.
1484 2109 1708 2174 addant,
1764 2107 1873 2162 Da-

273 2207 423 2272 mine,
462 2215 521 2261 et
551 2207 621 2258 ita
665 2205 724 2260 S.
759 2204 1011 2260 Ambros.
1062 2205 1118 2259 in
1163 2204 1256 2260 lib.
1318 2220 1333 2258 ι
1375 2203 1444 2258 de
1480 2200 1610 2256 Cain
1638 2209 1692 2256 et
1734 2199 1872 2256 Abel

270 2314 391 2368 cap.
424 2301 478 2364 9,
515 2314 568 2368 p.
603 2298 730 2353 199.

341 2391 507 2445 Marc.
542 2407 661 2460 cap.
694 2405 734 2453 ι,
764 2387 856 2444 24.
889 2388 1091 2444 Veron.
1117 2387 1434 2453 Corbeien.,
1471 2387 1596 2441 Mm.
1646 2393 1697 2440 et
1748 2384 1869 2439 Bri-

271 2484 440 2549 xian.,
495 2483 602 2537 scio
633 2491 698 2548 te,
730 2488 862 2546 etc.,
902 2492 964 2536 et"
1003 2483 1074 2536 ita
1124 2481 1182 2537 8.
1232 2481 1548 2536 Ambrosius
1595 2479 1646 2533 in
1697 2478 1868 2547 Epist.

273 2577 430 2632 class.
467 2578 520 2639 1,
555 2590 679 2647 pag.
711 2575 839 2630 880.

341 2668 534 2723 Matth.
569 2682 692 2736 cap.
737 2683 778 2732 ι,
816 2665 908 2732 25,
947 2665 1000 2720 in
1042 2664 1242 2719 Veron.
1297 2673 1350 2720 et
1399 2664 1449 2717 in
1501 2662 1871 2718 Sen-Germa-

277 2778 399 2820 nen.
429 2762 626 2817 desunt
653 2762 840 2827 verba,
868 2776 1014 2815 suum
1039 2757 1457 2831 primogenitum,
1488 2765 1545 2810 ut
1574 2757 1626 2810 in
1654 2755 1712 2811 8.
1744 2755 1873 2809 Ain-

276 2856 416 2912 bros.
446 2865 502 2910 et
531 2857 589 2910 S.
621 2854 849 2925 Gregor.
883 2855 1096 2923 Magno.

341 2949 496 3004 Joan.
526 2964 647 3018 cap.
680 2962 774 3015 vn,
804 2947 896 3013 55,
926 2947 980 3000 in
1012 2946 1214 3001 Veron.
1244 2953 1300 2998 et
1328 2943 1473 2998 Brix.
1501 2942 1870 3007 desideratur,

281 3049 332 3097 ut
359 3044 410 3097 in
438 3058 602 3112 quam
631 3041 876 3112 plurimis
909 3054 1038 3095 mss.
1077 3039 1378 3094 codicibus.

339 3137 528 3191 Matth.
583 3151 708 3204 cap.
761 3151 854 3200 tv,
920 3133 976 3200 4,
1032 3134 1228 3188 Veron.
1284 3142 1338 3187 et
1401 3133 1872 3188 San-Germancn.

1975 1927 2104 1994 405,
2134 1930 2262 1984 etin
2295 1929 2536 2000 Exposit.
2572 1928 2763 1998 psalmi
2794 1938 2979 1992 cx‘vm,
3008 1943 3128 1998 pag.
3161 1927 3319 1982 1101.

2051 2021 2237 2076 Matth.
2291 2036 2410 2092 cap.
2453 2038 2528 2086 Ix,
2582 2021 2670 2085 18,
2725 2021 2774 2074 in
2831 2021 3100 2075 Veronen.
3152 2027 3208 2073 et
3271 2015 3569 2071 Vercellen.

1975 2115 2159 2179 deest,
2193 2111 2432 2178 Domine,
2461 2124 2512 2168 et
2541 2115 2613 2167 ita
2647 2113 2697 2166 in
2733 2111 2998 2182 aliquibus
3047 2111 3247 2179 regina:
3276 2108 3575 2164 Succorum

1978 2221 2106 2262 mss.
2161 2206 2311 2261 libris
2339 2207 2521 2261 relatis
2545 2205 2598 2260 in
2631 2206 2808 2260 divina
2857 2199 3110 2258 Biblioth.
3143 2202 3202 2259 S.
3237 2201 3574 2273 Hieronymi.

2051 2302 2239 2356 Matth.
2286 2317 2402 2371 cap.
2441 2317 2522 2365 ιι,
2556 2299 2646 2363 10,
2681 2301 2734 2354 in
2761 2297 2962 2355 Veron.
2999 2299 3304 2355 Vercellen.
3338 2304 3394 2352 et
3435 2296 3576 2352 San-

1974 2392 2304 2450 Germanen.
2337 2393 2512 2457 deest,
2536 2392 2690 2456 enim,
2723 2401 2778 2446 et
2805 2390 2879 2445 ita
2911 2392 2960 2444 in
2993 2389 3192 2446 Sancto
3218 2388 3529 2443 Ambrosio.

2051 2487 2241 2541 Matth.
2294 2500 2412 2555 cap.
2466 2499 2582 2550 xm,
2632 2483 2721 2546 57,
2774 2484 3061 2548 οιιιὶιιίιιιι·,
3112 2480 3239 2546 illis,
3291 2483 3341 2534 in
3371 2479 3574 2536 Veron.

1979 2575 2285 2634 Vercellen.
2319 2587 2374 2632 et
2421 2575 2711 2631 Corbeien.
2757 2585 2813 2630 ct
2859 2576 2930 2630 ita
2981 2575 3033 2629 in
3080 2573 3286 2630 Gra'cis
3339 2572 3581 2628 melioris

1984 2685 2146 2734 none,
2181 2681 2234 2727 et
2281 2671 2331 2726 in
2365 2671 2572 2727 Latinis
2605 2687 2736 2728 mss.
2771 2671 2918 2742 regio
2951 2668 3221 2725 Vaticanis
3253 2667 3448 2723 divina:
3491 2669 3580 2724 Bi-

1982 2765 2264 2820 bliothccm
2295 2765 2353 2820 8.
2385 2763 2722 2836 Hieronymi.

2057 2857 2241 2911 Matth.
2283 2873 2400 2928 cap.
2433 2873 2544 2924 1m,
2581 2857 2668 2921 11,
2717 2857 2768 2910 in
2809 2856 2934 2911 Ver.
2967 2865 3020 2909 et
3047 2853 3263 2910 Vercel.
3294 2853 3470 2918 deest,
3494 2867 3582 2908 vo-

1984 2950 2080 3016 bis,
2101 2963 2152 3006 et
2177 2951 2245 3004 ita
2271 2948 2323 3005 in
2356 2947 2414 3006 8.
2445 2948 2696 3005 Ambros.
2725 2948 2821 3005 lib.
2853 2949 2958 3005 ide
2990 2948 3347 3016 Poenit.c.15,
3383 2950 3579 3018 p.411.

2057 3047 2244 3101 Matth.
2276 3061 2394 3116 cap.
2432 3062 2546 3110 XIX,
2585 3045 2674 3111 29,
2703 3045 2755 3099 in
2784 3043 2982 3100 Veron.
3015 3041 3317 3099 Vercellen.
3364 3052 3417 3098 et
3451 3039 3584 3097 Cor-

1985 3139 2165 3195 boien.
2212 3139 2385 3206 deest,
2419 3149 2508 3192 aut
2553 3155 2788 3204 uxorem,
2840 3145 2894 3193 et
2939 3137 3011 3192 ita
3043 3138 3093 3191 in
3127 3136 3185 3193 S.
3215 3134 3484 3190 Ambrosii
3515 3133 3585 3191 de

273 3232 420 3285 verba
445 3229 563 3295 Dei,
593 3239 649 3284 et
689 3230 760 3284 ita
789 3231 851 3285 8.
880 3229 1201 3284 Ambrosius
1230 3231 1282 3281 in
1313 3227 1409 3282 lib.
1445 3243 1502 3281 ιιι
1552 3227 1619 3280 de
1662 3224 1868 3295 Virgin.

2004 3234 2142 3290 )ftic.
2173 3232 2374 3305 Minist.
2421 3233 2512 3288 lib.
2547 3250 2605 3298 ιι,
2640 3248 2758 3303 cap.
2788 3231 2845 3299 2,
2880 3248 3001 3304 pag.
3033 3231 3122 3298 71,
3155 3240 3208 3286 et
3253 3233 3302 3284 in
3335 3227 3580 3300 Exposit.

271 3340 385 3393 cap.
415 3324 474 3388 4,
507 3338 627 3393 pag.
661 3323 787 3388 174,
820 3332 874 3376 et
906 3323 956 3376 in
985 3321 1157 3388 Epist.
1193 3320 1265 3375 65
1321 3322 1482 3390 prim.
1513 3319 1704 3383 class.,
1747 3331 1875 3389 pag.

276 3418 432 3482 1026,
452 3432 552 3470 nec
575 3431 678 3470 non
705 3415 864 3470 inlib.
895 3431 911 3468 ι
943 3414 1010 3469 de
1035 3414 1166 3467 Cain
1191 3411 1395 3483 etLAbel
1421 3425 1541 3480 cap.
1576 3411 1632 3478 5,
1656 3423 1708 3479 p.
1743 3407 1874 3464 191.

348 3508 532 3562 Matth.
586 3521 706 3576 cap.
757 3522 834 3571 vr,
889 3507 992 3571 55,
1048 3507 1099 3558 in
1148 3504 1348 3560 Veron.
1402 3504 1578 3569 deest,
1621 3505 1872 3573 primum.

274 3613 327 3658 ct
355 3603 424 3657 ita
455 3604 508 3656 in
529 3600 590 3658 S.
623 3602 908 3656 Ambros.t
937 3602 1003 3656 de
1031 3601 1160 3655 Cain
1191 3611 1245 3656 et
1276 3601 1549 3668 Abelzcap.
1579 3600 1636 3665 4,
1660 3614 1711 3668 p.
1746 3597 1871 3653 188.

339 3694 535 3749 Matth.
583 3710 701 3764 cap.
750 3709 864 3757 \‘lll,
910 3693 1003 3756 29,
1049 3693 1314 3748 omittitur
1339 3693 1393 3747 in
1425 3691 1619 3747 Veron.
1653 3700 1704 3744 ct
1735 3690 1873 3745 San-

271 3788 631 3852 Germancn.,
671 3789 808 3850 huic,
859 3800 911 3842 et
940 3788 1015 3841 ita
1043 3787 1093 3840 in
1129 3786 1186 3841 8.
1221 3785 1490 3840 Ambrosii
1520 3784 1874 3852 Expositione

274 3881 464 3950 psalmi
492 3897 686 3946 cum,
717 3897 836 3952 pag.
873 3880 1032 3945 1056,
1061 3891 1116 3936 et
1144 3880 1196 3935 in
1223 3879 1580 3950 Expositione
1609 3878 1869 3949 Evangcl.

272 3973 491 4050 secund.
526 3973 655 4028 Luc.
692 3989 814 4044 pag.
849 3973 1013 4029 1283.

336 4065 492 4120 Joan.
542 4081 662 4134 cap.
713 4082 823 4128 xxi,
877 4066 931 4131 7,
960 4065 1131 4126 deest,
1187 4065 1363 4127 Petro,
1415 4067 1467 4118 in
1508 4059 1779 4119 Veronen.
1815 4073 1874 4119 et

273 4159 340 4212 ita
364 4159 417 4212 in
439 4157 655 4212 duobus
682 4172 813 4211 mss.
845 4157 936 4210 lib.
966 4157 1073 4211 div.
1108 4155 1244 4212 Bibl.
1278 4157 1336 4212 8.
1366 4155 1708 4228 Hieronymi.

339 4252 496 4308 Joan.
523 4265 645 4321 cap.
680 4251 910 4316 “1,135,
937 4252 1122 4316 verba,
1158 4251 1272 4321 plus
1304 4251 1405 4317 his,
1441 4252 1768 4306 omittuntur
1815 4252 1873 4306 in

277 4345 470 4400 Veron.
501 4345 804 4400 Vercellen.
833 4353 888 4400 et
916 4342 1206 4399 Corbeien.
1235 4353 1291 4398 et
1317 4344 1389 4398 ita
1428 4344 1479 4398 in
1526 4343 1711 4400 Sancti
1742 4343 1874 4398 Am-

271 4441 430 4496 brosii
459 4439 625 4510 Apol.
659 4438 828 4493 David
855 4453 977 4506 cap.
1005 4439 1061 4504 9,
1095 4453 1212 4508 pag.
1249 4437 1375 4493 (92.

337 4534 500 4588 Joau.
531 4548 652 4602 cap.
691 4548 807 4596 XXI,
842 4531 932 4595 15,
967 4531 1237 4586 Veroncn.
1271 4540 1323 4584 et
1354 4530 1877 4601 Vercellen.utiqne,

271 4623 507 4689 Domine,
539 4635 595 4679 et
623 4627 692 4679 ita
719 4624 778 4679 S.
815 4623 1134 4679 Ambrosius
1162 4623 1218 4678 in
1253 4624 1369 4677 loco
1397 4624 1585 4678 citato.

1987 3324 2039 3380 in
2076 3327 2268 3395 pSitim.
2303 3342 2490 3393 CXVIII,
2521 3342 2642 3397 pag.
2670 3323 2828 3381 1059.

2061 3415 2248 3473 Matth.
2281 3434 2404 3488 cap.
2433 3434 2525 3483 xx,
2557 3419 2610 3479 4.
2645 3417 2695 3471 in
2728 3416 2850 3471 Ver.
2903 3416 3076 3481 deest,
3107 3432 3298 3480 meam,
3329 3423 3383 3470 et
3429 3415 3497 3468 ita
3530 3412 3584 3469 in

1987 3512 2196 3566 duobus
2231 3511 2428 3580 regium
2457 3510 2618 3564 Suec.
2659 3524 2787 3562 mss.
2819 3508 2988 3562 divin.
3020 3507 3134 3562 Bib.
3165 3507 3224 3561 8.
3249 3504 3582 3577 Hieronymi.

2061 3604 2249 3659 Matth.
2301 3619 2419 3673 cap.
2448 3618 2562 3664 XXI,
2600 3603 2688 3666 12,
2721 3600 2945 3665 Vcron.,
2979 3602 3030 3654 in
3056 3601 3327 3667 templum,
3357 3598 3583 3663 omisso,

1988 3695 2110 3764 Dei,
2147 3705 2200 3751 ct
2246 3697 2314 3749 ita
2362 3697 2558 3766 ubique
2611 3694 2818 3748 Novum
2864 3693 3103 3748 Testatn.
3136 3735 3149 3757 ,
3201 3701 3255 3746 et
3297 3691 3585 3762 Origenes.

2063 3793 2252 3848 Matth.
2282 3808 2400 3860 cap.
2435 3807 2567 3855 xxu,
2599 3789 2654 3854 2,
2705 3789 2756 3844 in
2792 3789 2916 3844 Ver.
2949 3785 3112 3843 Corb.
3141 3799 3194 3842 et
3237 3785 3384 3840 Brit.
3406 3784 3582 3852 deest,

1985 3887 2205 3957 factum,
2236 3891 2292 3940 et
2316 3884 2385 3939 ita
2407 3881 2534 3937 inS.
2556 3879 2747 3936 lren.l.
2779 3897 2825 3935 tv
2849 3889 2993 3934 cont.
3023 3879 3302 3934 ll:cr.tom.
3333 3896 3370 3942 ι,
3396 3877 3585 3947 ρ.”279.

2066 3979 2255 4034 Matth.
2325 3993 2444 4049 cap.
2518 3994 2669 4043 xxu,
2744 3975 2838 4041 21,
2889 3973 3094 4031 Veron.
3145 3971 3449 4029 Vercellen.
3531 3982 3591 4031 et

1987 4069 2304 4139 Corbeien.,
2352 4070 2571 4143 reddite,
2618 4087 2753 4139 qum,
2801 4071 3023 4135 mnisso,
3076 4085 3218 4140 ergo,
3251 4077 3302 4122 ct
3353 4069 3420 4121 ita
3453 4068 3584 4122 Ter-

1995 4167 2115 4224 tull.
2141 4184 2259 4240 pag.
2291 4166 2382 4234 94,
2409 4166 2500 4230 97,
2524 4166 2652 4232 558,
2685 4164 2814 4230 559,
2842 4162 2970 4228 499,
2997 4162 3125 4229 522,
3160 4170 3215 4217 et
3258 4161 3316 4217 S.
3352 4160 3584 4216 Ambro-

1984 4261 2102 4315 sius
2134 4260 2187 4315 in
2213 4259 2382 4331 Epist.
2414 4260 2574 4313 class.
2610 4256 2800 4327 prim.,
2833 4272 2952 4324 pag.
2981 4251 3110 4319 872,
3138 4267 3238 4308 nec
3268 4267 3373 4307 non
3408 4254 3458 4306 in
3487 4251 3584 4308 lib.

1984 4349 2059 4406 de
2088 4349 2366 4407 Benedict.
2399 4349 2698 4406 Patriarch.
2729 4364 2848 4418 cap.
2882 4345 2938 4412 8,
2974 4362 3094 4417 pag.
3126 4344 3253 4400 52L

2067 4445 2255 4499 Matth.
2305 4459 2424 4514 cap.
2474 4459 2606 4508 χχιι,
2637 4441 2727 4497 50.
2764 4438 2961 4496 Veron.
3014 4448 3068 4494 et
3098 4439 3342 4494 Brixian.
3377 4437 3588 4511 Angeli,

1989 4537 2220 4602 omisso,
2251 4533 2369 4602 Dei,
2417 4548 2471 4592 et
2499 4536 2568 4589 ita
2600 4534 2659 4591 S.
2692 4531 2836 4588 Zeno
2871 4531 3223 4588 Veronensis.

1909 4603 1965 4666 D
2063 4629 2256 4682 Matth.
2289 4643 2407 4697 cap.
2433 4643 2580 4693 xxxv,
2605 4626 2696 4690 21,
2731 4626 2906 4690 deest,
2938 4635 3077 4688 tunc,
3112 4627 3162 4680 in
3201 4625 3394 4680 Veron.
3436 4636 3487 4680 et
3521 4625 3592 4680 ita

332 4718 489 4773 Joan.
531 4733 654 4786 cap.
684 4716 806 4778 χιιι,
840 4716 927 4779 16,
961 4714 1163 4770 Veron.
1215 4716 1439 4769 ovicnlas
1481 4732 1650 4781 meas,
1704 4727 1756 4772 et
1805 4718 1884 4771 ita
1990 4722 2041 4775 in
2077 4718 2307 4774 Siren.
2339 4719 2433 4773 lib.
2467 4735 2519 4774 ιν
2559 4728 2746 4773 contra
2775 4717 3027 4774 Hmreses
3075 4727 3206 4774 tom.
3271 4733 3309 4778 ι,
3353 4731 3404 4784 p.
3455 4713 3587 4770 274.

268 4812 322 4866 S.
351 4811 676 4866 Ambrosinus
707 4812 757 4864 in
787 4809 1020 4880 Prologo
1052 4809 1145 4865 lib.
1202 4825 1232 4863 v
1275 4809 1341 4864 de
1383 4809 1515 4865 Fide
1549 4825 1604 4880 p.
1651 4813 1783 4867 551.
1821 4811 1881 4866 In

265 4904 356 4957 lib.
385 4919 522 4958 vero
554 4917 589 4957 tt
648 4901 718 4958 dc
762 4904 906 4972 Spir.
938 4900 998 4957 8.
1046 4917 1165 4972 cap.
1219 4901 1304 4964 15,
1348 4917 1469 4972 pag.
1511 4901 1640 4968 602,
1686 4900 1880 4971 habet,

269 4996 534 5064 agniculae
562 5009 723 5050 meos.

334 5087 466 5143 Luc.
499 5104 620 5159 cap.
660 5093 813 5147 των.
845 5087 936 5152 15,
978 5088 1172 5143 desunt
1204 5087 1366 5144 verba
1413 5088 1528 5153 illa,
1555 5089 1712 5142 tertia
1762 5087 1872 5154 die,

266 5179 319 5232 in
350 5182 535 5235 codice
574 5181 773 5235 Veron.
803 5193 855 5234 et
883 5181 936 5233 in
970 5179 1170 5236 Sancto
1201 5181 1343 5236 lren.

341 5272 504 5326 Marc.
535 5287 654 5342 cap.
688 5289 728 5336 ι,
759 5273 815 5337 2,
847 5272 1030 5338 verba,
1057 5283 1174 5328 ante
1196 5281 1276 5341 ξιε,
1325 5275 1645 5330 omittuntur
1675 5277 1732 5330 in
1755 5275 1878 5331 ‘Ve-

267 5377 394 5416 ron.
426 5373 478 5416 et
505 5363 807 5419 Vercellen.
840 5373 896 5419 et
922 5364 994 5418 ita
1027 5365 1080 5419 in
1111 5364 1427 5435 quibusdam
1457 5367 1663 5423 Graacis
1687 5382 1876 5425 exem-

267 5456 532 5524 plaribus,
579 5458 630 5511 in
681 5458 1026 5514 versionibus
1055 5459 1297 5530 Syriaca,
1323 5459 1568 5530 Coptica,
1624 5461 1875 5532 Persica,

262 5559 316 5602 et
361 5546 693 5618 EthiOpica,
729 5550 782 5604 in
813 5548 875 5604 S.
908 5547 1138 5616 Irenaeo,
1171 5552 1224 5606 in
1253 5550 1508 5622 Origene,
1537 5567 1641 5609 nec
1669 5569 1775 5609 non
1817 5556 1872 5610 in

263 5641 534 5710 aliquibus
566 5657 696 5697 mss.
729 5642 846 5698 Lat.
880 5639 988 5697 div.
1021 5641 1248 5702 Bibl.‘S.
1283 5644 1622 5718 Hieronymi.

335 5735 502 5792 Marc.
543 5751 666 5806 cap.
698 5753 756 5802 ιι,
807 5732 863 5800 Β,
913 5737 968 5791 in
1002 5734 1202 5793 Veron.
1254 5751 1310 5794 et
1354 5737 1644 5797 Corbeien.
1696 5742 1872 5799 deest.

262 5839 536 5896 creatum,
565 5838 614 5883 et
639 5829 783 5886 itain
827 5831 949 5902 Syr.
976 5831 1200 5888 etPers.
1235 5831 1435 5888 Ibidem
1465 5834 1519 5889 in
1548 5831 1872 5900 Ver.,Corb.

2061 4810 2220 4869 Joan.
2266 4828 2384 4884 cap.
2424 4829 2464 4879 ι,
2513 4811 2604 4877 21,
2639 4812 2693 4866 in
2727 4807 2925 4867 Veron.
2974 4818 3123 4875 ante,
3174 4807 3380 4876 Helias,
3414 4805 3590 4876 deest,

1989 4903 2114 4976 quid
2144 4903 2308 4978 ergo?
2338 4916 2392 4958 et
2415 4904 2484 4958 ita
2515 4903 2567 4958 in
2595 4903 2819 4974 Coptica
2855 4904 3125 4958 versione.

2063 4996 2222 5052 Joan.
2254 5011 2372 5067 cap.
2404 5012 2476 5062 γι,
2504 4993 2598 5064 59,
2624 4996 2678 5049 in
2710 4994 2832 5050 Ver.
2875 5003 2931 5048 et
2965 4993 3111 5046 Brix.
3142 4990 3324 5058 deest,
3384 4987 3590 5060 Patris,

1988 5102 2045 5146 et
2092 5093 2166 5146 ita
2200 5091 2252 5144 in
2281 5090 2341 5144 8.
2370 5078 2527 5144 Amb.
2564 5089 2658 5144 lib.
2695 5102 2729 5141 ιι
2760 5087 2825 5140 de
2852 5083 2984 5140 Fide
3007 5081 3206 5142 Resur.
3242 5101 3297 5158 p.
3329 5085 3493 5142 1157.

2059 5181 2216 5238 Joan.
2244 5197 2365 5249 cap.
2397 5194 2494 5244 vn,
2522 5179 2612 5246 57,
2643 5179 2695 5233 in
2729 5178 2927 5234 Veron.
2957 5179 3133 5246 deest,
3181 5180 3248 5233 ad
3278 5197 3385 5245 me,
3428 5188 3482 5234 et
3512 5180 3588 5233 ita

1989 5276 2043 5332 in
2075 5273 2133 5330 S.
2163 5273 2418 5344 Cypriani
2460 5271 2556 5327 lib.
2587 5283 2630 5338 ι,
2658 5271 2920 5327 adversus
2946 5271 3164 5328 iudazos
3210 5271 3276 5328 ad
3305 5269 3590 5338 Quirinum

1991 5383 2112 5440 cap.
2144 5365 2238 5432 22,
2269 5380 2387 5436 pag.
2416 5361 2547 5419 543.
3557 5389 3562 5394 ·

2064 5457 2220 5518 Joan.
2254 5473 2373 5530 cap.
2416 5473 2472 5525 ιι,
2499 5456 2594 5524 29,
2641 5458 2698 5515 In
2728 5456 3001 5516 Veronen.
3050 5469 3105 5516 et
3134 5455 3444 5514 Vercellen.
3479 5458 3585 5514 de-

1991 5567 2073 5610 est
2097 5598 2110 5620 ,
2142 5567 2306 5620 meus,
2339 5563 2394 5608 et
2420 5553 2514 5624 ita;
2537 5554 2591 5608 in
2619 5549 2676 5608 8.
2724 5553 2996 5610 Ambrosii
3025 5551 3203 5608 Tract.
3233 5551 3302 5606 de
3324 5549 3596 5610 Trinit‘a’te

1998 5659 2116 5719 pag.
2163 5641 2292 5713 528,
2328 5647 2381 5701 in
2414 5646 2508 5702 lib.
2567 5661 2596 5699 ν
2637 5641 2708 5702 de
2735 5642 2867 5700 Fide
2903 5659 3023 5712 cap.
3073 5644 3316 5716 11,~p‘ag.
3364 5644 3489 5712 576,
3539 5656 3596 5702 et

1997 5741 2052 5795 in
2089 5741 2194 5795 tib.
2227 5757 2244 5795 ι
2301 5739 2370 5796 de
2413 5739 2621 5810 Spiritu
2659 5737 2857 5793 Sancto
2887 5751 3005 5806 cap.
3037 5735 3092 5806 2,
3129 5737 3181 5792 in
3239 5740 3331 5796 ﬁn.
3375 5751 3429 5810 p.
3464 5740 3592 5808 607,

2000 5849 2104 5892 nec
2135 5847 2242 5891 non
2268 5835 2321 5890 in
2357 5834 2448 5890 lib.
2479 5843 2559 5900 ιιι,
2589 5845 2707 5902 cap.
2748 5829 2836 5898 1'6,
2869 5845 2992 5906 pag.
3027 5834 3154 5891 689.

1959 6019 1990 6030 Δ
