4054 6198
510 302 613 357 155

1900 272 2435 348 PROLEGOMENA.

3706 298 3807 355 156

509 422 517 461 ῖ
579 417 732 472 Joan.
764 432 881 486 cap.
913 431 966 481 ιι,
992 416 1083 479 57,
1110 414 1283 479 deest,
1318 414 1436 478 mei,
1486 412 1537 466 in
1576 412 1846 467 Veronen.
1883 420 1937 465 et
1966 411 2071 465 Ver
2123 409 2175 467 A
2203 410 2316 463 sius
2346 408 2397 463 in
2444 406 2692 478 Exposit.
2724 407 2929 480 Evang.
2963 409 3187 466 secund.
3217 410 3349 466 Luc.
3387 411 3479 467 lib.
3516 428 3571 481 ν,
3606 423 3735 469 tom.
3765 431 3807 480 1,

507 511 705 566 cellen.
734 518 789 563 et
814 509 883 561 ita
914 507 965 560 in
998 506 1056 560 8.
1083 504 1370 577 Cypriano.

578 601 732 657 Joan.
768 614 887 670 cap.
922 614 996 665 x1,
1026 597 1118 661 45,
1159 597 1436 653 Omittitur
1476 597 1650 661 Jesus,
1712 596 1764 651 in
1796 595 2095 662 Veronen.,

506 693 628 749 Gat.
679 701 730 746 et
766 692 892 745 Mm.
929 701 981 745 et
1003 690 1075 743 ita
1106 688 1157 743 in
1186 690 1460 745 nonnullis
1489 690 1695 745 Crzccis
1718 688 1839 743 cod.
1871 703 2097 742 necnon

504 783 909 854 inanibusdani
939 782 1055 837 Lat.
1092 796 1223 835 mss.
1257 781 1424 836 divin.
1458 778 2096 835 Bibliothec.S.llieron.

573 877 731 931 Joan.
762 890 883 945 cap.
918 889 1014 941 x11,
1044 872 1135 940 40,
1164 872 1386 940 Veron.,
1430 872 1553 927 Gal.
1585 879 1641 927 et
1667 871 1791 925 Mm.
1824 881 1869 923 et
1910 870 2102 924 intelli-

502 979 626 1041 gant
656 970 827 1034 corde,
874 968 1098 1033 omisso,
1142 983 1265 1021 non.
1307 965 1373 1019 Et
1403 965 1476 1019 ita
1508 965 1564 1021 8.
1600 965 1852 1020 Ambros.
1903 963 1953 1017 in
2002 962 2098 1017 lib.

504 1080 561 1118 111
611 1062 679 1117 de
712 1063 914 1131 Spiritu
939 1060 1137 1116 Sancto
1168 1076 1287 1130 cap.
1318 1059 1409 1125 22,
1456 1074 1574 1130 pag.
1601 1058 1729 1126 699,
1761 1068 1807 1111 et
1835 1056 1991 1112 corde
2022 1058 2103 1110 in-

504 1157 754 1226 telligant,
781 1156 983 1210 omisso
1015 1154 1236 1221 pariter,
1268 1169 1391 1206 non.

576 1249 731 1305 Joan.
778 1264 897 1319 cap.
950 1264 1070 1312 χιιι,
1123 1246 1211 1312 26,
1266 1246 1443 1313 deest,
1474 1262 1590 1317 ego,
1624 1246 1678 1300 in
1714 1244 1915 1300 Veron.
1946 1254 1998 1300 et
2032 1244 2103 1298 ita

503 1345 557 1398 in
586 1341 643 1397 S.
670 1340 945 1396 Ambrosii
976 1340 1227 1397 Sermon.
1260 1338 1352 1403 27,
1388 1354 1508 1409 pag.
1542 1338 1670 1395 429.

578 1436 733 1491 Joan.
759 1450 879 1505 cap.
906 1449 1012 1497 xlv,
1034 1431 1126 1496 28,
1144 1431 1528 1501 deest,utique,
1560 1431 1611 1483 in
1629 1428 2097 1493 Ver.,Vercellen.

504 1538 559 1586 et
587 1528 750 1585 Corb.
784 1537 838 1581 et
868 1526 937 1579 ita
981 1525 1032 1579 in
1070 1523 1128 1577 8.
1162 1523 1454 1594 Cypriano,
1488 1537 1540 1592 p.
1578 1523 1703 1589 l6l,
1734 1520 1859 1589 545,
1892 1530 1948 1577 et
1974 1522 2101 1578 465.

574 1621 729 1677 Joan.
780 1634 900 1689 cap.
954 1632 1084 1681 xm,
1140 1616 1228 1682 18,
1281 1617 1451 1681 deest,
1504 1626 1578 1681 tu,
1628 1615 1682 1670 in
1728 1616 2002 1672 Veronen.
2052 1625 2107 1672 et

503 1713 807 1771 Vercellen.
840 1720 898 1767 et
927 1710 998 1766 ita
1029 1712 1079 1764 in
1121 1708 1524 1766 Ambrosiastro
1553 1708 1603 1763 in
1635 1708 1808 1778 Epist.
1845 1712 2004 1780 prim.
2037 1709 2105 1765 ad

2208 517 2329 572 pag.
2368 502 2530 568 1577,
2559 503 2802 572 quoniam
2832 503 2916 556 Itic
2946 512 3017 557 est
3045 504 3231 558 electus
3260 503 3375 557 Dei.

2276 591 2409 647 an.
2461 608 2580 663 cap.
2628 608 2701 659 x1,
2755 594 2809 659 4,
2842 592 3115 649 Veronen.
3148 604 3221 649 "et
3259 592 3577 662 Corbeien.,
3631 596 3809 653 debila

2207 694 2404 749 nostra,
2432 695 2485 739 et
2509 684 2581 739 ita
2612 686 2669 740 8.
2699 684 3042 741 Ambrosius.

2279 779 2468 834 Matth.
2503 794 2623 851 cap.
2654 794 2734 846 ιιι,
2776 780 2863 846 17,
2899 778 3097 835 Veron.
3131 779 3195 834 de
3230 780 3394 847 caelo;
3424 790 3480 837 et
3522 782 3595 837 ita
3626 784 3685 839 S.
3715 783 3811 838 lli-

2208 874 2372 929 larius
2403 874 2454 927 in
2482 884 2635 928 tract.
2665 875 2715 927 in
2742 874 2931 943 psalm.
2958 889 3223 939 cxxxvm,
3255 884 3385 930 tom.
3432 892 3481 943 1,
3518 891 3637 949 pag.

2280 964 2468 1019 Matth.
2519 980 2638 1035 cap.
2686 981 2759 1028 v1,
2816 966 2903 1028 17,
2963 964 3233 1020 Veronen.
3286 976 3341 1021 et
3394 965 3691 1023 Vercellen.
3723 986 3809 1023 vos

2207 1068 2403 1123 autem,
2427 1074 2542 1111 cum
2559 1058 2834 1131 jejunatis,
2865 1058 3075 1129 unguite
3099 1068 3254 1128 caput
3281 1068 3522 1127 vestrum,
3551 1071 3597 1115 et
3623 1063 3809 1131 faciem

2208 1162 2425 1205 vestram
2470 1152 2652 1216 lavate,
2704 1159 2759 1205 et
2800 1152 2869 1205 ita
2904 1151 2963 1206 8.
3012 1151 3270 1207 Ambros.
3306 1154 3356 1206 in
3390 1153 3481 1207 lib.
3511 1154 3578 1208 de
3607 1153 3722 1209 Elia
3755 1166 3811 1210 ct

2208 1243 2390 1312 Jejun.
2423 1258 2543 1313 cap.
2578 1244 2667 1305 10,
2715 1258 2837 1313 pag.
2861 1241 3004 1307 546,
3051 1242 3173 1298 cod.
3214 1243 3560 1310 Sam-Germ,
3591 1262 3676 1299 vos
3715 1262 3812 1299 au-

2212 1345 2332 1401 tem,
2365 1354 2480 1389 cum
2528 1336 2824 1407 jejnnatis,
2873 1336 3048 1405 ungite
3095 1336 3264 1406 capita
3308 1346 3492 1403 vestra,
3538 1349 3587 1394 et
3624 1339 3812 1409 faciem

2211 1438 2428 1483 vestram
2456 1429 2641 1482 lavate.

2289 1520 2474 1575 Matth.
2507 1536 2626 1590 cap.
2660 1536 2733 1586 γι,
2768 1520 2851 1587 18,
2890 1519 3162 1577 Veronen.
3189 1530 3243 1577 et
3267 1520 3592 1588 Vercellen.,
3625 1540 3685 1578 ne
3715 1540 3813 1593 pa-

2212 1614 2369 1668 reatis
2402 1614 2695 1667 hominibus
2736 1614 3058 1686 jejunantes,
3091 1615 3182 1669 sed
3234 1613 3383 1669 Patri
3429 1626 3732 1672 vestro......
3764 1627 3813 1673 et

2218 1706 2373 1762 Pater
2413 1720 2643 1763 vester...
2674 1708 2851 1762 reddet
2896 1708 3142 1764 vobis.S.
3195 1710 3447 1767 Ambros.
3500 1712 3553 1766 in
3602 1712 3694 1768 lib.
3741 1714 3815 1770 de

502 1803 748 1862 Corinth.
803 1817 923 1873 cap.
970 1801 1056 1869 11,
1088 1815 1209 1871 pag.
1247 1801 1441 1866 H7,et
1471 1800 1525 1855 in
1546 1802 1643 1870 Ep.
1666 1803 1733 1856 ad
1760 1800 1888 1856 Cor.
1908 1800 1955 1855 ll
1982 1816 2093 1873 cap.

2223 1802 2326 1857 Elia
2357 1812 2412 1857 et
2439 1802 2674 1871 Jejunio,
2704 1816 2827 1872 cap.
2860 1802 2948 1866 10,
2982 1818 3101 1873 pag.
3138 1802 3269 1871 546,
3306 1821 3369 1859 ne
3395 1807 3618 1874 parcatis
3647 1806 3817 1861 homi-

508 1900 594 1967 11,
639 1914 761 1969 pag.
796 1898 917 1964 147,
950 1905 1005 1953 et
1043 1896 1094 1950 in
1128 1894 1305 1965 Epist.
1342 1894 1409 1951 ad
1434 1893 1770 1951 Corinthios.
1808 1896 1882 1963 ll,
1931 1896 2110 1967 capite

501 1988 898 2150 5’Jga1i.7iap.
954 2096 1043 2146 xx,
1078 2079 1161 2145 17,
1216 2078 1390 2143 deest,
1446 2094 1633 2146 meum,
1667 2078 1842 2149 primo
1873 2080 1995 2135 loco
2043 2079 2098 2134 in

502 2175 703 2231 Veron.
736 2182 791 2230 et
822 2174 891 2227 ita
920 2173 971 2227 in
994 2172 1053 2227 8.
1086 2172 1226 2228 lren.
1253 2181 1441 2227 contra
1466 2170 1609 2225 liter.
1634 2180 1763 2225 tom.
1799 2187 1853 2237 1,
1889 2186 1939 2241 p.
1974 2172 2102 2227 551.

573 2269 704 2324 Luc.
739 2283 859 2337 cap.
892 2282 950 2332 ιι,
984 2269 1076 2332 2|,
1110 2265 1283 2325 deest.
1335 2282 1483 2334 puer,
1537 2264 1589 2320 in
1623 2264 1825 2321 Veron.
1878 2274 1931 2319 et
1982 2264 2104 2319 Bri-

500 2364 647 2419 xian.
677 2370 733 2417 et
761 2362 831 2416 ita
868 2361 921 2415 in
962 2360 1166 2416 Graecis
1210 2358 1451 2414 melioris
1501 2368 1643 2413 noue
1690 2357 1989 2425 codicibus,
2044 2366 2099 2413 et

498 2457 553 2512 in
586 2472 693 2511 uno
726 2455 925 2524 regina:
971 2454 1196 2509 Suecor.
1247 2468 1349 2506 ms.
1381 2452 1552 2506 relato
1602 2452 1654 2505 in
1707 2451 1816 2505 div.
1868 2451 2009 2507 Bibl.
2040 2450 2099 2506 8.

456 2536 461 2541 ’
497 2549 723 2606 Hieron.
756 2549 810 2602 in
858 2548 1030 2603 altero
1064 2556 1245 2601 autem
1274 2544 1525 2600 secundis
1551 2544 1700 2599 curis
1731 2545 1945 2599 additus
1996 2552 2097 2600 est.

570 2642 702 2697 Luc.
752 2654 872 2709 cap.
926 2654 981 2705 v,
1012 2638 1067 2702 7,
1101 2637 1279 2700 deest,
1326 2653 1474 2706 pene,
1520 2637 1571 2690 in
1606 2636 1836 2701 Veron.,
1884 2636 2102 2691 Vercel-

497 2736 633 2803 len.,
664 2732 974 2795 Corbeien.,
1005 2729 1125 2785 Cat.
1159 2740 1210 2785 et
1241 2727 1508 2795 Brixian.,
1540 2736 1596 2783 et
1628 2728 1699 2782 ita
1742 2729 1797 2783 in
1827 2729 2101 2784 nonnullis

496 2828 698 2899 reginae
728 2824 1024 2881 Succorum
1057 2838 1187 2877 mss.

568 2921 699 2976 an.
727 2933 845 2989 cap.
886 2931 1034 2982 xxxt,
1066 2914 1157 2976 58,
1193 2910 1391 2968 Veron.
1427 2951 1442 2978 ,
1473 2920 1762 2966 conmotam
1791 2953 1805 2976 ,
1860 2916 2096 2984 superef-

496 3014 774 3085 ﬂuentem,
815 3018 869 3063 et
898 3007 969 3061 ita
997 3007 1051 3062 8.
1081 3003 1400 3059 Ambrosius
1433 3004 1486 3056 in
1542 3002 1633 3057 lib.
1683 3001 1751 3057 de
1794 3001 1950 3058 Ollio.
1999 3004 2098 3057 Mi-

496 3107 621 3161 nist.
657 3119 775 3173 cap.
801 3101 890 3167 51,
923 3114 1040 3169 pag.
1070 3096 1160 3164 45,
1195 3097 1416 3159 omisso,
1441 3104 1509 3162 et,
1539 3104 1685 3161 ante,
1716 3095 2090 3165 superefﬂuen-

2212 1896 2381 1962 nibus,
2413 1895 2530 1965 quia
2549 1896 2826 1968 jejunatis,
2854 1894 2943 1948 sed
2975 1893 3125 1949 Patri
3156 1906 3434 1952 vestro.....
3464 1908 3509 1952 et
3536 1897 3691 1953 Pater
3726 1915 3818 1954 ve-

2212 1999 2435 2043 ster.....
2468 1988 2643 2041 reddet
2672 1989 2830 2043 vobis.
2875 1987 3318 2045 San-Germanen
3352 2031 3367 2057 ,
3418 2001 3470 2042 ut
3502 2007 3603 2045 non
3640 1992 3817 2047 videa-

2211 2085 2337 2138 mini
2391 2083 2681 2138 homiuibus
2725 2086 3051 2155 jejunantes,
3097 2085 3187 2151 sed
3238 2082 3386 2137 Patri
3430 2091 3712 2141 Μεῖνον...
3764 2095 3816 2140 ct

2211 2176 2371 2231 Pater
2396 2185 2673 2231 vester.....
2710 2176 2884 2230 reddet
2909 2175 3071 2229 vobis.

2283 2270 2474 2325 Matth.
2507 2287 2624 2343 cap.
2656 2286 2729 2335 v1,
2756 2270 2847 2335 25,
2883 2270 3083 2326 Veron.
3116 2281 3164 2325 et
3211 2281 3333 2325 tunc
3371 2273 3583 2345 jnrabo,
3639 2283 3693 2328 et
3736 2273 3812 2328 ita

2210 2361 2271 2416 8.
2303 2361 2470 2415 Hilar.
2501 2362 2553 2416 in
2589 2362 2681 2417 lib.
2712 2362 2745 2417 9
2795 2362 2864 2417 de
2895 2362 3090 2417 Trinit.
3125 2379 3179 2417 ιι.
3213 2362 3302 2417 65.

2283 2454 2470 2509 Matth.
2519 2470 2638 2525 cap.
2694 2471 2769 2521 Vl,
2813 2457 2903 2522 55,
2956 2456 3149 2511 Veron.
3201 2465 3255 2511 et
3303 2456 3803 2524 San-Germanen.,

2211 2552 2593 2622 prazstabuntur
2636 2550 2797 2605 vobis.
2832 2550 3157 2616 Vercellen.,
3186 2560 3233 2604 et
3258 2552 3427 2605 omnia
3467 2552 3576 2605 lucc
3617 2563 3806 2621 privata

2207 2653 2327 2698 sunt
2366 2644 2526 2699 vobis.
2559 2644 2618 2699 8.
2661 2642 2914 2697 Ambros.
2966 2643 3019 2697 in
3069 2643 3161 2697 lib.
3212 2659 3229 2698 1
3280 2644 3348 2699 de
3374 2643 3512 2698 Cain
3562 2654 3618 2700 et
3664 2644 3804 2701 Ahel

2207 2752 2326 2807 cap.
2358 2754 2432 2802 ιν,
2464 2752 2583 2806 pag.
2613 2735 2742 2802 488,
2774 2746 2960 2805 prtesto
2985 2745 3101 2789 sunt
3130 2738 3287 2789 vobis.

2275 2831 2461 2886 Matth.
2509 2847 2629 2901 cap,
2665 2847 2757 2897 v11,
2792 2830 2883 2895 27,
2915 2830 3183 2886 Veronen.
3220 2829 3523 2887 Vercellen.
3569 2840 3623 2886 et
3666 2831 3802 2886 San-

2201 2925 2528 2980 Germanen.
2574 2934 2619 2977 et
2667 2928 2803 2995 facta
2840 2932 2915 2978 est
2946 2924 3099 2977 ruina
3128 2926 3239 2995 ejus
3268 2940 3471 2993 magna,
3518 2932 3573 2977 et
3626 2924 3695 2977 ita
3740 2926 3796 2980 8.

2200 3018 2486 3088 Cyprian.,
2515 3016 2755 3071 Brixian.
2797 3031 2951 3083 vero,
2983 3026 3031 3070 et
3056 3020 3196 3087 facta
3220 3017 3368 3069 ruina
3396 3020 3507 3089 ejus
3531 3032 3738 3087 magna.

2271 3108 2456 3163 Matth.
2487 3124 2605 3178 cap.
2636 3126 2690 3174 x,
2732 3108 2824 3173 2'2,
2873 3107 3146 3163 Veronen.
3196 3117 3251 3162 et
3297 3106 3790 3175 San-Cermancn.,

496 3207 616 3261 tem,
663 3210 783 3266 quae
815 3191 1124 3261 conjunctio
1155 3188 1309 3243 abest
1337 3187 1498 3243 etiam
1528 3202 1558 3241 a
1595 3186 1809 3243 Vercel.
1839 3196 1894 3242 et
1924 3188 2084 3244 Corb.

2223 3201 2427 3256 mnibus
2474 3203 2784 3267 hominibus,
2817 3210 2874 3256 et
2899 3202 2969 3256 ita
3001 3211 3207 3257 vetusta
3239 3202 3581 3258 Corbeicnsis
3604 3202 3795 3269 Biblia,

568 3293 730 3346 Marc.
756 3302 873 3359 cap.
909 3302 965 3351 ιι,
996 3283 1066 3351 ,5,
1096 3290 1233 3353 post,
1265 3291 1493 3354 peccata,
1527 3281 1698 3347 deest,
1750 3290 1861 3347 tua,
1897 3282 1951 3335 in
1988 3281 2092 3337 Ve-

493 3402 614 3442 ron.
643 3392 697 3439 et
725 3382 797 3436 ita
823 3379 896 3448 ⁸ἰιι
922 3377 1129 3433 duobus
1156 3377 1355 3447 reginae
1395 3376 1692 3432 Succorum
1738 3391 1871 3431 mss.
1920 3376 2087 3431 divin.

492 3479 632 3537 Bibl.
666 3477 725 3534 8.
759 3474 1091 3546 llieronymi.

566 3575 728 3630 Marc.
779 3586 900 3641 cap.
950 3584 1008 3636 ιι,
1056 3567 1148 3634 25,
1198 3565 1352 3621 deest
1401 3565 1451 3619 in
1487 3563 1787 3631 Veronen.,
1826 3561 2087 3631 Vindob.,

492 3677 548 3726 et
577 3666 838 3732 Brixian.,
869 3661 1144 3725 Dominus,
1187 3668 1242 3714 et
1288 3658 1358 3713 ita
1405 3658 1457 3712 in
1487 3656 1809 3727 quibusdam
1839 3672 1971 3711 mss.
2002 3671 2091 3713 re-

496 3759 617 3813 latis
659 3758 712 3811 in
741 3755 919 3810 divina
970 3751 1228 3807 Biblioth.
1279 3750 1450 3805 sancti
1484 3748 1833 3819 Hieronymi;
1870 3748 2089 3804 Vercel-

492 3852 629 3918 len.,
657 3846 846 3911 Corb.,
876 3843 998 3900 Cat.
1028 3852 1081 3897 et
1108 3842 1235 3896 Mm.
1270 3840 1469 3895 habent
1502 3856 1620 3909 pro,
1650 3838 1922 3903 Dominus,
1948 3856 2085 3894 eum.

565 3944 730 3998 Marc.
761 3955 880 4007 cap.
914 3952 968 4000 x,
1000 3936 1055 4003 6,
1092 3934 1360 3989 Veronen.
1394 3941 1447 3985 et
1474 3928 1791 3993 Corbeien.,
1821 3927 1895 3983 Ab
1938 3929 2089 3984 initio

490 4038 627 4093 enIm
668 4030 977 4105 (Corbeien.
1025 4022 1220 4095 autem)
1266 4023 1572 4088 masculum,
1603 4030 1650 4076 et
1694 4021 1943 4092 feminam
1970 4023 2090 4092 fecit

491 4130 651 4185 Deus.
697 4128 867 4197 Syrus
890 4164 905 4189 ,
937 4122 1121 4183 Persa,
1152 4128 1205 4173 et
1236 4115 1404 4171 Vetus
1435 4113 1659 4170 Cantab.
1712 4112 1991 4168 dumtaxat
2013 4112 2090 4168 fe-

493 4232 618 4283 rultl
637 4266 650 4290 ,
700 4221 821 4278 Ἀπὸ
841 4217 895 4274 δὲ
920 4219 1098 4296 ἀρχῆς
1122 4215 1364 4274 κτίσεως,
1390 4208 1442 4264 id
1467 4216 1571 4273 est,
1601 4206 1663 4260 ab
1692 4206 1838 4260 initio
1885 4224 2088 4260 mascu-

492 4320 602 4376 lum
647 4327 694 4373 et
749 4313 993 4387 feminam
1036 4307 1155 4379 fecit
1204 4305 1375 4368 Deus,
1434 4317 1543 4357 non
1593 4311 1798 4364 autem,
1843 4304 2084 4362 κτίσεως.

562 4412 727 4466 Marc.
778 4421 895 4476 cap.
946 4418 1067 4465 xm,
1114 4400 1166 4465 6,
1222 4398 1273 4453 in
1316 4395 1589 4452 Veronen.
1634 4402 1689 4449 et
1737 4392 1857 4448 Cat.
1912 4394 2082 4459 deeSI,

488 4504 632 4578 quia,
662 4511 717 4556 et
740 4501 812 4554 ita
843 4498 895 4552 in
921 4495 980 4551 8.
1010 4494 1173 4565 Cypr.
1204 4489 1298 4544 lib.
1337 4486 1403 4543 ad
1431 4485 1656 4541 Fortun.
1701 4484 1769 4541 de
1800 4484 2083 4540 Exltortat.

487 4599 711 4668 Martyr.
740 4606 860 4660 cap.
894 4589 982 4654 ll,
1017 4601 1135 4658 pag.
1169 4583 1292 4639 554.

557 4689 748 4747 Matth.
777 4698 895 4755 cap.
944 4695 1081 4743 xxn,
1131 4678 1222 4743 50,
1257 4675 1483 4741 Veron.,
1518 4673 1808 4731 Corbeien.
1862 4682 1915 4730 et
1968 4672 2088 4727 Bri-

2109 4569 2163 4629 D

2195 3300 2251 3348 et
2291 3293 2349 3348 S.
2384 3294 2710 3364 Augustinus
2738 3295 2789 3349 in
2819 3294 3050 3364 Speculo
3080 3294 3148 3350 de
3176 3295 3471 3366 Evangelio
3500 3297 3795 3352 secundum

2194 3384 2383 3439 Matth.
2422 3394 2553 3440 tom.
2588 3392 2822 3455 111,part.
2856 3387 2909 3451 1,
2940 3400 3059 3457 pag.
3091 3386 3216 3441 758.

2266 3475 2454 3530 Matth.
2503 3491 2617 3545 cap.
2672 3492 2749 3542 ιι,
2782 3476 2872 3541 l2,
2926 3476 3149 3543 Veron.,
3183 3494 3396 3549 regnum
3430 3478 3675 3533 calorum
3700 3496 3786 3532 co-

2193 3569 2352 3640 gitur,
2383 3579 2428 3623 et
2456 3578 2685 3640 cogentes
2725 3569 2975 3639 diripiunt
3007 3569 3162 3637 illud,
3190 3579 3247 3625 et
3275 3571 3345 3625 ita
3376 3570 3433 3626 S.
3464 3569 3791 3626 Ambrosius

2195 3661 2249 3716 in
2279 3661 2371 3715 lib.
2424 3659 2534 3715 ide
2577 3659 2707 3714 Cain
2755 3668 2809 3715 et
2852 3658 2989 3715 Abel
3029 3675 3150 3731 cap.
3200 3659 3256 3726 4,
3306 3676 3422 3731 pag.
3472 3660 3595 3725 188,
3652 3661 3787 3716 item

2192 3752 2247 3808 in
2297 3752 2650 3807 Enarratione
2698 3752 2750 3806 in
2800 3766 2880 3822 ps.
2931 3767 3082 3819 mn,
3114 3768 3235 3823 pag.
3266 3752 3395 3817 902,
3426 3750 3560 3808 etin
3611 3753 3787 3823 Epist.

2196 3844 2286 3911 65,
2332 3845 2491 3914 prim.
2525 3845 2713 3911 class.,
2767 3859 2887 3915 pag.
2932 3845 3091 3900 1046.
3123 3844 3552 3900 Vercellen......
3601 3862 3649 3898 ιιι
3699 3862 3792 3899 co.

2195 3939 2332 4010 gitur
2383 3947 2429 3990 et
2470 3945 2707 4008 cogentes
2774 3938 3035 4008 deripiunt
3086 3937 3254 4003 illud;
3304 3940 3793 4005 San-Gcrmanen.,

2194 4029 2457 4099 deripiunt
2484 4028 2637 4083 illud.

2265 4124 2451 4178 Matth.
2486 4123 2617 4194 Cap.
2646 4138 2722 4189 ιι,
2756 4123 2845 4188 58,
2871 4123 3069 4179 Veron.
3110 4125 3477 4193 acceperit.....
3520 4136 3565 4179 et
3596 4137 3795 4180 secutus

2194 4218 2347 4287 fuerit
2360 4233 2457 4270 me.
2476 4215 2760 4272 Corbeien.
2779 4218 3029 4288 acceperit
3055 4257 3117 4283 ,..
3134 4228 3180 4271 et
3193 4218 3486 4273 subsecutus
3510 4236 3588 4273 me
3616 4222 3789 4290 fuerit,

2191 4310 2248 4368 S.
2283 4310 2638 4382 llieronymus
2662 4311 2712 4364 in
2735 4310 2904 4380 Epist.
2920 4325 3077 4376 cxnv,
3100 4311 3164 4364 ad
3186 4311 3632 4381 Exuperantinm,
3656 4325 3788 4367 tom.

2193 4419 2250 4469 1,
2312 4419 2433 4474 pag.
2495 4404 2663 4469 1075,
2706 4402 2902 4468 habet,
2958 4402 3321 4459 tulerit........
3371 4414 3418 4457 et
3462 4415 3659 4459 secutus
3710 4422 3795 4461 me

2193 4496 2367 4567 fuerit.

2259 4587 2446 4642 Matth.
2470 4602 2590 4658 cap.
2618 4603 2713 4653 x11,
2740 4587 2801 4653 l,
2824 4586 3118 4652 Veronen.,
3141 4586 3427 4643 Corheien.
3449 4598 3503 4644 et
3519 4587 3789 4655 Brixiam,

2191 4678 2496 4745 Sabbathis;
2542 4680 2601 4734 8.
2636 4677 2956 4733 Ambrosius
2998 4677 3050 4731 in
3105 4676 3352 4747 Exposit.
3386 4678 3646 4749 Evangel.
3697 4695 3790 4735 se-

486 4785 659 4849 xian.,
704 4789 845 4843 sunt,
885 4783 941 4830 et
985 4773 1058 4828 ita
1111 4768 1331 4824 Graecus
1384 4776 1584 4834 textus,
1635 4775 1689 4822 et
1732 4765 1838 4821 duo
1884 4765 2085 4836 reginae
2187 4770 2349 4827 cnnd.
2384 4770 2514 4826 Luc.
2542 4770 2634 4825 lib.
2664 4785 2726 4836 ν,
2758 4780 2888 4824 tom.
2922 4786 2970 4833 1,
3002 4784 3127 4841 pag.
3159 4769 3331 4836 1565,
3360 4769 3641 4826 Sabbatha.

486 4880 782 4936 Succorum
806 4887 939 4929 mss.
969 4866 1137 4924 divin.
1169 4860 1487 4917 Bibliothec.
1522 4860 1581 4913 S.
1614 4859 1947 4928 Hieronymi.

2258 4865 2445 4919 Matth.
2479 4878 2600 4933 cap.
2650 4878 2719 4926 ν,
2766 4862 2871 4927 25,
2912 4861 3153 4927 Veron.,
3210 4862 3510 4919 Vercellen.
3543 4874 3599 4919 et
3648 4864 3791 4920 San-

558 4970 747 5025 Matth.
780 4982 898 5037 cap.
930 4976 1078 5026 xxiv,
1106 4957 1193 5025 15,
1225 4954 1454 5017 νθΐοηο,
1487 4962 1628 5005 διαηδ
1658 4960 1712 5005 ει
1749 4950 1821 5003 ita
1877 4948 2078 5019 “alica,
2185 4957 2513 5013 Gcrmanen.
2538 4998 2552 5021 ,
2580 4956 2634 5010 in
2662 4955 2925 5020 triticum;
2954 4955 3010 5011 S.
3052 4954 3320 5020 lrelneus,
3367 4956 3502 5011 inter
3553 4960 3789 5027 frumen-

483 5067 676 5125 Crteco
702 5062 935 5127 addicta,
974 5068 1112 5114 teste
1142 5052 1308 5110 Millio
1340 5052 1391 5104 in
1420 5048 1633 5117 Proleg.
1666 5062 1718 5117 p.
1754 5046 1843 5100 51.

2156 5060 2324 5115 ,tum;
2376 5052 2433 5107 8.
2482 5049 2799 5105 Ambrosius
2854 5048 2908 5102 in
2956 5047 3050 5103 lib.
3103 5062 3159 5102 111
3209 5047 3466 5104 llexaem.
3501 5063 3620 5119 cap.
3678 5050 3783 5116 10,

556 5165 714 5220 Joan.
747 5173 865 5227 cap.
894 5172 931 5220 ι,
963 5156 1052 5221 15,
1087 5152 1313 5218 Veron.,
1344 5146 1435 5202 sed
1463 5161 1528 5199 ea:
1556 5143 1665 5199 Deo
1696 5154 1845 5197 natus
1885 5151 1979 5196 est.
2014 5142 2079 5197 Et
2184 5157 2284 5212 pag
2313 5141 2404 5195 49.
2446 5141 2578 5193 inter
2598 5139 2838 5193 triticum.

482 5261 560 5319 ita
595 5257 656 5313 8.
704 5253 943 5309 Ιιθιιωιιε
994 5247 1045 5301 in
1090 5246 1240 5300 libris
1289 5251 1479 5299 contra
1522 5238 1792 5307 Hmreses,
1844 5236 2073 5304 Tertul.,

482 5355 543 5412 8.
574 5352 659 5408 Jo.
692 5346 912 5416 Chrys.,
941 5339 1098 5409 Vigil.
1127 5338 1441 5407 Tapsensis,
1475 5343 1530 5389 et
1556 5335 1667 5389 alii.

2254 5231 2442 5288 Matth.
2495 5246 2615 5302 Cap.
2664 5245 2809 5297 xvn,
2858 5230 2966 5294 l2,
3017 5228 3334 5297 Veronen.,
3388 5229 3695 5287 Vercellen.
3728 5243 3787 5288 et

2180 5327 2467 5383 Corbeien.
2499 5334 2690 5396 quanta
2716 5324 3007 5389 voluerunt,
3040 5332 3095 5378 et
3123 5324 3196 5378 ita
3219 5335 3371 5380 vetus
3394 5324 3579 5380 Italica
3602 5366 3617 5391 ,
3645 5336 3785 5382 teste

555 5444 710 5500 Joan.
744 5453 862 5510 cap.
904 5450 944 5501 ι,
978 5432 1068 5497 15,
1112 5430 1312 5485 Veron.
1361 5427 1631 5495 sanguine,
1666 5434 1721 5479 et
1768 5424 1840 5478 ita
1886 5437 2075 5479 omnes
2182 5422 2350 5477 Millio
2372 5422 2422 5475 in
2455 5420 2758 5488 Prolegom.
2785 5433 2907 5488 pag.
2923 5418 3020 5510 755.

482 5551 616 5595 mss.
645 5533 766 5589 cod.
795 5531 855 5587 8.
884 5524 1073 5585 Hilarii
1104 5522 1197 5577 lib.
1233 5537 1247 5574 1
1298 5519 1366 5573 de
1398 5518 1663 5573 Trinitate
1691 5531 1840 5571 num.
1874 5517 1963 5571 10.

553 5630 714 5685 Joal.
756 5642 873 5697 cap.
906 5640 945 5689 1,
994 5620 1086 5685 54,
1119 5616 1321 5673 Veron.
1370 5612 1610 5684 quoniam
1637 5611 1746 5679 ipse
1777 5620 1848 5665 est
1879 5607 1980 5664 Dei
2008 5610 2073 5679 fi-

2252 5514 2439 5570 Mattb.
2468 5528 2568 5583 cap
2596 5527 2753 5577 XVIII,
2787 5511 2852 5577 5,
2889 5509 3163 5566 Veronen.
3193 5521 3247 5567 et
3284 5510 3587 5567 Vercellen.
3645 5513 3782 5566 sinit

2179 5606 2363 5678 pueri:
2394 5603 2687 5660 Corbeien.
2713 5603 2842 5657 sicut
2882 5602 3057 5672 infans
3084 5603 3166 5657 hic
3196 5612 3289 5658 est.
3325 5603 3383 5659 S.
3432 5603 3687 5660 Ambros.
3724 5609 3779 5660 in

483 5727 584 5783 lius
608 5696 1173 5785 electus,7Vercc|lcn.,
1212 5708 1451 5781 quoniam
1478 5704 1561 5758 Iu'c
1600 5714 1671 5756 est
1718 5702 1906 5757 electus
1932 5702 2075 5771 ﬁlius
2178 5699 2430 5755 Enarrat.
2459 5700 2512 5753 in
2539 5698 2737 5753 Psalm.
2772 5712 2977 5762 xxxv1,
3021 5711 3143 5767 pag.
3176 5696 3312 5761 800,
3344 5697 3473 5751 sicut
3502 5715 3630 5766 puer
3657 5699 3776 5754 istc,

485 5819 613 5885 Dei;
642 5810 934 5879 Corbeien.
962 5810 1081 5878 quia
1111 5808 1191 5862 hic
1217 5814 1287 5862 est
1328 5803 1512 5861 electus
1558 5797 1677 5861 Dei.
1727 5798 1785 5854 8.
1835 5796 2068 5857 Ambro-

2250 5794 2439 5851 Matth.
2469 5809 2586 5864 cap.
2622 5809 2740 5859 xix,
2776 5791 2862 5859 l2,
2894 5790 3191 5859 Veronen.,
3230 5791 3527 5851 Vercellen.
3551 5801 3607 5851 ct
3633 5792 3778 5851 Cor-
