4054 6198
467 231 569 286 M7

863 341 1092 408 CODEX
1131 340 1666 412 YERCELLENSIS.

469 441 572 496 bus
601 437 830 510 Herodis
857 437 979 510 Ite-7
1310 446 1362 493 te
1383 437 1525 510 enim
1558 439 1666 510 exi-

469 513 588 584 gis:
620 508 905 582 ecce'Ma'gi
932 509 1001 565 ab
1307 517 1361 564 et
1389 508 1526 573 Rex,
1554 508 1642 584 qui
1671 522 1758 566 re-

470 583 692 638 Oriente
722 596 886 636 vene-
1305 590 1395 649 gat
1426 583 1683 649 populum

469 662 600 709 runt
629 653 884 708 Hieroso—
1306 665 1487 706 meum
1519 649 1683 706 Istra-

471 724 528 779 2.
560 725 731 795 lyma,
764 723 1007 795 dicentes
1034 740 1046 778 :
1306 721 1418 795 ρει.

470 790 689 852 υδῑθεῑ
711 794 804 858 qui
831 798 989 848 natus
1305 793 1358 846 7.
1402 790 1555 858 Tunc
1583 790 1827 858 Herodes
1863 805 1958 848 oc-

469 876 554 922 est
579 865 691 920 Rex
722 863 954 921 Judaeo-
1305 864 1452 918 culte
1476 863 1689 917 vocavit

464 937 624 992 rum?
649 936 892 991 Vidimus
1303 934 1488 1003 Magos
1511 975 1526 999 ,
1551 943 1605 987 et
1631 934 1746 990 dili-

471 1008 620 1087 e_nim_
650 1008 863 1087 stellam
1306 1013 1509 1087 genter
1524 1005 1713 1087 exqui-

469 1078 590 1149 ejus
608 1080 659 1134 in
681 1078 873 1142 Orien-
1307 1075 1432 1132 sivit
1463 1075 1529 1130 ab
1555 1075 1632 1130 eis
1660 1085 1794 1140 tem-

467 1158 680 1218 tem,et
709 1150 954 1209 venimus
1307 1162 1428 1217 pus.
1475 1185 1487 1197 .
1535 1184 1550 1198 .
1597 1186 1611 1200 .
1658 1164 1752 1215 pa-

465 1221 696 1276 adorare
719 1236 864 1275 eum.
1297 1218 1503 1274 ruiteis
1541 1218 1696 1272 stella
1728 1236 1741 1272 :

463 1293 521 1347 5.
550 1292 790 1347 Audiens
819 1299 998 1354 autem

464 1363 709 1420 Herodes
737 1363 849 1420 Rex
880 1371 992 1425 tur—

473 1436 633 1490 batus
663 1443 763 1501 est,
793 1442 848 1488 et
873 1449 988 1488 om-

466 1505 552 1587 nis
580 1506 894 1587 Hierosoly-

464 1578 520 1634 4.
557 1593 640 1631 ma
671 1592 792 1631 cum
816 1577 970 1650 ipso.
1018 1577 1085 1650 Et

469 1648 924 1717 ....gavit'

467 1733 658 1774 omnes
686 1719 885 1789 princi-

464 1805 565 1861 pes
587 1789 939 1861 sacerdotum

465 1860 524 1916 et
550 1860 758 1932 scribas
786 1877 956 1932 popu-

466 1933 542 1996 li,
572 1933 626 1987 et
654 1931 954 2002 interroga—

465 2003 548 2057 bit
569 2004 636 2058 ab
659 2002 737 2058 eis
768 2001 1128 2072 ubi'Christus

467 2072 521 2127 5.
565 2075 844 2128 nascitur?
872 2076 956 2132 Ad
986 2077 1064 2138 illi

467 2143 724 2200 dixerunt
755 2145 808 2199 in
835 2145 930 2203 Bc-

465 2215 896 2298 thlemaludzteae
927 2234 942 2274 :

467 2301 550 2342 suc
571 2303 715 2342 enim
735 2302 904 2356 scrip—

467 2365 582 2427 tum
608 2365 692 2412 est
717 2373 810 2427 per
841 2359 972 2424 Ese—

463 2425 572 2481 iam
606 2425 932 2498 Prophetam

465 2498 738 2554 dicentem
776 2505 798 2553 :'

1299 1291 1352 1365 ξ.
1393 1298 1452 1365 et
1473 1287 1777 1365 misit__illos
1803 1288 1860 1365 ip

1299 1359 1569 1423 Bethlem,
1605 1359 1792 1418 dicens
1817 1359 1829 1416 ἐ

1301 1431 1398 1498 lte,
1433 1432 1734 1500 interroga—

1303 1511 1357 1557 te
1387 1502 1680 1572 diligenter
1706 1502 1774 1562 de

1300 1587 1469 1642 puero
1496 1590 1508 1625 :
1539 1582 1595 1628 et
1619 1589 1743 1630 cum

1302 1645 1642 1709 inveneritis,

1301 1715 1542 1770 nuntiate
1567 1716 1667 1769 mi-

1300 1785 1356 1840 hi
1384 1829 1398 1852 ,
1428 1794 1486 1840 ut
1514 1794 1570 1842 et
1585 1784 1674 1860 (ὁ)
1707 1785 1809 1858 ego
1838 1789 1987 1848 veni-

1301 1872 1389 1912 am
1407 1899 1422 1924 ,
1455 1866 1509 1930 et
1535 1858 1755 1930 adorem

1199 1951 1216 1968 ι·
1303 1944 1426 1984 eum
1456 1928 1517 1999 -ξπ

1305 2001 1359 2054 9.
1401 1999 1501 2066 Qui
1533 2014 1654 2054 cum
1683 2001 1866 2068 audis-

1247 2135 1251 2142 η
1305 2081 1428 2126 sent
1453 2085 1636 2139 regem
1657 2113 1674 2137 ,
1700 2071 1815 2127 abi-

1308 2150 1497 2208 erunt,
1521 2152 1576 2196 et
1602 2157 1730 2198 ecce

1310 2213 1486 2278 stella,
1516 2227 1674 2281 quam
1703 2218 1780 2271 vi-

1307 2283 1500 2339 derant
1528 2283 1582 2337 in
1613 2284 1793 2342 orien-

1306 2364 1434 2420 tem,
1466 2357 1754 2416 antecede-

1302 2425 1465 2481 bat..
1511 2466 1526 2480 .
1573 2467 1586 2482 .
1632 2468 1646 2480 .
1687 2446 1781 2490 ve.-

468 2536 960 2636 ézuﬁt‘iii'liethleo
1308 2537 1436 2638 pra:
1471 2607 1487 2623 .
1591 2612 1606 2627 .
1643 2541 1668 2627 ’.
1835 2543 1858 2630 .’
1894 2614 1909 2630 .
1950 2545 1964 2561 ’

464 2655 555 2696 em
585 2640 820 2696 Judaeae
839 2658 854 2707 ;
871 2640 892 2648 ”
1305 2655 1385 2695 er.
1443 2669 1450 2690 λ.

469 2726 581 2766 non
603 2725 662 2766 es
691 2712 850 2766 minié
1309 2711 1394 2765 10.
1438 2711 1698 2774 Videntes
1737 2726 1919 2780 autem

469 2796 559 2837 ma
585 2783 907 2854 interiprin-
1177 2839 1182 2852 ,
1303 2783 1514 2838 stellam
1543 2785 1688 2854 gavi-

469 2854 620 2924 cipes
648 2852 807 2912 Juda.
841 2855 923 2914 Ex
1303 2856 1349 2911 si
1372 2865 1498 2912 sunt
1520 2852 1708 2927 gaudi-

896 2969 1125 3057 copas
1163 2970 1633 3052 .CQRBEIENSIS.

466 3068 569 3123 bus
631 3069 1103 3143 lierodisregis:
1135 3086 1266 3143 ecce
1324 3071 1458 3143 Magi
1509 3073 1577 3126 ah
1625 3071 1847 3129 Oriente
1891 3088 2060 3129 vene.

466 3149 596 3193 runt
657 3141 1104 3212 Hierosolymam.
1155 3141 1399 3197 dicentes
1417 3141 1443 3197 ﬁt
1477 3143 1580 3200 Ubi
1625 3153 1710 3200 est
1753 3145 1842 3212 qui
1903 3156 2060 3200 natus

467 3219 552 3286 est
596 3212 707 3286 Rex
759 3213 1132 3278 Judaeorum?
1182 3213 1423 3286 Vidimus
1479 3217 1623 3278 enim
1677 3217 1890 3272 stellam
1939 3218 2056 3286 ejus

464 3283 522 3340 in
561 3285 790 3349 oriente,
822 3293 876 3338 ct
933 3286 1182 3352 venimus
1234 3285 1464 3344 adorare
1504 3303 1649 3346 eum.
1682 3287 1920 3348 Audiens
1959 3283 2052 3350 an-

465 3363 575 3426 tem
635 3355 875 3412 Herodes
935 3371 1028 3412 rex
1081 3359 1322 3424 turbatus
1359 3366 1461 3423 est,
1501 3364 1555 3418 et
1597 3359 1772 3426 omnis
1810 3359 2061 3421 llieroso-

466 3424 611 3500 lyma
643 3441 766 3480 cum
796 3427 907 3480 illo.
943 3427 1397 3500 lCt’congregans
1423 3445 1611 3484 omnes
1663 3424 1930 3500 principes
1975 3446 2062 3484 Sa-

465 3496 844 3572 Ctztjdntumet
890 3498 1096 3572 scribas
1146 3496 1362 3572 populi,
1390 3512 1443 3554 et
1479 3496 1851 3572 interrogavit
1875 3501 1942 3554 ah
1983 3503 2061 3556 eis

465 3567 598 3644 uiii'
645 3568 890 3644 Christus
946 3567 1304 3644 nascerettir?
1353 3571 1423 3627 At
1468 3567 1553 3628 illi
1589 3567 1844 3644 dixerunt
1881 3574 1934 3632 iu
1962 3573 2064 3628 Be-

468 3639 692 3714 thleem_
721 3640 943 3714 Judaei
971 3639 1048 3714 sic
1087 3644 1234 3714 enim
1289 3644 1548 3714 scriptum
1589 3645 1670 3696 est
1699 3639 1792 3712 per
1821 3644 2056 3714 Prophe-

465 3718 624 3785 tam:
655 3711 722 3770 Et
752 3720 806 3766 tu
835 3710 1111 3785 Beuileem
1145 3712 1174 3785 ’7
1200 3721 1339 3785 terra
1371 3710 1723 3779 Judaeorum',
1753 3723 1778 3754 ιι
1801 3710 2060 3785 numquid

466 3781 696 3853 minima
738 3797 798 3842 es
835 3783 888 3844 in
934 3783 1266 3853 principibus
1303 3784 1440 3850 Juda
1488 3785 1511 3838 ἲ
1545 3785 1701 3844 Exte
1747 3787 1888 3839 enim
1929 3781 2065 3841 exiit

467 3851 600 3915 dux,
625 3853 713 3919 qui
740 3863 890 3921 reget
913 3851 1170 3922 populum
1193 3871 1370 3910 meum
1392 3855 1576 3910 Israel.
1608 3853 1758 3922 Tunc
1783 3857 2023 3912 llerodes
2042 3857 2063 3887 ⁵

466 3922 606 3997 clam
639 3927 844 3978 vocatis
869 3923 1352 3997 Magisdiligenler
1391 3926 1579 3982 didicit
1626 3927 1693 3980 ah
1723 3927 1802 3994 eis
1850 3935 2062 3997 tempus

467 3992 662 4064 stellae
676 4008 813 4064 quae
835 3992 1084 4064 apparuit
1103 3992 1184 4051 eis
1209 4014 1221 4048 :
1248 4006 1303 4050 et
1323 3997 1542 4051 mittens
1558 3997 1678 4052 illos
1694 3998 1745 4051 in
1765 3992 2061 4063 Bethleem,

467 4063 608 4124 dixit
641 4063 797 4145 alte,
829 4063 1256 4148 ettinterrogate
1314 4067 1603 4148 diligenter
1635 4069 1716 4148 de
1763 4084 1975 4148 puero;
2009 4080 2064 4128 et

467 4150 630 4210 quum
659 4133 998 4210 inveneritis,
1023 4133 1330 4210 renuntiate
1355 4133 1577 4203 mihi,ut
1595 4147 1647 4194 et
1669 4133 1780 4210 egd
1799 4140 1819 4170 ⁸
1843 4143 2065 4206 veniens

467 4205 690 4264 adorem
709 4221 854 4280 eum.
881 4206 982 4274 Qui
1003 4224 1166 4277 quum
1198 4209 1475 4266 audissent
1505 4225 1688 4280 regem
1707 4205 1986 4280 abierunt,
2011 4223 2065 4270 et

464 4290 596 4335 ecce
625 4277 778 4336 stella
806 4319 819 4339 ,
872 4295 1034 4348 quam
1068 4280 1319 4336 viderant
1346 4281 1397 4334 in
1424 4277 1677 4347 Orierite,
1709 4277 2066 4348 antecedebat

464 4361 586 4430 99s,
608 4349 912 4430 usquedum
941 4349 960 4380 °
989 4351 1210 4430 veniens
1231 4359 1406 4430 staret
1430 4367 1617 4423 supra,
1644 4353 1879 4430 uhi_erat
1910 4372 2063 4430 puer.

462 4417 721 4488 Videnth
749 4431 934 4492 autem
979 4423 1190 4490 stellam
1239 4423 1409 4494 gavisi
1450 4417 1578 4480 sunt
1603 4417 1811 4495 gaudio

1010 222 1279 283 unseen
1321 223 1662 284 VERCELL.
1708 223 2156 300 avasneuuu
2194 224 2335 300 CUM
2385 225 2606 292 vanus
2642 227 2798 296 con.
2841 222 3232 285 COLLATUM.

2067 2212 2070 2215 λ
2171 2145 2263 2200 ubi
2294 2143 2542 2204 Christus

2598 345 2831 410 conex
2869 345 3320 414 venenumsts.

2168 437 2271 512 bus
2304 436 2532 493 Herodis
2560 453 2648 512 re-
3002 439 3070 512 ci.
3103 476 3135 512 _.
3176 478 3190 512 τ
3236 478 3252 493 .
3299 477 3314 491 .
3359 473 3375 489 .
3421 477 3436 490 .
3484 478 3504 512 ._
3545 479 3557 491 .
3597 454 3696 512 ex-

2167 509 2271 578 gis.
2316 547 2329 562 .
2377 550 2388 562 .
2436 549 2450 562 .
2477 509 2768 587 AOriente
2803 575 2816 584 ί
3004 509 3078 563 iet
3103 508 3388 587 Princeps,
3416 510 3510 582 qui
3533 525 3619 566 re-

2170 589 2437 662 yenerunt
2468 579 2546 652 (α)
2803 579 2814 584 ⁷
3001 589 3092 649 gat
3123 579 3379 662 papultim

2166 651 2224 705 in
2249 651 2440 706 Hiero-
2527 651 2532 652 “
2999 666 3176 705 meum
3209 651 3461 708 Istrahel.

2169 723 2402 794 solyma.
2433 723 2476 794 ’ζ’
3007 720 3157 776 Tunc
3188 722 3426 782 Herodes
3447 739 3539 792 oce

3005 794 3149 848 culte
3175 796 3385 849 vocavit

3005 862 3038 916 7
3074 864 3225 939 89.58
3263 865 3468 939 Magos.

3004 946 3068 1026 etl
3084 935 3374 1026 diligenter
3394 940 3580 1026 exqui-

3003 1005 3129 1060 sibit
3155 1005 3225 1062 ab
3246 1009 3325 1063 eis
3347 1005 3495 1077 tem_-'
3523 1005 3526 1010 ’
3547 1017 3550 1022 ’

3007 1091 3124 1144 pus,
3150 1081 3364 1148 quando
3385 1096 3481 1148 ap-

3005 1149 3181 1216 paruit
3200 1149 3279 1205 eis
3311 1149 3469 1208 stella
3497 1171 3510 1208 :

3003 1219 3056 1274 8.
3099 1228 3153 1274 et
3182 1223 3328 1276 misit
3349 1222 3470 1278 illos
3490 1219 3550 1281 in

3003 1289 3302 1362 Bethleem,
3331 1295 3546 1362 dicens:

3000 1361 3192 1446 μεχρι
3232 1365 3527 1446 interroga-

3001 1442 3054 1487 te
3085 1431 3370 1503 diligenter
3398 1431 3471 1500 (Ῑᾶ,

3003 1511 3200 1573 puero:
3225 1515 3281 1562 et
3305 1509 3429 1567 cum
3458 1507 3465 1516 ’

3003 1577 3340 1645 inveneritis,

3002 1648 3308 1705 renuntiate
3335 1651 3436 1716 mir

3004 1716 3079 1799 lii,
3109 1727 3168 1772 ut
3195 1728 3249 1775 et
3278 1723 3352 1799 (b_)
3382 1737 3483 1794 ego
3512 1740 3604 1781 ve-

3002 1797 3168 1852 niam,
3201 1803 3256 1847 et
3281 1797 3501 1850 adorem

2999 1873 3129 1931 eum
3148 1861 3210 1931 1-.

3005 1929 3058 1986 9.
3101 1929 3202 1998 Qui
3225 1949 3346 1990 cum
3372 1937 3554 1998 audis-

2993 2012 3122 2056 sent
3149 2019 3351 2076 regem,
3388 2007 3534 2077 abies

3000 2081 3148 2127 runt.
3184 2077 3252 2131 Et
3277 2093 3402 2135 ecce

2169 793 2416 848 dicentes
2449 793 2462 847 ὲ

2169 864 2224 918 2.
2269 864 2368 920 Ubi
2400 873 2482 922 est
2508 865 2599 936 qui
2633 875 2791 926 natus

2171 944 2256 990 est
2279 936 2392 990 Rex
2418 937 2649 992 .lndaeo-

2169 1008 2328 1061 rum?
2356 1007 2592 1062 Vidimus

2169 1080 2314 1133 enim
2342 1079 2554 1134 stellam

2169 1149 2314 1204 illius
2345 1152 2396 1204 in
2423 1149 2618 1207 Orien-
2703 1186 2722 1204 .

2167 1228 2301 1288 tem,
2336 1231 2390 1276 et
2411 1221 2659 1276 venimus

2168 1291 2399 1347 adorare
2421 1308 2568 1347 eum.

2170 1363 2225 1418 3.
2269 1363 2506 1418 Audiens
2525 1372 2711 1419 autem

2168 1431 2285 1488 Rex
2314 1434 2541 1490 Herodis
2558 1476 2572 1501 ,
2605 1444 2718 1500 tur-

2166 1503 2326 1559 batus
2356 1515 2459 1573 est,
2493 1516 2548 1562 et
2574 1521 2691 1564 om-

2168 1589 2268 1631 nes
2296 1576 2606 1649 Hierosoly-

2167 1662 2254 1702 ma
2284 1663 2403 1702 cum
2438 1649 2550 1704 illo.

2167 1719 2220 1773 4.
2266 1719 2334 1774 Ει
2378 1735 2665 1794 congrega.
2748 1763 2762 1776 .
2843 1763 2858 1778 .

2169 1859 2527 1918 Sacerdotum

2171 1941 2226 2008 et
2254 1931 2468 2008 Scribas
2501 1949 2667 2008 popu-

2172 2003 2232 2078 li,
2262 2011 2321 2078 et_
2342 2003 2640 2078 interroga-

2169 2075 2248 2128 vit
2275 2074 2342 2128 ab
2368 2076 2448 2130 eis

3002 2145 3178 2222 stella,
3213 2165 3373 2222 quam
3398 2154 3478 2222 vi-

3000 2214 3192 2274 derant
3219 2214 3271 2275 in
3296 2219 3488 2280 Orien-

3002 2294 3075 2354 te,
3106 2293 3393 2347 antecede—

3002 2356 3094 2436 hat
3122 2375 3238 2427 eos,
3269 2379 3437 2436 usque

2169 2227 2506 2274 nasceretur.

2172 2285 2254 2359 Ad
2277 2286 2353 2359 illi
2381 2287 2633 2346 dixerunt
2655 2293 2727 2359 ei,

2174 2358 2227 2414 5.
2270 2358 2322 2412 in
2352 2360 2629 2418 Bethleem
2653 2358 2924 2424 civitatem

2172 2427 2375 2486 Judaea
2402 2450 2414 2485 :
2449 2433 2528 2488 sic
2551 2436 2696 2490 enim
3003 2426 3131 2484 dum
3149 2426 3245 2488 ve-

2171 2501 2371 2576 dictum
2398 2515 2482 2576 est
2508 2521 2605 2575 per
3005 2502 3105 2566 nit,
3129 2503 3200 2576 (ε)
3229 2517 3282 2562 et
3309 2508 3458 2563 stetit

2171 2574 2228 2646 (3'.
2275 2573 2631 2646 Prophetam:
3004 2573 3188 2643 supra
3423 2579 3428 2582 ’

2172 2645 2241 2700 Ει
2269 2653 2325 2720 tu
2349 2645 2566 2720 Bethle-
3004 2657 3227 2720 puerum
3252 2648 3315 2720 τ.

2172 2731 2256 2772 em
2289 2715 2516 2801 Judaea,
2567 2762 2575 2768 .

2171 2802 2366 2870 nones
2390 2805 2548 2874 mlh]:-

2167 2873 2256 2913 ma
2293 2869 2434 2916 inter
2454 2869 2604 2932 prin-

3004 2715 3093 2773 10.
3137 2715 3391 2776 Videntes
3413 2731 3593 2791 autem

3001 2791 3213 2846 stellam
3237 2793 3404 2863 gavisi
3587 2801 3592 2804 ’

3000 2871 3127 2920 sunt
3149 2865 3346 2933 gaudio

2623 2975 2856 3034 CODEX
2894 2978 3289 3035 BRIXIANUS.

2169 3068 2209 3139 ’ξ
2242 3068 2295 3122 ἰη
2321 3068 2512 3142 dielius
2545 3068 2778 3125 Herodis
2810 3069 2969 3140 Regis
3001 3071 3137 3125 Ecce
3159 3070 3299 3142 Magi
3330 3070 3399 3126 ab
3427 3070 3648 3128 Oriente
3667 3088 3761 3128 vc-

2170 3151 2367 3212 nerunt
2401 3140 2782 3212 Hierosolyma
2829 3142 3093 3204 dicentes.
3125 3141 3223 3206 Ubi
3257 3140 3341 3200 est
3373 3143 3464 3212 qui
3498 3152 3653 3199 natus
3679 3155 3765 3200 est

2170 3211 2280 3265 Rex
2312 3211 2638 3286 flndaeorum
2671 3212 2913 3286 Vidimus
2944 3215 3087 3268 enim
3122 3213 3332 3286 stellam
3357 3211 3476 3286 ejus
3507 3215 3557 3268 in
3584 3217 3765 3286 orien-

2165 3293 2272 3360 tem
2312 3282 2338 3320 δ
2367 3291 2422 3336 et
2467 3284 2716 3360 venimus
2747 3285 2976 3354 adorare
3005 3301 3148 3360 cum.
3183 3282 3422 3360 Audiens
3450 3291 3628 3360 autem
3658 3283 3764 3341 [lc—

2163 3353 2323 3408 rodes
2358 3370 2448 3409 rex
2483 3356 2727 3409 turbatus
2752 3365 2856 3410 est.
2906 3369 2962 3411 et
3003 3357 3178 3411 omnis
3207 3353 3605 3412 ‘llierosolvma
3635 3371 3759 3412 cum

2162 3425 2278 3496 illo.
2309 3425 2370 3479 Et
2399 3427 2743 3496 congregavit
2773 3442 2961 3481 omnes
2991 3427 3259 3496 prim-ipes
3295 3425 3649 3496 Sacerdotum
3705 3443 3756 3484 ct

2163 3495 2383 3550 Scrilias
2409 3495 2618 3567 populi.
2660 3509 2712 3551 et
2753 3497 3034 3567 requisivit
3061 3499 3128 3550 ab
3160 3495 3236 3552 eis
3271 3499 3360 3558 ubi
3383 3495 3632 3554 Christus
3661 3516 3761 3566 na-

2164 3575 2430 3621 sceretur.
2483 3566 2550 3622 At
2583 3569 2656 3622 illi
2689 3569 2943 3623 dixerunt
2995 3571 3044 3623 ei
3095 3572 3143 3623 in
3194 3569 3470 3628 Bethleem
3525 3569 3763 3626 Jndecac

2165 3640 2243 3710 sic
2273 3641 2416 3694 enim
2447 3640 2706 3694 scribtum
2730 3650 2811 3694 est
2836 3657 2928 3709 per
2952 3641 3296 3710 Prophetam.
3315 3639 3381 3706 Et
3403 3651 3453 3693 ιιι
3479 3641 3758 3697 Bethleem

2164 3709 2302 3782 Jnde
2337 3721 2357 3747 ε
2394 3726 2457 3765 ae
2491 3727 2595 3782 non
2624 3727 2682 3764 es
2712 3710 2928 3766 minima
2961 3709 3100 3765 inter
3129 3713 3400 3782 principes
3425 3711 3580 3766 J'hda.
3614 3728 3677 3766 ex
3709 3725 3762 3767 te

2166 3773 2308 3904 enitln
2341 3781 2765 3852 exietPrinceps
2795 3783 2885 3853 qni
2917 3794 3061 3852 regat
3088 3773 3343 3853 populum
3385 3773 3566 3861 meum
3597 3783 3672 3840 Sd
3725 3783 3754 3822 ἀ

2171 3867 2264 3904 rae
2294 3894 2306 3904 .

2171 3867 2306 3906 rael.

2239 3922 2391 3998 Tune
2411 3922 2649 3998 Herodes
2670 3923 2880 3979 occulte
2902 3939 3099 3998 vocans
3123 3924 3642 3998 Magos.diligenter
3661 3941 3762 3982 ex-

2167 3994 2386 4064 quisivit
2414 3996 2480 4066 ah
2508 3995 2587 4049 eis
2612 4004 2826 4066 tempus
2853 3997 3068 4064 quando
3119 3997 3368 4064 apparuit
3393 3994 3477 4051 eis
3501 3998 3656 4052 stella
3702 4009 3761 4052 et

2168 4066 2314 4119 misit
2343 4080 2437 4138 eos
2466 4064 2518 4120 in
2551 4064 2828 4122 Bethleem
2859 4067 3063 4121 dicens.
3103 4078 3296 4122 euntes
3343 4069 3601 4138 requirite
3635 4068 3762 4122 dili-

2165 4145 2355 4206 genter
2379 4136 2446 4190 de
2476 4153 2640 4206 puero
2669 4147 2723 4192 et
2752 4152 2873 4192 cum
2918 4138 3235 4194 inveneritis
3267 4136 3571 4194 renmitiate
3599 4139 3757 4193 mihi.

2171 4216 2298 4262 utet
2328 4223 2426 4276 ego
2449 4209 2678 4264 veniens
2721 4210 2940 4264 adorem
2972 4226 3118 4266 enm.
3175 4210 3266 4280 qui
3317 4226 3439 4264 cum
3481 4210 3761 4266 audissent

2169 4293 2350 4350 regem
2374 4281 2625 4334 abierunt
2652 4289 2706 4351 et
2726 4296 2852 4336 ecce
2877 4281 3033 4336 stella
3059 4296 3218 4351 quam
3265 4281 3516 4337 viderant
3544 4283 3596 4336 in
3641 4282 3766 4337 Ort-

2168 4362 2293 4422 entc
2319 4359 2341 4387 θ
2373 4367 2422 4404 m
2469 4350 2822 4407 antecedebat
2876 4367 2971 4407 eos
3003 4350 3172 4422 usQue
3213 4351 3339 4418 dum
3381 4353 3528 4407 venit
3557 4361 3611 4408 et
3651 4364 3764 4408 ste—

2108 4454 2122 4468 κ
2169 4421 2233 4496 ti_t
2258 4437 2423 4496 supra
2453 4423 2542 4478 ubi
2575 4433 2691 4496 erat
2718 4437 2871 4495 puer.
2907 4421 3169 4479 Videntes
3219 4432 3401 4479 autem
3423 4424 3634 4480 stellam
3671 4441 3768 4496 ga-

2167 4492 2271 4548 visi
2297 4502 2425 4548 sunt
2459 4494 2655 4565 gaudio

1163 4575 1557 4640 VARIANTES
1595 4573 1980 4648 LECTIONES,
2019 4579 2283 4639 CODlCIS
2322 4584 2431 4641 MS.
2474 4585 2531 4642 S.
2574 4584 3084 4644 GERMANENSIS.

524 4670 544 4700 ι
579 4668 901 4730 congregavit
920 4680 1092 4718 omnes
1117 4675 1216 4719 etc.
1305 4681 1327 4701 ο

524 4733 546 4762 ²
580 4729 804 4780 Nascitur
828 4729 1078 4781 Christus?

455 4795 493 4859 '_
525 4793 546 4823 ³
576 4793 841 4859 Bethleem
863 4791 1214 4859 Judaeaepon
1241 4805 1298 4843 es
1317 4793 1516 4844 minima
1539 4795 1673 4846 inter
1692 4795 1941 4859 principes
1971 4796 2062 4846 Ju-

461 4853 584 4905 da...
610 4857 751 4906 exiet
771 4858 1003 4920 princeps
1028 4856 1114 4917 qui
1134 4861 1299 4919 regat.

2229 4675 2250 4706 ⁸
2274 4673 2478 4744 Occulte
2500 4677 2874 4744 vomvit‘Magps
2894 4685 2948 4729 et
2965 4678 3235 4744 diligenter
3254 4680 3596 4744 exquisivit....
3616 4693 3770 4744 quan-

2167 4739 2230 4787 do
2257 4741 2480 4794 apparuit
2506 4741 2582 4794 eis
2603 4739 2766 4792 stella.
2792 4739 2854 4794 Et
2871 4743 3002 4791 misit
3023 4739 3128 4792 eos.

2231 4802 2253 4833 ⁸
2287 4802 2514 4857 Veniam,
2539 4809 2592 4853 et
2803 4802 2806 4812 '
2895 4805 2898 4810 ’

2234 4863 2254 4894 ⁸
2289 4864 2666 4916 Venitetstetit
2691 4863 2714 4902 ί
2739 4877 2888 4930 supra
2911 4878 3135 4930 puerum.

1795 4941 2166 5012 BLANCHINI
2192 4945 2424 5003 NOTIE.

535 5039 563 5068 α
593 5030 803 5107 Eodem
831 5034 991 5107 modo
1034 5034 1164 5104 legit
1191 5033 1463 5090 secundus
1486 5033 1657 5107 codex
1695 5035 1916 5107 Gnaeus
1944 5037 2053 5094 Ro-

462 5102 607 5157 berti
633 5103 896 5180 Stephani
922 5123 936 5168 ;
969 5117 1021 5160 et
1052 5102 1275 5180 ita_cun_i
1305 5102 1750 5180 interrogatione,
1780 5104 2052 5180 numquid,

465 5184 600 5238 etc.,
633 5175 913 5244 legendum
942 5185 1090 5243 putat
1117 5177 1340 5232 Grotius
1372 5179 1427 5232 in
1457 5181 1569 5234 suis
1595 5175 2057 5237 Annotatiotiibus

460 5245 528 5320 ad
562 5246 704 5320 hunc
732 5244 910 5320 locum
940 5246 1206 5320 ηδιῲωί.
1225 5248 1402 5320 Latini
1446 5259 1626 5308 autem
1651 5250 1841 5313 Patres
1863 5296 1879 5320 ,
1910 5252 2058 5316 Hila-

460 5317 598 5391 rius,
615 5316 954 5391 _Ambrositts
975 5327 1028 5371 et
1056 5319 1166 5391 lfeo
1193 5318 1416 5388 Magnus
1439 5322 1625 5391 legunt
1662 5333 1721 5380 ut
1749 5316 1924 5382 codex
1949 5340 2053 5386 ms.

460 5387 988 5444 Sani-Germanensis
1021 5405 1034 5440 :
1067 5388 1192 5441 Non
1213 5405 1262 5443 es
1287 5387 1530 5457 minima}
1561 5404 1670 5450 etc.

533 5458 562 5498 δ
589 5460 718 5516 Litt.
754 5476 804 5513 m
830 5469 1075 5530 apparet,
1101 5462 1349 5529 quamvis
1372 5462 1586 5519 abrasa.

2243 5052 2265 5080 ο
2299 5043 2363 5097 Et
2412 5043 2514 5121 hic_
2539 5045 2789 5114 paritere
2815 5044 2998 5102 littera
3029 5045 3313 5104 manifesta
3357 5053 3472 5118 est,
3516 5049 3769 5121 quamvis

2165 5115 2697 5190 parumperderasa.

2189 5174 2197 5184 ’
2235 5174 2593 5262 d_}4_ianifeste
2641 5203 2763 5243 rasa
2815 5198 2897 5244 est
2941 5188 3120 5245 littera
3165 5190 3240 5258 ά,
3298 5189 3453 5260 cujus
3497 5203 3767 5262 apparent

2152 5247 2410 5326 ~vestigia.

2165 5336 2261 5456 “he
2325 5345 2394 5383 m.
2437 5329 2613 5386 littera
2666 5330 2904 5397 abrasa,
2969 5332 3209 5404 vestigiis
3263 5342 3443 5398 tamen
3490 5349 3764 5406 apparen-

2183 5427 2186 5430 λ
2249 5413 2328 5453 ns.

2183 5413 2328 5453 tlDllS.

2231 5469 2249 5507 ί
2285 5469 2361 5526 Ita
2393 5471 2524 5542 legit
2550 5472 2743 5530 Versio
2773 5473 2962 5532 Latina
2991 5474 3046 5532 in
3074 5491 3178 5532 ms.
3210 5476 3662 5548 Cantabrigiensi.

553 5578 836 5668 latitaret
859 5587 1036 5668 textius
1055 5576 1408 5668 Δ(ξγξθᾼιιᾼςξζηιιίς
1427 5577 1774 5668 ξῐερῳόλυμᾳ.
1800 5583 1877 5668 (ὁ)
1905 5584 1981 5668 ξω
2012 5574 2430 5668 passimlfatine
2457 5589 2592 5660 solet
2609 5589 2834 5668 reddere
2859 5592 3123 5668 Antiquus
3144 5594 3436 5668 interpres,
3464 5610 3585 5668 cum
3607 5594 3762 5653 Grat-

473 5663 570 5756 es
615 5655 1147 5756 eam?
1167 5655 1353 5756 οθξὶίε.
1383 5655 1622 5756 θῖἷῑδίίδν
1762 5655 1881 5713 ιι
1911 5655 2058 5730 ὀπλα

2173 5665 2247 5737 ’γώ
2265 5661 2413 5716 ἐλθὼν
2439 5655 2778 5752 πρὸάκυνήσω
2817 5663 2984 5750 αὑτᾷν.
3003 5655 3015 5666 ’
3042 5695 3113 5710 ·--
3259 5655 3336 5725 lia
3362 5655 3563 5756 etet-td.
3596 5667 3755 5755 ρξῃι.

469 5717 588 5799 Lat.
618 5731 673 5778 et
726 5730 902 5777 textus
930 5721 1149 5779 Graecus
1169 5767 1184 5793 ,
1229 5725 1397 5808 ὶπᾲνω
1426 5731 1517 5782 τοῦ
1552 5717 1780 5786 πάιδίου.
