4054 6198
796 363 1021 420 CODEX
1064 360 1601 419 VERCELLENSIS.

502 526 505 529 ν
552 455 673 529 ψει
694 456 916 528 plorans
1247 454 1388 521 quod
1413 454 1615 529 dictum

555 525 871 595 ﬁlios'suos,
1243 537 1329 581 est
1355 541 1449 597 per
1474 525 1715 596 Prophe-

553 608 608 653 et
638 598 808 653 noluit
835 615 964 654 con-
1250 607 1357 652 tam
1391 616 1404 651 :

553 669 736 732 solari,
769 670 877 736 qui-
1390 668 1655 740 Quoniam
1679 668 1751 740 (b)
1786 667 1891 723 Na-

374 786 381 793 .
558 755 588 794 a
612 756 715 810 non
749 750 894 795 sunt.
1389 753 1587 810 aoreus
1617 739 1659 810 -ι-
1688 739 1851 797 voca-

413 816 501 872 19.
546 809 807 868 Defuncto
838 828 931 867 au-
1391 809 1555 864 bitur.

410 882 795 979 59335553143:
1387 923 1423 940 ’-
1450 922 1679 978 CAPUT
1702 924 1789 979 tn.

414 973 542 1013 ecce
559 954 798 1022 Angelus

414 1025 624 1083 Domini
654 1038 887 1094 apparn-
926 1031 947 1091 ’ξ

413 1100 453 1155 it
482 1102 534 1154 in
563 1098 767 1153 somnis

414 1169 615 1241 Ioseph
646 1168 720 1221 itt.
760 1210 771 1222 .
806 1209 817 1220 .
855 1206 869 1221 .
908 1209 918 1220 .

412 1242 505 1296 20.
581 1250 729 1312 gypt.
764 1279 776 1291 .
813 1279 827 1293 .
859 1280 871 1292 .
909 1279 924 1293 .
975 1255 1085 1295 ns:

412 1311 693 1382 Sttrge,iet
716 1311 899 1377 accipe

412 1398 665 1455 puerum,
690 1391 744 1435 et
775 1397 887 1435 ma-

414 1454 551 1509 trem
573 1454 711 1523 ejus,
740 1462 795 1507 et
821 1468 914 1506 va-

419 1528 489 1580 de
520 1526 570 1578 in
604 1536 803 1579 terram

416 1594 642 1651 Istrahel
674 1614 686 1648 :
717 1594 941 1649 defunc-

418 1676 504 1721 tus
525 1675 608 1721 est
626 1667 793 1729 enim,

416 1739 508 1820 qui
531 1737 828 1807 quaerebat

1321 1016 1373 1069 1.
1417 1014 1474 1069 In
1499 1015 1603 1068 illis
1621 1021 1821 1072 autem‘

1248 1085 1443 1140 diebus
1465 1087 1613 1141 venit
1633 1087 1909 1147 Iohannes

1248 1156 1480 1228 Baptista
1504 1173 1662 1228 prae-

1249 1227 1435 1282 dicans
1460 1227 1513 1281 in
1542 1234 1638 1283 de-

1250 1309 1398 1353 serto
1422 1298 1648 1369 Iudeae,

1251 1370 1323 1451 2.,
1338 1377 1395 1423 et
1411 1370 1604 1451 dicens
1634 1391 1647 1426 :
1686 1374 1821 1431 Pae-

1253 1443 1529 1496 nitentiam
1562 1459 1620 1497 a-

1253 1510 1363 1580 gite
1386 1530 1409 1585 :7
1430 1512 1713 1585 adpropin~

1255 1584 1436 1651 quavit
1464 1586 1608 1639 enim

1256 1668 1479 1721 regnum
1507 1654 1643 1712 Cae-

1258 1723 1311 1777 5.
1348 1725 1542 1780 lorum.
1574 1729 1673 1792 Hic
1700 1744 1783 1792 est

418 1796 655 1863 animam
687 1824 808 1878 pue-
1256 1796 1400 1878 ίξξιίιη
1429 1796 1497 1851 de
1519 1814 1627 1868 (1υο

418 1880 510 1934 2l.
555 1880 598 1935 ri
635 1921 647 1933 .
688 1866 707 1932 ’.
756 1917 769 1933 .
806 1878 875 1933 Et
904 1892 1133 1949 surgens
1257 1866 1458 1922 ἀίοῑυιῐι
1490 1866 1575 1925 θέε
1593 1888 1687 1949 per

419 1951 625 2020 accepit
653 1966 904 2019 puerum,
948 1979 958 1989 -
1008 1947 1025 1949 “
1262 1976 1275 2020 τ
1322 1978 1334 1990 ο
1381 1976 1454 2020 σεε
1501 1980 1513 1993 -
1558 1947 1689 2009 phe-

1258 2018 1366 2063 tam
1396 2009 1667 2074 dicentem
1702 2039 1713 2072 ;

1256 2078 1373 2134 Vox
1400 2081 1639 2144 clama"-

1254 2150 1324 2205 tis
1352 2154 1403 2205 in
1429 2152 1613 2213 deser-

1256 2230 1314 2275 to
1344 2239 1358 2278 :
1388 2222 1581 2284 Parate
1610 2234 1689 2288 vi.

1260 2308 1346 2347 aut
1368 2294 1580 2355 Domini
1612 2320 1624 2356 :
1661 2319 1778 2361 rec-

1262 2373 1345 2419 tas
1376 2364 1537 2425 facite
1567 2378 1733 2429 semi-

1264 2447 1346 2489 tas
1371 2436 1510 2504 ejus.
1538 2441 1668 2499 Om-

1262 2506 1347 2560 nis
1372 2507 1526 2565 vallis

419 2030 475 2075 et
501 2032 724 2077 matrem
748 2022 887 2089 ejus,

419 2102 474 2146 et
505 2093 647 2147 venit
676 2093 728 2146 in
762 2101 867 2147 ter-

421 2178 535 2217 ram
565 2162 814 2219 Istrahel.

421 2234 511 2288 22.
590 2235 831 2289 Audiens
852 2243 1032 2292 autem

421 2306 564 2375 quod
597 2305 899 2361 Archelaus

417 2384 673 2445 regnaret
696 2378 746 2430 in

421 2447 590 2503 Judea
620 2462 714 2516 pro
754 2445 927 2503 Hero-

421 2520 490 2574 de
523 2529 675 2589 patre
696 2533 821 2589 suo,
857 2518 914 2573 ti-

420 2578 562 2662 muit
579 2590 670 2644 illo
692 2588 771 2662 ire
793 2578 819 2653 ς’
1261 2578 1593 2662 implebi‘tur,

419 2670 475 2716 et
501 2660 809 2714 admonitus
1263 2660 1317 2705 et
1342 2660 1519 2706 omnis

420 2732 472 2786 in
498 2731 725 2797 somnis,
756 2744 845 2785 se-
1264 2735 1421 2797 mons
1447 2732 1501 2776 et
1526 2728 1641 2781 col-

1264 2792 1609 2852 lishumilia-

1263 2864 1716 2947 bitur;eterunt

1261 2951 1591 3006 omntapra-

422 3016 517 3072 2'5.
559 3017 636 3070 vit
661 3015 715 3069 in
738 3012 955 3071 civitate
976 3056 991 3082 ,
1260 3024 1326 3064 va
1349 3010 1401 3063 in
1441 3009 1616 3067 direcn

424 3102 563 3156 quae
589 3102 719 3141 νοω
728 3095 816 3141 1111³

424 3158 710 3222 Nazareth;
740 3166 800 3211 ut

423 3228 811 3301 adimpleretur

1262 3089 1339 3147 ta,
1374 3089 1428 3134 et
1449 3095 1640 3149 aSpera

1266 3151 1318 3205 in
1348 3152 1463 3205 vias
1496 3153 1612 3221 pla-

1267 3238 1402 3288 nas;
1448 3232 1504 3278 et
1519 3224 1669 3281 vide-

850 3342 1085 3401 CODEX
1121 3343 1588 3402 COBBEIENSIS.

425 3436 549 3494 chel
575 3437 793 3508 plorans
824 3436 966 3493 ﬁlios
993 3454 1122 3494 suos
1142 3481 1156 3506 ,
1188 3438 1432 3494 etnoluit
1452 3439 1888 3511 consolari,quia
1914 3454 2020 3495 non

427 3518 574 3565 sunt.

494 3580 559 3636 Il.
585 3580 848 3637 Defuncto
867 3591 1047 3652 autem
1071 3580 1303 3646 Herode,
1323 3595 1465 3652 ecce
1482 3583 1499 3611 ¹
1519 3582 1766 3652 apparuit
1782 3582 2023 3647 Angelus

424 3652 640 3707 Domini
675 3653 727 3706 in
756 3652 960 3707 somnis
986 3651 1187 3722 Ioseph
1220 3653 1271 3707 in
1304 3650 1569 3724 Aegypto,
1604 3653 1825 3707 dicens:
1850 3653 2021 3723 Surge

421 3734 472 3777 et
504 3726 688 3792 accipe
719 3734 1038 3791 puerutn,et
1068 3733 1293 3778 matrem
1322 3725 1460 3789 ejus,
1491 3732 1546 3777 et
1576 3724 1710 3777 vade
1739 3724 1788 3776 in
1821 3734 2017 3778 terram

419 3793 583 3849 Israel
618 3813 628 3843 τ
661 3794 894 3847 defuncti
931 3806 1057 3848 sunt
1098 3796 1265 3859 enim,
1303 3794 1396 3864 qui
1427 3796 1758 3862 quaerebant
1784 3796 2017 3849 animam

422 3865 617 3933 pneri’.
651 3864 749 3929 Qtti
779 3880 1005 3931 surgens
1026 3867 1234 3933 accepit
1266 3881 1513 3930 puerum,
1546 3873 1601 3918 et
1625 3875 1848 3919 matrem
1879 3866 2015 3934 ejus,

418 3937 632 3990 etvenit
648 3938 695 3988 in
712 3944 910 3989 terram
929 3936 1356 3989 lsrael.Audiens
1372 3944 1550 3989 autem
1567 3935 1709 4004 quod
1724 3934 2019 3989 Archelaus

419 4018 665 4073 regnaret
695 4008 745 4059 in
776 4005 976 4059 Iudaea
1018 4022 1114 4074 pro
1143 4006 1354 4060 Herode
1382 4019 1533 4075 patre
1570 4022 1684 4066 suo,
1708 4006 1906 4059 timuit8
1927 4008 2019 4060 illo

421 4078 501 4132 ire
529 4087 613 4131 :et
644 4077 951 4130 admonitus
987 4078 1038 4130 in
1075 4079 1281 4130 somnis
1315 4078 1541 4130 secessit
1573 4078 1623 4130 in
1653 4089 1835 4144 partes
1873 4078 2019 4132 Gali-

420 4147 614 4201 laeae".
649 4149 711 4201 Et
742 4148 965 4202 veniens
997 4147 1255 4201 habitavit
1284 4149 1332 4200 in
1358 4147 1604 4209 civitate,
1625 4162 1761 4215 quae
1791 4160 2017 4203 vocatur

418 4218 714 4273 Nazareth:
740 4228 796 4271 ut
825 4218 1211 4286 atlitnpleretur
1231 4220 1372 4287 quod
1396 4220 1595 4272 dictum
1616 4232 1698 4273 est
1727 4236 1819 4286 per
1840 4221 1860 4250 ⁵
1883 4222 2014 4274 l’ro-

418 4290 633 4358 phetatn
657 4306 669 4342 :
693 4288 958 4355 Quoniam
983 4288 1286 4343 Nazaraeus
1309 4291 1606 4343 vocabitur.
1626 4289 1681 4344 In
1700 4291 1892 4345 diebus
1914 4292 2015 4345 illis

415 4362 565 4416 venit
604 4361 879 4415 Iohannes
931 4360 1165 4429 Baptista
1220 4361 1535 4428 praedicans
1574 4360 1626 4414 in
1674 4362 1891 4415 deserto
1920 4361 2014 4417 Iu-

415 4432 606 4496 daeae,
649 4441 703 4485 et
739 4431 957 4486 dicens:
995 4432 1381 4486 Paenitentiam
1409 4433 1587 4498 agite:
1617 4433 2013 4502 appropinqua-

414 4503 491 4558 vit
519 4505 917 4573 enim‘regnum
946 4503 1250 4557 Caelorum.
1286 4503 1380 4557 Hic
1405 4504 1695 4567 esteuim,“
1723 4506 1809 4573 qui
1839 4504 2012 4558 dictus

412 4584 498 4631 est
526 4590 620 4644 per
650 4568 864 4628 Esaiam
888 4572 1210 4643 Pr0ptietam
1247 4573 1515 4628 dicentem
1544 4592 1556 4626 :
1588 4574 1697 4627 Vox
1723 4568 2011 4629 clamantis

415 4648 467 4700 in
508 4646 730 4700 deserto
764 4663 777 4699 :
809 4644 1002 4699 Parate
1046 4646 1186 4700 viam
1220 4645 1433 4700 Domini
1471 4664 1482 4698 :
1517 4655 1694 4701 rectas
1740 4647 1900 4702 tacite
1931 4663 2012 4704 se-

413 4720 571 4774 mitas
621 4718 760 4788 ejus.

936 244 1206 304 EUSEBII
1244 244 1582 301 VERCELL.
1629 242 2071 300 EVANGELIUM
2113 244 2249 301 CUM
2292 243 2517 301 VAItIlS
2556 244 2709 301 COD.
2749 241 3142 301 COLLATUM.

3592 235 3697 291 152

2528 360 2769 431 ,conEx
2808 357 3279 416 VERONENSIS.’

2940 453 3081 524 quod
3110 453 3313 524 dictum
3344 459 3431 505 est

2940 523 3039 597 per
3068 523 3310 593 PrOpbe-

2945 608 3052 651 tatn
3080 615 3092 648 :
3123 609 3253 663 quo-

2101 456 2219 511 cltel
2249 456 2465 525 plorans

2102 529 2238 583 ﬁlios
2269 541 2398 582 suos

2454 612 2587 654 COD-

2102 670 2287 736 solari,
2317 673 2439 738 quia
2943 670 3086 723 niam
3125 639 3224 767 ibi
3253 665 3358 720 Na-

2101 757 2208 797 non
2239 749 2384 796 sunt.
2943 754 3135 793 zoreus
3184 749 3224 808 ἐ·
3273 753 3428 793 νοςειλ

2105 812 2191 868 l9.
2244 812 2508 868 Defuncto
2532 828 2626 869 au-
2942 810 3105 866 bitur.

2106 895 2226 980 {9'11
2246 884 2505 980 'IEE‘I‘iﬁt.
3133 922 3361 980 CAPUT
3403 923 3489 977 ιιι.

2102 971 2229 1011 ecce
2258 956 2507 1025 apparuit

2102 1016 2343 1097 Angelus
2363 1026 2578 1082 Domini
3033 1019 3096 1097 _In
3124 1019 3231 1097 illis
3286 1016 3357 1089 (ε)

2104 1100 2156 1170 in
2182 1087 2416 1170 somnis)
2942 1091 3130 1170 diebus
3174 1088 3231 1161 -j-'
3262 1087 3409 1145 venit
3427 1087 3701 1146 Iohannes

2103 1168 2305 1231 Ioseph
2334 1162 2416 1222 in"
2946 1162 3184 1231 Baptista
3219 1176 3375 1228 prae-

2100 1241 2194 1296 20.
2228 1231 2493 1310 Aegypto,
2521 1240 2706 1296 dicens
2732 1258 2743 1294 :
2941 1234 2995 1288 2.
3052 1234 3238 1310 dicaris
3262 1233 3316 1286 in
3343 1231 3437 1288 de-

2945 1313 3095 1360 serto
3110 1304 3336 1368 Judeae,

2945 1387 2999 1431 et
3029 1376 3216 1430 dicens
3251 1394 3263 1427 ;
3295 1373 3419 1431 Ρδε·

2947 1448 3226 1502 nitentiam
3249 1446 3360 1514 agi-

2950 1529 3001 1574 te
3033 1536 3046 1571 :
3071 1517 3363 1586 adpropin-

2949 1591 3134 1659 quavit
3162 1589 3306 1642 enim

2950 1675 3176 1731 regnum
3209 1661 3347 1719 Cae-

2951 1733 3147 1786 lorum.

2952 1805 3005 1860 3.
3053 1804 3147 1858 llic
3170 1816 3252 1859 est

2953 1874 3125 1939 enim,
3155 1875 3224 1931 de
3246 1892 3354 1942 quo

2954 1946 3155 2000 dictum
3178 1959 3261 2003 est
3293 1964 3387 2018 per

2959 2018 3172 2090 Eseiam
3219 2014 3542 2090 Prophetam
3575 2033 3589 2071 :
3629 2014 3707 2087 (d)

2959 2088 3078 2144 Vox
3101 2088 3340 2146 claman;

2962 2162 3032 2215 tis
3062 2160 3116 2214 in
3148 2162 3330 2217 deser-

2965 2240 3021 2285 to
3053 2249 3065 2283 :
3100 2232 3291 2288 Parate
3318 2233 3458 2288 viam

2106 1312 2300 1381 Surge,
2325 1318 2381 1365 et
2406 1311 2591 1379 accipe

2106 1398 2355 1453 puerum,
2380 1393 2433 1438 et
2462 1398 2577 1435 ma—

2107 1464 2243 1510 trem
2268 1453 2406 1521 ejus,
2437 1462 2491 1509 et
2512 1470 2606 1508 va-

2106 1525 2174 1580 de
2201 1525 2252 1579 itt
2277 1532 2479 1579 terram

2105 1595 2330 1651 Istrahel
2360 1612 2374 1651 :
2407 1593 2603 1651 defun-

2106 1666 2179 1723 cti
2201 1676 2327 1721 sunt
2346 1668 2514 1731 enim,

2108 1741 2196 1809 qui
2227 1737 2559 1806 quaerebant

2109 1824 2343 1863 antmam
2396 1847 2411 1863 ο
2472 1849 2485 1861 .
2546 1851 2557 1862 .
2612 1848 2626 1862 υ
2686 1851 2699 1864 .
2762 1850 2774 1862 .

2108 1880 2198 1934 2t.
2261 1925 2285 1951 ,ν
2332 1920 2343 1932 .
2404 1920 2416 1931 .
2467 1880 2533 1934 Et
2558 1895 2786 1951 surgens

2112 1950 2315 2019 accepit
2349 1966 2599 2019 puerum,

2112 2034 2168 2077 et
2196 2029 2424 2076 matrem
2453 2023 2595 2092 ejus,

2114 2105 2167 2149 et
2194 2093 2340 2148 venit
2362 2093 2414 2147 in
2448 2103 2557 2149 ter-

2121 2180 2236 2219 ram
2265 2164 2512 2219 Istrahel.

2118 2236 2211 2290 22.
2260 2234 2500 2291 Audiens
2525 2244 2704 2292 autem

2120 2306 2261 2376 quod
2289 2306 2552 2363 Arcelaus

2120 2378 2453 2448 regnaretin

2120 2447 2322 2504 Iudaea
2355 2464 2454 2515 pro
2483 2449 2651 2506 Hero-

2120 2520 2189 2574 de
2218 2530 2371 2589 patre
2400 2536 2517 2584 suo,
2549 2522 2618 2577 ti-

2122 2591 2255 2647 muit
2284 2592 2374 2645 illo
2402 2592 2479 2647 ire
2513 2610 2528 2647 :

2121 2671 2178 2718 et
2198 2662 2507 2719 admonitus

2122 2734 2177 2788 in
2208 2735 2442 2798 somnis,
2475 2750 2562 2790 se-

2969 2302 3176 2357 Domini
3204 2322 3216 2356 :
3250 2320 3335 2359 re-

2964 2383 3079 2427 ctas
3110 2374 3263 2430 facite
3292 2376 3454 2432 semi-
3486 2376 3504 2441 ἶ

2966 2453 3047 2500 tas
3077 2446 3171 2501 Dei
3197 2449 3388 2503 nosui.

2123 2806 2289 2861 cessit
2316 2806 2369 2858 in
2397 2814 2579 2874 partes

2121 2877 2214 2933 25.
2264 2875 2548 2932 Gallileae.
2578 2876 2646 2932 Et

2126 2950 2298 3013 venit,
2328 2958 2381 3002 et
2411 2948 2619 3001 habita—

2123 3020 2199 3074 vit
2228 3021 2303 3092 (α)
2332 3021 2383 3073 in
2413 3020 2686 3077 civitatem
2731 3019 2772 3090 -ι-

2126 3107 2264 3156 quae
2290 3100 2515 3146 vocatur

2123 3161 2417 3227 Nazareth;
2450 3172 2508 3217 ut

2124 3234 2515 3305 adintplerelur

2603 3344 2834 3402 CODEX
2872 3344 3265 3403 BRIXIANUS.

2126 3442 2242 3498 chel
2261 3442 2475 3511 plorans
2490 3440 2630 3495 ﬁlios
2643 3456 2771 3512 suos
2783 3447 2838 3495 ct
2853 3440 3014 3495 noluit
3032 3440 3301 3512 consolari
3316 3442 3437 3512 quia
3452 3458 3556 3498 non
3573 3454 3719 3500 sunt.

2128 3509 2387 3570 Defuncto
2400 3521 2576 3567 autem
2601 3511 2811 3566 Herode
2834 3527 2961 3566 ecce
2987 3509 3231 3582 apparuit
3250 3509 3487 3582 Angelus
3506 3515 3722 3571 Domini

2124 3585 2179 3639 in
2213 3587 2421 3640 somnis
2451 3583 2659 3653 Ioseph
2688 3584 2740 3637 in
2769 3586 3013 3654 Aegypto
3041 3582 3227 3638 dicens
3269 3599 3492 3653 surgens
3534 3590 3721 3651 accipe

2125 3654 2355 3726 puerum
2398 3666 2453 3711 et
2493 3666 2720 3710 matrem
2752 3656 2891 3721 ejus.
2934 3664 2987 3709 et
3018 3654 3153 3708 vatle
3183 3657 3232 3709 in
3264 3665 3461 3710 terram
3486 3656 3714 3712 Israhel.

2122 3728 2359 3782 defuncti
2404 3737 2530 3781 sunt
2572 3730 2715 3781 enim
2756 3726 2847 3795 qui
2890 3726 3220 3795 quaerebant
3259 3727 3492 3781 animant
3544 3731 3715 3794 pueri.

2122 3799 2221 3866 Qui
2256 3815 2482 3867 surgens
2513 3796 2722 3863 accepit
2764 3812 2986 3868 puerum
3025 3808 3079 3851 et
3122 3807 3345 3851 matrem
3376 3799 3514 3868 ejus.
3540 3808 3595 3853 et
3622 3816 3719 3855 ve-

2123 3872 2200 3922 nit
2236 3872 2286 3924 in
2320 3879 2517 3924 terram
2540 3868 2590 3922 Is
2618 3878 2643 3904 ἰ
2673 3867 2883 3939 drahel.
2914 3867 3153 3922 Audiens
3197 3867 3416 3923 autetn.’
3448 3870 3589 3939 quod
3619 3870 3722 3925 Ar-

2120 3940 2341 3994 chelaus
2384 3952 2630 4009 regnaret
2677 3940 2728 3992 itt
2778 3938 2980 3993 Iudaea
3025 3954 3121 4007 pro
3164 3939 3376 3995 Herode
3428 3938 3578 4007 patt'e
3621 3958 3720 3998 suo

2121 4012 2298 4065 timuit
2330 4012 2454 4065 illuc
2482 4014 2580 4063 ire.
2616 4010 2937 4066 Admonitus
2966 4020 3145 4065 autem
3177 4011 3228 4064 in
3258 4014 3486 4067 somnis.
3510 4028 3712 4075 seces.

2120 4084 2189 4156 sit
2216 4086 2265 4137 in
2298 4094 2476 4153 partes
2503 4082 2763 4137 Galileae.
2801 4083 2865 4135 Et
2886 4084 3111 4156 veniens
3131 4082 3403 4156 habitabit
3442 4083 3519 4156 (ιι)
3552 4085 3604 4138 in
3635 4086 3713 4138 ci-

2121 4152 2338 4208 vitatem
2384 4158 2425 4224 -ι-
2462 4168 2599 4224 quae
2638 4164 2859 4207 vocatur
2900 4152 3182 4206 Nazareth.
3220 4164 3275 4207 ut
3319 4152 3710 4219 adiniplerctnr

2120 4227 2259 4297 quod
2289 4225 2490 4297 dictum
2531 4235 2614 4297 est
2651 4241 2746 4295 per
2776 4224 3123 4297 Propltctatn.
3159 4226 3412 4297 quoniam
3444 4225 3713 4281 Nazarcus

2120 4295 2420 4351 vocabitur.
2456 4296 2511 4349 In
2543 4296 2650 4351 illis
2685 4306 2867 4350 autem
2900 4296 3087 4349 diebus
3118 4297 3265 4349 venit
3294 4295 3572 4351 Iohannes
3608 4298 3715 4352 Ba-

2121 4369 2302 4434 ptista.
2340 4368 2654 4436 praedicans
2697 4368 2751 4421 itt
2782 4366 2999 4421 deserto
3028 4365 3196 4420 Iudae
3229 4376 3284 4421 et
3310 4367 3498 4422 dicens
3530 4371 3714 4436 paeni-

2120 4441 2343 4493 tentiam
2377 4440 2539 4507 agite.
2578 4437 3033 4509 adpropioquavit
3073 4443 3215 4491 enim
3261 4454 3485 4509 regnum
3516 4438 3715 4495 Caelo-

2118 4526 2257 4563 rum.
2294 4508 2390 4565 Hic
2434 4519 2517 4563 est
2555 4510 2700 4563 enim
2737 4511 2804 4563 de
2846 4524 2955 4577 quo
2985 4510 3186 4564 dictum
3228 4520 3309 4562 est
3334 4508 3337 4509 ⁷
3362 4526 3456 4578 per
3496 4509 3713 4566 Esaiam

2117 4581 2446 4649 Prophetum
2473 4582 2763 4652 dicentem.
2784 4580 2901 4635 Vox
2917 4580 3271 4652 clatnantisin
3292 4581 3511 4637 deserto
3530 4594 3719 4652 parate

2115 4653 2255 4707 viam
2288 4652 2499 4707 Domini
2532 4660 2708 4707 rectas
2737 4651 2896 4707 facile
2919 4651 3140 4707 semitas
3161 4651 3296 4722 ejus.

1117 4828 1504 4887 VARIANTES
1543 4829 1926 4889 LECTIONES
1962 4830 2230 4889 CODICIS
2270 4832 2383 4889 MS.
2424 4831 2481 4886 S.
2524 4830 3035 4888 GERMANENSIS.

476 4926 492 4955 ¹
527 4924 655 4989 Ecce
678 4927 899 4989 Angelus
923 4925 1118 4976 Domini
1143 4926 1367 4989 apparuit
1386 4924 1574 4989 Ioseph
1596 4927 1647 4976 in
1674 4928 1856 4978 somnis

474 4989 495 5017 ²
531 4987 847 5058 ρει-ὐετθξΕι
868 5002 1079 5053 surgens

476 5049 497 5080 ³
530 5046 643 5097 illuc

2180 4930 2202 4959 ’⁵
2237 4928 2297 4979 Et
2321 4930 2475 4992 venit,
2502 4935 2555 4992 et

2183 4993 2204 5055 ἒ
2239 4990 2512 5055 PrOphetas
2530 4990 2578 5040 Β.

2185 5054 2207 5085 ⁶
2238 5054 2304 5104 de
2325 5054 2424 5116 quo
2445 5054 2631 5105 dictum
2654 5060 2734 5104 est

1737 5159 2104 5218 BLANCHINI
2141 5160 2375 5217 NOTAE.

481 5267 506 5294 η
561 5254 764 5307 Abrasa
789 5252 843 5311 ά,
878 5250 1030 5319 cujus
1060 5264 1344 5325 remanent
1372 5254 1619 5325 vestigia.

477 5327 507 5367 ιι
526 5325 583 5380 S.
608 5325 970 5395 Hieronymus
997 5337 1175 5395 veram
1205 5324 1490 5381 lectionem
1524 5324 1681 5395 hujus
1716 5326 1819 5382 loci
1852 5339 2001 5382 asse-

408 5396 475 5461 rit
512 5396 695 5450 Codici
727 5392 827 5448 tns.
850 5392 1387 5450 San-Germauensi:
1422 5397 1496 5449 ait
1518 5392 1662 5451 enim
1688 5396 2001 5453 lib.tCom-

408 5478 574 5520 ment.
606 5485 618 5518 :
650 5466 801 5521 Nunc
828 5474 998 5520 autem
1036 5466 1307 5532 pluraliter
1338 5465 1625 5536 Prop/tetas
1668 5484 1878 5532 vocans,
1909 5484 1999 5520 os-

408 5537 570 5591 tendit
598 5554 650 5589 se
678 5555 779 5590 non
798 5538 946 5593 verba
977 5536 1040 5589 de
1063 5536 1351 5605 Scriptttris
1380 5538 1643 5605 sumsisse,
1660 5540 1749 5592 sed
1773 5555 1997 5593 sensum.

479 5674 554 5746 (α)
614 5672 689 5727 Ita
720 5684 774 5728 et
805 5676 1229 5732 textusGrzecus
1276 5681 1346 5738 εἰς
1372 5677 1534 5732 πόλιν.
1582 5706 1654 5718 -
1695 5678 1769 5806 ἕνα)

484 5746 713 5806 ntabria.
742 5745 950 5803 Latino.
980 5777 1051 5787 —
1077 5750 1159 5806 (dt
1192 5748 1454 5806 Secundis
1477 5748 1622 5805 curis
1662 5766 1689 5805 a

403 5745 713 5816 Catttabrig.
742 5745 950 5803 Latino.
980 5777 1051 5787 —
1077 5750 1159 5821 (d)
1192 5748 1454 5808 Secundis
1477 5748 1622 5805 curis
1662 5766 1689 5805 a

2104 5256 2414 5311 Lectionem
2444 5266 2621 5313 tamen
2649 5272 2758 5313 ms.
2780 5240 3153 5324 Corbeiensis,
3178 5272 3338 5327 quam
3367 5257 3632 5314 edidimus
3657 5259 3711 5314 in

2106 5342 2261 5382 sacro
2300 5338 2578 5395 contextu,
2620 5329 2823 5398 reperit
2860 5328 3036 5383 Lucas
3067 5329 3355 5400 Brugensis
3395 5332 3447 5383 in
3474 5331 3712 5393 antiquis

2104 5400 2400 5481 codicibus.
2423 5399 2558 5456 Vide
2572 5401 2815 5471 ejusdem
2840 5400 3111 5456 variantes
3137 5399 3400 5458 lcetiones
3425 5403 3547 5456 novi
3573 5400 3711 5458 Tes—

2106 5480 2352 5527 tamenti.

1811 5678 2013 5734 Textns

1771 5751 1895 5807 itur.
1927 5751 2013 5807 dic.

2119 5694 2263 5735 (ecus
2313 5682 2627 5755 Ναζωραῖος.
2653 5677 2820 5751 —(c)
2851 5680 3013 5738 Deest
3054 5688 3243 5746 autem,
3281 5688 3337 5738 et
3376 5679 3445 5735 ita
3476 5679 3528 5736 in
3566 5677 3703 5738 Cod.

2118 5768 2195 5805 'm.

1771 5762 1895 5819 itur,
1927 5762 2195 5808 dicentem.
