4054 6198
305 1780 326 1790 ,
427 1722 572 1777 enim
597 1720 754 1774 decet
777 1736 877 1775 nos

431 225 537 282 153

722 390 726 394 .
825 345 1058 403 CODEX
1098 346 1642 427 VERCELLENSIS.

431 435 486 508 iu
509 435 728 502 horreo,
753 451 847 508 pa-
1262 450 1356 496 cut
1390 442 1696 498 columbam

434 507 550 563 leas
577 507 766 564 autem
786 523 932 564 com-
1260 513 1570 569 venientem
1593 515 1646 568 in

432 579 595 655 buret
615 579 834 655 igniin-
1264 585 1356 640 17.
1397 584 1597 655 ipsum.
1630 585 1694 640 Et
1717 601 1850 646 ecce

431 651 789 713 extinguibili.
1259 671 1359 711 vox
1385 651 1454 712 de
1475 659 1640 713 caelis

433 722 522 778 15.
575 722 725 777 Tunc
752 723 902 779 venit
922 723 1082 781 Iesus

430 807 460 848 a
491 791 730 848 Galilaea
753 793 805 848 in
1051 795 1060 805 ‘

431 864 720 920 .lordanem
743 865 810 919 ad

428 934 753 998 Johannem,
778 944 838 992 ut

431 1006 800 1076 baptizaretur

433 1079 523 1151 14.
570 1078 639 1133 ab
668 1092 734 1133 eo
760 1094 781 1151 ;_
804 1086 861 1134 et
880 1080 1067 1151 probi-

431 1150 593 1206 bebat
614 1164 737 1206 eum
757 1149 853 1205 Jo-

433 1221 648 1288 hannis,
679 1222 863 1277 dicens
887 1240 900 1276 :

432 1293 547 1364 Ego
570 1307 600 1346 a
629 1301 680 1348 te
709 1291 883 1350 debeo

432 1364 714 1434 baptizari,
739 1373 792 1419 et
817 1375 876 1421 tu

435 1437 588 1491 venis
618 1435 685 1489 ad
712 1436 844 1490 me?

1263 727 1828 822 dicnensibjnaldueum:
1855 731 1898 822 j-

1339 799 1418 853 Tu
1450 799 1511 854 es
1543 799 1708 856 Filius

1335 885 1488 925 meus
1513 871 1681 928 dilec-

1337 951 1442 1006 tus,
1477 944 1531 997 in
1559 959 1667 1014 quo
1708 984 1722 1000 .
1766 983 1782 1000 .
1822 960 1876 1002 e-

1335 1028 1671 1070 uecom..
1719 1055 1785 1070 ..

1471 1267 1700 1328 CAPUT
1741 1271 1828 1327 IV.

1339 1361 1389 1415 l.
1425 1360 1576 1418 Tunc
1589 1361 1748 1418 Iesus
1761 1363 1957 1420 ductus

1264 1439 1346 1488 est
1375 1432 1428 1488 in
1456 1433 1640 1488 deser-
1938 1440 1944 1444 ’

1267 1513 1320 1559 to
1350 1505 1417 1558 ab
1447 1505 1674 1576 Spiritu,
1694 1513 1754 1560 ut

1265 1584 1618 1645 temptaretur

1259 1661 1289 1700 a
1319 1646 1557 1702 diabulo.

1256 1717 1312 1771 2.
1349 1717 1417 1772 Et
1443 1733 1563 1773 cum
1586 1718 1823 1789 jejunus-

1256 1798 1340 1844 set
1368 1805 1457 1843 ιι..
1486 1790 1702 1858 diebus,
1775 1797 1778 1799 ’

1257 1869 1313 1915 et
1331 1876 1419 1915 xu.
1447 1861 1712 1929 noctibus,

1257 1933 1310 1986 3.
1357 1941 1539 2003 postea
1569 1935 1779 1990 esuriit.
1813 1933 1886 1991 Et

1262 2005 1493 2059 accessit
1519 2003 1586 2058 ad
1608 2020 1732 2060 eum

1263 2083 1578 2146 temptator,
1612 2083 1670 2130 et

1260 2146 1404 2201 dixit
1431 2147 1536 2202 illi;
1567 2147 1626 2203 Si
1656 2148 1756 2203 iiii-

1263 2234 1326 2276 us
1351 2219 1445 2274 Dei
1478 2233 1556 2285 es,
1583 2221 1672 2275 dic
1703 2229 1760 2275 ut

1262 2290 1472 2362 lapides
1502 2291 1589 2346 isti
1614 2292 1748 2346 fiant

1262 2365 1318 2419 ι.
1361 2376 1547 2431 panes.
1578 2363 1661 2418 Ad
1688 2363 1781 2420 ille

433 1508 524 1563 15.
571 1504 927 1576 Respondeas
947 1524 1047 1564 au-

432 1587 540 1633 tem
571 1577 750 1644 Jesus,
773 1577 910 1635 dixit
930 1581 994 1634 il-

429 1649 470 1704 li
501 1667 516 1732 ξ
545 1648 663 1734 sine
692 1650 853 1704 modo
879 1669 894 1706 :
927 1653 1005 1728 sic

429 1791 656 1861 implere
685 1806 903 1849 omnem

423 1863 709 1934 justitiam.
735 1863 886 1919 Tunc

426 1933 631 1990 dimisit
657 1949 800 1988 eum.
833 1935 902 1990 Et

427 2020 550 2061 cum
576 2005 812 2074 baptiza-

423 2087 597 2145 retur,
629 2077 814 2132 lumen

425 2149 879 2220 ingens_circum-

427 2217 577 2277 fulsit
602 2217 678 2274 de”
691 2233 829 2289 aqua
855 2236 870 2286 ;

429 2293 568 2347 itaut
598 2291 850 2345 timerent

429 2376 620 2418 omnes
649 2363 738 2431 qui
765 2361 860 2416 ad-

429 2435 519 2490 16.
572 2441 855 2487 venerant.
890 2433 960 2490 Et
1263 2433 1603 2503 re5p0udens

432 2505 709 2576 baptizato
737 2503 891 2572 Iesu,
1266 2505 1434 2561 dixit:
1470 2504 1740 2576 Scriptum

428 2575 712 2632 confestim
743 2589 938 2630 ascen-
1339 2616 1356 2634 .
1402 2617 1414 2630 .
1461 2618 1474 2630 .
1518 2575 1634 2633 Non
1668 2579 1720 2633 in

423 2648 507 2703 dit
533 2647 602 2700 de
632 2659 791 2714 aqua,
823 2654 880 2702 et
906 2661 998 2703 ec-
1341 2683 1356 2700 .
1402 2687 1416 2701 .
1450 2649 1502 2702 lo
1529 2649 1774 2718 pane,vi-

427 2734 491 2774 ce
515 2719 691 2787 aperti
722 2724 846 2787 sunt
875 2719 928 2773 ei
959 2717 967 2723 ’
1337 2719 1428 2775 bet
1447 2721 1630 2787 homo,

426 2786 595 2860 caeli;
627 2796 680 2842 et
709 2786 842 2860 vidit
863 2788 1120 2860 Spiritum
1339 2790 1435 2846 sed
1458 2791 1509 2846 in
1541 2786 1688 2846 omni

429 2862 527 2916 Dei
554 2857 890 2915 descenden-

422 2943 529 2989 tem
559 2930 635 3002 (α)
657 2929 689 2984 d
701 2944 731 2985 e
755 2929 920 2988 Caelo
936 2931 978 3004 -ι-
995 2933 1069 2989 si-

851 3027 1086 3086 CODEX
1114 3025 1581 3085 CORBEIENSIS.

426 3123 482 3177 in
551 3121 804 3177 horreum
850 3137 1050 3190 suum,
1111 3122 1293 3192 paleas
1350 3131 1529 3192 autem
1573 3119 1857 3192 combine;
1907 3118 2019 3189 igni

419 3193 863 3264 iuexstingutbili.
889 3195 1038 3248 'l‘unc
1067 3190 1218 3250 venit
1243 3192 1400 3248 Jesus
1427 3208 1455 3246 a
1485 3191 1724 3264 Galilaea
1745 3190 1799 3264 iu
1829 3191 2022 3254 Jorda-

422 3281 546 3319 nem
579 3266 643 3319 ad
663 3262 996 3330 Iohannem,
1020 3277 1074 3320 ut
1105 3264 1470 3334 baptizaretur
1489 3263 1556 3318 ab
1582 3278 1668 3318 co.
1703 3262 2020 3334 ‘Jobannes

422 3345 604 3390 autem
636 3337 954 3406 prohibebat
984 3353 1129 3402 eum,
1170 3333 1356 3391 dicens
1389 3353 1401 3388 :
1435 3334 1601 3406 Egoa
1636 3344 1686 3388 te
1715 3333 1887 3388 debeo
1919 3333 2016 3406 ba-

421 3403 647 3477 ptizari,
682 3419 736 3464 et
765 3418 822 3462 tu
856 3412 1008 3466 venis
1044 3408 1109 3464 ad
1165 3407 1290 3462 me?
1314 3403 1672 3475 Respondens
1697 3416 1878 3460 autem
1928 3403 2018 3458 Jc-

419 3494 511 3532 sus
539 3520 553 3544 ,
584 3478 720 3535 dixit
747 3481 794 3535 ei
831 3499 843 3535 :
878 3482 1007 3538 Sine
1040 3482 1200 3536 modo
1231 3499 1242 3532 :
1277 3482 1356 3535 sic
1397 3479 1537 3532 cnim
1589 3478 1748 3536 decet
1783 3492 1881 3533 nos
1919 3479 2018 3532 im-

418 3551 571 3620 plcre
593 3568 808 3606 omnem
833 3554 1120 3624 justitiam.
1143 3554 1294 3609 'l‘uuc
1316 3553 1518 3608 dimisit
1549 3565 1693 3624 eum.
1719 3551 1738 3583 ²
1770 3549 2019 3624 Baptiza-

421 3633 506 3675 tus
533 3631 711 3678 autem
752 3623 935 3693 JeSus,
959 3625 1244 3681 confestim
1277 3624 1520 3680 ascendit
1547 3623 1616 3679 de
1646 3638 1805 3690 aqua.
1841 3623 1906 3676 Et
1927 3637 2016 3676 cc-

417 3707 480 3747 ce
509 3697 678 3762 aperti
706 3707 830 3750 sunt
855 3699 903 3752 ei
933 3699 1098 3752 coeli:
1128 3706 1183 3752 ct
1214 3698 1342 3752 vidit
1370 3695 1626 3763 Spiritum
1665 3695 1754 3747 Dei
1784 3694 2012 3748 descen-

418 3763 634 3834 dentem
667 3766 687 3796 ³
719 3770 856 3821 sicut
909 3770 1248 3834 columbam,
1299 3778 1354 3824 et
1392 3768 1704 3824 venientem
1737 3779 1900 3833 super
1929 3780 2008 3818 se.

418 3833 487 3888 Et
521 3850 649 3891 ecce
699 3853 801 3892 vox
828 3837 896 3892 de
919 3839 1136 3894 coelis"
1163 3833 1381 3894 dieens:
1428 3839 1526 3894 llic
1549 3848 1631 3893 est
1654 3835 1820 3891 Filius
1861 3851 2014 3891 meus

415 3906 665 3977 dilectus,
693 3909 744 3964 in
775 3924 881 3977 quo
909 3911 931 3942 ⁵
963 3911 1090 3964 mibi
1128 3909 1449 3977 complacui.

487 3975 576 4031 lll.
605 3979 762 4034 -Tunc
793 3975 958 4036 'Jesus
989 3982 1180 4036 ductus
1207 3975 1287 4036 cst
1323 3984 1373 4035 in
1407 3981 1680 4036 desertum
1711 3994 1740 4032 a
1769 3977 2009 4048 Spiritu,

417 4055 476 4122 ut
508 4056 807 4122 tentaretur
831 4070 858 4103 a
889 4052 1126 4107 diabolo.
1159 4055 1221 4107 Et
1258 4068 1419 4122 quum
1444 4052 1743 4122 jejuuasset
1781 4049 2014 4122 quadra-

413 4119 560 4196 ginta
589 4121 800 4196 diebus,
829 4133 883 4179 et
907 4123 1258 4196 quadraginta
1277 4119 1552 4196 noctibus,
1587 4119 2008 4196 posteaesliriit.

415 4190 483 4244 Et
513 4190 534 4221 °
561 4193 823 4248 accedens
877 4190 1268 4250 tentator'dixit
1313 4196 1399 4251 ei:
1433 4195 1488 4250 Si
1523 4190 1663 4249 ﬁlius
1695 4192 1786 4247 Dei
1812 4207 1894 4258 es,
1925 4193 2012 4247 dic

415 4271 472 4337 ut
501 4262 706 4337 lapides
765 4266 848 4320 isti
903 4281 1069 4336 panes
1099 4266 1248 4322 ﬁant.
1282 4267 1301 4299 ⁷
1349 4268 1446 4333 Qui
1476 4266 1811 4337 respondens
1837 4265 2006 4337 dixii:

410 4331 682 4402 Scriptum
713 4347 827 4393 est:
860 4331 975 4393 Non
1021 4340 1072 4392 in
1104 4355 1238 4406 pane
1282 4331 1398 4394 solo
1427 4331 1789 4401 vivet'bomo,
1822 4335 1916 4390 sed
1952 4335 2003 4389 iu

409 4406 557 4459 omni
579 4407 763 4475 verbo,
793 4410 935 4480 quod
959 4412 1199 4480 procedit
1231 4411 1300 4467 de
1319 4426 1413 4466 ore
1434 4409 1548 4464 Dei.
1574 4409 1724 4465 Tunc
1751 4407 2007 4463 assumsit

966 229 1233 290 EUSEBII
1274 232 1609 306 VERCELL.
1654 232 2103 314 EV'ANGELIUQ!
2143 232 2283 302 CUM
2330 233 2554 293 VARUS
2578 233 2732 311 COD.
2772 233 3162 296 COLLATUM.

2021 2885 2026 2893 ·
2131 2865 2440 2920 venientem
2471 2869 2522 2920 in

3596 245 3725 314 5'56

2563 353 2796 427 CODEX
2832 355 3283 430 VERONENSIS.

2132 443 2186 500 iu
2220 444 2415 500 horreo
2445 459 2565 513 suo,
2970 465 3070 505 vox
3102 452 3169 506 de
3197 452 3349 508 caelo

2130 517 2314 601 paleas
2347 531 2444 601 au_-
2547 529 2552 536 '
2969 522 3154 601 dicens
3181 524 3345 601 (glad
3368 541 3490 583 eum
3513 546 3528 584 :
3555 529 3597 601 1·

2134 596 2242 644 tem
2281 588 2504 643 combu-
2971 593 3068 648 Hic
3095 588 3366 650 estFilius
3457 601 3460 604 ’

2131 659 2467 738 ret_igui_in:
2967 679 3118 738 meus
3141 665 3397 738 dilectus,

2132 729 2491 805 extinguibili:
2541 802 2552 805 _
2620 803 2632 805 _
2966 736 3018 790 in
3051 750 3157 805 quo
3184 736 3319 792 bene

2133 803 2232 879 l5._
2251 803 2400 879 'l_‘_u_nc
2433 802 2580 879 venit
2608 803 2766 866 .lesus
2962 802 3284 879 complacui.

2130 888 2160 928 a
2193 873 2416 929 Galilaea
2445 874 2511 927 ad

2130 944 2531 1055 ξιὲἷῖῗεῗῗῗὲιίιῖί
3172 991 3402 1054 CAPUT
3429 996 3499 1055 ιν

2130 1015 2494 1087 baptizaretur

2131 1085 2222 1142 141
2252 1087 2321 1141 ab
2345 1087 2490 1142 eoin
2531 1085 2654 1143 Jor-

2130 1157 2308 1239 danen
2348 1199 2366 1239 _.
2415 1198 2428 1214 .
2475 1197 2489 1212 .
2533 1195 2551 1213 .
2969 1159 3019 1239 1.
3061 1157 3213 1216 Tunc
3238 1159 3397 1239 Iesus

2130 1243 2253 1286 eum
2279 1228 2579 1297 Iohannes,
2966 1230 3160 1286 ductus
3185 1243 3268 1287 est

2131 1300 2346 1356 dicens:
2382 1301 2496 1370 Ego
2967 1301 3019 1357 in
3052 1301 3336 1361 Desertum

2129 1387 2159 1426 a
2188 1381 2240 1427 te
2263 1371 2434 1427 debeo
2965 1375 3033 1428 ab
3053 1373 3282 1442 Spiritu,

2130 1444 2221 1499 15.
2242 1443 2532 1515 baptizari,
2556 1453 2611 1515 et
2633 1450 2689 1497 tu
2963 1454 3022 1499 ut
3044 1453 3398 1515 temptaretur

2129 1514 2325 1569 venisti
2351 1515 2416 1567 ad
2447 1514 2572 1569 me?
2965 1531 2994 1569 a
3026 1514 3270 1571 Diabulo.

2131 1585 2486 1654 RespOndens
2515 1600 2630 1640 au—.
2963 1587 3019 1640 2.
3052 1586 3121 1640 Et
3148 1603 3270 1643 cum

2129 1665 2238 1728 tem
2267 1655 2444 1724 Jesus,
2964 1657 3265 1728 jejunasset

2127 1727 2261 1782 dixit
2289 1730 2336 1781 ei
2360 1746 2372 1781 :

2126 1800 2244 1854 sine
2273 1798 2461 1854 modo:
2494 1799 2573 1854 sic

2128 1870 2272 1925 enim
2315 1879 2530 1939 oportet
2563 1884 2659 1924 nos

2130 1941 2357 2010 implere
2381 1956 2597 1996 omnem

2123 2011 2404 2082 justitiam.

2131 2084 2220 2138 16.
2255 2083 2405 2138 Tunc
2441 2082 2649 2138 dimisit
2675 2095 2821 2137 eum.

2130 2154 2197 2208 Et
2231 2155 2499 2223 baptizato

2129 2224 2278 2291 Jesu,
2312 2224 2495 2280 coufeé

2130 2299 2252 2350 stitn
2267 2289 2520 2352 ascendit
2543 2289 2614 2350 de

2129 2381 2288 2436 aqua.
2323 2368 2390 2422 Et
2417 2382 2502 2423 ec-

2136 2452 2200 2494 ce
2231 2440 2408 2509 aperti
2441 2446 2567 2494 sunt
2593 2437 2642 2494 ei

2130 2509 2308 2564 caeli:
2351 2518 2406 2566 et
2449 2510 2580 2564 vidit

2134 2580 2389 2650 spiritum

2133 2651 2686 2724 DeiAdescendentcm
2716 2649 2796 2724 (α)

2131 2723 2200 2777 de
2230 2720 2448 2794 Caelo‘j-

2134 2794 2276 2848 sicut
2299 2795 2606 2850 columbam

2967 1745 3059 1784 ιι..
3095 1729 3286 1787 diebus
3307 1773 3321 1798 ,

2965 1808 3020 1854 et
3039 1816 3126 1856 IL.
3159 1804 3405 1859 noctibus
3430 1845 3445 1871 ,

2966 1881 3150 1940 postea
3180 1876 3392 1930 esuriit.

2965 1943 3018 1996 '5.
3061 1943 3125 1997 Et
3151 1946 3380 2002 accessit

2966 2014 3033 2068 ad
3056 2029 3176 2090 (ἐμω
3207 2022 3522 2090 temptator.

2969 2094 3023 2139 et
3050 2083 3190 2144 dixit
3217 2088 3289 2142 illi
3321 2083 3338 2143 Ξ
3475 2083 3478 2092 ’

2967 2154 3024 2230 Si
3059 2156 3198 2230 ﬁlius
3222 2159 3314 2214 Dei
3339 2175 3397 2230 es
3415 2202 3431 2228 ,

2967 2227 3053 2282 dic
3074 2239 3131 2282 ut
3159 2228 3365 2298 lapides

2967 2298 3055 2353 isti
3085 2316 3249 2368 panes

2969 2370 3118 2424 fiant.

2967 2439 3023 2514 1.
3065 2441 3164 2498 Cui
3193 2444 3545 2514 respondens,

2969 2511 3102 2566 dixit
3125 2511 3326 2570 .lesus':

2969 2581 3236 2655 _S_criptum
3259 2598 3343 2643 est
3373 2606 3386 2642 :

2965 2652 3164 2710 Non'in
3189 2671 3329 2727 pane

2966 2733 3172 2782 tantum
3194 2729 3341 2784 vivet

2964 2796 3126 2870 homo
3152 2839 3216 2870 ,7.
3264 2840 3277 2853 .
3324 2837 3340 2853 .
3379 2845 3402 2870 ,

2963 2869 3130 2948 verbo
3161 2869 3234 2942 (c)
3265 2869 3392 2948 Dei.
3413 2873 3455 2948 ’ί-

2964 2938 3018 2994 5.
3060 2938 3223 2996 Tunc
3250 2938 3472 3006 adsuui-

2589 3027 2822 3086 CODEX
2858 3029 3252 3098 BRIXIANUS.

2122 3136 2288 3195 suum,
2343 3122 2392 3176 in
2430 3121 2706 3195 liorreum
2776 3123 2978 3195 paleas,
3015 3135 3194 3178 autem
3263 3125 3543 3181 comburet
3615 3123 3721 3195 igni

2126 3193 2544 3263 inextinguibili.
2573 3193 2724 3250 Tunc
2779 3196 2925 3252 venit
2957 3194 3116 3250 Jesus
3145 3213 3172 3248 a
3225 3196 3433 3251 Galilea
3470 3195 3538 3251 ad
3593 3193 3718 3251 Jor-

2121 3263 2322 3318 danem
2382 3265 2446 3318 ad
2490 3265 2813 3320 .Inhannem.
2854 3277 2910 3320 ut
2962 3266 3328 3336 baptizaretur
3371 3267 3441 3321 ab
3497 3282 3584 3323 eo.
3630 3267 3724 3323 Je-

2121 3336 2328 3408 iianucs
2359 3344 2534 3389 autem
2567 3337 2881 3404 prohibebat
2916 3352 3036 3392 cum
3069 3338 3252 3404 dicens
3299 3338 3412 3408 Ego
3439 3352 3576 3404 Opus
3621 3340 3718 3394 lia-

2121 3406 2222 3461 beo
2251 3421 2281 3460 a
2313 3417 2364 3461 te
2406 3409 2663 3477 baptizari
2711 3419 2763 3462 et
2809 3419 2861 3462 tu
2896 3409 3047 3462 venis
3098 3411 3163 3462 ad
3219 3425 3325 3463 me.
3353 3406 3719 3478 Respondeus

2119 3492 2298 3532 autem
2321 3478 2478 3534 Iesus
2508 3480 2649 3534 dixit
2677 3482 2724 3534 ei
2753 3481 2881 3537 Sine
2906 3480 3088 3535 modo.
3116 3482 3198 3536 sic
3222 3482 3364 3535 enim
3391 3491 3605 3548 Oportet
3622 3495 3721 3546 nos

2119 3549 2347 3621 implere
2424 3567 2640 3606 omnem
2713 3553 3000 3621 justitiam.
3081 3553 3232 3606 Tunc
3303 3551 3505 3606 dimisit
3568 3568 3717 3606 eum.

2123 3620 2191 3676 Et
2233 3622 2534 3689 baptizatus
2581 3620 2755 3678 .lesus.
2786 3623 3070 3678 confestim
3095 3623 3340 3679 ascendit
3368 3625 3434 3678 de
3463 3637 3622 3692 aqua.
3650 3625 3719 3679 Et

2119 3708 2246 3766 eet-e
2268 3694 2439 3762 aperti
2463 3705 2586 3748 sunt
2608 3696 2656 3749 ei
2681 3696 2908 3750 caeli.ct
2937 3696 3068 3749 vidit
3095 3697 3339 3766 spiritum
3366 3695 3459 3750 Dci
3490 3695 3716 3748 descen-

2117 3763 2334 3820 dentem
2355 3767 2494 3820 sicut
2541 3766 2846 3821 columbam
2869 3763 3243 3820 etvenien—tem
3284 3781 3446 3836 super
3473 3781 3617 3820 eum.
3649 3766 3718 3820 Et

2116 3850 2242 3890 ecce
2269 3851 2368 3889 vox
2400 3836 2467 3890 de
2481 3839 2643 3891 caelis
2670 3837 2857 3892 dicens
2880 3837 2968 3892 hic
2987 3847 3067 3893 est
3088 3837 3251 3890 Filius
3281 3853 3432 3891 meus
3460 3837 3715 3902 dilectus,

2118 3907 2172 3960 in
2199 3923 2302 3977 quo
2331 3907 2468 3962 bene
2491 3909 2792 3978 complacui
2816 3911 2990 3978 ipsum
3009 3908 3208 3964 audite.
3235 3908 3386 3962 Tunc
3411 3907 3566 3963 Jesns
3585 3908 3717 3963 duc-

2117 3986 2201 4032 tus
2223 3988 2306 4032 e~t
2326 3979 2377 4033 in
2413 3979 2633 4033 [lc-serto
2655 3981 2724 4034 ab
2741 3979 2946 4048 Spiritu
2973 3989 3030 4034 ut
3061 3991 3379 4034 tcmtaretur
3399 3994 3429 4032 ιι
3464 3980 3707 4034 Diaboio.

2188 4049 2256 4104 Et
2301 4066 2421 4104 cum
2450 4052 2753 4119 jejunasset
2781 4052 3136 4122 quadraginta
3165 4051 3355 4106 diebus
3382 4063 3435 4106 et
3480 4052 3714 4120 quadra.

2121 4121 2278 4192 ginta
2310 4124 2580 4177 noctibus.
2627 4121 2810 4192 postea
2841 4125 3046 4178 esuriit.

2191 4194 2254 4246 Et
2279 4194 2542 4248 accedens
2563 4194 2627 4247 ad
2645 4210 2766 4248 cum
2785 4204 3037 4248 temtator
3061 4194 3217 4249 dixit.
3267 4192 3321 4248 Si
3344 4192 3492 4246 ﬁlius
3515 4192 3611 4246 Dei
3630 4206 3712 4245 es.

2114 4264 2201 4318 dic
2235 4274 2292 4319 ut
2340 4265 2544 4332 lapides
2587 4268 2669 4319 isti
2703 4281 2865 4335 panes
2897 4266 3043 4319 itaut.
3063 4264 3158 4319 Cui
3188 4264 3522 4334 respondens
3552 4263 3713 4335 lesus

2114 4335 2272 4390 dixit.
2294 4337 2560 4391 Scribtum
2579 4346 2679 4391 est.
2701 4334 2812 4390 Non
2835 4338 2886 4391 in
2914 4353 3049 4406 pane
3065 4338 3182 4391 solo
3204 4337 3340 4390 vivet
3359 4335 3521 4389 homo
3542 4334 3635 4388 sed
3661 4335 3712 4390 in

2113 4409 2259 4462 omni
2291 4408 2456 4462 verbo
2496 4409 2637 4478 quod
2671 4410 2919 4478 procedit
2947 4409 3015 4464 de
3042 4423 3138 4463 ore
3184 4407 3456 4464 Dei.Tuuc
3491 4406 3714 4461 adsum-

2134 2937 2332 3006 ipsum.
2359 2938 2427 2992 Et
2454 2952 2584 2994 ecce

1088 4524 1484 4582 VABIANTES
1524 4521 1905 4598 LECTIONES
1943 4521 2207 4580 CODICIS
2248 4522 2358 4579 MS.
2400 4523 2457 4583 S.
2498 4521 3004 4579 GERMANENSIS.

405 4617 412 4675 ᾗ
471 4614 490 4680 ξ
523 4613 586 4680 Et
606 4617 899 4679 prohibebat
921 4633 1033 4670 eum
1054 4620 1321 4680 Jobannes,
1345 4620 1517 4670 dicens

469 4678 490 4708 ³
523 4677 718 4746 Etcum
741 4681 1064 4746 baptizaretur
1081 4685 1244 4743 Jesus,
1274 4677 1436 4746 lumen
1455 4693 1683 4746 magnum
1705 4678 1926 4746 fulgebat
1939 4678 2003 4729 de

405 4749 557 4812 aqua;
582 4743 647 4812 ita
673 4751 726 4793 ut
751 4743 988 4812 timerent
1018 4745 1296 4812 omnes_qui
1335 4745 1626 4807 congregati
1651 4743 1808 4796 erant.
1833 4743 1896 4810 Et
1915 4743 2002 4794 ba-

404 4803 585 4863 ptizata
608 4803 747 4865 Jcsu,
774 4805 1047 4868 confestim,
1074 4815 1169 4858 etc.
1195 4803 1244 4837 ι’

471 4863 492 4896 ³
523 4863 601 4915 De
625 4867 807 4918 c0310...
836 4871 1125 4921 venientem
1148 4872 1199 4922 in
1221 4871 1382 4935 ipsum

2176 4619 2198 4646 ’⁵
2231 4615 2302 4664 Ad
2329 4629 2441 4664 eum
2465 4615 2638 4665 dicens

2173 4679 2194 4740 ξ
2231 4677 2286 4727 in
2304 4691 2400 4740 quo
2425 4680 2555 4727 bene
2583 4678 2769 4740 placui,
2798 4679 2956 4739 ipsum
2977 4678 3142 4728 audite
3168 4672 3198 4718 δ

2175 4739 2196 4771 ⁸
2229 4739 2452 4790 Accessit
2474 4740 2532 4789 ad
2557 4753 2669 4789 eum
2696 4747 2928 4798 tentator,
2958 4747 3009 4790 et
3031 4741 3154 4790 dixit

2173 4803 2193 4823 '
2203 4802 2644 4916 respondens
2659 4801 2685 4850 J
2692 4815 2806 4852 esus
2823 4803 3004 4878 dixit...
3026 4804 3074 4864 iu
3094 4813 3218 4866 pane
3237 4808 3485 4854 tantum...
3511 4803 3562 4851 in
3581 4801 3713 4851 omni

2176 4879 2199 4914 r
2337 4879 2400 4915 ei.

2111 4879 2264 4916 VBI‘DO
2288 4879 2400 4915 υρι.

1709 4951 2076 5010 ιιιΑΝριιιΝι
2114 4949 2346 5006 NOTAE.

482 5051 509 5080 α
540 5041 691 5118 Unde
715 5049 967 5118 sumserit
997 5049 1271 5118 Interpres
1292 5047 1516 5104 Latinus
1542 5044 1849 5114 huiusmodi
1879 5059 2005 5099 ver-

2109 5040 2203 5096 llla
2229 5042 2448 5097 claritas
2467 5083 2482 5108 ,
2509 5024 2648 5098 idem
2674 5042 2825 5099 credi
2860 5050 3037 5112 potest
3065 5042 3210 5113 quod
3249 5042 3430 5097 lumen
3458 5057 3714 5113 maguum

407 5113 489 5198 ba.
523 5117 612 5169 vix
652 5117 808 5173 nobis
836 5121 1110 5202 conjicere
1138 5113 1265 5202 licet
1296 5122 1459 5202 :_quia
1505 5121 1558 5202 in
1588 5113 1795 5202 Graecis
1820 5159 1837 5185 ,
1883 5130 2004 5188 quae
2109 5113 2318 5182 fulgens
2350 5114 2400 5202 in
2428 5130 2588 5184 aqua,
2619 5115 2744 5169 dum
2773 5115 2930 5184 Jesus
2960 5115 3359 5187 baptizaretur,
3382 5115 3536 5186 juxta
3565 5116 3718 5202 codi-

406 5186 580 5257 prima
603 5198 749 5255 sunt,
767 5204 873 5242 non
901 5186 1382 5248 habentur.Codex
1409 5209 1508 5246 ms.
1526 5186 2007 5250 SanCertnanem

410 5259 486 5313 sis
530 5259 729 5332 retinet
755 5260 917 5332 solus
945 5262 1378 5320 additamentum
1403 5264 1598 5332 isthoc,
1632 5274 1714 5323 at.
1753 5261 1810 5317 ui
1858 5259 2008 5316 fallat

410 5344 510 5383 nos
531 5331 735 5406 opinio,
751 5331 853 5406 hoc
866 5332 1040 5402 ipsum
1061 5335 1256 5406 legisse
1272 5336 1483 5390 videtur
1498 5331 1784 5406 presbyter
1803 5333 1972 5406 .iuven
1986 5360 2005 5370 -

415 5413 534 5455 cus.
551 5401 715 5458 Libro
734 5405 876 5459 enim
891 5401 1058 5474 priori
1083 5401 1424 5476 Evvattgelicm
1441 5401 1691 5461 Historiae
1713 5407 1792 5460 sic
1813 5403 1975 5459 habet
1993 5419 2004 5456 :

506 5490 627 5561 Haec
651 5509 946 5561 memorans,
974 5499 1159 5561 vitreas
1182 5498 1474 5561 penetrabat
1495 5499 1708 5548 fluminis
1729 5497 1901 5558 undas,

506 5556 741 5619 Surgenti
764 5556 1017 5611 manifesta
1037 5560 1134 5642 Dei
1161 5556 1441 5624 praesentia
1462 5560 1637 5625 claret,
1662 5568 1761 5611 etc.

2107 5200 2226 5240 cem
2257 5193 2499 5244 nostrum
2527 5201 2628 5249 ms.

2185 5255 2210 5294 δ
2261 5256 2518 5322 Hilarius,
2549 5257 2645 5313 lib.
2705 5273 2756 5312 ιχ
2800 5256 2869 5314 de
2895 5256 3088 5313 Trinit.
3114 5301 3129 5324 ,
3173 5273 3323 5314 num.
3365 5257 3601 5316 30:11:}:
3643 5269 3719 5316 est

2116 5327 2162 5401 _F
2164 5328 2286 5382 ilius
2315 5345 2459 5401 meus
2488 5328 2702 5401 dilectus
2750 5330 2801 5401 in
2827 5345 2927 5399 quo
2958 5330 3080 5401 bene
3107 5331 3300 5401 placui,
3345 5329 3479 5384 hunc
3511 5332 3712 5386 audite.

2109 5397 2185 5453 Ita
2209 5414 2331 5454 eum
2350 5400 2567 5474 legisse
2582 5400 2740 5455 ﬁdem
2758 5397 2893 5474 facit,
2909 5416 3008 5454 nis.
3033 5397 3127 5457 Col
3137 5403 3395 5458 bertinus.
3413 5401 3718 5474 Cyprianus

2117 5483 2315 5538 autem,
2342 5472 2398 5527 in
2421 5487 2522 5542 quo
2550 5472 2672 5526 bene
2692 5473 2850 5540 sensi,
2879 5473 3048 5538 ipsum
3074 5474 3266 5528 audite.

503 5662 839 5758 ςαλ
955 5674 1097 5742 coelo
1119 5685 1215 5758 ;_et
1239 5678 1309 5758 ita
1341 5677 1471 5758 cod._
1495 5677 1654 5758 Cant.
1678 5720 1693 5744 ,
1726 5679 1777 5736 ἐκ
1801 5676 2011 5758 τοὶοὖρι

2135 5714 2146 5728 .
2279 5671 2494 5758 Addunt
2523 5671 2588 5732 ad
2605 5688 2720 5731 eum
2741 5714 2756 5743 ,
2781 5687 2902 5730 cum
2930 5674 3052 5732 cod.
3071 5673 3227 5732 Cant.
3259 5674 3388 5758 πρὸς
3407 5674 3579 5733 αὐτόν.

435 5733 524 5819 (⁸)-
556 5733 754 5816 Dee“:
792 5744 929 5815 σμοᾴ
969 5733 1198 5825 procedit
1219 5733 1439 5826 diali;
1457 5733 1611 5824 itaet
1637 5733 1693 5822 iii
1718 5733 1839 5810 cod.
1869 5733 2125 5824 (ἰαιίιβιν.
2150 5733 2203 5808 ei
2227 5733 2346 5811 Lat,
