2027 3099
192 125 241 153 ιεγ
674 121 898 156 EVANGELIUM
914 120 1096 154 SECUNDUM
1118 121 1335 157 MATTIUEUM.
1784 122 1835 151 158

388 182 502 213 tJQDlSX
524 181 790 211 YERCELLENSIS.

187 229 215 258 5.
237 229 264 257 in
278 233 397 265 sanctam
607 228 721 258 Satanas
738 238 744 254 :
758 228 848 265 Serip-

186 265 337 298 civitatem,
354 263 393 293 et
606 268 663 292 tum
678 268 719 292 est
732 263 803 291 enim
819 271 826 290 :

185 301 283 328 statuit
296 309 354 328 eum
606 300 749 337 Dominum
763 300 846 334 Deum
860 303 902 337 tu-

184 344 270 372 supra
283 337 397 372 pinnam,
606 343 650 372 um
664 335 759 372 adora-

185 370 290 407 templi,
305 378 332 400 et
345 373 382 401 ait
393 371 426 405 il-
539 406 544 407 ,
605 371 646 399 bis
657 392 664 404 ,
680 378 708 399 et
719 370 770 406 ipsi
779 377 823 400 so-

184 409 211 435 6.
225 408 259 435 li:
271 408 299 436 Si
312 408 382 436 ﬁlius
394 407 442 437 Dei
457 414 498 440 es,
510 406 568 437 mit-
604 406 621 434 li
636 407 748 435 servies.

183 449 210 471 te
230 449 256 472 te
271 444 410 475 deorsum.
604 443 649 470 Η.
666 443 776 470 Tunc...
792 441 869 477 liquit

183 479 320 514 Scriptum
337 485 379 508 est
602 485 711 506 eum....

182 515 273 543 enim:
603 519 639 542 et.
663 535 669 541 .
695 535 701 541 .
724 534 732 541 .
756 534 762 541 .

217 551 385 587 Quiaange—
605 569 612 577 .
747 569 754 577 .
795 570 801 577 .
843 570 849 577 .
889 569 897 576 .
936 568 944 576 .

220 587 255 615 lis
269 588 324 619 suis
338 585 415 618 inan-
603 590 631 613 et
643 585 782 615 ministra-

220 622 303 656 davit,
318 628 348 656 ut
602 621 669 649 bant
682 622 718 649 ei.

219 659 373 687 custodlant
602 657 645 684 12.
668 658 734 685 Cum
754 657 875 687 audiSset

601 692 690 720 autem
706 693 784 721 Iesus

217 699 253 726 te,
267 699 295 722 et
310 695 335 722 in
354 693 441 728 mani-

602 729 671 763 quod
683 729 783 757 Iohan-

214 729 265 758 bus
281 730 377 758 tollant
392 734 428 764 te,

214 773 249 793 ne
264 765 335 793 forte
350 765 391 795 οἱ·
601 771 649 792 nes
662 765 776 793 traditus

214 801 310 829 {endas
324 801 358 829 ad
372 801 412 829 la-
599 804 655 833 est,
672 802 784 828 secessit
796 800 822 827 in

213 837 305 872 pidem
321 837 417 873 pedem
557 866 561 871 ,
600 835 648 873 1'5.
665 836 810 873 Galilaeam
825 844 831 864 :
848 839 875 867 et

600 872 693 899 relicta
707 871 804 899 civita-

600 910 627 934 te
638 907 769 935 Nazareth
779 928 785 939 ,
801 914 849 938 ve-

601 943 641 970 nit
653 964 660 975 .
675 949 702 970 et
716 943 846 970 habitavit

600 978 626 1005 in
642 978 831 1013 Capltarnaum

600 1015 732 1041 maritima
745 1035 752 1046 ,
768 1014 794 1041 in

598 1049 697 1077 ﬁnibus
706 1050 811 1077 Zabul..
818 1070 824 1076 .

213 877 301 900 tuum.

176 908 204 935 7.
227 909 271 935 Ait
290 909 326 936 illi
347 909 444 937 iterum
462 907 561 937 Iesus:

176 943 314 979 Scriptum
329 949 385 971 est:

175 979 235 1007 Non
249 980 394 1014 temptabis

174 1015 321 1043 Dominum
336 1015 386 1045 De-

175 1059 222 1077 um
239 1055 324 1078 tuum.

174 1087 205 1114 8.
220 1086 321 1114 lterum
337 1086 463 1122 adsump-
600 1086 644 1112 M.
656 1091 692 1122 ret
706 1085 860 1120 Nepthalim
876 1093 882 1112 :
895 1089 925 1112 ιιι

174 1122 212 1150 sit
223 1130 286 1151 eum
301 1122 398 1154 Diabo—
437 1121 440 1122 ⁷
598 1121 757 1156 impleretur

175 1158 220 1185 lus
236 1158 262 1185 in
274 1163 394 1186 montem
596 1157 667 1194 quod
686 1157 794 1194 dictu...

175 1194 315 1222 excelsum
328 1195 386 1222 val-
595 1198 636 1222 rat
652 1200 699 1227 per
712 1193 794 1220 Es....

175 1229 212 1257 de
224 1238 230 1255 :
246 1234 274 1257 et
289 1229 409 1261 ostendit
422 1229 448 1265 ei
596 1229 780 1265 Proidietamr:

174 1266 268 1328 timui;
281 1273 361 1328 reglnq
403 1263 425 1270 λ’
597 1265 640 1294 15.
661 1264 745 1292 Terra
764 1263 848 1292 2a....

205 1309 393 1328 uni.eeo-

205 1309 393 1334 unat,etgtq-
597 1323 602 1328 .
644 1320 650 1327 .
692 1321 698 1326 .
739 1319 746 1326 .
787 1320 794 1327 .
833 1319 841 1327 .
883 1319 889 1326 .
929 1319 936 1326 .

175 1309 393 1342 munduetglo;
597 1323 602 1328 .
644 1320 650 1327 .
692 1321 698 1326 .
739 1319 746 1326 .
787 1320 794 1327 .
833 1319 841 1327 .
883 1319 889 1326 .
929 1319 935 1326 .

174 1344 373 1370 riameorum,
595 1358 602 1365 .
644 1356 650 1363 .
689 1355 697 1363 .
738 1355 746 1362 .
786 1355 793 1364 .
834 1355 841 1363 .
881 1354 889 1362 .
929 1355 935 1362 .

176 1372 203 1399 9.
225 1372 331 1410 etdigit
347 1372 497 1410 i_lli;Haec
595 1392 602 1399 .
643 1391 650 1399 .
691 1390 698 1397 .
739 1391 745 1397 .
787 1390 794 1397 .
834 1389 842 1398 .
881 1390 889 1398 .
929 1390 936 1398 .

175 1409 267 1435 omnia
284 1408 389 1439 tibida-
459 1408 461 1410 '
594 1428 602 1435 .
642 1427 649 1435 .
690 1426 697 1433 .
738 1426 745 1434 .
786 1426 792 1433 .
834 1425 841 1433 .
881 1426 889 1433 .
926 1428 935 1440 ,

176 1443 212 1480 bo
224 1464 232 1476 ,
247 1444 269 1471 si
285 1440 429 1478 procidens
594 1443 632 1480 (ὁ)
648 1442 785 1472 Galilaeae
799 1442 820 1480 -ι-
832 1450 899 1480 gen:

175 1478 335 1517 adoraveris
349 1488 420 1517 me.“
439 1514 451 1517 _
593 1478 637 1517 l6.
659 1479 726 1517 tium
737 1499 744 1511 ,
757 1478 873 1517 populus

176 1515 225 1557 10..
243 1515 320 1557 Tunc
334 1515 371 1551 ait
383 1515 422 1553 illi
437 1514 535 1557 Iesus:
592 1516 640 1557 qui
650 1514 762 1557 sedebat

174 1550 243 1580 vade
257 1556 333 1580 retro
406 1550 410 1553 ’
441 1550 445 1557 ’
488 1552 491 1556 ’
590 1551 617 1579 in
634 1551 753 1578 tenebris
765 1571 772 1584 ,

390 1612 507 1640 CODEX
520 1612 755 1640 COBBEIENSIS.

173 1666 235 1687 eum
253 1659 376 1686 diabolus
399 1659 425 1686 in
441 1663 562 1687 sanctam
583 1658 719 1689 civitatem
731 1678 738 1689 .
755 1663 781 1686 et
804 1658 895 1685 statuit
910 1665 972 1686 eum

173 1702 255 1729 supra
279 1695 388 1728 pinnam
409 1695 512 1731 templi,
527 1699 563 1731 ret
578 1695 645 1724 dixit
664 1695 703 1723 ei:
720 1695 748 1725 Si
769 1695 839 1727 ﬁlius
858 1702 886 1721 es
912 1694 971 1731 Dei,

173 1731 252 1758 mitte
267 1734 293 1757 te
311 1731 451 1760 deorsum.
475 1730 610 1766 Scriptum
625 1736 665 1758 est
682 1731 767 1757 enim:
787 1730 853 1765 Quia
868 1730 971 1766 angelis

174 1767 231 1792 suis
255 1766 392 1794 mandavit
414 1766 448 1794 de
471 1771 508 1799 te,
526 1771 553 1794 ιιι
568 1766 595 1796 in
618 1766 741 1795 manibus
765 1767 860 1793 tollant
875 1770 915 1795 te.
939 1774 972 1792 ne

173 1801 243 1828 forte
269 1801 390 1829 olTeudas
415 1802 423 1817 ¹
450 1801 482 1829 ad
495 1802 608 1835 lapidem
625 1802 719 1836 pedi-ni
736 1806 821 1829 tuum.
848 1801 891 1828 Ait
907 1801 943 1828 illi
963 1802 972 1816 '

172 1836 265 1865 Jcsus:
283 1837 397 1864 Rursum
409 1840 538 1872 scriptum
553 1841 611 1866 est:
627 1837 684 1865 Non
700 1837 815 1864 tenlaliis
832 1837 972 1863 Dominum

174 1873 259 1899 Deum
270 1878 353 1901 tuum.
364 1871 599 1906 llerumrassumsit
609 1881 670 1900 eum
680 1871 807 1900 Diabolus
815 1873 839 1899 in
854 1877 972 1901 montem

173 1908 310 1935 excelsum
326 1908 418 1936 valde:
432 1914 455 1936 el
469 1909 588 1936 ostendit
598 1909 622 1935 ei
634 1910 722 1936 omnia
737 1916 818 1942 regna
831 1907 932 1940 Mundi,
946 1912 973 1934 et

174 1943 308 1976 'gloriam
330 1952 436 1977 eorum,
453 1948 480 1971 et
490 1945 556 1971 dixit
572 1944 628 1971 illi:
648 1943 720 1972 Haec
731 1944 819 1971 Omnia
833 1943 878 1970 tibi
891 1943 971 1976 dabo,

171 1979 194 2006 si
209 1980 219 1994 ⁸
231 1979 333 2007 eadens
353 1979 511 2009 adoraveris
534 1988 587 2007 me.
602 1979 678 2007 Tunc
689 1979 755 2007 dicit
765 1979 789 2007 ei
802 1978 900 2007 Iesus:
920 1978 972 2006 Va-

172 2015 206 2041 de
229 2020 241 2032 ιι
256 2020 330 2042 retro
346 2015 459 2043 Satanas
477 2025 482 2042 :
496 2015 632 2049 Scriptum
657 2021 698 2042 est
713 2018 784 2043 enim
799 2024 806 2043 :
829 2015 971 2042 Dominum

173 2050 256 2079 Deum
271 2055 348 2078 tuum
364 2050 501 2085 adorabis,
514 2056 541 2078 et
554 2051 590 2078 illi
604 2051 654 2078 soli
666 2053 778 2078 servies.
805 2050 880 2078 Tunc
903 2049 913 2065 ⁸
929 2058 972 2077 re-

174 2086 248 2119 liquit
260 2094 321 2115 eutn
338 2086 465 2114 Diabolus
480 2095 486 2113 ε
509 2091 536 2114 et
551 2094 614 2114 ecce
635 2086 731 2122 Angeli
746 2090 932 2119 accesserunt,
945 2090 972 2114 et

173 2123 363 2157 ministrabant
381 2123 415 2149 ei.
436 2122 523 2157 Quum
551 2127 640 2149 autem
658 2122 775 2154 audisset
791 2122 885 2155 Iesus,
900 2122 971 2156 quod

173 2156 310 2186 Iohannes
333 2156 455 2185 traditus
470 2164 558 2190 esset,
588 2158 700 2185 secessit
716 2158 741 2184 in
757 2157 903 2185 Galilaeam
923 2166 928 2183 ε
944 2161 972 2185 et

175 2194 268 2220 relicta
283 2193 394 2222 civitate
409 2192 559 2226 Nazareth,
576 2194 665 2226 venit,
679 2199 706 2220 et
723 2193 854 2220 habitavit.
876 2193 902 2219 in
920 2192 971 2220 Ca-

171 2228 322 2270 phaniaum
341 2229 491 2270 litari-lima,
512 2229 538 2257 in
556 2228 801 2270 finibusz.ibtt10ti,
816 2233 844 2256 et
860 2228 969 2270 “Nepht-

171 2264 254 2300 halitu
272 2274 279 2291 :
299 2270 327 2292 ιιι
349 2264 509 2300 impleretur
523 2264 593 2299 quod
620 2265 721 2292 dictum
742 2269 783 2291 est
798 2272 845 2299 per
860 2264 968 2300 Esaiam

170 2298 338 2336 Prophetam
364 2298 477 2327 :Terra
501 2300 635 2333 Zabulon,
661 2306 687 2328 et
714 2305 784 2336 terra
799 2298 968 2336 Nephlalim,’

169 2335 211 2362 via
245 2337 336 2372 maris
371 2341 447 2363 trans
481 2335 791 2372 Iurdaneni'Galilaeae
824 2335 966 2372 gentium,

169 2371 285 2408 populus
312 2372 358 2408 qui
385 2372 496 2402 sedebat
510 2372 537 2403 in
561 2371 697 2405 tenebris,

1257 184 1372 224 copia);
1394 185 1622 226 VEBONENSIS.

1060 230 1095 258 sit
1108 238 1171 258 eum
1187 230 1284 259 Diabo-
1459 234 1483 261 ei
1498 233 1576 261 Iesus
1588 243 1594 259 :

1053 273 1091 305 iis
1098 266 1123 293 in
1139 271 1262 294 sanetam
1460 269 1533 296 Vade
1546 268 1583 305 (ιι)
1599 272 1673 296 retro

1040 302 1196 342 civitatem,
1210 307 1237 330 et
1459 312 1502 342 me
1513 305 1533 342 -ι-
1547 302 1679 332 satanas:

1039 338 1133 365 statuit
1143 346 1204 375 eum
1303 363 1306 367 .
1459 338 1594 375 Scriptum
1607 344 1650 368 est

1040 380 1122 415 supra
1127 374 1241 415 pinnam
1458 376 1529 415 enim
1541 385 1547 403 :
1563 376 1707 415 Dominum

1040 409 1134 443 templi
1146 430 1153 441 ,
1164 413 1191 437 et
1459 411 1543 439 Deum
1559 416 1632 439 tuum
1670 412 1673 415 ’
1691 413 1693 415 ’

1457 447 1591 479 adorabis,
1610 447 1686 475 etilli

1457 483 1507 509 Soli
1524 483 1634 509 servies.

1040 443 1108 472 dixit
1122 446 1167 472 ei:

1039 479 1068 507 Si
1084 479 1154 507 [ilius
1169 480 1216 508 Dei

1039 516 1175 554 es,‘mille
1190 521 1216 549 te
1457 518 1500 545 11.
1518 519 1591 545 Tunc
1607 518 1720 554 reliquid

1041 550 1180 579 deorsum.
1456 562 1516 581 eum
1533 550 1673 581 Diabolus?

1040 586 1066 614 6.
1088 586 1222 628 Scriptum
1455 595 1482 617 et
1497 598 1559 616 ecce
1573 590 1664 624 Angeli

1040 628 1080 649 est
1092 630 1165 650 enim
1180 632 1186 649 :
1454 631 1635 653 accesserunt.
1653 629 1680 652 et

1454 660 1643 688 tninistrabant
1656 660 1692 688 ei.

1040 657 1115 691 Quod
1129 659 1241 692 Angelis

1221 692 1242 722 it
1457 696 1501 723 12.
1516 695 1582 723 Cum
1599 696 1718 724 audisset

1040 693 1095 721 suis
1105 693 1242 722 mandavit

1041 728 1074 757 de
1091 734 1115 756 te
1126 751 1133 762 ,
1151 734 1180 757 ιιι
1196 731 1222 757 in

1040 765 1164 792 manibus
1180 766 1275 793 tollant

1040 804 1067 828 te
1079 821 1086 833 ,
1101 808 1135 828 ne
1145 801 1214 829 forte

1041 854 1048 862 .
1129 855 1136 863 .
1157 837 1271 872 lapidem

1040 871 1134 905 pedem
1151 871 1236 900 tuum.

1039 906 1065 934 7.
1087 907 1131 934 Ait
1144 908 1181 935 illi
1193 908 1289 936 iterum
1305 917 1312 936 :

1040 942 1174 977 Scriptum
1190 949 1232 971 est
1248 954 1254 972 :

1039 978 1096 1014 iVon
1113 980 1255 1014 temptabis

1039 1013 1182 1041 Dominum
1194 1014 1279 1044 Deum

1039 1053 1125 1077 tuum.

1037 1084 1064 1124 8‘.
1086 1085 1324 1124 lterumadsmnp-

1038 1120 1073 1148 sit
1086 1129 1147 1148 eum
1160 1120 1299 1150 Diabolus"

1038 1157 1064 1183 in
1085 1162 1204 1185 montem
1217 1158 1307 1186 excel-

1036 1199 1097 1219 sum
1111 1192 1189 1220 valde
1201 1202 1208 1221 :
1223 1198 1250 1221 et

1036 1228 1155 1255 ostendit
1170 1229 1194 1256 ei
1209 1229 1299 1257 omnia

1036 1271 1119 1297 regna
1133 1263 1235 1298 Mundi,

1035 1303 1063 1326 et
1077 1298 1207 1326 honorem

1033 1333 1060 1361 9.
1078 1341 1182 1367 eorum,
1199 1339 1226 1362 et

1033 1370 1099 1397 dixit
1113 1370 1169 1397 illi:

1031 1404 1105 1433 Haec
1111 1406 1200 1434 omnia

1034 1441 1079 1468 libi
1096 1441 1177 1474 dabo,

1031 1477 1055 1504 si
1069 1477 1213 1511 precidens

1455 736 1544 759 autem
1560 730 1640 759 Jesus

1454 767 1525 802 quod
1540 767 1670 799 Johannis

1453 803 1567 830 traditus
1579 808 1630 836 est,

1452 839 1566 866 secessit
1579 839 1605 866 in

1452 874 1597 902 Galilaeam
1608 883 1615 902 :

1454 910 1498 937 15.
1515 915 1542 937 et
1557 910 1651 937 relicta

1453 946 1561 973 civitate
1574 945 1718 981 Nazareth.

1452 982 1537 1014 venit,
1553 986 1583 1009 et
1599 981 1727 1008 habitavit

1452 1016 1478 1044 in
1494 1017 1682 1052 Capharnaum

1452 1053 1626 1083 maritimam.

1452 1088 1478 1115 in
1496 1088 1596 1115 ﬁnibus
1610 1087 1661 1115 Za-

1455 1124 1497 1150 M.
1516 1124 1595 1150 bulon
1610 1129 1636 1150 et
1652 1122 1806 1158 Neptalim:

1452 1164 1479 1186 Iit
1493 1160 1651 1192 impleretur

1453 1196 1522 1227 quod
1538 1203 1585 1229 per
1600 1196 1705 1222 Eseiam

1454 1230 1615 1263 l‘rophetam

1453 1266 1553 1291 dictum
1571 1270 1642 1292 erat:

1453 1300 1536 1327 Terra
1551 1301 1682 1333 Zabulon,

1452 1340 1480 1363 et
1497 1336 1582 1363 Terra

1451 1372 1495 1400 15.
1511 1371 1617 1406 Neptali
1635 1391 1642 1398 .
1664 1392 1673 1400 .
1696 1390 1703 1399 .
1725 1390 1733 1398 .
1749 1370 1832 1399 maris

1451 1410 1525 1434 trans
1539 1405 1675 1436 Iordanen
1690 1406 1730 1443 (ὁ)
1829 1405 1831 1408 ’

1451 1443 1572 1471 Galileae
1585 1443 1606 1479 -1-
1713 1460 1717 1464 ι

1451 1479 1583 1512 gentium,
1597 1479 1714 1514 populus

1032 1512 1189 1549 adoraberis
1204 1520 1257 1541 me.
1453 1514 1496 1541 16.
1511 1514 1557 1549 qui
1571 1512 1684 1544 sedebat

1034 1548 1079 1577 10.
1101 1547 1176 1576 Tunc
1189 1549 1258 1576 dixit
1448 1548 1477 1576 in
1490 1547 1619 1583 tenebris,

1257 1612 1374 1640 CODEX
1395 1612 1597 1641 BRIXLANUS.

1039 1659 1092 1694 psit
1106 1666 1167 1687 eum
1184 1659 1311 1687 Diabolus
1335 1660 1361 1687 in
1381 1663 1500 1688 sanctam
1523 1660 1668 1689 civitatem.
1689 1664 1716 1687 et
1738 1661 1831 1687 statuit

1038 1702 1100 1731 etim
1126 1702 1206 1729 supra
1230 1696 1337 1731 pinnam
1366 1695 1468 1729 templi.
1494 1699 1522 1722 et.
1549 1696 1615 1731 dixit
1640 1696 1674 1723 ei.
1704 1696 1732 1723 Si
1761 1695 1831 1723 ﬁlius

1037 1729 1085 1757 Dei
1099 1737 1142 1762 es,
1160 1729 1237 1757 mitte
1251 1735 1276 1757 te
1292 1731 1378 1765 ipsum
1392 1730 1529 1758 deorsum.
1554 1730 1689 1761 Scrilitum
1704 1736 1744 1758 est
1756 1733 1829 1758 enim

1037 1766 1097 1800 quia
1125 1766 1233 1800 Angelis
1261 1767 1318 1801 suis
1350 1766 1486 1794 mandavit
1510 1767 1543 1793 de
1571 1771 1612 1793 te.
1634 1770 1664 1793 ut
1692 1767 1717 1793 in
1744 1767 1829 1794 maui-

1037 1800 1086 1827 bus
1104 1801 1198 1827 tollant
1223 1806 1264 1828 te.
1282 1809 1316 1828 ne
1329 1802 1435 1837 quando
1451 1801 1571 1837 olleudas
1592 1802 1624 1828 ad
1652 1802 1767 1836 lapidem
1784 1810 1831 1835 pe-

1036 1836 1096 1862 dem
1113 1841 1199 1864 tuttm.
1215 1836 1258 1863 Ait
1274 1837 1310 1868 illi
1334 1836 1431 1863 iterum
1451 1836 1529 1863 Iesus
1549 1837 1685 1864 Scriblum
1702 1843 1753 1864 est.
1770 1837 1830 1864 Non

1035 1872 1180 1906 temptabis
1207 1872 1348 1901 Dominum
1374 1868 1456 1899 Deum
1488 1876 1573 1899 tuum.
1597 1872 1695 1900 lterum
1722 1873 1830 1899 adsum-

1035 1908 1088 1942 psit
1103 1915 1164 1934 eum
1182 1908 1308 1935 Diabolus
1332 1907 1358 1934 in
1387 1913 1504 1935 montem
1526 1909 1662 1935 execlsum
1683 1908 1770 1935 valde.
1798 1909 1830 1936 Et

1034 1943 1152 1979 ostendit
1168 1943 1191 1979 ei
1209 1945 1298 1970 omnia
1313 1951 1394 1978 regna
1410 1943 1511 1971 Mundi.
1537 1949 1565 1971 et
1583 1944 1696 1979 gloriam
1722 1952 1828 1971 eorum.

1035 1977 1069 2005 Et
1084 1978 1152 2006 dixit
1168 1977 1215 2006 illi.
1234 1979 1303 2006 llaec
1317 1977 1406 2006 omnia
1423 1979 1471 2006 tibi
1483 1979 1552 2006 dabo
1566 1977 1595 2006 si
1610 1980 1752 2014 procideus
1766 1979 1829 2006 ado-

1034 2015 1137 2041 raveris
1152 2022 1204 2042 me.
1222 2014 1297 2042 Tunc
1311 2014 1377 2041 dixit
1392 2015 1417 2043 ei
1431 2015 1519 2042 Iesus.
1543 2015 1617 2042 Vade
1630 2015 1726 2042 Sataua
1743 2015 1829 2042 scrib-

1035 2053 1090 2076 tum
1115 2055 1157 2077 est
1180 2050 1251 2077 enim
1272 2050 1414 2077 Dominmn
1431 2051 1512 2078 Deum
1538 2055 1612 2077 tuum
1637 2051 1771 2078 adorabis.
1800 2054 1830 2077 et

1035 2084 1072 2123 illi
1087 2086 1136 2123 soli
1153 2085 1266 2120 servies.
1283 2086 1359 2123 Tunc
1374 2087 1484 2122 reliquit
1496 2095 1560 2123 eum
1573 2086 1709 2123 Diabolus.
1725 2092 1751 2113 et
1766 2093 1829 2118 ecce

1033 2120 1128 2156 Angeli
1145 2120 1316 2149 accesserunt
1329 2126 1356 2148 et
1370 2120 1558 2149 ministrabant
1580 2122 1614 2149 ei.
1642 2120 1760 2149 Audiens
1783 2130 1826 2147 an.

1034 2161 1086 2183 tem
1102 2156 1180 2184 Iesus
1195 2157 1264 2192 quod
1276 2157 1413 2184 Iohannes
1428 2157 1542 2192 traditus
1553 2162 1594 2184 est
1607 2158 1716 2184 secessit
1739 2157 1765 2184 in
1778 2156 1830 2184 Ga-

1033 2191 1133 2219 lileam.
1156 2198 1181 2225 et
1198 2191 1290 2219 relicta
1304 2193 1412 2220 eivitate
1425 2191 1439 2211 δ
1456 2193 1597 2220 Nazaretli.
1626 2193 1699 2220 venit
1713 2197 1740 2220 et
1754 2192 1830 2219 habi-

1033 2227 1098 2265 tabit
1116 2228 1142 2255 in
1156 2227 1346 2265 Capliaruatim
1359 2229 1520 2259 maritimam
1541 2228 1565 2255 in
1581 2228 1680 2256 ﬂnibus
1695 2228 1827 2255 Zabulon.

1032 2267 1058 2290 et
1070 2263 1204 2300 ﬁeptalim
1223 2267 1245 2290 ο.
1294 2265 1307 2269 “

1070 2298 1102 2326 Ut
1114 2298 1311 2334 ‘adimpleretur
1326 2299 1396 2334 quod
1412 2299 1512 2327 dictum
1529 2303 1570 2327 est
1583 2307 1631 2335 per
1645 2299 1752 2327 Esaiam
1763 2298 1828 2335 Pro-

1032 2333 1114 2371 fetam
1130 2333 1276 2371 dicentem.
1292 2333 1373 2362 Terra
1394 2335 1514 2363 Zabulon
1531 2340 1558 2363 et
1574 2333 1645 2371 terra
1661 2334 1826 2371 Nepthalim.

1033 2369 1080 2396 Via
1107 2370 1189 2432 {naris
1213 2376 1285 2398 trans
1302 2371 1436 2402 Iordanen
1454 2371 1490 2432 Sb)
1507 2371 1610 2399 Galilea
1624 2370 1636 2389 ἀ
1652 2370 1672 2406 -ι-
1695 2370 1824 2405 gentium.

1033 2412 1103 2432 Douu
1119 2413 1149 2432 us
1170 2414 1215 2432 out
1228 2407 1341 2432 sedebat
1355 2407 1380 2432 in
1398 2412 1457 2432 tene
1469 2408 1527 2432 iris.

1033 2407 1149 2440 populus
1170 2414 1215 2442 qut
1228 2407 1341 2435 sedebat
1355 2407 1380 2434 in
1398 2407 1527 2435 tenebris.

513 2460 710 2493 VARIANTES
729 2461 923 2491 LECTIONES
941 2462 1076 2494 CODICIS
1095 2464 1149 2492 MS.
1172 2464 1200 2493 S.
1221 2465 1475 2494 GERMANENSIS.

200 2509 210 2524 ι
228 2508 340 2541 ᾼιειρίιιε

201 2540 212 2555 ³
228 2539 323 2564 lterum
335 2539 424 2566 Iesus:
435 2539 558 2571 Scriptum
573 2542 613 2566 est

201 2571 213 2587 ³
229 2571 348 2596 honorem

1056 2510 1068 2525 ’⁸
1076 2528 1078 2530 τ
1086 2511 1216 2541 procidens

1056 2542 1068 2561 υ
1084 2542 1197 2578 discessit
1209 2543 1240 2568 ab
1252 2549 1283 2569 eo

823 2614 1011 2647 BLANCHlNI
1029 2616 1145 2645 NOTAE.

208 2664 220 2679 ⁸
238 2660 382 2696 Exemplar
394 2660 683 2696 Cantabrigiensecum
701 2661 843 2696 duodecim
854 2661 967 2696 Graecis,

172 2697 254 2724 ὀπίσω
267 2693 336 2732 pou,
352 2701 421 2723 retro
435 2705 484 2724 me.
498 2693 598 2723 Eodem
611 2696 693 2724 modo
702 2693 814 2732 iegebat
828 2693 967 2732 Hilarius,

171 2737 199 2759 et
209 2733 254 2767 alii
270 2732 437 2767 antiquiores
452 2732 554 2759 Latium
569 2732 666 2767 lingua:
681 2732 814 2761 homines.
962 2737 965 2741 ‘

206 2766 219 2786 ι’
235 2766 388 2802 Ειιι-ἰιειηι,
404 2767 481 2803 cujus
494 2774 625 2805 apparent
638 2768 761 2807 vestigia.

1061 2664 1138 2701 crHic
1151 2664 1344 2701 interrupimns
1357 2665 1469 2699 lineam,
1490 2673 1551 2701 qum
1565 2665 1666 2700 aliOqui
1682 2664 1708 2691 in
1722 2663 1824 2701 codice

1023 2703 1065 2736 est
1077 2700 1193 2735 integra,
1207 2701 1407 2736 obsequentem
1422 2700 1552 2734 litteram,
1569 2708 1628 2736 qua:
1643 2700 1824 2734 exporrigitur

1024 2735 1052 2764 in
1060 2736 1188 2773 margine
1201 2737 1277 2772 quasi
1292 2735 1391 2765 navum
1406 2738 1577 2773 principium.

1055 2770 1068 2790 ά
1085 2770 1189 2806 Extrita
1204 2770 1246 2806 est
1261 2782 1273 2800 e
1286 2774 1384 2809 “nalis,
1401 2770 1461 2809 quae
1475 2770 1563 2808 adhuc
1578 2775 1699 2809 inparti,

173 2839 486 2909 eosfléqqagzmﬁ,
502 2839 537 2868 ita
552 2843 580 2879 et
593 2839 660 2884 Cod.
682 2838 761 2881 cam.
777 2840 837 2869 Lat.
853 2845 880 2870 et
893 2841 1015 2897 Graecas,
1028 2843 1111 2889 ῥπισφ
1124 2856 1185 2890 μοι).
1199 2844 1227 2889 ιη
1243 2844 1311 2890 ego.
1327 2843 1443 2899 Vercell.
1459 2842 1535 2890 deest
1557 2850 1607 2880 _me.
1629 2857 1665 2864 -
1681 2841 1719 2881 (b)
1742 2841 1780 2870 lla
1795 2845 1823 2872 et

225 2874 243 2905 .’
249 2876 328 2906 Clnl.
344 2874 487 2911 Γαλιλαίας.
