2027 3099
180 144 231 173 159

374 200 490 230 CODEX
509 199 780 229 VERCELLENSIS.

177 247 266 285 lucem
275 247 314 285 (a)
327 247 402 275 vide-
589 245 731 285 Zebaedei,
749 250 777 274 et

178 283 272 319 runtr-j-
279 281 406 319 'niagnam
418 292 425 310 :
478 318 483 319 γ
589 281 740 319 Johannem

177 324 206 347 et
218 316 314 354 (b)'qui
327 316 456 347 sedebant
470 318 491 354 ’ξ-
594 319 704 354 fratrem
720 316 778 351 ejus

179 354 206 382 in
220 363 264 382 um
269 356 314 383 bra

178 390 274 418 mortis
282 411 289 422 ,
305 390 351 418 lux
367 397 411 418 or-

178 431 204 453 ta
216 430 258 454 est
270 425 332 453 illis.

178 461 223 489 l7.
244 461 348 488 Exinde
359 461 450 496 coepit

177 497 258 525 Jesus
275 496 414 531 praedica-
483 527 485 530 ι

177 540 207 560 re
219 553 227 566 ,
243 537 269 560 et
278 532 369 560 dicere
384 541 390 559 :
407 533 457 561 Pe-

177 568 319 596 nitcntiam
335 568 388 603 agi-

179 608 204 631 te
220 613 227 631 :
241 604 274 630 ad
278 604 439 639 propinqua-

176 639 215 666 vit
224 640 295 666 enim
309 646 368 675 reg-

177 682 242 702 nmu
257 674 411 702 Caelorum.

179 709 222 738 18.
238 709 304 737 Cum
319 710 446 738 transiret

177 751 267 773 autem
283 745 361 773 Jesus
374 753 418 773 se-

176 788 225 809 cus
239 789 314 809 mare
328 780 401 808 Gali-

178 835 186 843 .
209 838 215 844 .
237 824 288 851 ae,
304 817 370 845 vidit
387 817 435 844 du-

594 357 621 384 in
633 353 693 384 navi
708 360 769 380 cum

593 392 665 421 Zeba
684 409 690 415 .
707 408 713 415 .
733 408 740 415 .
758 396 791 415 eo
806 396 849 423 pa-

594 432 636 456 tre
649 432 709 456 suo,
726 424 812 452 refici-

593 469 670 491 entes
683 460 766 488 retias

593 507 655 527 suas
668 508 674 525 ἒ
692 501 719 523 Cl
732 502 808 523 voca.

592 535 639 563 22.
651 534 689 561 vit
703 531 776 559 illos.
789 531 830 559 Ad
845 531 892 566 illi,

593 570 686 599 relicta
699 574 778 600 nave,

588 611 616 634 et
629 610 715 640 patre,
726 610 800 631 secu-

592 642 609 669 ti
624 644 687 668 stmt
701 647 775 666 enin.

590 678 636 705 25.
655 676 689 703 Et
699 674 831 702 circuibat
843 674 922 702 Jesus

594 717 676 740 totam
690 709 808 738 Galilae-

591 756 646 780 am,
660 747 762 774 docens
774 745 799 772 in

591 781 741 819 Synagogis
756 788 805 819 eo:

592 816 663 851 rum,
671 816 701 844 et
714 816 822 850 praedi-

594 861 659 883 cans
673 852 813 886 Evangeli-

594 898 639 918 urn
654 888 739 924 Regni
752 896 759 915 :
772 892 800 915 et

593 932 691 954 curans
705 931 749 950 οιη
757 939 765 944 -

592 970 652 989 nem
666 960 774 993 languo-

591 1005 658 1030 rem,
674 1000 701 1022 et
714 1002 822 1023 omnem

591 1032 773 1060 infirmitatem

633 1068 718 1103 plebe.

173 958 266 986 dream
283 958 393 987 fratrem

173 994 232 1029 ejus
246 995 356 1023 mitten-

175 1034 216 1058 tes
231 1031 326 1058 retiam

174 1065 200 1092 in
217 1073 301 1099 mare,
317 1071 395 1094 erant
591 1069 617 1095 in

172 1102 245 1128 enim
261 1102 377 1137 piscato-
589 1101 639 1131 Et;
654 1104 688 1130 Et
699 1102 763 1128 abiit
777 1101 867 1136 opinio

173 1144 228 1164 res.
589 1140 648 1171 ejus
660 1140 686 1166 ill
701 1142 783 1165 totam

173 1172 217 1210 19.
234 1173 268 1210 Et
282 1174 319 1202 ait
332 1173 386 1201 illis
400 1173 496 1202 .lesus:
589 1174 705 1210 Syriam,
723 1182 738 1201 e
750 1193 759 1201 .
775 1191 784 1200 .
802 1193 807 1199 .
826 1178 885 1208 ptu-

174 1207 268 1237 Veuite
280 1213 340 1243 post
588 1207 678 1237 le'runt
693 1230 699 1237 .
719 1229 725 1235 .
743 1229 749 1235 .
767 1228 773 1235 .
790 1229 797 1235 .

171 1250 225 1277 me,
238 1250 265 1272 et
280 1245 376 1273 faciam
590 1254 638 1273 nes
658 1266 663 1272 .
678 1267 684 1273 .
704 1265 710 1271 .
729 1264 736 1271 .
756 1265 761 1270 .
779 1264 786 1270 .

590 1286 630 1308 tes
645 1281 725 1308 variis
741 1280 797 1307 lan—

590 1317 728 1351 guoribus,
744 1321 799 1342 tor-

591 1353 687 1378 mentis
701 1351 814 1385 adprae—

588 1387 697 1418 llClleS,
715 1391 741 1413 et
756 1387 799 1419 qui

588 1423 714 1449 Demonia
733 1422 811 1448 habe—

587 1458 660 1490 bant,
677 1463 703 1484 et
719 1458 793 1484 luna-

588 1495 666 1525 tieos,
683 1498 710 1520 et
725 1493 830 1528 paraly-

586 1529 662 1562 ticos,
672 1534 705 1566 et
719 1527 758 1563 (d)
774 1527 868 1556 omnes
882 1527 904 1563 'i‘

584 1565 709 1591 curavit:

583 1600 629 1628 25.
646 1604 673 1627 et
686 1599 871 1635 sequebantur

383 1659 500 1688 CODEX
513 1659 747 1688 COBBEIENSIS.

169 1703 256 1731 lucem
280 1704 346 1732 vidit
371 1706 379 1721 ⁸
401 1713 524 1740 magnam
546 1714 552 1732 :
580 1710 608 1733 et
628 1704 786 1732 sedentibus
808 1704 833 1731 in
853 1704 964 1739 regione

169 1743 196 1766 et
209 1739 301 1766 mubra
316 1741 420 1774 mortis,
430 1739 474 1769 lux
485 1746 544 1768 orta
556 1745 598 1769 est
608 1740 658 1768 eis.
673 1741 776 1768 Exinde
786 1740 873 1775 coepit
885 1740 964 1767 .Iesus

169 1775 335 1811 praedicare,
362 1781 389 1804 et
410 1777 500 1804 dicere
517 1786 522 1804 :
541 1776 736 1804 Poenitentiam
757 1775 827 1811 agite
845 1785 850 1802 :
867 1783 964 1811 appro-

170 1810 307 1848 pinquavit
317 1813 388 1839 enim
404 1820 513 1848 regnum
528 1812 682 1839 Coelorum.

206 1847 215 1861 '
226 1846 374 1875 Ambulans
389 1846 476 1875 autem
486 1849 561 1882 juxta
575 1855 649 1875 mare
660 1847 805 1877 Galilaeae.
815 1847 881 1874 vidit
896 1847 964 1874 duos

169 1880 284 1918 fratres,
300 1883 457 1915 Simonem,
473 1880 518 1918 qui
533 1888 642 1910 vocatur
658 1884 753 1910 Petrus
765 1904 773 1916 ,
789 1888 816 1910 et
828 1883 963 1909 Andream

169 1916 279 1957 fratrem
293 1919 351 1952 ejus
364 1939 371 1951 ,
396 1916 613 1957 mittentesrelia
631 1920 658 1945 in
681 1926 755 1945 mare
767 1939 775 1951 ,
801 1924 876 1957 erant
893 1919 963 1945 enim

169 1954 327 1986 piscatores,
342 1959 365 1981 et
381 1954 418 1980 ait
433 1954 502 1981 illis:
518 1954 613 1981 Venite
630 1958 690 1985 post
706 1962 757 1984 me,
772 1954 902 1981 etfaciam
918 1961 965 1980 vos

171 1987 228 2026 fieri
246 1989 393 2026 piscatores
417 1989 566 2016 hominum.
584 1991 627 2026 ﬁt
651 1989 688 2016 illi
711 1990 841 2026 continuo
864 1989 965 2017 relictis

170 2024 270 2050 retibus
285 2024 295 2039 ³
310 2024 393 2051 secuti
407 2030 470 2051 sunt
484 2033 556 2051 eum.
583 2025 616 2051 Et
627 2024 777 2058 procedens
798 2025 876 2057 inde,
901 2026 967 2052 vidit

168 2059 235 2085 alios
254 2059 322 2086 duos
336 2060 432 2087 fratres
444 2081 451 2092 ,
467 2060 596 2087 Jacubum
612 2059 755 2092 Zebedaei,
772 2066 798 2087 et
813 2060 964 2088 Joltaunem

169 2093 279 2122 fratrem
296 2095 354 2129 ejus
367 2115 374 2127 ,
398 2096 423 2122 in
442 2096 503 2122 navi
527 2103 587 2123 cum
603 2095 745 2123 Zebedaeo
761 2102 836 2130 patre
851 2103 943 2123 eorum
958 2117 965 2129 ,

168 2129 322 2158 reficientes
336 2131 405 2158 retia
419 2139 465 2158 sua
482 2140 488 2157 :
513 2136 540 2158 et
554 2131 659 2159 vocavit
672 2138 728 2159 eos.
753 2129 792 2159 Illi
808 2137 897 2159 autem
911 2137 966 2158 sta-

170 2165 217 2205 tim
233 2166 334 2205 relictis
350 2167 359 2181 "
374 2167 476 2194 retibus
491 2171 518 2205 c_t
539 2173 619 2205 patre
630 2188 637 2199 ,
664 2168 747 2205 secuti
763 2172 910 2205 suntcum.
933 2167 966 2194 Et

168 2202 299 2228 circuibat
312 2202 391 2229 .lesus
405 2203 655 2235 totamGalilaeam,
667 2203 767 2230 docens
780 2204 805 2229 in
818 2203 967 2238 Synagogis

168 2244 273 2269 eorum,
289 2243 314 2264 et
330 2238 489 2273 praedii-aus
497 2239 672 2274 Evangelium
689 2238 790 2273 Regni.
805 2245 831 2265 et
845 2239 855 2254 ⁵
869 2246 968 2266 sanans

168 2280 278 2309 omnem
297 2273 453 2308 languorem
467 2294 475 2307 ,
501 2281 527 2301 et
552 2273 659 2301 omnem
677 2274 858 2301 infirmitatem
879 2275 905 2301 in
922 2283 968 2309 po-

168 2309 241 2345 pul’u.
260 2308 294 2335 Et
308 2309 374 2336 abiit
388 2309 397 2323 ⁸
411 2310 501 2344 opinio
516 2310 575 2344 ejus
590 2311 615 2336 in
631 2315 713 2338 totam
729 2309 836 2345 Syriam
850 2331 857 2343 ,
875 2315 901 2337 et
917 2308 965 2337 nb-

168 2342 288 2380 tulerunt
303 2345 327 2372 ei
340 2342 435 2372 omnes
446 2345 515 2372 male
529 2342 669 2378 habentes,
686 2342 767 2374 variis
781 2342 966 2381 languoribus,

167 2383 194 2416 et
207 2381 348 2408 tormentis
367 2382 598 2415 comprehensos.
622 2387 649 2408 et
669 2382 714 2416 qui
733 2382 862 2409 Demonia
884 2381 969 2410 habe—

149 2413 244 2448 .‘bant,
260 2421 288 2442 et
302 2413 446 2450 lunaticos,
461 2418 489 2445 e't
502 2413 719 2452 paralyticos—et
733 2416 743 2432 ⁷
756 2417 860 2445 curavit
873 2424 919 2444 eos
932 2425 939 2444 :

170 1285 218 1306 vos
233 1279 290 1308 fieri
306 1281 359 1315 pis-

170 1319 277 1343 catores
292 1316 379 1343 ltomi-

169 1350 215 1377 20.
233 1358 306 1378 num.
323 1351 364 1378 At]
380 1350 416 1378 illi
432 1358 499 1379 con-

172 1385 256 1418 tinuo,
273 1387 377 1415 relictis

170 1422 245 1448 retiis
259 1423 325 1455 suis,
344 1429 388 1450 se-

170 1456 224 1484 cuti
240 1462 302 1485 snnt
316 1466 389 1486 eum.

169 1491 216 1533 ξιξ
234 1493 266 1520 Ει
278 1494 430 1533 procedens

169 1527 243 1560 inde,
258 1527 325 1556 vidit
337 1537 367 1556 a-

170 1562 221 1590 lios
231 1564 298 1592 duos
314 1564 368 1592 fra-

169 1603 235 1634 tres,
251 1599 381 1629 Jacobum

167 2454 195 2476 et
209 2455 319 2479 secutae
329 2457 393 2480 Slllll

452 142 589 172 EUSEBII
602 140 772 171 VERCELL.
796 140 1019 170 EVANGELIU“
1039 140 1109 169 CUM
1125 138 1238 168 VARflS
1251 138 1328 166 COD.
1348 135 1545 166 COLLATUM.

997 349 998 352 “
1026 351 1051 378 in
1066 351 1173 384 regione

1769 133 1822 162 160

1242 195 1357 223 CUDEX
1378 194 1605 222 VERONENSIS.

1025 244 1110 271 lucem
1127 242 1165 279 (ιι)
1176 242 1303 279 viderunt
1317 240 1338 276 -ι-
1439 240 1583 279 ᾏελὺεᾶῖιθί,
1600 244 1627 268 et

1024 276 1146 314 magnam
1161 288 1166 304 :
1183 278 1219 313 (b)
1232 313 1237 314 γ
1439 276 1579 314 .lohauuen

1025 311 1210 349 qui'sedebant
1224 313 1245 349 ἰ-
1440 312 1550 349 fratrem
1569 311 1638 349 ejus,

1438 349 1463 374 in
1479 347 1599 374 navicula

1437 391 1497 410 cum
1511 382 1653 410 Zebedaeo

1437 424 1514 454 patre
1528 418 1672 453 ipsorum,‘

1439 454 1594 482 reficientes
1607 454 1673 482 retia

1439 498 1486 517 sua
1499 498 1505 516 ἶ
1529 494 1556 517 et
1570 498 1616 516 V0-

1437 526 1508 552 cavit
1522 534 1580 553 eos.

1438 561 1478 588 Illi
1496 566 1596 592 autem,

1437 597 1483 624 22.
1503 597 1604 624 relictis
1619 597 1695 625 retiis

1437 633 1504 665 suis,
1520 638 1545 660 et
1562 639 1639 667 patre
1652 634 1711 665 suo,

1437 669 1521 695 secuti
1536 674 1597 695 sunt
1610 676 1682 695 eum.

1435 704 1481 731 25.
1501 704 1535 731 Et
1546 704 1704 731 circumibat
1717 703 1797 732 Jesus

1437 744 1518 767 totam
1533 739 1651 767 Galilae-

1384 805 1387 808 ,
1436 783 1491 808 am,
1506 775 1608 803 docens
1624 775 1650 802 in

1437 812 1578 846 synagogis
1592 818 1636 838 eo-
1656 820 1657 823 η

1438 854 1508 879 rum,
1525 854 1550 874 et
1568 848 1672 881 praedi-

1438 889 1503 909 cans
1517 890 1631 917 evange-

1439 918 1504 945 lium
1521 918 1595 953 regni
1608 927 1614 944 :
1636 924 1664 947 et

1437 961 1535 981 sanans
1552 962 1611 981 om-

1437 997 1498 1016 nem
1513 990 1623 1024 languo-

1436 1032 1503 1056 rem.
1520 1029 1546 1052 et
1559 1033 1667 1054 omnem

1025 386 1134 413 tunln'ae
1148 384 1252 417 mortis,

1026 422 1070 449 lux
1086 426 1144 448 orta

1024 462 1064 485 est
1077 457 1125 487 cis.

1025 494 1067 521 17.
1081 491 1185 520 Exinde
1198 491 1287 526 coepit

1023 530 1102 558 Jesus
1116 528 1283 563 praedicare,
1344 532 1347 534 ‘

1022 569 1049 592 et
1062 564 1168 591 dicere:
1211 566 1214 569 '
1308 566 1309 569 ‘

1023 600 1216 628 Paenitentiam
1230 599 1311 634 agile,

1022 635 1246 670 adpropinquavit
1262 635 1334 662 enim

1023 679 1133 707 regnum
1145 670 1292 707 caelorum.
1315 674 1330 705 ’ρ

1023 706 1066 735 18ζ
1088 706 1154 734 Cum
1172 706 1299 733 transiret

1021 748 1111 770 autem
1126 740 1162 778 (ι)
1176 741 1322 769 secundum

1021 786 1097 806 mare
1110 777 1257 810 Galilaeae.

1022 814 1090 841 vidit
1104 813 1172 840 duos

1024 850 1131 881 fratres,
1148 849 1298 882 Simonem,

1044 885 1069 912 ui
1083 885 1181 912 dicitur

1048 926 1132 952 elrus,
1149 925 1176 947 et
1190 920 1246 947 An-

1022 961 1085 988 drea
1090 966 1114 984 nt
1129 956 1239 984 fratrem

1021 997 1090 1031 ejus,
1105 993 1214 1034 mitten-

1022 1037 1062 1059 tes
1077 1034 1172 1056 retiam

1021 1068 1048 1095 in
1064 1065 1155 1105 mari,_
1186 1065 1188 1067 ’
1437 1060 1620 1103 inﬁrmitatem

1021 1105 1099 1130 erant
1113 1107 1185 1127 enim
1436 1105 1462 1124 In
1484 1117 1492 1124 .
1517 1116 1524 1123 .
1546 1117 1553 1123 .
1578 1117 1584 1124 .
1607 1117 1613 1124 .
1637 1117 1644 1124 .

1022 1138 1181 1171 piscatores,
1435 1133 1481 1171 24.
1504 1152 1511 1159 .
1529 1154 1535 1161 ,
1553 1152 1559 1159 .
1579 1154 1586 1160 .
1602 1133 1694 1169 opinio
1709 1132 1768 1168 ejus

1436 1168 1462 1196 in
1478 1173 1560 1196 totam

1434 1204 1556 1240 Syriam,
1571 1209 1598 1233 et
1610 1209 1688 1240 optu-

1436 1240 1525 1268 lerunt
1539 1240 1563 1268 ei
1580 1248 1638 1268 om-

1436 1284 1483 1304 nes
1499 1276 1566 1303 niale
1580 1276 1681 1303 baben-

1436 1318 1487 1344 tes,
1505 1313 1586 1339 variis
1602 1312 1660 1338 lan-

1436 1348 1574 1383 guoribus,
1590 1352 1617 1374 et
1630 1352 1685 1374 tor-

1407 1390 1410 1393 '
1437 1385 1534 1410 mentis
1542 1391 1673 1418 conprae—

1437 1420 1546 1451 liensos,
1563 1424 1588 1447 et
1602 1419 1648 1454 qui

1433 1456 1574 1482 daemonia
1589 1455 1674 1482 habe-

1433 1492 1507 1523 bant,
1516 1495 1549 1524 et
1562 1490 1708 1522 lunaticos,

1434 1532 1462 1554 et
1479 1526 1652 1562 paralyticos,
1666 1531 1696 1562 ret

1433 1563 1478 1590 25.
1496 1562 1536 1597 (d)
1550 1561 1644 1589 omnes
1657 1561 1678 1597 -ί-
1689 1561 1794 1589 curavit
1806 1569 1813 1587 :

1431 1603 1459 1626 et
1473 1597 1655 1633 sequebantur

1249 1658 1366 1687 CODEX
1380 1656 1575 1685 BRIXIANUS.

1017 1706 1104 1733 lucem
1134 1705 1200 1732 vidit
1224 1713 1358 1741 magnam.
1390 1710 1417 1733 et
1442 1704 1480 1740 (b)
1502 1704 1547 1739 qui
1576 1702 1716 1741 sedebant.
1731 1701 1813 1741 _-j-_in

1017 1742 1127 1776 regione
1141 1747 1168 1768 et
1194 1737 1288 1770 mubra
1313 1741 1416 1768 mortis.
1437 1737 1482 1767 lux
1503 1737 1561 1776 orta
1581 1744 1621 1766 est
1640 1738 1701 1776 illis.
1731 1737 1816 1776 Esiu-

1017 1774 1060 1804 dei
1070 1778 1161 1811 euepit
1185 1778 1263 1805 Jesus
1293 1777 1449 1811 praedicare
1463 1781 1488 1803 et
1516 1775 1608 1811 dicere
1624 1774 1815 1811 paenitvntjam

1016 1814 1087 1847 agile
1102 1808 1327 1847 adpropinquavit
1350 1813 1421 1839 enim
1451 1810 1724 1847 rcgnumCajelorum.
1746 1808 1813 1847 Cum

1017 1844 1105 1874 autem
1136 1844 1261 1876 trmisiret
1287 1849 1323 1884 (c)
1347 1848 1424 1883 juxta
1453 1844 1527 1873 [nare
1558 1851 1570 1884 ξ
1596 1845 1727 1884 (ὶτιΙίΙιξίιεξ⁸
1748 1844 1816 1884 vidit

1016 1884 1086 1911 duos
1101 1884 1207 1912 fratres.
1223 1880 1362 1912 Simonem
1376 1884 1419 1916 qui
1435 1887 1545 1909 vocatur
1558 1882 1664 1908 Pesrns.
1677 1885 1704 1907 et
1714 1880 1816 1907 Audre-

1016 1927 1059 1946 atu
1085 1920 1196 1946 fratrem
1222 1921 1283 1953 ejus
1306 1920 1443 1946 mittentes
1466 1916 1560 1944 retiah
1582 1918 1606 1943 in
1632 1923 1714 1943 mare.
1739 1920 1817 1953 erant

1017 1955 1088 1982 enim
1114 1950 1272 1989 piscatores.
1290 1960 1316 1981 et
1337 1956 1375 1981 ait
1397 1954 1458 1980 illis.
1477 1953 1722 1989 Venite‘postrtue.
1737 1957 1762 1989 et
1779 1950 1817 1978 fa-

1017 1992 1085 2017 ciam
1103 1987 1150 2017 vos
1165 1990 1221 2018 lit-ri
1238 1992 1387 2025 piscatores
1403 1989 1552 2016 hominum.
1577 1987 1611 2015 At
1633 1988 1670 2014 illi
1686 1987 1817 2014 continuo

1017 2026 1119 2061 relictis
1137 2027 1237 2053 retibus
1253 2027 1336 2053 seculi
1351 2030 1415 2053 sunt
1428 2033 1501 2051 (ιιιιιι.

1055 2062 1086 2088 Et
1102 2063 1249 2095 procedens
1266 2062 1328 2088 inde
1339 2062 1402 2088 vidit
1416 2061 1484 2088 alios
1497 2060 1565 2087 duos
1580 2058 1677 2085 fratres
1686 2058 1815 2095 Iacobum

1018 2093 1133 2125 Zebedei
1149 2102 1176 2125 el.
1188 2098 1338 2125 .lobauucm
1356 2097 1463 2123 fratrem
1479 2096 1539 2131 ejus
1554 2095 1578 2131 ia
1597 2095 1669 2121 navi.
1687 2102 1747 2122 cum
1762 2093 1814 2120 Ze-

1020 2134 1104 2160 bedeo
1119 2138 1195 2167 patre
1208 2142 1300 2160 eorum
1316 2130 1509 2165 componentes
1527 2130 1593 2157 retia
1607 2138 1654 2157 sua
1668 2136 1695 2156 et
1709 2133 1817 2156 vocavnt

1019 2176 1076 2196 eos.
1099 2168 1139 2196 Illi
1155 2175 1244 2197 autem
1258 2169 1348 2196 statim
1363 2168 1457 2195 relicta
1475 2167 1595 2193 navicula
1611 2171 1638 2193 et
1656 2170 1732 2199 patre
1745 2173 1795 2191 suo
1809 2173 1815 2191 :

1018 2205 1104 2231 secuti
1118 2210 1180 2232 sunt
1193 2213 1266 2231 cum.
1285 2204 1318 2231 Et
1330 2204 1461 2231 circuibat
1473 2203 1552 2230 Jesus
1568 2205 1650 2228 totum
1666 2200 1812 2228 Galileam.

1018 2239 1119 2267 docens
1145 2241 1169 2267 iu
1186 2241 1328 2275 synagogis
1349 2248 1453 2267 eorum.
1470 2243 1497 2265 et
1515 2237 1673 2272 praedicans
1696 2244 1816 2271 evange-

1019 2275 1085 2302 lium
1101 2278 1186 2310 regui.
1202 2274 1231 2303 et
1244 2283 1344 2303 sanans
1360 2282 1467 2302 umnetn
1492 2274 1650 2308 languorem
1666 2277 1692 2300 et
1707 2280 1816 2299 onmem

1019 2310 1203 2338 infirmitatem
1221 2312 1247 2338 in
1263 2311 1370 2346 populo.

1057 2347 1089 2373 Et
1101 2347 1167 2374 abiit
1179 2343 1270 2381 opinio
1281 2343 1339 2381 ejus
1354 2347 1380 2373 in
1397 2349 1479 2372 totam
1491 2343 1610 2381 Syriam.
1624 2343 1817 2381 etioptulerunt

1019 2382 1045 2409 ei
1071 2390 1167 2410 omnes
1182 2379 1252 2409 male
1274 2379 1404 2409 habentes
1426 2381 1508 2408 variis
1531 2379 1704 2414 languoribus
1717 2384 1745 2406 et
1758 2384 1817 2406 tur-

1020 2417 1118 2445 mentis
1135 2426 1221 2453 coupr
1236 2423 1246 2437 ε
1261 2419 1378 2445 ebensos
1393 2421 1420 2444 et
1437 2416 1482 2451 qui
1501 2415 1643 2453 daemonia
1668 2414 1816 2443 habebant.

1021 2460 1047 2481 et
1063 2451 1206 2482 lunaticos.
1229 2458 1257 2481 et
1286 2453 1459 2489 paralyticos.
1482 2455 1509 2479 et
1526 2451 1631 2479 curavit
1649 2457 1707 2478 eos.
1726 2455 1753 2478 et
1769 2458 1813 2478 se-

1020 2493 1103 2517 cutae
1119 2494 1182 2517 sunt

1021 1178 1049 1202 et
1063 1173 1100 1200 ait
1113 1172 1181 1198 illis:

1020 1209 1065 1237 19.
1086 1207 1182 1235 Venite
1196 1209 1257 1241 post

1021 1253 1075 1276 me,
1092 1248 1120 1271 et
1133 1242 1229 1270 faciam

1022 1288 1071 1308 vos
1085 1279 1143 1306 fieri
1158 1278 1198 1313 pi-

1020 1314 1140 1344 scatores
1156 1314 1245 1341 bom‘iu

1018 1351 1065 1379 20.
1087 1358 1160 1378 num.
1181 1349 1221 1377 Ad
1236 1349 1275 1376 illi

1019 1387 1148 1414 continuo
1163 1386 1266 1413 relicus‘

1019 1422 1095 1449 retiis
1107 1422 1173 1451 suis.
1191 1422 1233 1447 se-

1019 1458 1074 1485 cuti
1090 1462 1152 1484 sunt
1168 1463 1241 1483 eum.

1018 1493 1064 1521 2L
1077 1493 1110 1520 Et
1124 1492 1289 1527 praecedens

1019 1529 1093 1562 inde,
1108 1529 1175 1555 vidit

1017 1565 1085 1591 alios
1100 1564 1168 1591 duos
1183 1563 1239 1591 fra-‘

1018 1605 1085 1633 tres,
1099 1599 1230 1628 Jacobum

504 2541 703 2570 VABIANTES
722 2541 914 2571 LECTIONES
933 2542 1065 2573 CODlClS
1084 2544 1139 2573 MS.
1160 2546 1189 2573 S.
1210 2543 1462 2573 GERMANENSIS.

154 2602 159 2605 .
198 2587 207 2602 ί
225 2585 341 2622 viderunt
357 2592 476 2617 magnam.
497 2587 544 2618 Qui
563 2588 666 2614 sedebat
685 2588 710 2613 in
732 2589 838 2620 regione
860 2590 961 2616 umbrae

166 2621 251 2642 mortis

199 2650 209 2696 ς
296 2649 411 2674 transiret
421 2651 505 2685 autem

255 2687 276 2706 ιε

1047 2590 1058 2624 ξ
1076 2592 1148 2617 retiis
1159 2592 1211 2617 suis
1221 2597 1248 2618 et
1259 2597 1328 2624 patre
1339 2598 1384 2617 suo

1047 2622 1058 2638 ⁸
1075 2630 1164 2648 curans

1032 2679 1035 2682 ί
1049 2655 1060 2670 ο
1076 2654 1138 2679 fama

1050 2686 1060 2701 "
1077 2693 1164 2712 omnes
1175 2687 1276 2712 curavit.
1288 2686 1320 2712 Et
1330 2685 1499 2717 sequebantur

823 2707 1008 2755 sumentur
1027 2707 1143 2756 Nor—1E:

202 2775 217 2808 ᾗ
232 2770 335 2808 ξᾳιιιίιε
350 2775 392 2798 est
406 2779 431 2798 νη
445 2770 543 2803 dualis,
562 2779 623 2807 quae
636 2771 725 2808 adhuc
738 2777 860 2808 apparet.

178 2835 181 2840 ,
200 2805 281 2842 {Hic
297 2808 397 2842 pariter
409 2808 507 2835 extrita
523 2805 603 2841 estjm
618 2807 716 2835 liualis.

1057 2783 1068 2798 ο
1084 2778 1188 2805 Extrita
1204 2782 1246 2805 est
1260 2785 1276 2804 a
1288 2780 1435 2813 apparente
1451 2776 1574 2812 vestigio.

202 2864 294 2907 (gnua
309 2869 337 2892 et
350 2864 500 2907 cod.‘Cannt.
514 2854 630 2907 εἶδον-τ-
645 2866 685 2904 (b)
697 2866 736 2896 Ita
749 2871 777 2896 et
790 2867 852 2896 cod.
862 2867 941 2897 Cant.
954 2869 963 2906 (

1032 2870 1055 2899 οἱ
1067 2870 1211 2906 καθήμενοι.
1233 2884 1269 2891 --
1283 2868 1319 2907 (ε)
1334 2868 1417 2898 Deest
1430 2868 1507 2897 lem
1520 2868 1601 2898 etiam
1621 2867 1648 2896 in
1664 2866 1725 2898 cod.
1739 2866 1817 2895 Cant.

168 2900 261 2937 —--'('d)
280 2900 318 2931 lta
331 2904 359 2930 et
372 2900 434 2930 cod.
450 2900 528 2930 Cant.
543 2904 650 2934 πάντας.
