2027 3099
178 181 229 215 tua
447 182 580 213 EUSEBII
601 178 770 210 VEBCELL.
792 166 1017 208 EVANGELIUM
1036 167 1107 207 CUM
1126 176 1241 207 unus
1260 174 1337 206 con.
1358 175 1552 206 COLLATUM.
1770 173 1821 202 ιω

371 238 488 270 CODEX
506 235 777 268 VERCELLENSIS.
806 263 807 266 η

176 295 254 320 erant
270 294 332 318 ante
343 297 401 318 vos.

176 327 220 355 15.
236 326 290 354 Vos
304 326 369 353 estis
382 324 422 352 sal
437 328 491 353 ter-

175 370 233 391 rae.
247 361 323 396 Quod
335 361 357 388 si
371 360 411 388 sal

175 398 325 428 evanuerit,
380 428 384 430 γ

175 442 228 469 quo
245 431 385 469 sallietur?

175 468 208 496 ad
224 468 338 496 nihilum
353 475 400 495 va~

175 504 212 532 let
226 503 277 541 (a),
293 503 344 538 nisi
355 506 385 531 ut
399 502 461 540 mit:

175 539 247 568 tatur
262 539 334 567 foras
348 547 355 565 :
370 544 398 566 et
411 546 477 566 cou-

174 576 295 604 culcetur
307 575 342 602 ab
356 574 405 602 ho-

175 611 304 639 minibus.
447 636 449 639 ,

175 648 220 674 M.
236 646 292 674 Vos
306 645 371 673 estis
383 645 429 673 lux
441 643 491 673 bu-

173 682 218 718 jus
233 681 338 718 mundi.
353 680 410 709 Non
462 687 464 689 ‘

175 717 263 753 potest
274 717 368 745 civitas

176 753 306 782 abscondi
320 760 367 780 su-

176 796 224 824 pra
242 793 362 824 montem

175 823 219 852 15.
235 825 295 852 sita.
308 823 402 859 Neque
415 829 461 851 ac-

175 860 294 888 cendunt
308 860 349 887 lu-

174 903 294 928 cernam,
312 899 339 922 et
351 901 400 929 po—

174 937 242 959 nunt
253 939 312 959 eam
323 930 374 959 sub

174 967 304 997 modium.
318 966 367 994 sed

173 1010 256 1037 super
267 1002 367 1037 cande-

173 1036 289 1071 labrum,
302 1043 331 1064 ut
341 1036 383 1064 lu-

174 1078 235 1101 ceat
248 1073 374 1101 omnibus

173 1109 219 1144 qui
231 1109 257 1136 in
271 1108 353 1144 domo

175 1144 221 1173 16.
237 1149 311 1171 sunt.
321 1143 367 1171 Sic
380 1143 453 1172 luce-

174 1185 201 1207 at
213 1181 257 1208 lux
267 1183 356 1207 vestra

173 1223 265 1244 coram
281 1214 364 1243 homi-

176 1251 268 1285 nibus,
283 1255 313 1278 ut
326 1248 400 1278 vide«

174 1291 221 1314 ant
236 1294 317 1321 opera
332 1292 395 1314 ves-

175 1326 215 1349 tra
231 1321 313 1354 bona,
325 1326 353 1348 et

175 1356 348 1393 tnagniticcnt

175 1398 279 1427 patrem
294 1399 354 1419 ves-

175 1433 259 1461 trum,
275 1428 320 1462 qui
333 1430 376 1455 est

175 1464 203 1491 in
214 1463 307 1491 caelis.

175 1500 220 1527 17.
233 1498 324 1540 Nolite
337 1499 433 1532 putare

174 1542 303 1570 quoniam
315 1540 363 1570 ve-

174 1571 203 1598 ni
217 1570 324 1598 solvere
333 1569 373 1596 le-t

156 1637 159 1639 ,
173 1613 246 1641 gem,
267 1609 314 1632 aut
323 1611 383 1639 pro-

174 1641 270 1677 phetas
287 1649 295 1669 :
311 1647 366 1667 non

174 1677 236 1705 veni
249 1676 365 1708 solvere.

175 1712 223 1740 sed
234 1711 366 1746 adimple-

176 1747 220 1776 18.
233 1755 272 1775 re.
291 1748 376 1774 Amen

177 1784 238 1812 dico
252 1783 338 1816 vobis,
353 1781 402 1809 do—

592 293 642 314 nec
657 289 777 313 transeat

592 321 697 350 caelum
711 323 739 348 et
749 324 801 347 ter-

592 366 632 390 ra,
648 357 702 391 jota
719 363 814 388 unum,

595 394 635 419 vel
653 400 720 419 unus
731 398 798 425 apex

593 436 645 455 non
660 433 780 462 praeter:

592 464 639 491 ibit
651 471 665 489 a
680 463 748 497 lege,
763 461 813 489 do-

592 507 641 526 nec
657 506 746 525 onuua

595 535 638 562 ‘19.
656 535 730 560 tiaut.
740 532 791 565 Qtti
804 531 876 560 enini

593 570 705 597 solverit
721 576 802 596 unum

593 605 626 632 de
643 605 774 632 mandatis

594 641 651 668 istis
665 640 794 673 minimis,

591 681 619 703 et
631 676 754 704 docuerit

592 713 632 740 sic
647 711 781 744 homines,

594 754 721 775 nummus
736 755 778 773 ΥΟ-

594 783 699 810 cabitur
711 783 738 809 in
750 789 810 817 reg-

595 826 631 846 no
646 818 783 846 caelorum
795 826 801 843 :

594 855 638 890 qui
653 859 742 881 autem
758 853 831 880 fece-

594 889 629 917 rit
641 892 670 917 et
683 889 783 917 docue-

593 924 629 953 rit
639 926 688 959 sic,
701 932 775 959 mag-

592 969 643 989 nus
657 959 767 988 vocabi-

593 1000 637 1024 tur
650 997 676 1023 in
690 1002 773 1030 regno

593 1033 742 1060 caelorum.
851 1062 853 1064 _

592 1067 638 1095 20.
660 1068 828 1102 Dicogautem
844 1072 892 1093 vo-

594 1102 635 1130 bis
646 1124 652 1135 ,
670 1102 719 1129 nisi
734 1102 821 1129 abun-

594 1138 699 1166 daberit
712 1138 790 1172 justi-

597 1175 631 1202 tia
648 1181 735 1201 vestra
751 1173 809 1207 plus

595 1218 674 1244 quam
691 1209 799 1236 Scriba-

593 1243 664 1278 rum,
678 1249 706 1272 et
720 1243 829 1271 Pharis-

593 1288 687 1309 eorum
697 1300 704 1312 ,
720 1287 775 1307 non

593 1316 729 1344 intrabitis
742 1316 769 1342 in

595 1358 679 1387 regno
690 1350 780 1379 caelo-

594 1395 666 1414 rum.
821 1418 823 1421 ι

594 1422 641 1450 21.
661 1421 785 1457 Audistis
796 1419 858 1457 quia

594 1458 696 1485 dictum
707 1461 749 1485 est
761 1455 796 1484 ab
812 1455 862 1483 an-

596 1493 677 1521 tiuuis
694 1501 701 1520 :
714 1492 774 1519 Non
787 1498 834 1519 oc-

593 1528 667 1570 cides
683 1537 689 1554 :
706 1528 753 1570 qui
764 1535 813 1555 au-

593 1564 649 1592 tem
661 1563 768 1591 occide-

593 1600 644 1633 rit,
656 1607 719 1627 reus
732 1599 785 1627 erit

595 1634 705 1663 iudicio.

612 1671 640 1698 2.
661 1670 719 1705 Ego
730 1672 827 1705 autem,
836 1668 876 1696 di-

594 1714 627 1734 co
637 1701 715 1734 vobis
731 1714 739 1732 :
755 1701 828 1746 quod

594 1749 700 1774 omnes.
716 1749 763 1776 QUI
775 1746 844 1768 11⁵35-

596 1779 666 1806 citur
679 1776 758 1805 fratri

388 1823 505 1854 CODEX
517 1822 752 1852 CORBEIENSIS.

176 1878 238 1902 runt
264 1879 326 1900 ante
356 1879 414 1899 vos.
438 1871 492 1899 Vos

514 1871 579 1897 estis
602 1869 639 1896 sal
664 1875 761 1895 terrae.

818 1867 869 1895 uod
894 1867 915 1894 si
935 1867 975 1894 sal

177 1878 238 1902 runt
264 1879 326 1900 ante
356 1879 414 1899 vos.
438 1871 492 1899 Vos
514 1871 579 1897 estis
602 1869 639 1896 sal
664 1875 761 1895 terrae.
792 1868 869 1901 Quod
894 1868 915 1894 si
935 1868 973 1894 sal

177 1910 317 1937 evanuerit
329 1928 336 1940 ,
351 1909 376 1934 iu
393 1914 446 1941 quo
460 1906 591 1933 salietnr‘!
606 1904 638 1931 ad
653 1904 767 1930 nihilum
779 1905 858 1941 valet
871 1903 938 1941 ultra
954 1904 973 1936 ‘,

1245 231 1361 262 CODEX
1382 227 1602 262 VERONENSIS.

1027 280 1134 309 fuerant
1147 285 1211 309 ante
1222 287 1287 315 vos,

1027 322 1117 351 patres
1129 323 1233 345 eorum.

1027 352 1071 380 15.
1092 352 1146 380 Vos
1161 352 1227 380 estis
1246 351 1298 380 sal.
1320 372 1328 379 .
1350 372 1357 379 .
1380 372 1387 379 .

1027 389 1168 415 evanuetit
1181 409 1187 420 ,
1202 389 1227 414 in

1026 431 1079 459 quo
1093 424 1221 451 salietur?

1026 459 1060 486 ad
1075 459 1186 486 nihilum
1203 466 1248 486 va-

1027 495 1063 521 let
1075 496 1111 530 (η)
1122 517 1128 528 ,
1146 496 1196 522 nisi
1209 500 1237 522 ut
1253 493 1317 523 mit-

1028 535 1097 557 tatur
1111 531 1176 558 foris
1191 540 1196 556 :
1212 536 1238 558 et
1253 535 1319 558 con-

1026 566 1146 594 culcetur
1161 568 1194 594 ab
1209 567 1257 593 bo-

1027 602 1155 629 minibus.
1336 633 1337 636 η

1026 637 1071 664 14.
1095 641 1146 665 Vos
1160 638 1226 665 estis
1243 636 1289 665 lttx
1304 636 1353 665 h‘u—

1026 674 1069 707 jus
1083 673 1187 700 mundi.
1204 673 1264 701 Non

1027 714 1117 744 potest
1130 709 1227 737 civitas

1026 751 1107 779 supra
1121 745 1240 773 montem

1027 780 1113 814 posita
1125 779 1265 808 abscondi.

1026 815 1118 851 Neque
1133 816 1282 844 accendunt

1028 851 1071 879 15.
1093 852 1242 884 lucernam,
1257 855 1285 879 et

1029 891 1132 922 ponunt
1145 894 1206 914 eam
1219 886 1269 916 sub

1028 922 1130 956 modio,
1145 922 1192 950 sed

1027 965 1108 993 supra
1123 958 1225 986 cande-

1025 993 1142 1026 labrum,
1157 998 1186 1021 ut
1196 993 1238 1021 tu-

1026 1029 1069 1056 16.
1091 1034 1152 1057 ceat
1163 1029 1289 1057 omnibus

1023 1065 1070 1100 qui
1081 1064 1107 1091 in
1121 1064 1203 1092 domo

1025 1103 1097 1127 sunt.
1113 1100 1158 1128 Sic
1171 1101 1211 1127 lu-
1240 1132 1243 1134 I

1025 1140 1086 1163 ceat
1097 1136 1141 1163 lux
1155 1139 1246 1164 vestra

1024 1178 1117 1199 coram
1132 1171 1222 1199 bomi4

1024 1207 1114 1242 nibus,
1131 1212 1160 1234 ut
1173 1208 1213 1235 vi-

1024 1243 1106 1270 deant
1120 1250 1203 1277 opera
1213 1250 1260 1271 ve-
1287 1271 1290 1274 ,

1023 1283 1079 1305 stra
1090 1278 1171 1312 bona,
1188 1280 1216 1306 et

1024 1314 1199 1349 magniﬁcent

1026 1354 1129 1384 patrem
1145 1356 1199 1377 ve-

1024 1388 1125 1420 strum,
1135 1385 1181 1420 qui
1197 1388 1239 1413 eSt

1024 1420 1051 1447 in
1066 1419 1159 1448 caelis.

1026 1455 1071 1496 17ἔ
1092 1455 1181 1497 Nolite
1193 1454 1289 1492 putate

1024 1498 1088 1525 quia
1102 1499 1165 1519 vent

1025 1527 1132 1555 solvere
1147 1527 1187 1554 le-

1024 1569 1097 1599 gem,
1109 1567 1156 1590 aut
1167 1569 1228 1599 pro-

1025 1598 1121 1632 phetas
1137 1607 1143 1625 :
1160 1598 1215 1626 non

1025 1634 1086 1661 veni
1102 1634 1208 1662 solvere
1218 1654 1226 1667 ,

1025 1669 1074 1702 sed
1088 1669 1248 1705 adimplere.

1026 1705 1072 1732 18.
1092 1706 1178 1732 Arnen
1195 1705 1256 1733 dico

1026 1740 1114 1774 vobis,
1130 1740 1219 1768 donec

1027 1780 1149 1804 transeat
1162 1783 1225 1804 cae-

1444 280 1499 307 lum
1515 283 1542 306 et
1556 283 1640 310 terra,

1440 314 1496 350 jota
1511 314 1603 346 uuun‘t,

1442 348 1485 378 vel
1499 357 1568 377 unus
1583 348 1652 384 ape!

1444 394 1498 414 non
1513 389 1632 421 praeter:

1446 422 1492 450 ibit
1504 418 1521 449 εἰ
1532 418 1606 461 lege,
1620 418 1669 448 do-

1447 466 1495 485 lleC
1509 465 1598 485 omnia

1445 495 1518 520 tiaut.

1445 529 1487 556 19.
1510 529 1559 562 Qui
1573 528 1646 555 enim

1444 566 1553 592 solverit
1564 572 1647 590 unum

1444 601 1477 628 de
1489 600 1622 627 mandatis

1444 637 1501 663 istis
1516 635 1634 663 minimis
1643 656 1649 666 ,

1444 677 1472 700 ct
1484 671 1605 699 docuerit

1443 709 1482 735 sic
1497 708 1620 734 homines
1632 726 1639 738 ,

1443 743 1569 770 minimus
1585 749 1631 769 vo-

1442 779 1546 806 cabitur
1560 779 1585 805 in
1599 784 1642 804 re—

1442 821 1494 849 gno
1510 814 1646 849 caelorum
1659 821 1666 839 :

1441 847 1485 885 qui
1500 855 1589 877 autem
1606 847 1677 876 tece-

1441 886 1477 913 rit
1486 890 1513 913 et
1524 885 1625 913 docue-

1442 920 1478 948 rit
1486 921 1525 949 sic
1535 941 1543 954 ,
1561 919 1605 948 bic
1620 922 1677 947 ma-

1440 963 1509 991 gnus
1518 955 1627 984 vocabi-

1442 996 1484 1019 tur
1495 992 1521 1019 in
1537 998 1620 1027 regno

1441 1027 1590 1055 caelorum.
1702 1057 1705 1060 ,

1440 1062 1485 1091 20.
1508 1063 1573 1091 Dico
1586 1065 1677 1091 autem
1687 1064 1735 1089 ισ-

1439 1098 1497 1131 bis.
1510 1099 1571 1134 quia
1584 1098 1635 1126 nisi
1648 1097 1733 1126 abun-

1440 1135 1547 1162 daverit
1559 1135 1640 1169 justi-

1443 1170 1480 1197 tia
1495 1168 1587 1198 vestra
1602 1168 1675 1205 plus—

1440 1213 1522 1242 quam
1536 1205 1644 1242 Scriba-

1441 1240 1500 1269 rum
1511 1264 1518 1275 ,
1536 1246 1563 1269 et
1577 1240 1679 1276 Phari-j

1441 1275 1548 1305 seorutn
1559 1297 1567 1310 ,
1582 1279 1642 1313 {non

1442 1312 1616 1340 intrabitis'in

1440 1355 1554 1384 regnum
1564 1348 1653 1376 caelo-

1440 1392 1500 1412 rum
1505 1404 1512 1412 ι

1440 1420 1486 1456 21.
1500 1418 1622 1447 Audistis
1635 1419 1698 1456 quia

1441 1455 1543 1483 dictum
1559 1459 1602 1483 est
1614 1463 1663 1483 an-

1441 1491 1523 1526 tiquis
1539 1499 1545 1517 z
1557 1490 1618 1518 Non
1633 1497 1679 1519 oc-

1440 1527 1526 1561 cides,
1539 1526 1585 1561 qui
1599 1534 1646 1555 au-

1441 1566 1496 1597 tem
1504 1562 1618 1597 occide-

1440 1599 1487 1632 rit,
1498 1606 1561 1626 reus
1567 1597 1620 1626 erit

1439 1633 1551 1669 judicio.

1444 1667 1490 1697 22.
1508 1667 1565 1704 Ego
1576 1670 1665 1697 autem
1678 1667 1719 1697 di-

1444 1712 1477 1732 co
1493 1705 1570 1732 vobis
1584 1713 1590 1731 :
1611 1704 1683 1740 quod

1443 1740 1531 1767 omnis
1546 1741 1590 1776 qui
1602 1741 1654 1768 ira-

1443 1777 1527 1803 scitur
1541 1775 1618 1803 fratri

1261 1822 1377 1851 CODEX
1393 1817 1591 1850 BRlXIANUS.

1027 1870 1071 1904 qui
1084 1869 1191 1897 fuerunt
1205 1874 1266 1896 ante
1282 1877 1341 1897 vos.
1354 1869 1407 1896 Vos
1420 1868 1486 1897 estis
1497 1868 1538 1896 sal
1550 1873 1631 1896 terrte
1643 1867 1771 1904 siautem
1786 1867 1827 1895 sal

1029 1903 1216 1932 tittuumt‘uerit
1232 1906 1323 1939 inquo
1336 1904 1498 1932 salietur.ad
1514 1904 1627 1931 nihilum
1640 1903 1740 1931 valebit
1756 1904 1826 1930 ultra

178 1947 229 1973 nisi
243 1949 270 1972 ut
286 1938 408 1971 mittatur
424 1943 495 1968 foras
510 1950 515 1967 :
532 1946 558 1967 et
572 1941 747 1966 conculcetur
761 1940 793 1965 ab
808 1938 973 1965 hominibus.

180 1982 231 2008 Vos
247 1982 313 2007 estis
328 1980 372 2006 lux
393 1979 403 1993 ’
424 1977 524 2005 mundi.
542 1976 600 2002 Non
616 1980 704 2010 potest
728 1975 823 2001 civitas
846 1974 974 2000 abscondi

177 2024 258 2051 supra
286 2020 403 2042 montem
430 2010 809 2051 posita._Neque_accenduut
826 2010 973 2051 lucernam,

177 2044 319 2087 cl'pouunt
332 2057 390 2077 eam
407 2044 456 2087 sub
482 2044 654 2087 tnotlioise‘d
665 2053 746 2080 super
773 2044 974 2087 carulelabrum,

178 2080 320 2114 nt'luceat
344 2085 468 2112 omnibus
491 2082 535 2117 qui
565 2084 590 2108 in
620 2082 700 2108 domo
726 2085 796 2117 sunt.
815 2080 860 2107 Sic
889 2080 977 2106 luceat

177 2124 222 2150 lux
258 2127 346 2149 vestra
373 2128 463 2148 coram
493 2115 664 2151 hominibus,
691 2121 721 2143 ut
754 2115 861 2143 videant
888 2120 975 2142 vestra

177 2160 247 2186 bona
276 2165 372 2193 opera.
399 2160 437 2193 et»
449 2155 472 2193 3H
486 2154 636 2190 gloriﬁcent
663 2158 764 2193 patrem
782 2154 913 2193 vestrum,
930 2151 975 2185 qui

178 2195 204 2221 in
226 2187 308 2221 coeli}
337 2197 387 2220 est.
416 2187 504 2218 Nolite
521 2195 614 2224 putare
635 2189 760 2223 quoniam
777 2187 837 2214 veni
868 2187 976 2224 solvere

178 2230 276 2265 legem,
290 2233 335 2256 aut
362 2227 507 2265 prophetas
518 2222 526 2252 ε’
535 2233 591 2265 _non
608 2225 667 2251 veni
683 2224 801 2265 solvere,
816 2223 863 2249 Stftl
886 2222 973 2249 atlim-

178 2261 262 2300 plcre.
270 2261 292 2291 Ἀ
298 2261 425 2291 mendico
433 2262 517 2294 vobis,
527 2261 612 2288 donec
620 2265 626 2287 l
633 2261 848 2300 rauscatco'elun't
858 2264 883 2285 ct
891 2265 972 2300 terra,

175 2293 230 2336 iota
242 2308 333 2331 unum,
348 2302 394 2325 aut
406 2305 475 2336 unus
484 2305 551 2336 apex
573 2304 626 2336 non
642 2293 797 2335 praeteribit
806 2302 824 2336 ia
840 2294 973 2336 lege,_do-

177 2330 245 2364 hec"
255 2330 346 2362 omnia
356 2336 429 2361 tiant.
442 2333 490 2366 Qui
503 2330 567 2366 ergo
581 2331 694 2358 solverit
704 2339 783 2357 ttnutn
796 2330 829 2357 de
843 2330 974 2357 mandatis

177 2372 236 2399 istis
252 2371 369 2399 minimis
380 2391 387 2402 ,
412 2375 439 2396 et
450 2367 572 2395 docuerit
586 2367 623 2393 sic
636 2366 913 2402 hominesttuinitnus
928 2373 973 2402 γο-

178 2408 280 2434 cabitur
296 2408 321 2433 in
334 2412 417 2441 regno
425 2404 563 2431 coelorutn
580 2402 651 2441 _:_qui
667 2406 756 2441 autem
774 2401 909 2441 fecerit_et
924 2401 971 2427 do-

177 2443 280 2475 cuerit,
295 2442 304 2457 ⁵
321 2437 377 2469 1ιίο’
388 2446 500 2475 magnus
513 2438 652 2475 vocabitur
675 2437 700 2475 in
719 2443 800 2475 regno
822 2437 971 2475 cocloruut.

179 2478 244 2506 Dico
257 2471 330 2504 enim
346 2477 422 2504 vobis
432 2471 446 2509 ξ
457 2475 517 2511 quia
532 2473 585 2501 nisi
598 2472 778 2511 abundaverit
791 2471 895 2506 iustitia
911 2479 972 2511 ves-

178 2519 216 2541 tra
234 2513 293 2547 plus
305 2519 383 2547 quam
399 2507 552 2538 Scribarum
563 2530 570 2541 ,
587 2513 614 2536 et
629 2507 849 2547 Pharisaeorum,
866 2514 919 2547 non
931 2507 972 2534 in-

177 2542 281 2577 trabitis
297 2542 323 2575 in
339 2555 448 2582 regnum
472 2547 619 2582 coelorum.
645 2543 765 2582 Audistis
786 2542 847 2577 quia
869 2543 972 2582 dictum

177 2590 219 2613 est
234 2585 244 2599 ⁸
261 2578 382 2618 antiquis
397 2591 403 2608 :
420 2581 477 2618 Non
491 2580 596 2608 occides
613 2581 680 2618 :ﬂqui
705 2584 795 2618 autem
821 2578 970 2618 occiderit,

177 2628 240 2648 reus
254 2620 305 2647 erit
315 2615 425 2653 judicio.
438 2616 494 2653 Ego
508 2621 597 2643 autent
609 2617 669 2643 dico
684 2616 759 2643 vobis
774 2623 780 2642 :
793 2615 856 2650 quia
870 2616 969 2648 omnis,

176 2657 221 2691 qui
235 2652 358 2683 irascitur
370 2652 445 2682 fratri

1028 1941 1079 1968 nisi
1094 1944 1124 1967 ut
1134 1941 1257 1967 mittatur
1277 1941 1349 1968 foras
1364 1945 1391 1968 et
1405 1940 1579 1967 conculcetur
1592 1940 1627 1966 ab
1641 1939 1806 1967 hominibus.
1824 1962 1827 1965 .

1064 1975 1119 2002 Vos
1133 1975 1199 2003 estis
1220 1976 1265 2003 lux
1281 1976 1372 2003 mundi
1395 1976 1452 2003 Non
1469 1979 1557 2011 potest
1579 1975 1675 2002 civitas
1696 1974 1827 2002 abscondi

1029 2018 1110 2045 supra
1124 2016 1241 2038 montem
1255 2012 1411 2039 constituta.
1424 2011 1516 2046 Neque
1526 2011 1678 2039 accendunt
1689 2011 1827 2038 lucernatn

1028 2051 1056 2074 et
1071 2050 1173 2081 ponunt
1189 2054 1248 2074 eam
1263 2048 1314 2074 sub
1335 2047 1434 2075 modio.
1457 2047 1503 2074 sed
1520 2054 1601 2081 super
1621 2046 1824 2074 candelabrum.

1030 2087 1058 2109 ut
1071 2083 1160 2109 luceat
1172 2083 1298 2110 omnibus
1313 2083 1357 2118 qui
1372 2083 1399 2110 in
1414 2083 1496 2110 domo
1510 2087 1582 2109 sunt.

1065 2117 1110 2146 Sic
1123 2118 1212 2145 luceat
1225 2120 1268 2146 lux
1283 2117 1373 2146 vestra
1388 2125 1479 2146 caram
1497 2117 1660 2145 hominibus.
1675 2121 1704 2144 ut
1717 2117 1827 2144 videant

1028 2160 1109 2193 opera
1121 2158 1215 2193 _vestra
1233 2155 1313 2193 bona.
1327 2159 1354 2181 et
1364 2152 1514 2189 gloriﬁCent
1528 2156 1632 2193 patrem
1646 2158 1765 2193 vestrum
1780 2153 1827 2187 qui

1028 2189 1054 2225 in
1070 2189 1154 2216 caelis
1169 2195 1220 2216 est.
1242 2190 1331 2217 Nolite
1354 2194 1458 2224 putare.
1485 2190 1611 2225 quoniam
1636 2189 1697 2215 veni
1711 2188 1828 2225 solvere

1027 2224 1113 2261 legem
1137 2229 1183 2251 aut
1199 2226 1355 2261 praphetas.
1380 2231 1442 2261 non
1458 2226 1518 2252 veni
1539 2224 1646 2252 solvere
1669 2224 1725 2261 sed
1740 2224 1827 2251 adim-

1028 2260 1113 2294 plere.
1137 2259 1223 2288 Amen
1248 2259 1310 2288 dico
1325 2261 1411 2288 vobis.
1429 2260 1516 2288 donec
1537 2264 1656 2287 transeat
1668 2259 1773 2287 caelum
1799 2263 1827 2286 et

1028 2300 1109 2323 terra.
1125 2295 1181 2330 jota
1197 2304 1279 2324 tinum
1305 2297 1348 2324 vel
1375 2300 1444 2324 unos
1466 2303 1545 2331 apex.
1571 2303 1624 2323 non
1640 2294 1828 2330 praeteribita

1027 2331 1105 2372 lege._
1113 2331 1200 2372 donec
1209 2332 1312 2372 pluuia
1325 2333 1398 2372 ﬁant.
1416 2332 1467 2372 Qui
1478 2332 1550 2372 enim
1562 2331 1782 2372 solverit'ununr
1792 2331 1827 2371 de

1026 2365 1159 2394 mandatis
1174 2365 1234 2395 istis
1245 2366 1364 2395 minimis
1375 2373 1403 2395 et
1418 2365 1540 2395 docuerit
1555 2369 1595 2394 sic
1611 2367 1736 2394 homines
1748 2366 1827 2393 mini-

1025 2410 1087 2443 mus
1096 2403 1240 2443 vocabitur
1247 2404 1274 2431 in
1287 2410 1370 2439 regno
1380 2404 1525 2443 caelorum.
1533 2403 1578 2443 qui
1588 2406 1677 2429 autem
1688 2401 1792 2443 fecerit.
1800 2405 1829 2428 et

1026 2438 1061 2465 ita
1073 2438 1205 2466 docuerit.
1216 2439 1259 2467 hic
1268 2438 1380 2474 magnus
1387 2439 1537 2467 vocabitur.
1548 2439 1575 2465 in
1585 2445 1667 2474 regno
1678 2438 1827 2474 caelorum.

1026 2474 1090 2511 Dico
1100 2474 1172 2501 enim
1187 2475 1274 2511 vobis.
1290 2473 1352 2511 quia
1367 2475 1417 2511 nisi
1430 2473 1721 2511 abundaveritjnstitia
1738 2477 1828 2511 vestra

1025 2509 1166 2549 plusquam
1185 2508 1341 2549 Scribarum
1355 2510 1602 2549 et_Pliarisaeorum
1621 2515 1677 2536 non
1691 2508 1829 2549 intr-abitis

1025 2544 1052 2571 in
1068 2543 1152 2580 regno
1166 2545 1313 2574 caelorum.
1324 2546 1445 2573 Audistis
1455 2546 1516 2580 quia
1530 2545 1631 2572 dictum
1643 2549 1687 2572 est
1696 2543 1830 2580 antiquis.

1024 2579 1084 2607 Non
1096 2578 1204 2608 occides
1231 2581 1278 2614 qui
1292 2587 1382 2609 autem
1398 2578 1541 2609 occiderit.
1557 2587 1620 2608 reus
1634 2580 1688 2607 erit
1712 2578 1827 2614 judicio.

1023 2616 1197 2678 P%?_autem
1234 2615 1296 2645 dico
1321 2617 1399 2645 vobis
1425 2616 1489 2653 quia
1517 2616 1606 2645 omnis
1633 2615 1688 2652 qui.
1703 2615 1830 2644 irascitur

1035 2660 1048 2678 Γ
1079 2660 1100 2678 ΓΙ

1035 2659 1100 2679 ιειιιτι

514 2706 711 2737 VARIANTES
729 2706 921 2737 LECTIONE‘S
940 2707 1076 2739 GODICIS
1085 2709 1142 2739 MS.
1158 2710 1188 2738 S.
1210 2709 1467 2741 GERMANENSIS.

210 2770 219 2786 ι
235 2768 311 2801 valet,
324 2769 371 2794 nisi

208 2802 220 2817 ²
235 2801 309 2831 huius

209 2832 221 2849 ³
238 2829 395 2863 magniﬁcam

1058 2765 1070 2781 ι
1086 2766 1148 2791 haec

1059 2797 1069 2829 θ
1085 2798 1132 2828 δίει
1143 2800 1247 2829 tam“:

1057 2827 1068 2843 °
1085 2832 1140 2854 est:
1149 2827 1203 2855 Non

835 2876 1020 2908 BLANGHINI
1039 2877 1155 2910 NO’ME.

214 2933 253 2971 (a)
267 2933 331 2962 Post
345 2930 428 2966 valet,
441 2929 518 2960 deest
531 2930 620 2959 ultra:
635 2933 662 2959 et
677 2928 714 2959 ita
725 2928 858 2967 in_Cant..
872 2928 921 2958 Gr.
936 2933 964 2959 et
988 2928 1047 2959 Lat.
