2027 3099
157 148 207 177 165

642 138 865 176 eumenen
885 139 1069 177 SECUNDUM
1088 140 1303 178 ιιΑτΤιιιειιι.

353 203 467 233 coorx
487 194 757 234 vsacaLLENsts.

152 260 204 280 suo
220 252 282 280 sine
294 259 356 280 eau-

152 295 197 320 sa,
213 296 279 316 rens
292 289 343 315 erit

147 324 267 359 judicio.
282 324 330 357 Qui
338 331 391 359 au-

152 357 210 387 tem
225 359 322 386 dixerit
333 357 388 387 fraé

152 396 188 422 tri
201 402 261 426 suo.
276 395 357 422 racha
372 403 381 422 :

150 438 215 458 reus
226 431 278 458 erit
292 438 355 457 eon-

148 467 225 493 cilio.
241 466 291 500 Qui
306 473 355 493 au-

150 506 208 529 tem
223 501 338 533 dixerit,
354 500 391 528 fa-

151 542 199 565 tue
214 546 220 563 2
232 544 299 564 reus
310 537 363 564 erit

148 573 295 608 gehennae
307 571 347 608 ig-

148 608 199 636 23.
219 609 270 636 nis.
285 607 313 635 Si
326 615 392 644 ergo

149 644 253 672 oti'eres
263 651 362 671 niunus

151 684 229 707 tuum
243 679 275 706 ad
287 679 355 706 alta-

150 723 199 747 re,
214 720 241 743 et
252 715 288 742 ibi
302 721 387 743 reme-

149 756 273 778 moratus
289 750 347 778 fue-

149 788 190 814 ris
200 787 262 821 quia
277 786 360 813 frater

151 822 308 850 tuusvhabet
321 821 370 849 ali-

149 858 215 891 quid
230 857 375 885 adversum

146 893 197 920 24.
218 898 244 921 te
258 902 265 919 :
277 892 401 929 relinque

149 929 192 956 ibi
205 936 305 956 munus
320 933 362 956 tu-

148 972 197 992 um
208 969 272 992 ante
283 964 353 991 alta:

147 1008 192 1033 re,
208 1005 235 1028 et
250 1000 317 1027 vade
329 1000 386 1036 pri-

148 1044 185 1063 us
199 1036 358 1063 rec0ncilia-'

149 1079 182 1099 re
198 1072 275 1099 fratri
291 1077 336 1098 tuo
353 1080 360 1098 :

149 1112 178 1135 et
191 1112 254 1134 tunc
266 1107 341 1135 veni-

149 1150 203 1170 ens
215 1142 298 1171 oders
312 1145 372 1170 mu;

151 1186 206 1206 ""5
217 1183 304 1206 tuum.

150 1215 200 1242 25.
221 1215 287 1242 Esto
303 1212 436 1241 consenti-

151 1258 204 1278 ens
216 1249 367 1278 adversari-

151 1293 170 1313 o
186 1290 233 1313 tuo
244 1286 299 1313 cito
312 1285 374 1313 dum

151 1329 184 1349 es
199 1329 261 1349 cum
275 1321 322 1349 illo
336 1322 363 1348 in

151 1358 197 1384 via
213 1366 220 1384 :
238 1365 275 1384 ne
285 1356 354 1384 forte

151 1393 247 1421 tradat
261 1398 287 1419 te
298 1392 394 1420 adver~

152 1429 243 1456 sarius
252 1427 337 1463 judici
345 1449 353 1462 ,
369 1432 395 1456 et

149 1464 235 1504 judex
249 1464 338 1505 tradat
353 1468 379 1491 te
394 1463 447 1490 mi—

152 1504 241 1527 nlSer
252 1508 259 1526 Ξ
272 1504 300 1526 et
314 1504 344 1527 in‘
356 1506 416 1527 car-

571 253 615 280 26.
639 254 723 281 Amen
740 252 799 280 dico
815 251 879 284 tibi,

571 297 624 316 non
637 289 712 316 exies
728 289 768 315 in-
918 287 922 298 '

570 324 613 357 de,
628 324 714 352 donec
728 323 788 352 red-

569 360 617 387 das
631 360 745 387 novissi-

570 404 641 422 mum
651 396 786 431 quadran-

569 431 614 458 27.
630 436 693 459 tem.
706 431 806 459 Audis-

570 467 603 494 tis
615 469 677 502 quia
692 467 794 494 dicttun

567 507 609 539 est
624 502 661 539 (a)
677 512 683 528 :
698 502 756 530 Non
770 511 843 532 moe-

572 537 616 566 28.
629 537 749 566 caveris.
763 538 794 566 E.
810 547 827 568 ο

573 574 950 605 autemd.........

568 610 949 645 vobis:qu........

568 652 653 682 ιι...
676 665 683 671 .
766 647 861 682 is,qui

568 680 667 708 viderit
681 680 760 708 muli-

567 723 641 743 erem
657 716 691 743 ad
706 724 773 744 eon-

567 752 761 786 cupiscendum

567 794 627 814 eam
637 808 644 820 ,
657 787 712 822 jam
727 789 801 816 moe-

567 828 642 850 catus
657 829 698 850 681
714 831 773 851 eam

568 857 595 885 in
607 858 689 886 corde
706 867 765 887 suo.

567 893 613 921 29.
628 893 705 927 Quod
720 895 742 922 si
754 895 852 924 oculus
863 900 905 924 tu-

568 937 600 957 us
615 930 710 958 dexter
722 938 798 958 scan-

568 965 665 992 dalizat
678 970 704 993 te
716 987 723 998 ,
740 968 806 994 erae

568 1008 629 1029 eum
641 1022 648 1034 ,
663 1005 690 1029 et
703 1001 794 1037 proice

569 1037 617 1064 abs
630 1042 655 1064 te
673 1046 679 1063 :
700 1037 808 1072 expedit

569 1073 641 1100 enim
658 1072 704 1100 tibi
716 1077 746 1100 ut

571 1113 662 1142 pereat
677 1116 758 1136 unum

571 1143 754 1171 membrorum

570 1184 677 1207 IUOI‘llm
689 1200 696 1212 ,
707 1187 787 1215 quam

568 1219 654 1242 totum
671 1223 770 1250 corpus

570 1255 645 1278 tuum
660 1255 704 1278 eat
718 1252 743 1278 in
763 1259 809 1287 ge-

569 1287 696 1314 bennam.

569 1321 614 1350 50.
638 1341 645 1348 .
668 1341 675 1349 .
698 1343 704 1349 .
725 1322 837 1350 dextera
859 1330 916 1349 ma-

568 1365 598 1385 n.
621 1377 627 1384 .
650 1377 657 1383 .
681 1378 687 1384 .
709 1363 753 1385 tua
771 1365 826 1385 sca.
848 1377 855 1385 .
879 1378 886 1385 .

568 1393 881 1427 d...atte,...

600 1448 607 1456 .
629 1436 688 1456 eam
698 1450 706 1462 ,
718 1434 745 1456 et
759 1436 819 1464 pro-

571 1468 821 1492 ....ste:..

569 1499 834 1529 dit........

1750 138 1802 177 166

1218 201 1333 234 conax
1354 195 1583 234 VERONE‘NSIS.

1004 260 1053 280 suo
1069 254 1127 280 sine
1141 260 1204 280 cau-

1004 296 1033 315 sa
1042 309 1049 320 ,
1066 296 1127 316 reus
1141 289 1192 315 erit

1001 324 1114 357 judicio,
1131 324 1180 358 Qui
1194 332 1242 351 au-

1004 364 1058 387 tem
1070 360 1169 387 dixerit
1179 359 1234 387 fra-

1003 396 1038 422 tri
1049 403 1098 423 suo
1110 416 1117 428 ,
1132 395 1230 422 racha:

1004 438 1066 458 reus
1078 431 1127 458 erit
1142 438 1206 458 con-

1003 467 1077 494 cilio.
1093 467 1142 500 Qui
1155 474 1202 493 au-

1005 507 1057 529 tem
1073 502 1170 530 dixerit
1182 524 1189 534 ,
1204 501 1241 543 fa-

1005 542 1066 566 tuae
1082 547 1087 564 Ζ
1101 545 1162 565 I‘CUS
1175 543 1227 565 erit

1004 574 1143 606 gehennae
1154 573 1233 609 ignis.

1002 608 1047 636 25.
1065 609 1094 637 Si
1108 608 1174 643 ergo

1004 644 1101 672 offeres
1117 652 1214 672 munus

1004 685 1078 707 tuum
1093 679 1126 707 ad
1140 680 1209 707 alta»

1003 723 1033 744 re
1047 737 1054 748 ,
1069 720 1096 743 et
1107 711 1143 743 ibi
1155 723 1244 743 reme-

1003 756 1124 779 moratus
1137 749 1191 778 fue-

1003 787 1040 815 ris
1048 788 1109 822 quia
1123 786 1204 814 frater

1004 827 1064 850 tttus
1075 822 1156 849 habet
1166 822 1215 849 ali-

1003 858 1049 885 24.
1064 858 1127 893 quid
1142 858 1285 886 adversum

1004 899 1031 921 te
1046 903 1053 921 :
1068 894 1191 928 relinque

1004 929 1041 957 ibi
1053 937 1151 956 munus

1003 970 1079 992 tuum
1093 969 1157 992 ante
1168 965 1206 992 ai-

1003 1006 1073 1032 tare,
1084 1005 1111 1028 et
1122 1000 1202 1032 vade,

1003 1037 1078 1071 prius
1088 1037 1247 1072 reconcilia-

1002 1080 1034 1100 re
1055 1071 1131 1099 fratri
1143 1076 1204 1100 tuo:

1003 1113 1030 1136 et
1047 1113 1109 1135 tunc
1123 1116 1169 1136 ve-

1003 1144 1080 1171 niens
1095 1144 1176 1171 offers
1187 1151 1246 1171 mu-

1004 1187 1056 1207 nus
1067 1184 1153 1207 tuum.

1003 1215 1049 1250 25.
1070 1215 1135 1242 Esto
1147 1222 1264 1243 consen—

1006 1251 1075 1278 tiens
1088 1251 1216 1277 adversa-

1004 1287 1045 1313 rio
1059 1289 1106 1313 tuo
1118 1286 1172 1313 cito
1182 1293 1280 1313 cumes

1004 1328 1065 1348 eum
1081 1320 1126 1348 illo
1143 1321 1168 1348 in

1005 1357 1047 1384 via
1063 1366 1069 1384 :
1087 1364 1120 1384 ne
1135 1356 1206 1384 forte

1006 1392 1095 1420 tradat
1108 1398 1134 1420 te
1147 1393 1238 1420 adver-

1005 1428 1092 1456 sarius
1103 1428 1186 1463 judici
1200 1448 1207 1460 ,
1221 1431 1250 1455 et

1002 1464 1085 1499 judex
1099 1464 1188 1491 tradat
1199 1464 1234 1496 [te
1247 1462 1299 1491 mi-

1005 1500 1094 1527 nistro
1106 1507 1113 1524 :
1130 1504 1157 1527 et
1169 1500 1195 1527 in

1421 252 1466 280 26.
1488 252 1573 280 Amen
1588 251 1649 279 dico
1662 251 1720 284 tibi,

1422 296 1474 315 non
1486 288 1561 315 exies
1572 288 1612 315 in-

1420 323 1465 356 de,
1481 325 1569 351 donec
1583 323 1646 350 red-

1421 359 1468 386 das
1484 366 1568 394 usque
1583 358 1616 386 ad
1632 357 1757 386 natussi--

1424 402 1496 422 mum
1513 394 1701 429 quadrantem.

1421 430 1467 457 27.
1490 430 1607 457 Audistis
1622 430 1682 464 quia

1423 466 1522 493 dictum
1535 472 1572 492 est
1589 465 1626 500 (η)
1642 475 1648 492 :

1421 501 1479 529 Non
1497 501 1624 528 moecha—

1421 536 1466 564 28.
1490 537 1570 563 beris.
1591 537 1646 571 Ego

1422 578 1511 600 autem
1526 574 1588 599 dico

1423 608 1498 648 vobis
1512 617 1518 634 :
1535 615 1603 644 quo-
1673 642 1679 648 _

1422 644 1493 671 niam
1509 651 1615 676 omnes,
1635 644 1681 678 qui

1421 679 1519 707 viderit
1535 687 1593 707 mu-

1421 715 1515 742 lierem
1529 714 1562 742 ad
1574 722 1640 743 con-

1421 750 1615 785 cupiscendum

1418 794 1489 819 eam,
1503 786 1558 821 jam
1573 793 1646 814 moe-

1420 822 1516 851 chatus
1529 826 1570 849 est
1580 829 1640 849 eam

1421 859 1450 886 in
1465 857 1549 885 corde
1564 865 1624 885 suo.

1421 894 1466 921 29.
1487 893 1565 927 Quod
1582 894 1606 921 si
1620 892 1716 920 oculus

1422 934 1483 957 tuus
1498 929 1593 956 dexter
1607 936 1686 956 sean-

1422 965 1522 993 daiizat
1537 969 1574 998 te,
1590 972 1656 1005 erue

1425 1009 1498 1032 eum,
1511 1005 1538 1028 et
1552 1008 1643 1034 prome

1425 1036 1474 1063 abs
1486 1041 1512 1063 te
1524 1045 1531 1062 :
1546 1035 1657 1070 expedit

1425 1072 1498 1100 enim
1513 1071 1561 1099 tibi
1575 1076 1605 1098 ut

1424 1112 1519 1143 pereat
1533 1115 1618 1134 unum

1424 1151 1494 1171 mem
1499 1143 1608 1170 brorum

1425 1183 1545 1212 tuorum,
1559 1185 1638 1212 quam

1424 1214 1497 1249 quod
1508 1220 1607 1249 corpus
1622 1217 1698 1240 tuum

1424 1248 1510 1276 totum
1522 1253 1566 1276 eat
1577 1248 1604 1275 in
1616 1256 1664 1284 ge-

1424 1284 1556 1314 bennam.

1423 1320 1468 1348 30.
1490 1320 1522 1347 Et
1533 1319 1556 1348 si
1569 1318 1681 1348 dextera
1696 1326 1753 1347 ma—

1422 1364 1473 1383 llllS
1487 1360 1532 1383 tua
1546 1363 1621 1383 scan-

1423 1391 1523 1419 dalizat
1537 1396 1574 1425 te,
1588 1391 1683 1419 absido

1425 1435 1497 1461 eam,
1513 1432 1541 1455 et
1553 1434 1615 1462 pro-

1425 1463 1467 1490 ice
1482 1463 1530 1490 abs
1547 1467 1574 1490 te
1591 1471 1597 1489 :
1614 1470 1663 1492 ex-

1424 1498 1500 1533 pedit
1510 1499 1582 1526 enim
1599 1498 1647 1526 tibi

152 1543 245 1563 cerem
259 1535 350 1563 mitta-
572 1540 600 1562 ut
613 1540 705 1570 pereat
718 1544 801 1563 unum

152 1572 203 1599 ris.
572 1571 757 1599 membrorum

372 1638 488 1667 CODEX
503 1637 737 1667 CORBEIENSIS.

153 1689 225 1713 suoa
236 1686 296 1713 sine
308 1692 400 1717 causa,
416 1693 477 1713 reus
488 1686 539 1713 erit
551 1685 663 1720 judicio.
684 1686 734 1719 Qui
749 1690 839 1713 autem
855 1686 955 1714 dixerit

155 1721 233 1748 fratri
247 1729 297 1749 suo
314 1722 417 1748 :raeba
433 1730 440 1748 :
456 1729 518 1748 reus
534 1722 587 1749 erit
611 1722 736 1749 concilio.
761 1722 811 1755 Qui
836 1726 929 1749 autem
943 1723 950 1737 ¹

154 1757 256 1783 dixerit
270 1757 344 1793 fratri
361 1764 421 1789 suo,
447 1757 537 1784 fatue:
554 1764 616 1785 reus
631 1758 683 1784 erit
705 1757 844 1792 gehennae
869 1758 949 1793 ignis.

155 1793 185 1819 Si
197 1799 261 1828 ergo
282 1792 366 1820 offers
382 1800 478 1819 munus
492 1798 565 1820 tuum
580 1792 615 1819 ad
643 1794 738 1826 altare,
752 1798 779 1820 et
794 1794 831 1820 ibi
858 1800 951 1820 recor-

155 1827 236 1855 datus
264 1827 345 1855 fueris
368 1829 428 1863 quia
454 1827 537 1855 frater
562 1833 622 1855 tuus
661 1829 742 1856 habet
774 1828 873 1863 aliquid
904 1829 951 1855 ad-

156 1871 267 1891 versum
282 1870 307 1890 te
324 1873 330 1890 :
345 1864 468 1898 relinque
492 1864 527 1891 ibi
543 1871 638 1890 munus
657 1869 732 1891 tutlm
754 1868 817 1890 ante
845 1865 948 1896 altare,

157 1905 182 1927 et
208 1899 276 1926 vade
295 1900 369 1933 prius
390 1899 559 1927 reconciliari
582 1899 656 1926 fratri
681 1905 726 1926 tuo
744 1908 749 1925 :
766 1904 793 1925 et
819 1904 882 1926 tunc
907 1906 952 1926 ve-

158 1935 237 1962 niens
253 1936 263 1950 ²
279 1934 346 1962 offer
363 1943 458 1962 Illttnus
473 1939 558 1962 tuum.
582 1935 647 1961 Esto
661 1935 835 1963 consentiens
853 1935 954 1962 adver-

157 1971 228 1998 Sario
244 1974 291 1998 tuo
307 1971 361 1997 cito
375 1970 437 1997 dum
453 1978 481 1997 es
497 1971 523 1997 in
539 1970 580 1997 via
592 1978 653 1997 cum
666 1978 699 1997 eo
714 1979 720 1996 :
734 1978 767 1997 ne
784 1970 853 1997 forte
866 1970 954 1998 tradat

159 2012 183 2033 te
197 2006 372 2034 adversarius
393 2006 477 2040 judiei
489 2026 496 2038 ,
512 2011 537 2033 et
549 2006 633 2040 judex
656 2006 742 2033 tradat
761 2010 787 2033 te
809 2006 952 2033 ministro:

158 2047 182 2069 et
196 2043 221 2069 in
236 2049 376 2069 carcerem
391 2042 516 2069 mittaris.
541 2044 626 2068 Amen
650 2042 709 2069 dico
724 2041 772 2069 tibi
784 2061 791 2074 ,
808 2050 860 2069 non
880 2041 954 2069 exies

159 2077 238 2110 inde,
260 2077 348 2104 donec
367 2077 463 2104 reddas
489 2077 662 2104 novissimum
685 2077 871 2111 quadrantem.
901 2077 956 2104 Au-

160 2112 233 2140 distis
258 2113 320 2148 quia
340 2112 440 2139 dictum
465 2118 506 2139 est
526 2113 664 2147 antiquis:
680 2120 733 2139 non
757 2113 952 2141 moechaberis.

162 2149 214 2182 Ego
226 2153 316 2176 autem
329 2148 390 2175 dico
402 2148 478 2175 vobis
493 2157 499 2176 :
522 2148 585 2183 quia
598 2148 701 2181 omnis,
727 2149 772 2183 qui
787 2149 883 2176 viderit
897 2156 956 2175 mu-

161 2183 249 2211 lierem
266 2184 302 2211 ad
316 2184 562 2218 concupiscendum
574 2191 633 2211 eam
643 2205 649 2217 ,
664 2184 718 2218 jam
740 2184 899 2212 moechatus
913 2189 956 2211 est

161 2226 216 2246 eam
232 2220 258 2247 in
274 2219 358 2247 corde
372 2227 430 2246 suo.
446 2220 523 2253 Quod
539 2221 561 2247 si
575 2219 669 2247 oculus
687 2224 748 2246 tuus
759 2220 853 2247 dexter
874 2228 938 2248 scan
948 2235 954 2240 -

162 2255 256 2282 dalizat
266 2260 291 2282 te
304 2276 312 2287 ,
325 2262 390 2282 erue
403 2263 463 2282 eum
476 2276 482 2287 ,
495 2260 521 2283 et
533 2256 633 2290 projiee
646 2256 693 2282 abs
704 2260 730 2283 te
743 2264 749 2281 :
762 2256 872 2290 expedit
883 2256 955 2283 enim

163 2289 172 2304 ³
185 2297 212 2317 ut
227 2295 321 2325 pereat
337 2299 421 2317 unum
437 2289 618 2319 membrorum
634 2295 738 2318 tuorum
754 2312 761 2323 ,
777 2289 858 2326 quam
872 2296 956 2318 totum

163 2333 256 2360 corpus
280 2325 381 2353 tuum"
405 2327 524 2354 mittatur
550 2328 577 2353 in
601 2327 763 2361 gehennam.
778 2327 846 2354 Etsi
861 2327 957 2354 dextra

164 2369 255 2389 manus
280 2368 324 2389 tua
348 2362 514 2390 scandalizat
529 2367 568 2393 te,
583 2362 692 2390 abscide
704 2370 763 2389 eam
777 2383 783 2394 ,
804 2366 832 2389 et
855 2362 957 2396 projiee

165 2397 209 2424 abs
223 2403 268 2430 te;
291 2397 423 2433 expedit”
439 2398 486 2426 tibi
512 2402 540 2425 ut
558 2403 651 2432 pereat
664 2405 746 2425 unum
773 2398 957 2425 membrorum

1005 1543 1142 1563 carcerem
1156 1536 1221 1563 mit-
1422 1539 1453 1562 ut
1466 1539 1558 1569 pereat
1568 1541 1651 1562 unum

1007 1572 1083 1599 laris.
1425 1570 1610 1598 membrorum

1243 1640 1360 1668 CODEX
1374 1631 1573 1668 BRIXiANus.

1009 1694 1059 1714 suo
1098 1687 1157 1714 sine
1193 1694 1274 1714 causa
1315 1694 1377 1714 rens
1404 1687 1456 1714 erit
1480 1686 1593 1722 judicio.
1629 1687 1679 1721 Qui
1717 1691 1806 1714 autem

1008 1722 1119 1754 dixerit,
1139 1722 1213 1748 fratri
1228 1725 1277 1749 suo
1298 1728 1343 1750 rae
1357 1722 1371 1741 ι)
1386 1730 1412 1749 a.
1429 1722 1503 1754 ;r'eus
1531 1725 1582 1750 erit
1607 1722 1734 1750 concilio.
1757 1723 1809 1756 Qui

1005 1762 1094 1784 autem
1112 1757 1216 1793 dixerit
1232 1757 1314 1785 fatue.
1342 1765 1405 1785 reus
1423 1760 1474 1785 erit
1501 1759 1640 1793 gehennae
1671 1758 1750 1792 ignis.
1776 1757 1806 1784 Si

1005 1800 1068 1827 ergo
1079 1792 1159 1820 offers
1174 1800 1272 1819 munus
1299 1798 1372 1820 tuum
1388 1793 1420 1820 ad
1443 1792 1538 1821 altare.
1556 1799 1582 1821 et
1598 1794 1631 1820 ibi
1649 1793 1808 1820 recordatus

1004 1828 1097 1855 fueris.
1115 1829 1176 1862 quia
1203 1829 1284 1855 frater
1309 1828 1371 1855 tuus
1387 1829 1468 1855 habet
1481 1829 1582 1863 aliquid
1609 1830 1752 1856 adversum
1769 1832 1805 1855 te.

1004 1864 1126 1898 relinque
1142 1864 1176 1890 ibi
1192 1871 1288 1890 munus
1301 1868 1376 1891 tuum
1390 1868 1452 1891 ante
1474 1865 1559 1891 altare
1575 1869 1585 1883 ε
1599 1869 1625 1891 et
1647 1864 1717 1899 vade
1732 1865 1808 1899 prius

1005 1899 1180 1926 reconciliare
1194 1899 1268 1926 fratri
1286 1903 1341 1926 tuo.
1352 1905 1379 1926 et
1395 1904 1458 1926 tunc
1474 1900 1586 1927 veniens
1596 1898 1700 1927 oﬂ'crsd
1710 1898 1809 1927 munus

1005 1940 1079 1962 tuum
1095 1955 1100 1961 .
1117 1935 1183 1962 Esto
1199 1935 1370 1962 consentiens
1384 1935 1540 1962 adversario
1557 1940 1601 1963 tuo
1614 1937 1678 1963 cito.
1690 1935 1753 1962 dum
1779 1943 1810 1962 es

1005 1971 1031 1998 in
1048 1971 1089 2007 via
1104 1978 1164 1997 cum
1178 1971 1233 2007 illo.
1251 1978 1285 2007 ne
1299 1971 1368 2007 forte
1381 1971 1468 1998 tradat
1481 1976 1506 1998 te
1518 1971 1688 1999 adversarius
1699 1971 1785 2005 judie'r
1796 1975 1808 1990 ⁸

1005 2006 1123 2041 etjudex
1141 2006 1229 2033 tradat
1242 2012 1267 2033 te
1281 2006 1415 2034 ministro.
1441 2012 1467 2034 et
1483 2007 1507 2034 in
1521 2014 1660 2034 carcerem
1680 2007 1807 2033 mittaris.

1006 2042 1091 2070 Amen
1106 2042 1166 2069 dico
1180 2042 1227 2068 tibi
1250 2049 1303 2069 non
1319 2043 1395 2069 exies
1408 2043 1471 2070 inde
1496 2042 1582 2070 donec
1605 2043 1701 2071 reddas
1719 2042 1810 2069 nobis-

1006 2078 1104 2104 simum
1129 2077 1318 2111 quadrantem.

1041 2113 1161 2140 Audistis
1169 2113 1231 2147 quia
1242 2112 1344 2140 dictum
1353 2118 1393 2146 est
1401 2113 1438 2149 (a)
1449 2113 1509 2140 Non
1515 2113 1752 2147 nmecaveris.Ego
1762 2119 1810 2139 au-

1008 2152 1061 2176 tem
1069 2149 1128 2176 dico
1135 2149 1211 2175 vobis
1221 2148 1281 2184 quia
1289 2150 1378 2176 omnis
1384 2148 1429 2184 qui
1440 2149 1536 2176 viderit
1546 2150 1688 2176 mulierem
1700 2149 1733 2175 ad
1742 2153 1811 2175 corr-

1007 2184 1200 2219 enpiscendum
1208 2185 1330 2218 eamjam
1342 2189 1480 2212 moecatus
1492 2189 1534 2211 est
1547 2192 1607 2212 eam
1620 2185 1645 2211 in
1658 2184 1741 2211 corde
1748 2191 1809 2211 suo.

1045 2220 1121 2253 Quod
1131 2220 1153 2247 si
1166 2220 1261 2248 oculus
1273 2225 1333 2247 tuus
1342 2220 1437 2247 dexter
1448 2220 1619 2247 scandalizat
1633 2225 1657 2247 te
1669 2227 1734 2247 erue
1744 2226 1809 2246 cum

1008 2259 1034 2283 et
1050 2256 1139 2291 proice
1154 2256 1202 2283 abs
1216 2260 1251 2283 te.
1268 2256 1377 2290 expedit
1398 2255 1471 2284 enim
1492 2256 1550 2283 tibi.
1565 2262 1591 2282 ul
1611 2260 1704 2291 pereat
1725 2262 1809 2291 unum

1009 2292 1190 2318 membrorum
1206 2296 1312 2318 tuorum
1325 2298 1405 2326 quam
1419 2295 1504 2318 totum
1516 2298 1616 2325 eoi-pus
1630 2296 1704 2318 tuum
1718 2290 1810 2326 mitta-

1009 2331 1051 2353 tur
1067 2327 1094 2354 in
1117 2327 1277 2361 gehennam.
1295 2325 1365 2354 Etsi
1381 2326 1493 2355 dextera
1508 2332 1607 2354 manus
1623 2332 1678 2353 tua.
1693 2325 1809 2353 scanda-

1009 2362 1068 2389 lizat
1087 2360 1127 2390 te.
1138 2362 1246 2390 abscide
1259 2369 1318 2390 eam
1332 2367 1359 2390 et
1384 2362 1477 2397 proice
1493 2364 1541 2391 abs
1558 2366 1595 2391 te.
1609 2361 1718 2397 expedit
1733 2360 1810 2388 enim

1010 2398 1058 2425 tibi
1071 2401 1099 2425 ut
1110 2403 1200 2433 pereat
1212 2406 1295 2426 unum
1306 2399 1489 2426 membrorum

508 2453 705 2483 VARIANTES
726 2447 918 2483 LECTIONES
937 2454 1070 2484 CODICIS
1083 2455 1140 2484 MS.
1160 2455 1191 2484 S.
1213 2455 1468 2485 GERMANENSIS.

198 2499 207 2515 ¹
222 2501 322 2527 dixerit.
335 2499 403 2527 fatue

198 2531 211 2546 ¹
224 2528 313 2556 offeres

199 2539 209 2546 ·
224 2539 313 2558 oneres

198 2562 209 2577 ³
223 2563 265 2588 tibi

1045 2501 1057 2518 ⁸
1074 2505 1115 2527 eat

1045 2533 1055 2549 ⁸
1074 2533 1141 2559 enim

821 2601 1006 2639 BLANCHI’NI
1023 2602 1139 2638 NOTAa.

206 2658 217 2692 ξ
231 2655 327 2684 Eodem
351 2656 433 2684 modo
449 2655 544 2692 legunt
556 2663 650 2684 omnes
667 2656 754 2684 Latini
770 2656 863 2692 Patres
883 2657 953 2684 anti-

167 2689 281 2752 ﬁuiores,
295 2692 425 2733 (lypri‘an.
438 2689 588 2733 Testim'on.
603 2692 650 2720 lib.
664 2700 707 2726 ιιι,
722 2694 796 2720 nuin.
811 2691 881 2734 8,_p.
899 2692 949 2723 66;

197 2725 289 2752 llanus.
308 2737 332 2752 ιιι
343 2727 497 2752 Comment.
515 2736 541 2752 ιιι
557 2725 727 2752 Matthmum:
740 2722 902 2752 Autumnum
918 2728 949 2752 de

197 2722 289 2761 ilaiitis,
307 2722 497 2755 in'Comtnent.
515 2728 541 2754 in
557 2722 727 2761 Matthaauni;
739 2722 902 2763 Augustinus
918 2722 953 2756 de

167 2759 295 2800 Sermone
307 2763 414 2800 Domini
435 2763 462 2790 in
481 2768 574 2800 monte
590 2764 660 2800 libi
672 2784 679 2796 ,
693 2759 752 2799 cap.
769 2759 800 2796 9';
820 2764 953 2800 Hierony-

168 2803 226 2824 mus
240 2798 353 2834 denique
363 2798 411 2826 lib.
426 2807 445 2826 ιι
456 2799 585 2827 adversus
599 2796 735 2834 Pelagian.
751 2804 779 2827 et
792 2800 837 2827 lib;
854 2807 863 2827 ι
876 2796 953 2828 Colit-

168 2838 249 2861 ment.
261 2834 289 2862 iu
307 2834 462 2863 Matutam:
474 2855 482 2870 ,
495 2835 541 2863 ubi
557 2834 637 2863 docet
650 2835 704 2863 duo
718 2835 777 2863 haec
788 2836 887 2870 verba,»
899 2835 954 2863 sine

1006 2665 1093 2720 fama,
1108 2656 1227 2684 radenda
1242 2663 1302 2685 esse
1316 2660 1343 2685 et
1360 2655 1533 2685 obliteranda
1549 2658 1575 2685 in
1589 2661 1664 2686 textu
1685 2652 1810 2694 Evange-

1018 2700 1073 2720 ice.

1018 2700 1073 2720 ICO.

1041 2727 1055 2747 ιτ
1070 2728 1118 2756 Hic
1133 2733 1244 2763 apparet
1260 2728 1402 2757 manifeste
1412 2728 1510 2756 abrasa
1525 2728 1646 2763 aspirata
1659 2728 1686 2755 Ir.

996 2788 998 2792 ,
1046 2770 1056 2800 ς
1070 2769 1202 2800 expuncta
1217 2770 1259 2792 est
1273 2773 1298 2791 nt
1310 2765 1488 2800 linalis,jquae
1502 2767 1625 2799 apparet.

1043 2798 1055 2818 ά
1073 2798 1178 2828 Ειὶῑνὶιιι
1193 2805 1235 2828 est
1248 2809 1260 2828 ε
1275 2800 1375 2829 linalis.

1046 2840 1058 2855 ε
1070 2836 1179 2865 Ειςιιιιει·
1188 2840 1231 2865 est
1244 2836 1331 2866 altera
1344 2837 1362 2863 ἱ.

207 2899 242 2936 (a)
260 2900 324 2931 Post
337 2902 432 2930 dictum
445 2908 494 2937 eu,
514 2902 591 2933 deest
602 2903 723 2939 antiquis.
742 2903 775 2932 Et
795 2903 873 2939 itaﬁin
885 2902 947 2933 cod.
958 2902 1037 2933 Cant.
1061 2907 1090 2933 et
1111 2904 1236 2934 Gothico.
