4054 6198
323 314 423 371 169
1285 315 1729 374 EVANGELIUM
1760 311 2132 373 SECUNDUM
2174 311 2612 371 MATTHzEUM.

714 425 941 484 CODEX
978 428 1515 489 VERCELLENSIS.

309 517 523 575 dictum
555 526 639 575 est
664 535 678 572 :
708 518 797 576 Di-
1152 524 1315 580 Pater
1340 534 1519 581 vester
1537 539 1661 581 cae-

307 591 452 661 liges
487 592 790 668 proximum
1152 597 1305 652 festis
1327 598 1533 668 perfec-

312 674 493 725 tuum,
525 673 579 716 et
607 661 760 719 odies
1153 676 1239 723 tus
1266 661 1368 726 esi.

306 748 620 891 ΪῘᾝΞΞ.
655 784 775 891 ξςά
800 821 897 864 au-
1159 880 1174 891 _
1262 881 1274 891 ι
1346 786 1579 891 CAth'r
1620 785 1709 889 vt.

1153 880 1203 933 1.
1248 880 1529 935 Attendite
1553 893 1619 934 ne
1645 880 1764 949 jus-

304 884 416 931 tem
447 874 573 931 dico
597 874 759 933 vobis
789 896 803 931 :

302 945 546 1016 Diligite.
594 987 610 1002 .
658 986 673 1003 .
711 948 845 1005 nim.
892 992 904 1004 .
952 991 966 1006 .
1147 951 1322 1005 titiam
1354 962 1590 1007 vestram

1146 1022 1356 1078 faciatis
1381 1036 1568 1078 coram

342 1033 404 1074 OS
430 1027 647 1074 YBSII'OS

303 1032 404 1074 cos
430 1032 647 1074 vestros
669 1062 685 1085 ,
1146 1032 1356 1078 tactatts
1381 1036 1568 1078 coram

307 1091 367 1145 h.
410 1130 423 1141 .
472 1130 483 1142 .
530 1128 547 1144 .
592 1090 734 1146 acite
1146 1091 1487 1161 hominibus,
1523 1106 1582 1149 ut

307 1091 367 1145 1).
410 1130 423 1141 .
472 1130 483 1142 .
530 1128 547 1144 .
592 1090 734 1146 acite

304 1163 367 1215 lt.
413 1200 428 1214 .
470 1203 484 1217 .
535 1203 549 1214 .
594 1161 787 1217 odiunt
1147 1162 1435 1218 videamini
1466 1166 1533 1220 ab
1559 1168 1639 1224 eis
1673 1189 1684 1222 :

305 1246 402 1306 vo.
447 1270 463 1285 .
508 1271 521 1285 .
553 1250 567 1285 :
601 1243 657 1306 et
683 1248 737 1289 ο.
784 1274 797 1286 .
844 1275 857 1287 .
1148 1234 1387 1306 alioquin
1411 1251 1619 1293 merce-

311 1304 393 1375 (a)
426 1319 523 1373 pro
546 1303 650 1359 cal.
696 1347 711 1360 .
756 1344 771 1357 .
823 1346 835 1358 .

302 1375 525 1429 antibus
546 1417 562 1446 ,
593 1384 646 1431 et
673 1390 799 1446 per-

303 1445 664 1518 sequentibus
679 1445 783 1503 vos
815 1465 829 1502 :
862 1448 905 1518 «ι-

302 1516 401 1573 45ζ
440 1526 498 1572 ιιι
524 1518 650 1572 sitis
681 1518 774 1573 filii

304 1590 480 1659 patris
514 1589 685 1645 vestri

299 1660 394 1729 qui
419 1671 504 1716 est
526 1661 582 1717 in
612 1660 813 1718 caelis:

301 1732 401 1801 qui
423 1731 602 1787 solem
625 1746 717 1787 su-

302 1818 397 1857 um
429 1803 560 1859 oriri
580 1803 736 1873 jubet

300 1889 474 1944 super
500 1874 676 1930 battos

296 1955 360 2001 et
386 1945 565 2000 malos
592 1964 607 2002 :
635 1955 691 2001 et
720 1946 836 2016 plu-

292 2025 360 2072 et
382 2031 554 2088 super
578 2018 757 2086 justos

295 2096 360 2141 et
388 2089 645 2155 injustos.

295 2157 398 2233 {6.
439 2157 499 2214 Si
528 2160 672 2233 enim
703 2159 885 2233 diligi-

294 2229 378 2285 tis
400 2245 498 2285 eos
522 2232 615 2301 qui
638 2246 736 2287 vos

293 2301 536 2373 diligunt
560 2344 575 2367 ,
605 2317 769 2373 quam

293 2372 613 2427 mercedem

291 2442 577 2499 habebitis
599 2444 623 2498 ?
643 2460 781 2501 non-

291 2530 372 2570 ne
389 2524 451 2586 et
468 2515 717 2586 publica-

290 2587 353 2640 ni
384 2585 494 2641 hoc
522 2585 727 2642 faciunt
754 2586 781 2641 ?

292 2655 391 2710 47.
436 2657 510 2712 Ει
534 2656 584 2713 si
611 2658 855 2715 salutatis

291 2727 508 2783 fratres
532 2739 744 2785 vestros

294 2808 517 2853 tantum
532 2839 550 2865 ,
582 2800 711 2865 quid

289 2870 539 2939 amplius
574 2870 712 2927 faci—

294 2941 411 2995 tis?
432 2956 615 2996 nonne
641 2951 697 2998 et
724 2941 809 2997 th-

295 3013 410 3067 nici
435 3013 541 3068 hoc
564 3012 811 3070 faciunt?

291 3083 388 3138 48.
414 3084 622 3155 Εειοιε
650 3099 783 3155 ergo
821 3098 922 3141 vos

294 3154 573 3225 perfecti,
601 3154 746 3212 sicut

1144 1305 1268 1361 dem
1294 1320 1400 1361 non
1433 1308 1531 1361 ha-

1143 1376 1341 1432 bebitis
1373 1388 1502 1447 aput
1531 1379 1633 1435 Pa-

1145 1456 1283 1503 trem
1310 1458 1552 1504 vestrum
1574 1494 1589 1519 ,

1143 1519 1236 1588 qui
1262 1528 1347 1574 est
1372 1520 1425 1575 in
1448 1535 1572 1577 cae-

1142 1590 1198 1644 2.
1243 1590 1481 1647 lis.Cum
1513 1608 1604 1648 er-

1142 1676 1214 1732 go
1240 1661 1374 1717 facis
1401 1663 1605 1719 elemo-

1144 1748 1354 1805 symam
1383 1774 1397 1799 ,
1430 1736 1541 1790 noli
1573 1744 1657 1791 tu-

1144 1804 1213 1860 ba
1239 1819 1434 1863 canere
1456 1821 1556 1859 an-

1147 1885 1282 1950 te‘te
1301 1915 1319 1944 ,
1349 1877 1493 1950 sicut
1517 1877 1688 1950 hypo-

1143 1946 1316 2003 critae
1342 1948 1546 2004 faciunt

1143 2018 1195 2073 in
1226 2021 1537 2091 synagogis,

1142 2100 1197 2145 et
1229 2092 1283 2145 in
1314 2090 1480 2156 vieis,
1510 2100 1569 2146 ut

1143 2162 1507 2218 honoriﬁcen-

1141 2241 1230 2287 tur
1256 2233 1326 2289 ab
1352 2234 1588 2289 homini—

1141 2304 1265 2359 bus.
1294 2305 1469 2361 Amen
1494 2305 1618 2361 dico

1141 2375 1300 2431 vobis
1314 2418 1331 2444 ,
1363 2375 1567 2433 habent

1141 2446 1450 2503 mercedem

1143 2531 1320 2573 suam.

1142 2588 1199 2642 5.
1239 2587 1319 2645 Te
1345 2598 1527 2645 autem
1551 2590 1686 2647 faci-

1139 2667 1323 2714 entem
1351 2661 1560 2716 elemo-

1138 2744 1327 2800 synam
1344 2775 1358 2799 ,
1392 2732 1571 2787 nesci-

1138 2810 1194 2855 at
1220 2801 1441 2856 sinistra
1471 2812 1560 2856 tua

1137 2871 1265 2942 quid
1294 2872 1458 2929 faciat
1481 2872 1616 2928 dex-

1135 2945 1193 2998 4.
1235 2951 1353 2999 tera
1379 2953 1505 2999 tua:
1536 2955 1596 3000 ut
1626 2945 1697 3001 sit

1137 3014 1451 3086 elemosyna

1137 3092 1227 3141 tua
1257 3086 1312 3141 in
1341 3086 1571 3142 abscon-

1138 3171 1224 3225 so,
1252 3165 1307 3212 et
1335 3166 1491 3228 pater
1519 3168 1601 3214 tu—

725 3299 963 3357 CODEX
1000 3297 1473 3358 CORBEIENSIS.
1510 3300 1513 3301 ⁷

294 3395 504 3453 dictum
522 3403 608 3452 est
624 3412 639 3461 ;
653 3394 875 3476 Piliges
894 3398 1199 3476 proximum
1231 3405 1379 3476 tuum
1393 3437 1428 3476 λ
1441 3404 1496 3476 et
1535 3394 1689 3476 odies
1719 3393 1909 3476 inimi-

296 3484 425 3524 cum
446 3478 619 3524 tuum.
652 3467 769 3536 Ego
796 3478 974 3523 autem
1004 3467 1126 3523 dico
1156 3468 1312 3538 vobis
1346 3486 1360 3522 :
1393 3467 1609 3538 Diligite
1659 3467 1909 3520 inimicos

298 3548 537 3605 vestros,
568 3538 871 3617 benefacite
901 3538 986 3617 bis
1005 3540 1095 3608 qui
1130 3537 1364 3617 oderunt
1392 3537 1524 3617 vos:
1550 3548 1606 3593 et
1631 3546 1781 3617 orate
1811 3552 1910 3617 pro

302 3611 755 3679 persequentibus
772 3612 885 3675 ¹,ει
908 3610 1363 3665 calumniantibus
1386 3609 1537 3664 vobis
1565 3626 1577 3661 :
1601 3609 1790 3662 utsitis
1812 3608 1908 3661 lilii

307 3684 491 3759 patris.
521 3682 685 3759 vestri
738 3682 831 3752 qui
888 3682 941 3759 in
986 3681 1151 3736 caelis
1205 3690 1353 3759 est_:
1405 3679 1497 3749 qui
1550 3680 1723 3759 solem
1751 3694 1907 3732 suum

306 3751 445 3831 oriri
468 3753 493 3782 ³
525 3751 651 3831 facit
671 3751 864 3831 _super
894 3753 1094 3831 bonos
1123 3760 1181 3806 ct
1200 3753 1391 3831 malos
1435 3761 1532 3831 χει
1580 3751 1716 3820 pluit
1746 3763 1910 3831 super

300 3823 484 3892 justos
524 3832 579 3877 et
616 3822 861 3892 injuslos.
892 3822 950 3878 Si
1008 3824 1154 3879 enim
1198 3822 1219 3854 ³
1263 3823 1500 3892 diligatis
1539 3836 1634 3878 eos
1673 3822 1763 3889 qui
1812 3833 1909 3892 vos

304 3891 566 3965 diligunt,
604 3891 773 3965 quam
804 3894 1111 3949 mercedem
1145 3891 1402 3949 habetis?
1438 3908 1620 3947 nonne
1646 3902 1703 3947 et
1730 3891 1911 3961 publi-

305 3963 422 4019 cani
452 3965 561 4021 hoc
591 3963 843 4042 faciunt?
888 3966 954 4042 fit
982 3966 1047 4042 si_
1068 3965 1429 4042 salutaveritis
1473 3966 1665 4018 fratres
1697 3975 1909 4042 vestros

313 4046 520 4092 tantum
546 4076 562 4101 ,
594 4036 726 4104 quid
773 4036 1005 4105 amplius
1036 4036 1057 4067 ⁸
1105 4035 1312 4091 facietis
1339 4036 1363 4089 ?
1419 4051 1598 4090 nonne
1626 4043 1682 4091 et
1704 4034 1907 4089 etlmici

313 4108 414 4164 hoc
467 4106 724 4162 faciunt?
778 4108 969 4162 Estote
1019 4122 1149 4177 ergo
1178 4108 1200 4137 ⁸
1249 4122 1348 4162 vos
1402 4106 1636 4178 perfecti
1671 4107 1813 4178 sicut
1853 4114 1910 4159 et

312 4179 671 4234 Patervester
717 4178 968 4233 caelestis
1004 4177 1277 4247 perfectus
1310 4177 1721 4233 est.’Attenditc
1766 4177 1787 4206 θ
1838 4190 1909 4229 ne

309 4249 845 4327 justitiatmvestram
891 4246 1099 4327 faciatis
1140 4265 1356 4327 coram_
1384 4248 1733 4327 hominibus,
1783 4246 1909 4327 [ει

314 4320 600 4377 videamini
629 4321 699 4374 ab
727 4321 804 4375 eis
833 4320 1108 4391 :alioquin
1143 4320 1449 4376 mercedem
1495 4336 1600 4373 non
1636 4317 1909 4373 habebitis

312 4394 448 4470 apud
476 4393 696 4470 Ifatrem
726 4402 966 4447 vestrum
993 4433 1009 4457 ,
1038 4390 1130 4470 qui
1154 4392 1205 4470 in
1237 4392 1404 4447 coelis
1431 4400 1533 4446 est.
1567 4391 1745 4470 Quum
1776 4402 1907 4470 ergo

313 4462 439 4517 facis
465 4465 875 4533 eleetnosynam
898 4503 914 4533 ,
969 4463 1077 4516 noli
1111 4464 1233 4517 tuba
1270 4477 1471 4518 canere
1496 4472 1622 4516 ante
1655 4468 1735 4533 te,
1768 4462 1908 4515 sicut

315 4534 628 4613 hypocritae
658 4532 858 4613 faciunt
885 4532 947 4613 _in
992 4534 1318 4613 synagogis,
1347 4536 1369 4565 ⁸
1415 4534 1571 4613 ει
1627 4532 1802 4613 vicis,
1850 4539 1908 4613 ut

312 4603 743 4661 houorilicentur
772 4605 838 4659 ab
885 4603 1216 4659 hominibus.
1252 4605 1423 4660 Amen
1476 4604 1599 4658 dico
1642 4603 1832 4663 vobis,
1885 4603 1905 4633 ³

314 4685 638 4743 receperunt
661 4675 970 4732 mercedem
1000 4690 1173 4729 suam.
1202 4674 1280 4730 Te
1306 4686 1485 4731 autem
1510 4675 1741 4730 faciente
1762 4672 1907 4727 elec-

313 4762 595 4819 ntosynam
618 4790 633 4811 ,
662 4747 868 4803 nesciat
896 4747 939 4779 ¹⁰
971 4747 1307 4819 sinistratua
1339 4747 1468 4819 quid
1490 4745 1654 4819 faciat
1680 4744 1905 4799 dextera

317 4826 405 4870 tua
439 4817 453 4872 Ξ
488 4829 547 4874 ut
586 4819 660 4874 sit
684 4820 1030 4891 cleemosyna
1067 4827 1155 4874 tua
1196 4818 1249 4875 in
1285 4819 1324 4849 ¹¹
1355 4817 1696 4884 abscondito,
1727 4823 1783 4871 et
1808 4829 1906 4885 pa-

316 4895 401 4943 ter
418 4898 537 4947 tuus

2445 429 2681 487 CODEX
2722 429 3170 489 VERONENSIS.

2017 522 2223 577 dictum
2250 530 2335 577 est
2366 538 2380 575 :
2404 522 2493 578 Di-

2018 593 2153 663 liges
2175 592 2477 662 proximum

2019 675 2167 719 tuum
2189 704 2205 729 ,
2229 673 2285 718 ct
2313 664 2466 721 odies

2018 734 2300 790 inimicum

2019 816 2191 862 tuum.

2016 877 2107 934 44.
2149 877 2264 958 Ego
2289 894 2385 958 au-I

2017 958 2126 1004 tem
2158 949 2281 1005 dico
2305 951 2460 1008 vobis
2484 970 2499 1007 :

2017 1020 2234 1091 Diligite
2256 1020 2441 1077 inimi-

2015 1105 2108 1147 cos
2132 1100 2364 1157 vestros,

2014 1163 2153 1218 bene
2181 1162 2347 1219 facite

2014 1233 2119 1289 hiis
2148 1236 2239 1305 qui
2271 1235 2464 1291 odiunt

2013 1320 2110 1360 vos
2136 1324 2148 1358 :
2180 1315 2233 1361 et
2263 1316 2417 1362 orate
2443 1305 2518 1377 (α)

2013 1392 2115 1447 pro
2138 1378 2341 1432 calum-

2012 1448 2289 1504 niantibus
2305 1488 2320 1512 ,
2349 1458 2405 1505 et
2434 1464 2553 1517 per-

2012 1518 2366 1592 sequentibus
2397 1535 2494 1592 vos
2521 1522 2592 1592 τή-

2012 1592 2103 1646 45.
2146 1600 2203 1646 ιιι
2229 1591 2349 1646 sitis
2380 1590 2476 1646 lilii

2012 1662 2181 1732 patris
2198 1663 2366 1718 vestri
2392 1704 2406 1726 ,

2012 1734 2104 1804 qui
2129 1734 2181 1788 in
2204 1733 2373 1790 caelis
2394 1742 2510 1790 est:

2012 1807 2103 1875 qui
2133 1804 2305 1860 solem

2007 1874 2166 1932 suum
2197 1875 2328 1931 oriri
2348 1874 2501 1945 jubet

2010 1963 2176 2018 super
2206 1947 2379 2001 malos

2010 2030 2065 2076 et
2092 2020 2267 2076 bonos
2292 2036 2304 2071 :
2340 2028 2395 2072 et

2008 2091 2147 2161 pluit
2174 2103 2340 2159 super
2376 2087 2557 2157 justos

2008 2172 2066 2217 et
2096 2162 2348 2231 injustos.

2005 2233 2100 2289 46.
2124 2230 2182 2290 Si
2212 2233 2358 2289 enim
2383 2230 2563 2303 diligi-

2005 2306 2079 2360 tis
2106 2320 2222 2371 eos,
2249 2304 2345 2374 qui

2006 2391 2107 2432 vos
2132 2376 2381 2445 diligunt,

2044 2463 2169 2503 nam
2192 2460 2405 2502 merce-

2048 2534 2133 2573 em
2156 2514 2471 2572 habebitis?

2008 2603 2190 2643 nonne
2217 2597 2272 2643 et
2300 2584 2478 2654 publi-

2005 2659 2097 2714 47.
2140 2658 2263 2714 cani
2285 2653 2391 2711 hoc
2412 2653 2492 2709 fa-

2008 2729 2193 2785 ciunt?
2217 2728 2286 2782 Et
2311 2728 2358 2782 si

2005 2800 2259 2857 salutatis
2288 2799 2392 2853 fra-

2008 2880 2122 2927 tres
2146 2879 2359 2927 νεειτοε

2007 2954 2242 3008 tantum,
2274 2939 2403 3011 quid

2008 3014 2239 3085 amplius
2262 3011 2396 3067 faci-

2009 3085 2116 3141 tis?
2148 3098 2327 3139 nonne
2358 3092 2413 3136 et

2009 3156 2229 3213 Ethnici
2249 3154 2355 3211 hoc
2381 3154 2450 3208 fa-

2850 524 2942 581 48.
2983 526 3169 581 ciunt?
3195 527 3353 583 Esto-

2853 604 2905 651 te
2936 612 3067 667 ergo
3098 610 3152 653 et
3173 612 3270 654 vos

2890 668 3101 732 erfecti,
3125 670 3269 725 sicut

2895 751 3012 812 ater
3033 751 3215 796 vester
3240 782 3253 806 ,
3289 740 3367 812 (ὁ)

2852 812 2941 879 qui
2970 811 3025 865 in
3053 813 3219 868 caelis
3249 811 3335 868 est
3358 814 3396 882 -ίσ

2851 882 3125 951 perfectus
3147 895 3248 938 est.

3045 953 3271 1011 CAPUT
3327 955 3413 1011 Vl.

2924 1025 2977 1078 l.
3021 1024 3311 1081 Adtendite
3338 1042 3410 1081 nc

2844 1094 3113 1163 justitiam
3158 1106 3395 1153 vestram

2848 1166 3057 1221 faciatis
3078 1183 3261 1223 coram

2849 1236 3181 1306 hominibus,
3207 1250 3261 1294 ct

2848 1309 3138 1363 videamini
3170 1311 3237 1366 ab
3263 1313 3340 1367 eis
3367 1332 3379 1365 :

2846 1380 3084 1450 alioquin
3116 1397 3325 1438 merce—

2846 1450 2970 1505 dem
3001 1467 3107 1507 non
3132 1452 3295 1510 habe-

2845 1521 2974 1577 bitis
3001 1532 3129 1591 aput
3160 1524 3261 1579 Pa—

2850 1600 2985 1665 trem
3015 1602 3278 1665 vestrum,

2848 1665 2939 1732 qui
2968 1664 3022 1719 in
3055 1667 3224 1723 caelis

2848 1733 2903 1811 3.
2939 1747 3049 1811 est.
3080 1740 3215 1811 lium
3247 1753 3379 1811 ergo

2849 1806 3015 1862 facies
3046 1806 3314 1883 elemosy4

2847 1892 2974 1932 nam
2998 1879 3107 1935 noli
3141 1879 3268 1937 tuba

2849 1963 3050 2005 canere
3072 1966 3099 2004 3
3110 1960 3202 2008 nte

2850 2029 2925 2093 te.
2950 2021 3091 2076 sicut
3111 2024 3283 2093 hypo-

2848 2090 3019 2146 critae
3046 2090 3255 2149 faciunt

2849 2162 2903 2216 in
2937 2166 3249 2237 synagogis,

2848 2241 2904 2287 et
2942 2235 2995 2288 in
3028 2235 3179 2303 vicis,
3215 2246 3274 2293 ut

2852 2307 3283 2362 honorificentur

2850 2376 2919 2431 ab
2949 2375 3281 2434 hominibus.

2847 2445 3020 2501 Amen
3044 2447 3166 2502 dico
3194 2450 3369 2521 vobis,
3399 2452 3471 2521 (ε)

3512 324 3617 378 170

2845 2528 3207 2590 perceperunt
3235 2520 3277 2590 -ξ-
3306 2520 3511 2579 merce-

2846 2588 2903 2643 3.
2944 2586 3067 2642 dem
3101 2586 3274 2644 suam.
3308 2592 3384 2647 Te
3410 2608 3509 2649 au-

2851 2667 2959 2713 tem
2990 2657 3278 2717 facientem
3305 2664 3424 2719 cle-

2848 2744 3153 2810 mosynam,
3175 2735 3386 2789 nesciat

2846 2802 3069 2856 sinistra
3098 2813 3210 2871 tua,

2846 2871 2991 2940 quod
3022 2871 3151 2929 facit
3184 2874 3322 2929 dex-

2849 2953 2965 2999 tera
2990 2952 3076 2998 tua
3105 2964 3116 2997 :
3147 2956 3204 3000 ut
3233 2947 3305 3002 sit

2847 3014 2902 3067 4.
2944 3016 3258 3087 elemosyna

2848 3093 2935 3139 tua
2966 3086 3022 3140 in
3045 3086 3284 3143 abscon—

2846 3170 2931 3225 so,
2961 3166 3016 3213 et
3038 3166 3193 3228 pater
3216 3170 3361 3226 tuus,

2482 3290 2713 3347 CODEX
2753 3292 3037 3350 BRIXIAN
3044 3296 3147 3353 US.

2014 3385 2217 3441 dictum
2249 3392 2353 3439 est.
2378 3383 2578 3455 Diliges
2599 3384 2901 3451 proximum
2920 3396 3137 3443 tuumet
3166 3389 3611 3451 odiesinimicum

2015 3456 2317 3525 tuum.Ego
2346 3455 2672 3527 autcmrdico
2698 3456 2852 3511 vobis
2877 3458 3113 3527 Diligitei
3139 3462 3605 3521 nimicosvestros.

2013 3527 2319 3603 benedicite
2349 3526 2939 3603 maledicentibusvos.
2960 3526 3263 3603 benefacite
3286 3534 3370 3587 his
3390 3539 3479 3603 qui
3517 3553 3612 3592 vos

2015 3600 2223 3654 odiunt.
2249 3604 2308 3673 et
2330 3608 2483 3652 orate
2514 3597 2591 3673 (τι)
2620 3612 2721 3673 pro
2739 3598 3198 3673 calumniantibus
3226 3604 3378 3657 vobis
3404 3597 3458 3658 et
3488 3623 3611 3673 per-

2015 3669 2367 3743 sequentibus
2390 3668 2540 3743 vosf
2558 3678 2614 3722 ut
2632 3668 2753 3722 sitis
2780 3669 2887 3743 lilii
2908 3671 3078 3743 patris
3111 3675 3275 3727 vestri
3302 3676 3393 3743 qui
3418 3677 3471 3729 in
3489 3668 3613 3735 cae-

2015 3739 2214 3813 lis’est.
2259 3739 2351 3808 qui
2374 3740 2543 3813 solem
2574 3754 2730 3813 suum
2763 3741 2893 3794 oriri
2944 3740 3071 3813 facit
3113 3758 3282 3813 super
3320 3739 3504 3803 bonos
3556 3763 3611 3807 et

2014 3812 2219 3874 malos,
2253 3820 2307 3866 et
2335 3810 2483 3882 pluet
2508 3825 2675 3879 super
2696 3810 2875 3879 justos
2905 3822 2961 3867 et
2993 3810 3244 3882 injustas.

2086 3882 2142 3939 Si
2174 3883 2318 3955 enim
2348 3881 2589 3955 diligatis
2621 3896 2715 3935 eos
2745 3882 2838 3952 qui
2870 3897 2968 3937 vos
2992 3881 3245 3955 diligunt.
3276 3905 3437 3955 quam
3467 3909 3609 3948 iner-

2014 3955 2203 4010 cedem
2229 3953 2517 4007 habebitis.
2548 3968 2730 4008 nonne
2764 3964 2819 4008 ct
2850 3953 3120 4020 publicani
3149 3959 3252 4013 hoc
3292 3953 3513 4018 faciunt.
3547 3966 3614 4019 Et

2013 4026 2061 4103 si
2092 4025 2340 4103 salutatis
2369 4024 2578 4079 amicos
2604 4033 2817 4103 vestros
2849 4034 3079 4103 tantum.
3111 4029 3238 4103 quid
3269 4035 3502 4103 amplius
3536 4037 3612 4089 fa—

2013 4096 2157 4173 citis.
2191 4111 2373 4173 nonne
2403 4095 2720 4173 etgentiles
2754 4096 2857 4151 hoc
2890 4095 3335 4173 faciunthstote
3360 4095 3488 4173 ergo
3519 4123 3611 4161 vos

2014 4168 2239 4240 perfecti
2271 4167 2411 4240 sicut
2440 4167 2811 4240 Paterivcster
2846 4170 3096 4225 caelestis
3128 4173 3397 4240 perfectus
3418 4167 3522 4232 Est.

2084 4238 2376 4293 Adtendite
2418 4253 2487 4294 ne
2515 4247 2542 4275 α
2572 4239 2941 4308 elemosynam
2990 4238 3224 4296 vestram
3268 4244 3482 4301 faciatis
3520 4265 3613 4304 cn-

2012 4327 2129 4385 ram
2163 4309 2493 4385 hominib_us_.
2520 4308 2998 4385 u_t_v_ideamini_ab
3040 4313 3140 4367 eis.
3174 4315 3435 4385 alioquin.
3470 4336 3612 4375 mer-

2012 4382 2205 4461 cedem
2250 4395 2359 4461 non
2403 4379 2693 4435 habebitis.
2743 4390 2874 4449 aput
2903 4381 3117 4437 Patrem
3152 4379 3388 4442 vestrum
3420 4393 3510 4461 qui
3556 4393 3610 4447 in

2012 4454 2182 4509 caelis
2212 4460 2322 4508 est.

2081 4523 2215 4579 Cum
2245 4536 2375 4591 ergo
2402 4522 2535 4577 facis
2561 4522 2931 4594 elemosynam
2963 4523 3077 4578 noli
3104 4526 3228 4582 tuba
3258 4544 3455 4587 canere
3485 4544 3611 4587 ante

2013 4595 2258 4671 tc._sicul.
2275 4594 2595 4671 ltypocritae
2627 4594 2913 4671 l_aciu_nt__in
2933 4600 3223 4671 synagogis
3250 4612 3305 4655 et
3333 4603 3384 4656 in
3418 4604 3611 4671 plateis

2011 4677 2071 4722 ut
2096 4663 2522 4744 honorificentur
2545 4664 2613 4718 ab
2638 4663 2978 4744 hominibus:
2995 4663 3167 4744 Anien
3180 4671 3307 4731 dico
3331 4663 3503 4744 vobis.
3532 4676 3610 4744 (ὁ)

2010 4745 2374 4810 perceperunt
2404 4734 2445 4805 ’ξε
2476 4736 2785 4810 mercedem
2835 4751 3009 4792 suam.
3054 4739 3129 4794 Te
3159 4750 3334 4795 autem
3374 4734 3610 4800 faciente

2010 4807 2406 4879 elemosynam.
2433 4807 2643 4862 nesciat
2672 4808 2891 4864 sinistra
2924 4818 3009 4863 tua
3034 4810 3161 4878 quid
3192 4811 3353 4865 faciat
3386 4812 3611 4871 dextera

2010 4890 2125 4949 tua,
2147 4889 2205 4935 ut
2227 4878 2298 4936 Sit
2322 4878 2350 4917 1³
2376 4879 2694 4950 elemosyna
2722 4889 2811 4935 tua
2839 4880 2891 4935 in
2916 4881 3204 4947 absconso,
3235 4889 3291 4936 et
3310 4892 3465 4954 pater
3488 4895 3612 4944 tuus

1006 5004 1399 5062 VARIANTES
1442 4997 1829 5059 LECTIONES
1868 4993 2134 5057 CODlClS
2171 4992 2285 5051 MS.
2329 4991 2387 5050 S.
2430 4990 2935 5050 GERMANENSIS.

388 5101 409 5174 ζ
435 5102 506 5174 eis
523 5104 610 5174 qui
634 5114 722 5155 vos
740 5108 1086 5166 persecuntur,
1114 5108 1167 5152 et
1184 5098 1540 5151 calumniantur
1564 5096 1704 5149 vobis

391 5164 411 5256 ἒ
434 5164 638 5289 iii-"Eius

402 5287 421 5360 ξ
448 5287 632 5360 facitis?
652 5287 832 5360 Nerine
855 5294 909 5340 ει
929 5295 1108 5360 sentes
1130 5288 1252 5360 haec
1352 5350 1385 5360 ..

388 5351 414 5442 ξ
442 5354 692 5465 agitent
709 5351 862 5405 Pater
888 5349 1059 5404 vester
1084 5354 1168 5416 qui
1187 5353 1237 5402 in
1259 5350 1416 5403 caelis
1432 5353 1529 5415 est,
1555 5349 1810 5416 perfectus
1832 5353 1912 5398 est

2081 5088 2196 5137 fut

2082 5152 2105 5183 ⁸
2136 5155 2192 5200 et
2212 5150 2261 5199 in
2282 5148 2463 5212 plateis
2484 5151 2538 5198 et
2558 5148 2609 5197 in
2634 5147 2749 5198 vicis

2082 5215 2496 5282 f_perceperunt_
2538 5271 2548 5282 ο

2083 5275 2129 5307 ιθ
2162 5285 2336 5323 manus
2356 5277 2441 5321 tua
2458 5275 2654 5322 sinistra

2083 5336 2128 5369 ιι
2161 5336 2457 5387 absconso...

1637 5495 2004 5558 BLANCHINI
2042 5492 2277 5554 NOTAE.

402 5602 425 5633 ⁸
452 5594 653 5655 Extrita
683 5605 769 5654 est
795 5613 846 5652 a.

2091 5588 2118 5628 ι)
2160 5586 2370 5644 Extrita
2399 5595 2484 5643 est
2520 5602 2570 5641 α.

403 5712 470 5781 (α)
494 5712 651 5768 Juxta
680 5711 927 5791 ordinem
957 5722 1136 5791 textus
1163 5713 1358 5791 graeci,
1389 5714 1523 5791 ὑπὲρ
1570 5720 1670 5771 τῶν
1698 5714 1908 5791 ἐπηρεᾳζ

2024 5734 2085 5791 »χ
2110 5708 2294 5791 (ὐμὸες)
2315 5709 2413 5791 -καί
2439 5705 2728 5763 διωκόντων
2750 5701 2992 5773 ὑμᾶςι-
3019 5702 3096 5774 (ὁ)
3129 5701 3208 5761 Ita
3236 5716 3293 5765 ct
3314 5706 3468 5768 Cant.
3502 5714 3620 5772 Lat.

324 5780 477 5855 juxta
505 5794 710 5841 textum
738 5784 991 5843 Grzncum
1020 5828 1036 5852 ,
1086 5786 1113 5843 ὁ
1161 5780 1211 5841 ἔν
1248 5793 1359 5848 τοῖς
1389 5780 1641 5865 οὐρὰνοῖςο
1667 5815 1737 5828 -
1763 5780 1834 5859 (ὁ)
1864 5784 1908 5840 ll

2045 5780 2201 5838 Cant.
2228 5781 2348 5836 Lat.

890 5882 1166 5944 PATROL.
1191 5880 1339 5944 XII.

3072 5874 3112 5932 6
