2027 3099
203 147 251 176 1H

403 200 520 230 CODEX
543 200 809 229 VERCELLENSIS.

622 248 693 274 enim
712 251 787 282 pater
801 254 860 275 vcs-

623 287 675 316 ter,
692 283 756 318 qttid
773 290 840 318 opus

622 319 657 346 sit
668 318 755 351 vobis,
772 323 835 346 ante

622 362 701 389 quam
716 354 813 389 petatis

623 390 648 417 9.
671 390 704 417 ab
716 397 759 417 eo.
774 389 819 417 Sic
837 394 928 417 autem

622 425 734 453 orabilis
746 425 820 452 illum
831 436 836 451 ;

623 461 703 488 Pater
718 465 821 492 noster,

622 497 667 531 qui
679 504 708 524 es
722 497 747 523 in
762 496 847 524 caelis
856 505 862 523 ι

623 532 806 560 sanctiﬁcelur

623 575 721 595 nomen
734 573 820 595 tuum.

623 603 668 631 10.
688 603 825 631 Adveniat
838 610 899 639 reg-

623 647 686 666 num
702 644 786 666 lunm.
802 639 846 666 Fi-

622 679 650 702 at
665 674 788 702 voluntas
802 681 847 702 ttta

623 710 650 737 in
664 710 751 743 caelo,
768 711 830 738 etin
846 715 896 738 tcr-

624 747 668 773 11.
690 754 756 773 ram.
773 746 872 774 Panem
895 752 955 774 nos-

624 786 696 808 trum
711 782 835 809 cottidia-

625 825 699 844 num.
724 838 730 844 .
754 838 760 843 .
783 817 861 845 nobis

625 853 669 880 12.
692 852 781 880 hodie.
794 852 828 880 Et
839 852 931 881 remit-

625 892 651 916 te
665 888 742 916 nobis
755 888 828 916 debi-

626 928 651 951 ta
667 929 770 955 nostra,
785 924 854 952 sicut
873 929 911 953 et.
934 944 941 951 .
967 945 972 950 .
997 943 1004 951 .

207 258 250 284 us,
259 250 303 285 qui
316 248 389 277 videt

206 288 231 314 in
244 286 386 318 absconso,

205 322 302 350 reddet
315 321 360 348 tibi
381 320 407 347 in

207 358 306 391 palam.

207 394 232 421 5.
252 392 320 420 Cum
334 395 424 418 autem
440 398 501 419 ora—

207 430 252 462 tis,
268 436 319 455 non
336 427 412 454 eritis

206 465 255 492 sic.
278 484 284 490 .
308 482 316 490 .
339 483 345 489 .
366 462 475 499 ypocri—

206 504 251 532 tae,
263 507 310 534 qu.
333 519 340 525 .
363 519 370 526 .
392 504 467 526 mant

206 540 279 563 stare
293 535 319 562 in
334 542 414 568 syna—

207 571 283 606 gogis
294 574 321 597 et
339 570 364 596 in
381 577 429 597 au—

205 607 276 642 gulis
290 606 438 641 platearum

207 646 310 670 stantes
322 648 412 673 orare,

206 684 236 706 ut
255 677 395 704 videantur

207 714 241 740 ab
255 712 424 740 hominibus:

206 756 285 776 amen
299 748 358 775 dico
372 756 416 775 vo-

206 785 258 818 bis,
280 784 380 811 habent
391 791 461 811 mer-

207 821 300 848 cedem
312 827 399 846 suam.

208 856 234 883 6.
256 855 296 882 Tu
309 859 398 882 autem
412 862 473 882 cum

208 898 281 924 oras,
294 891 363 917 intra
375 891 402 917 in

208 927 362 954 cubiculum
374 931 416 953 tu-

208 970 265 995 um,
281 965 308 989 et
322 962 398 989 cluso

208 998 290 1029 ostio,
301 1005 347 1024 ora
363 1001 466 1032 patrem

208 1037 283 1061 tuum
296 1033 321 1060 in
336 1033 451 1060 abscon-

208 1076 259 1100 so;
275 1072 299 1096 et
317 1071 392 1103 pater
409 1073 469 1095 tuus

209 1105 253 1139 qui
270 1104 338 1131 videt
353 1104 379 1130 in
394 1104 456 1131 abs—

207 1147 303 1171 conso,
315 1139 411 1167 reddet

207 1175 256 1202 tibi
272 1175 299 1201 in
317 1175 415 1209 palam.

208 1211 236 1237 7.
256 1210 372 1238 Orantes
386 1213 486 1241 autem,

208 1246 293 1274 nolite
306 1246 420 1273 multum

626 960 694 987 15...
712 960 880 988 debitoribus
893 959 1006 988 nostris.

624 995 659 1022 Et
672 1002 706 1022 ne
720 1002 768 1022 nos
782 996 893 1025 inducas

625 1030 651 1057 in
664 1031 819 1064 temptatio-

625 1074 697 1094 nem.
717 1066 771 1094 Sed
785 1067 861 1095 iibe—

625 1109 656 1144 12".
670 1110 719 1144 ηεξ
735 1110 748 1129 τι
764 1103 901 1144 malai“)-

627 1137 671 1165 M.
689 1137 717 1165 Si
732 1138 805 1165 enim
820 1137 932 1167 dimise-

627 1173 686 1200 ritis
701 1174 817 1200 homini-

626 1208 677 1236 bus
689 1214 799 1243 peccata
814 1217 860 1237 eo-

626 1251 686 1270 rum
700 1254 706 1270 :
722 1244 842 1272 dimittet

210 1281 265 1316 loq.
289 1302 295 1308 .
320 1302 327 1315 ,
343 1281 413 1308 sicut
427 1280 487 1308 eth-
517 1314 522 1316 Α
626 1279 703 1307 vobis
713 1280 792 1308 Pater
807 1289 867 1309 vcs-

208 1314 254 1344 ni.‘
271 1335 277 1342 .
300 1336 307 1343 .
323 1316 361 1343 Pu
377 1336 383 1342 .
407 1336 412 1341 .
430 1320 459 1342 nt
481 1314 552 1342 enim
628 1319 669 1342 ter
684 1316 729 1350 qui
744 1317 827 1344 estin

209 1351 292 1387 quod.
315 1371 322 1377 .
347 1372 353 1378 .
375 1350 465 1378 multi-
628 1349 839 1379 15.caelis.Sin
850 1357 940 1386 autem

210 1387 303 1422 loquio
313 1394 364 1414 suo
378 1394 426 1413 au-
629 1393 683 1422 non
697 1387 834 1415 remiserit
854 1406 861 1414 .
885 1408 891 1415 .

211 1420 330 1451 diantur.
629 1420 783 1449 hominibus
796 1431 803 1448 :

211 1459 237 1486 8.
259 1458 346 1486 Nolite
361 1464 425 1492 ergo
440 1456 517 1484 simi-
630 1464 680 1484 nec
695 1457 774 1484 Pater
788 1465 848 1486 ves-

211 1494 280 1522 liare
297 1494 361 1521 illis.
375 1493 433 1521 Scit
629 1497 670 1519 ter
682 1493 803 1521 remittet

423 1547 540 1576 CODEX
559 1546 798 1578 CORBEIENSIS.

212 1597 256 1633 qui
285 1595 359 1624 videt
387 1595 412 1622 in
438 1596 446 1611 ³
463 1594 648 1633 abscondito,
674 1595 768 1633 reddet
784 1595 831 1623 tibi
847 1597 867 1622 ².
885 1596 916 1623 Et
927 1604 1010 1632 quum

212 1630 313 1664 oratis,
348 1639 402 1658 non
431 1631 507 1657 eritis
536 1631 607 1657 sicut
628 1630 787 1666 hypocriten.
805 1633 850 1666 qui
876 1630 967 1660 amant
983 1633 1010 1660 in

211 1667 357 1704 synagogis
369 1666 563 1704 etinrang‘ulis
579 1666 728 1700 platearum
746 1672 855 1704 stantes
873 1675 964 1701 orare,
982 1673 1011 1695 ut

212 1702 357 1731 videantur
383 1702 417 1729 ab
445 1702 600 1728 hominibus
617 1710 623 1728 :
638 1709 717 1729 amen
737 1702 797 1730 dico
819 1704 915 1735 vobis,
933 1712 1009 1731 rece-

214 1742 314 1774 perunt.
335 1737 488 1765 mercedem
505 1745 591 1764 suam.
616 1737 657 1764 Tu
670 1743 760 1765 autem
782 1747 865 1773 quum
893 1739 984 1767 orabis
997 1760 1007 1773 ,

216 1775 288 1802 intra
304 1775 329 1801 in
339 1774 490 1801 cubiculum
506 1776 592 1807 tuum,
605 1777 632 1800 et
643 1774 733 1801 clauso
748 1776 828 1807 ostio,
844 1782 890 1801 ora
906 1780 1011 1809 patrem

216 1815 290 1838 tuum
315 1811 340 1836 in
353 1809 503 1840 absconso;
520 1813 547 1836 et
559 1814 634 1844 pater
658 1814 719 1836 tuus
743 1810 788 1845 qui
802 1810 875 1838 videt
900 1811 926 1838 in
950 1812 1013 1839 abs-

216 1853 301 1873 conso
312 1866 319 1877 ,
332 1845 427 1872 reddet
442 1844 498 1871 tibi.

253 1881 286 1908 V.
302 1881 418 1908 Orantes
442 1886 551 1913 autem,
578 1880 660 1907 nolite
685 1881 798 1908 multum
820 1882 914 1916 loqui,
942 1883 1014 1910 sicut

217 1916 328 1944 ethnici.
339 1916 440 1943 Putant
450 1917 521 1943 enim
536 1916 645 1950 quodin
660 1917 832 1950 multiluqnio
844 1925 893 1944 suo
907 1917 917 1932 ³
931 1925 1015 1945 exau-

218 1952 335 1979 diantur.
349 1951 439 1978 Nolite
452 1959 517 1987 ergo
533 1951 543 1966 ³
559 1951 702 1978 assimilari
717 1952 765 1979 eis.
779 1953 836 1980 Scit
849 1952 920 1980 enin:
938 1958 1014 1987 pater

217 1993 318 2020 vester,
334 1987 399 2022 qttid
413 1988 489 2013 vobis
503 1994 570 2023 opus
581 1988 631 2019 sit,
648 1991 791 2021 antequam
807 1989 902 2023 petatis
919 1990 928 2003 ”
940 1996 1012 2016 eum.

217 2023 262 2051 Sic
277 2031 342 2058 ergo
359 2022 471 2050 orabitis
484 2023 494 2037 δ
512 2031 518 2048 :
544 2022 622 2049 Pater
641 2028 732 2058 uoster
744 2044 750 2056 ,
767 2022 811 2058 qui
828 2032 856 2051 es
870 2025 896 2050 in
912 2024 989 2052 caelis
1007 2034 1013 2052 :

218 2057 400 2086 sanctiﬁcetur
415 2066 512 2085 nomen
529 2062 613 2085 tuum.
626 2057 723 2085 Veniat
735 2057 845 2094 regnum
859 2065 944 2087 tonui.
957 2060 1019 2088 Fiat

218 2095 343 2121 voluntas
360 2100 415 2126 tua,
433 2095 502 2121 sicut
517 2094 543 2120 in
560 2094 640 2126 caelo,
655 2098 682 2121 et
695 2095 720 2121 in
737 2099 818 2122 terra.
835 2095 934 2122 Panem
950 2104 1016 2123 nos-

218 2136 290 2157 trum
305 2135 319 2148 ἰ
333 2130 500 2157 cotidianum
518 2130 551 2156 da
568 2130 646 2156 nobis
660 2130 749 2157 hodie.
768 2131 800 2157 Et
816 2132 920 2158 dimitte
939 2131 1018 2159 nobis

219 2165 309 2192 debita
325 2171 416 2192 nostra
431 2187 437 2199 ,
464 2166 533 2192 sicut
556 2169 583 2192 et
609 2172 657 2192 nos
673 2165 833 2194 dimittimus
849 2167 1018 2194 debitoribus

220 2201 332 2228 nostris.
362 2201 394 2228 Et
417 2209 449 2228 ne
475 2202 586 2228 inducas
614 2209 665 2228 nos
692 2201 718 2227 in
747 2203 935 2229 tentationem.
963 2202 1018 2229 Sed

220 2236 306 2263 libera
329 2244 378 2263 nos
402 2244 415 2262 a
432 2237 511 2263 malo.
535 2236 563 2263 Si
589 2237 660 2264 enim
682 2237 840 2264 duniseritis
864 2237 1020 2265 hominibus

221 2276 329 2306 peccata
346 2279 438 2298 eorum
453 2281 458 2297 :
479 2271 596 2299 dimittet
608 2273 617 2288 ⁷
632 2276 658 2299 et
673 2273 748 2299 vobis
763 2273 843 2300 Pater
860 2277 950 2301 vester
963 2281 1020 2301 caa-

220 2308 297 2335 lestis
308 2307 407 2334 delicta
422 2311 522 2334 vestra.
539 2308 566 2335 Si
582 2312 671 2335 autent
691 2317 742 2335 nou
759 2308 919 2337 ditniscritis
933 2309 1021 2338 homi—

221 2343 319 2372 nibus:
333 2351 383 2371 nec
395 2347 469 2378 pater
481 2348 569 2371 vester
581 2343 697 2372 dimittet

570 2434 768 2464 VARIANTES
788 2436 981 2466 LEGTIONES
1002 2438 1069 2468 COD

257 2489 265 2503 |

256 2519 267 2534 ²
284 2488 407 2550 ᾗξηιέἒῗὲ.
421 2518 526 2550 Orontes
538 2519 622 2550 autem
634 2517 710 2543 nolite
724 2518 827 2544 multum
839 2517 906 2550 loqui
917 2518 931 2539 b

258 2549 269 2565 ³
286 2550 310 2574 in
322 2548 478 2579 multiloquio
488 2549 652 2574 exaudiantur

256 2581 268 2598 ⁸
284 2579 393 2606 similare
406 2580 442 2605 eis

476 143 612 174 EUSEBII
630 143 802 172 VERCELL.
823 139 1050 172 EVANGELIUM
1068 141 1141 172 CUM
1162 141 1275 171 VARllS
1294 141 1371 170 COD.
1388 139 1587 170 COLLATUM.

1806 137 1857 169 172

1270 198 1389 228 CODEX
1404 198 1631 228 VERONENSIS.

1473 246 1546 274 enim
1561 250 1637 281 pater
1652 253 1700 276 ve-

1473 287 1540 314 sier,
1558 281 1622 316 quid
1637 282 1716 310 vobis

1474 325 1542 352 Opus
1558 318 1604 349 sit.
1621 322 1698 346 ante—

1474 361 1554 387 quam
1570 354 1668 388 petatis

1474 388 1501 416 9.
1523 389 1557 426 ab
1567 397 1611 426 eo.
1628 389 1673 418 Sic
1689 397 1756 426 ergo

1474 424 1599 452 orabitis.

1476 460 1559 488 Pater
1574 463 1679 493 noster,

1475 496 1519 530 qui
1533 503 1563 523 es
1575 496 1601 523 in
1614 496 1718 524 caelis:

1476 532 1660 559 sanctiticetur

1476 574 1576 594 nomen
1592 572 1666 595 tuum
1672 587 1679 594 .

1478 602 1523 629 10.
1544 602 1679 632 Adveniat
1691 609 1734 629 re-

1477 645 1559 673 gnum
1577 643 1662 670 tuum,
1678 638 1739 666 Fiat

1479 673 1605 701 voluntas
1622 678 1666 700 tua

1477 709 1503 736 in
1518 711 1603 740 caelo,
1620 714 1646 736 ct
1659 710 1684 736 in

1477 744 1523 772 11.
1546 750 1628 772 terra.
1646 744 1745 772 Panem
1761 752 1809 773 n0-

1478 784 1562 807 strnm
1578 781 1704 807 cottidia—

1479 824 1542 843 num
1558 817 1589 842 da
1605 817 1683 843 nobis

1054 247 1099 282 qui
1115 246 1188 275 videt
1201 251 1227 279 ιβ

1055 283 1082 310 in
1098 283 1244 315 absconso,

1053 318 1150 346 reddet
1163 319 1210 347 tibi
1231 319 1256 346 in

1055 355 1126 389 pala.

1054 391 1080 417 5.
1102 389 1211 425 Etcum
1226 397 1286 417 ora-

1054 425 1100 458 tis,
1117 433 1170 453 non
1186 426 1263 453 eritis

1054 461 1125 502 sicut
1139 460 1300 496 hypocritte,

1054 505 1100 531 qut
1116 502 1208 524 amant

1055 537 1127 560 stare
1140 533 1166 559 in
1181 540 1261 567 syna-

1055 569 1131 603 gogis
1145 573 1172 595 et
1190 576 1239 595 an-

1054 604 1125 638 gulis
1145 603 1297 638 platearum

1055 643 1159 666 stantes
1174 646 1266 673 orare,

1056 680 1085 702 ut
1099 675 1242 702 videantur

1055 710 1090 738 ab
1105 710 1277 738 hominibus:

1056 753 1133 773 amen
1154 746 1215 773 dico
1230 753 1278 773 vo-

1055 781 1108 814 bis,
1125 786 1309 817 perceperunt
1322 787 1396 809 mer-

1055 817 1151 845 cedem
1166 825 1253 844 suam.

1058 852 1084 880 6.
1106 853 1146 880 Tu
1161 857 1251 880 autem
1264 860 1325 880 cum

1058 896 1121 916 oras
1130 909 1136 920 ,
1152 889 1221 915 intra
1235 888 1262 916 in

1059 924 1211 951 cubiculum
1229 929 1314 957 tuum,

1060 965 1087 987 et
1102 960 1178 987 cluso
1193 961 1272 992 ostio,

1060 1003 1109 1023 ora
1124 1000 1230 1030 patrem

1062 1037 1136 1059 tuum
1153 1031 1179 1058 in
1195 1031 1309 1058 abscon—

1062 1075 1108 1100 so;
1126 1072 1152 1094 et
1168 1072 1244 1101 pater
1259 1071 1320 1094 tuus

1063 1103 1108 1138 qtti
1122 1102 1196 1130 videt
1210 1107 1237 1129 te

1063 1137 1089 1166 in
1103 1138 1251 1171 absconso,
1262 1137 1358 1170 reddet

1064 1174 1111 1202 tibi
1125 1174 1151 1201 in
1168 1174 1237 1208 pala.

1064 1210 1092 1236 7.
1112 1209 1230 1236 Orantes
1242 1213 1345 1243 autem,

1065 1245 1149 1273 nolite
1163 1246 1277 1274 multum

1065 1281 1150 1315 loqui,
1166 1280 1234 1308 sicut
1248 1280 1309 1308 eth-

1065 1317 1130 1344 nici.
1149 1316 1246 1343 Putant
1262 1316 1334 1344 enim

1066 1352 1138 1387 quod
1154 1352 1180 1378 in
1198 1351 1289 1379 multi-

1066 1388 1187 1422 loquium
1202 1394 1280 1414 suum

1481 851 1523 879 12.
1547 852 1637 879 hodie.
1653 852 1684 878 Et
1696 851 1788 879 dimit—

1480 892 1506 915 te
1522 888 1599 914 nobis
1613 888 1701 914 debita

1481 928 1583 953 nostra,
1602 923 1670 949 sicut
1685 928 1712 950 et
1728 930 1778 949 nos

1482 960 1646 986 remittimus
1660 958 1794 986 debitori-

1483 995 1527 1022 15.
1544 994 1594 1022 bus
1604 994 1715 1022 nostris.
1727 994 1762 1021 Et
1772 1001 1806 1026 ne
1818 1001 1866 1022 nos

1482 1030 1594 1058 inducas
1608 1030 1634 1057 in
1650 1030 1806 1065 temptatio-

1485 1074 1557 1093 nem.
1573 1066 1627 1094 Sed
1643 1066 1713 1093 libe-

1484 1109 1514 1129 ra
1529 1109 1579 1129 nos
1594 1109 1609 1129 a
1625 1102 1697 1128 malo
1712 1100 1762 1137 (α).

1486 1137 1530 1165 14.
1551 1137 1580 1165 Si
1593 1138 1665 1164 enim
1676 1137 1787 1165 dimise-

1487 1173 1546 1200 ritis
1567 1172 1686 1199 homini-

1487 1208 1538 1236 bus
1553 1213 1661 1243 peccata
1677 1214 1723 1237 e0-

1488 1252 1548 1272 rum
1566 1253 1572 1270 :
1587 1243 1706 1271 dimittet

1489 1280 1565 1307 vobis
1579 1284 1606 1306 et
1621 1279 1700 1307 Pater
1714 1285 1776 1306 ves-

1491 1322 1531 1343 ter
1543 1315 1587 1350 qui
1600 1318 1641 1343 est
1661 1314 1688 1342 in

1492 1350 1535 1378 15.
1556 1350 1649 1378 caelis.
1659 1350 1688 1377 Si
1707 1353 1798 1376 autem

1491 1394 1544 1414 non
1556 1385 1717 1413 remiseritis

1067 1422 1259 1450 exaudiuutur.
1491 1422 1647 1450 hominibus

1068 1458 1094 1485 8.
1116 1457 1205 1485 Nolite
1220 1465 1285 1493 ergo
1298 1457 1375 1486 simi—
1485 1462 1602 1493 peccata
1619 1466 1625 1483 :
1637 1464 1691 1485 nec
1704 1455 1785 1486 Pater
1797 1463 1843 1483 ve-

1068 1494 1128 1522 lare
1139 1494 1188 1521 eis.
1205 1493 1263 1521 Scit
1491 1498 1547 1521 ster
1553 1493 1676 1521 remittet

1301 1549 1418 1578 CODLX
1439 1549 1641 1579 BRIXIANUS.

1066 1596 1112 1631 qtti
1124 1596 1195 1623 videt
1212 1597 1236 1622 in
1257 1596 1399 1623 absconso.
1416 1597 1513 1624 reddet
1530 1595 1581 1623 tibi
1605 1595 1632 1622 in
1657 1593 1813 1622 manifesto.
1840 1593 1875 1631 [Et

1065 1629 1127 1659 eum
1141 1633 1234 1658 oratis.
1264 1640 1316 1658 non
1340 1632 1416 1659 eritis
1439 1633 1511 1660 sicut
1521 1631 1670 1667 liipoeritae
1689 1629 1873 1669 quiamantin

1065 1669 1211 1703 synagogis
1225 1673 1251 1694 et
1265 1668 1289 1693 in
1300 1669 1404 1702 angulis
1417 1669 1565 1703 platearum
1578 1671 1681 1694 stantes
1695 1673 1786 1703 orare.
1799 1670 1827 1692 ut
1838 1672 1875 1691 vt-

1067 1701 1182 1730 d‘eaniur
1197 1703 1229 1729 ab
1246 1701 1507 1731 hominilmsfamen
1528 1703 1590 1731 dico
1604 1703 1679 1730 vobis
1703 1701 1764 1736 quia
1781 1707 1876 1736 perce-

1068 1743 1167 1774 perunt
1179 1739 1328 1765 mercedem
1342 1747 1428 1765 suam.

1106 1780 1117 1793 ε
1135 1774 1175 1801 Tn
1188 1779 1277 1801 autem
1292 1782 1353 1801 curn
1374 1782 1438 1802 oras
1458 1775 1528 1802 intra
1548 1774 1575 1801 in
1589 1772 1743 1801 cubiculum
1760 1776 1835 1799 tuum
1849 1776 1879 1799 et

1067 1810 1196 1837 claudens
1210 1811 1309 1838 ostium
1325 1815 1398 1837 tuum
1414 1818 1461 1838 ora
1478 1814 1584 1845 patrem
1597 1815 1671 1836 tuum
1686 1809 1713 1845 in
1727 1808 1877 1845 absconso.

1068 1852 1096 1873 et
1117 1851 1192 1883 pater
1207 1852 1268 1873 tuus
1284 1847 1328 1881 qui
1354 1845 1426 1873 videt
1447 1843 1745 1883 in‘absconsoreddct
1770 1843 1825 1883 tibi.
1846 1844 1875 1869 in

1069 1881 1224 1908 manifesto.
1242 1879 1357 1908 Ora‘ntes
1373 1888 1474 1909 autem.
1494 1882 1577 1908 nolite
1590 1881 1702 1907 multum
1720 1879 1791 1912 loqui
1805 1879 1878 1905 sicut

1070 1918 1183 1944 ethnici.
1205 1917 1305 1944 Putant
1328 1917 1400 1944 enim
1418 1917 1488 1952 quod
1503 1917 1529 1944 itt
1544 1916 1715 1950 multiloquio
1730 1922 1778 1952 suo
1793 1921 1878 1940 exau-

1071 1952 1193 1979 diuntur.
1219 1952 1309 1979 Nolite
1323 1960 1387 1987 ergo
1403 1953 1525 1980 similare
1547 1953 1598 1979 eis.
1623 1952 1680 1979 Scit
1704 1951 1776 1978 euitn
1801 1952 1880 1985 pater

1071 1993 1162 2026 veil?"
1174 1988 1238 2022 quid
1253 1996 1321 2023 opus
1340 1989 1376 2026 sit
1391 1988 1468 2026 vobis
1483 1991 1627 2023 antequam
1641 1987 1852 2026 petatiseum.“

1108 2024 1153 2051 Sic
1165 2020 1229 2059 ergo
1243 2020 1291 2051 vos
1307 2024 1428 2051 orabitis.
1442 2024 1523 2051 Pater
1538 2020 1629 2050 noster
1640 2020 1685 2057 qui
1701 2029 1731 2049 es
1744 2021 1771 2048 in
1784 2020 1880 2048 caelis.

1072 2059 1257 2086 sanctiﬁcetur
1280 2067 1377 2087 nomen
1393 2064 1479 2086 tuum.
1498 2059 1631 2086 Adveniat
1654 2065 1766 2093 regnum
1779 2062 1880 2093 γιυιιιιι.

1073 2094 1134 2122 Fiat
1154 2095 1278 2122 voluntas
1296 2101 1339 2122 tua
1355 2096 1424 2123 sicut
1439 2096 1465 2122 in
1481 2094 1559 2122 caelo
1573 2099 1599 2121 et
1616 2095 1642 2121 in
1664 2098 1763 2120 terram
1779 2092 1883 2119 Panem

1074 2134 1197 2157 nostrum
1207 2131 1370 2158 cotidianum
1390 2131 1421 2158 da
1435 2131 1514 2158 nobis
1526 2130 1617 2156 hodie.
1631 2130 1663 2156 Et
1676 2128 1789 2156 demitte
1802 2127 1884 2154 nobis

1075 2166 1166 2193 debita
1183 2172 1287 2193 nostra.
1313 2167 1382 2194 sicut
1404 2172 1430 2193 et
1459 2174 1509 2193 nos
1527 2165 1686 2192 dimittimus
1710 2163 1885 2190 debitoribus

1077 2202 1185 2228 nostris.
1214 2202 1247 2229 Et
1271 2211 1304 2229 ne
1321 2210 1370 2229 nos
1395 2202 1507 2229 inducas
1532 2202 1558 2228 in
1590 2199 1806 2235 temptationem.
1828 2198 1884 2225 Sed

1077 2236 1225 2274 libertinos
1248 2245 1262 2264 a
1286 2238 1357 2264 malo
1372 2237 1420 2274 (α).
1438 2238 1565 2274 quoniam
1590 2242 1664 2274 tuum
1688 2240 1730 2262 est
1752 2241 1886 2274 regnum.

1076 2276 1106 2299 et
1121 2273 1216 2300 virtus.
1233 2278 1261 2300 et
1287 2270 1381 2308 gloria
1402 2270 1429 2300 in
1446 2270 1581 2299 ‘saecuia.
1617 2271 1713 2308 Amen.
1733 2270 1777 2308 _Si
1812 2270 1887 2308 enirn

1077 2308 1236 2336 dimiseritis
1252 2305 1405 2336 hoininibns
1419 2313 1530 2343 peccata
1552 2315 1657 2334 eorum.
1674 2306 1793 2334 dimittet
1807 2305 1888 2343 vobis

1076 2347 1106 2370 et
1120 2344 1201 2380 Pater
1213 2350 1303 2372 vester
1313 2345 1358 2379 qui
1373 2345 1400 2371 in
1415 2340 1498 2372 caelis
1512 2348 1564 2371 est.
1581 2343 1608 2371 Si
1623 2348 1713 2370 autem
1737 2348 1795 2380 non
1807 2340 1892 2380 dimif

1077 2379 1168 2407 seritis
1181 2376 1337 2408 hominibus
1352 2385 1463 2415 peccata
1479 2387 1587 2413 eorum,
1608 2386 1658 2407 nec
1673 2381 1749 2414 pater
1770 2376 1893 2405 dimittet

1072 2437 1138 2466 lCIS
1154 2438 1210 2467 MS.
1230 2439 1258 2467 S.
1280 2438 1534 2467 GERMANENSIS.

1115 2491 1218 2516 6abeo

1117 2521 1128 2537 ⁸
1146 2529 1204 2547 eum

1118 2553 1128 2568 ⁷
1146 2554 1246 2578 dimittit
1258 2552 1329 2578 vobis
1342 2555 1368 2578 et
1378 2552 1454 2578 Pater
1464 2554 1550 2578 vester
1560 2551 1603 2582 qui
1614 2551 1639 2576 in
1651 2549 1728 2576 ooelis
1740 2552 1787 2576 est.

886 2623 1071 2657 BLANCHINI
1092 2625 1210 2655 ΝΟΤᾸΞ.

264 2684 278 2697 α
293 2677 527 2717 Vulgatamdtanc
541 2679 684 2717 lectionem
704 2680 774 2717 apud
798 2683 928 2717 Cypriani.
942 2704 949 2717 ,
966 2684 1033 2712 Am-

225 2714 320 2746 bros.,
338 2714 481 2753 angustia.
505 2719 532 2741 et
547 2715 771 2753 aliosantuttivit
795 2714 976 2753 lilieronym'us
1004 2721 1032 2749 in

227 2750 519 2790 supersubstantiatent;
535 2750 582 2790 sed
595 2750 705 2790 verbum
720 2750 909 2790 quotidianum,
923 2763 1031 2790 semper

205 2797 207 2799 ί
228 2785 343 2813 retinuit
358 2786 481 2813 Ecclesia
497 2786 522 2812 iu
537 2785 666 2812 Oratione
687 2786 838 2814 Dominica.

267 2821 280 2840 ι’
294 2821 457 2856 Cyprianus,
469 2821 558 2849 reddet
572 2821 719 2856 tibipalam.
733 2822 847 2858 Propius
856 2825 890 2852 ad
902 2825 1029 2854 Graecum

267 2888 305 2926 (a)
318 2889 398 2917 Deest
407 2888 501 2923 Amen,
518 2890 599 2918 etiam
625 2889 652 2917 in
676 2889 736 2918 cod.
752 2890 829 2918 (λίποι.

1085 2686 1110 2723 ἐν
1134 2698 1173 2723 τῳ
1188 2690 1286 2723 φανερῷ
1302 2685 1408 2723 accedit
1432 2693 1484 2713 ms.
1502 2690 1594 2723 noster
1610 2685 1896 2723 San-Germanensis.

1085 2721 1124 2749 De
1140 2721 1283 2755 bac'votie,
1300 2722 1385 2757 palam
1397 2742 1404 2755 ,
1421 2722 1533 2749 consule
1548 2722 1731 2756 Augustinum
1748 2722 1797 2749 lib.
1822 2729 1840 2748 ιι
1856 2721 1898 2749 de

1084 2757 1174 2784 Serm.
1194 2757 1300 2784 Domini
1324 2758 1349 2784 in
1374 2762 1483 2790 monte;
1500 2762 1528 2784 et
1542 2757 1593 2784 'l‘h.
1609 2757 1781 2793 Mareschalli
1796 2757 1897 2785 obser—

1085 2793 1208 2820 vationes
1224 2794 1250 2819 in
1266 2793 1425 2820 Versiouem
1440 2793 1594 2820 Gothicam.
1645 2794 1649 2797 “
1718 2797 1721 2798 ⁷

1123 2833 1134 2846 ε
1156 2828 1290 2859 Delicitin
1308 2827 1409 2865 Codice
1420 2829 1479 2857 haec
1493 2829 1632 2865 pericope.
