2027 3099
146 135 201 163 1ῗὸ

345 192 459 224 CODEX
478 192 752 224 YERCELLENSIS.

141 238 221 266 vobis
241 243 352 273 peccata
567 246 626 268 zate
640 246 729 269 autem
744 248 790 268 vo-

141 278 247 302 vestra.
568 277 611 304 bis
627 277 787 304 thensauros

141 309 189 346 16.
211 309 281 337 Cum
294 315 381 338 autem
393 309 433 346 ie-

137 345 259 380 junatis,
274 347 355 375 nolite

139 382 204 408 ﬁeri
217 382 286 408 sicut
299 382 348 418 hy-

139 417 263 451 pocritae
279 417 342 445 tris-

140 457 195 480 tes.
210 452 404 482 Exterminant

140 489 214 516 enim
229 489 312 516 iacies

140 531 217 557 suas,
235 528 263 551 ut
279 531 359 559 pare-

141 565 191 587 ant
206 560 325 587 homini-

139 595 193 622 bus
204 595 330 630 jejunan-

567 312 594 339 in
608 312 707 340 caelis:
724 313 766 340 ubi

567 356 655 383 neque
672 356 766 383 erugo,

569 392 655 418 neque
672 384 743 411 tinea

566 419 743 452 exterminat;

565 460 589 483 et
606 455 652 482 ttbi
671 455 743 482 fures
759 462 812 482 non

564 490 695 518 eﬂodiunt
704 512 711 524 ,
728 494 755 518 et

564 526 609 553 21.
632 527 762 554 furantur.
781 526 831 555 Ubi

565 562 636 589 enim
650 567 691 589 est
707 562 784 590 then-

565 605 673 625 saurum
690 602 776 630 tuttm,

140 635 196 670 tes.
209 632 296 670 Amen
325 667 329 670 '
349 667 354 670 _
375 667 381 670 _
565 633 603 661 ibi
620 634 655 669 (c)
670 634 721 661 erit
734 633 754 670 ἦ·
766 637 851 662 etcor

139 667 205 704 dico
219 667 303 699 vobis,
320 667 359 704 (ᾳ)
375 667 422 698 ha-
567 667 653 696 tuum.

140 702 211 741 bent
225 702 329 730 merce?
347 702 354 704 ἡ
565 704 610 741 22.
631 704 752 732 Lucerna
772 713 872 741 corpo-

141 737 205 765 dem
221 745 310 765 suam.
566 740 605 768 ris
619 741 655 768 lui
671 744 714 767 est
723 748 789 768 ocu-

566 775 608 803 lus
624 781 695 803 tuus.
708 776 735 803 Si
751 784 816 804 ocu-

566 811 608 839 lus
623 816 685 839 tuus
700 813 765 839 sim-

566 847 626 882 plex
640 852 681 875 est
695 856 701 873 :
718 853 802 875 totum

564 890 661 917 corpus
677 888 750 910 tuum

563 918 682 946 lucidum
697 923 748 946 est.

563 954 609 981 25.
629 955 657 982 Si
670 960 760 982 autem
772 955 868 983 oculus

563 993 625 1017 tuus
640 998 756 1024 nequam
770 995 811 1018 est
824 999 831 1023 ;

563 1029 648 1053 totum
669 1033 767 1061 corpus

564 1066 638 1088 tuttm
651 1066 691 1089 te-

564 1097 710 1125 nebrosunt

564 1137 615 1161 est.
631 1132 772 1160 Tenebrae

565 1173 626 1196 tuae
641 1173 757 1204 quantae

564 1204 646 1231 sunt?

563 1239 609 1267 ει.
629 1239 716 1267 Nemo
732 1244 820 1275 potest

564 1275 670 1303 duobus
680 1276 753 1303 domi
760 1291 768 1296 -

564 1311 606 1338 nis
619 1312 721 1338 servire
738 1320 744 1338 :

564 1350 611 1373 aut
626 1347 696 1373 enitn
719 1353 800 1373 unum

565 1382 649 1414 odiet,
665 1386 690 1409 et
702 1382 772 1409 alte-

564 1425 623 1444 rum
639 1417 741 1444 amabit
753 1426 759 1443 :

564 1456 610 1480 aut
621 1460 701 1480 unum
716 1461 761 1487 pa-

564 1487 663 1520 tietur,’
672 1492 699 1515 et
714 1489 827 1517 alterum

564 1528 731 1552 contemnet.

142 774 188 800 i7.
211 773 263 801 Vos
280 793 288 801 .
306 793 313 801 .
330 794 337 801 .
355 779 421 809 tem,
437 781 497 803 cum

138 808 282 844 jejunatis,
298 817 348 837 un-

139 847 216 880 guite
229 850 312 881 caput

139 886 261 908 vestrum
272 901 280 913 ,
297 885 324 909 et
339 881 380 910 l‘a—

139 916 212 944 ciem
228 921 346 944 vestram

140 951 187 978 18.
203 952 310 989 labate,
327 959 362 980 ne
377 960 424 989 pa-

138 988 224 1015 rcatis
241 988 327 1015 homi-

138 1023 221 1050 nibus
233 1024 361 1058 jejunan-

139 1062 183 1086 tes
192 1080 199 1091 ,
216 1060 263 1086 sed
280 1060 350 1094 patri
364 1067 424 1088 vcs-

139 1099 196 1127 tro,
212 1096 258 1129 qui
274 1100 317 1123 est
331 1096 357 1123 in

139 1130 276 1157 absconso
288 1140 295 1157 :
316 1136 342 1158 et
358 1131 407 1159 Pa-

140 1170 185 1202 ter
195 1172 296 1199 vester,
312 1167 357 1202 qui

138 1201 213 1228 videt
228 1202 254 1228 in
266 1201 383 1230 abscon-

139 1244 182 1268 so.
198 1238 294 1264 reddet
309 1245 355 1265 vo-

139 1272 184 1299 bis
198 1273 225 1299 in
246 1273 345 1307 palam.

140 1308 187 1336 t9.
205 1308 297 1336 Nolite
313 1308 442 1337 thensau-

173 1363 181 1370 .
204 1364 211 1370 .
232 1352 266 1371 re
280 1344 357 1373 vobis

140 1379 309 1407 thensauros
324 1380 351 1408 in
364 1385 432 1409 terra
447 1390 454 1408 :

139 1415 186 1442 ubi
196 1423 298 1450 erugo,
313 1421 341 1444 et

140 1450 214 1478 tinea
228 1456 322 1479 exter-

140 1486 226 1514 minat
240 1495 247 1513 :
262 1490 290 1514 et
304 1487 348 1515 ubi

139 1522 215 1549 fures
227 1522 324 1550 eﬁ'odi-

141 1564 202 1594 unt,
217 1562 246 1585 et
257 1558 348 1585 furan-
564 1559 622 1587 Non
638 1560 751 1594 potestis

139 1593 188 1620 20.
210 1599 262 1621 tur.
280 1594 317 1630 (ll)
331 1593 496 1622 Thensauri-
565 1595 620 1623 Deo
634 1593 738 1623 servire

357 1652 474 1680 CODEX
490 1652 726 1681 CORBEIENSIS.

140 1696 334 1733 vobisrpeccata
346 1703 446 1725 vestra.
454 1699 541 1731 Quum
549 1698 782 1733 autemjejunatis,
792 1697 874 1725 nolite
883 1698 942 1726 ﬁeri

141 1734 214 1759 sicut
222 1732 378 1769 hypocrilae
390 1735 492 1761 tristes.
501 1732 683 1762 Exterminant
693 1735 762 1761 enim
774 1734 854 1761 facies
865 1742 940 1766 suas,

141 1772 189 1805 ιιιῄ
201 1773 312 1802 pareant
324 1768 478 1797 hominibus
491 1770 655 1805 jejunantes.
673 1774 756 1797 Amen
772 1771 832 1797 dico
845 1770 921 1797 vobis
931 1790 938 1803 ,

142 1803 207 1840 quia
218 1810 380 1839 receperunt
392 1803 545 1833 mercedem
560 1814 648 1833 suam.
664 1806 671 1821 ¹
687 1805 726 1832 'l‘u
742 1811 844 1837 autem,
855 1813 939 1840 quum

139 1839 349 1879 jejttnas,ttnge
367 1846 447 1879 caput
457 1847 539 1879 tuum
551 1862 557 1873 ,
572 1847 598 1869 et
614 1841 715 1879 fugient
728 1846 801 1879 tuum
820 1839 896 1879 lava,
910 1849 943 1867 ne

143 1876 264 1912 videaris
279 1876 431 1903 hominibus
453 1877 591 1911 jejunaus,
605 1877 650 1904 sed
672 1876 739 1910 patri
765 1881 827 1907 tuo,
843 1877 887 1912 qui
902 1881 944 1903 est

142 1911 170 1937 iu
196 1911 331 1938 absconso
345 1920 352 1938 :
367 1916 395 1940 et
409 1912 488 1940 Pater
499 1913 509 1928 ²
525 1918 584 1940 tuus
594 1934 600 1944 ,
611 1913 656 1947 qui
673 1912 782 1940 videtin
799 1913 942 1944 abscouso,

142 1947 240 1973 reddet
256 1948 315 1973 tibi.
340 1947 429 1974 Nolite
450 1949 634 1976 thesaurizare
659 1949 733 1975 vobis
759 1948 900 1974 thesauros
916 1947 943 1974 in

143 1987 214 2018 terra
228 1991 235 2010 :
247 1982 296 2010 ubi
311 1990 421 2018 aerugo,
434 1989 461 2010 et
477 1984 549 2011 tinea
562 1984 743 2011 1‘extermiuat
756 1993 760 2009 :
773 1989 799 2010 ct
814 1984 858 2010 ubi
871 1984 944 2010 fures

143 2017 322 2050 elTodiunt,et
335 2017 465 2046 furantur.
475 2020 667 2047 'l'iiesaurizztte
679 2024 768 2046 autem
783 2019 875 2046 vobis‘
884 2021 942 2045 tlte-

142 2061 252 2080 saurum
268 2055 296 2081 in
311 2055 388 2082 coelo
401 2064 407 2081 :
422 2055 465 2082 ubi
479 2063 565 2090 neque
579 2063 691 2091 aerugo,
707 2063 793 2089 neque
808 2055 878 2081 tinea
895 2062 943 2080 tex-

144 2090 287 2122 terminat;
302 2095 328 2117 et
344 2091 387 2117 ubi
405 2092 476 2118 iures
490 2098 541 2118 non
557 2091 702 2123 effodiunt,
719 2091 729 2106 ⁵
745 2098 794 2117 uec
810 2091 942 2117 iurantur.

145 2124 192 2152 Ubi
206 2126 281 2152 enim
296 2126 307 2141 ‘
318 2130 359 2152 est
375 2127 516 2153 thesaurus
532 2131 602 2157 tuus.
621 2127 655 2153 ibi
671 2127 680 2142 ⁷
694 2132 735 2153 cSt
751 2132 778 2152 et
793 2133 840 2153 cor
856 2131 941 2153 ttttnu.

145 2159 266 2187 Lucerna
296 2161 419 2196 Corporis
445 2163 481 2188 tui
511 2169 553 2189 est
581 2162 676 2189 oculus
702 2167 773 2189 tuus.
797 2163 824 2188 Si
840 2163 945 2189 “fuerit

144 2197 239 2232 oculus
265 2202 329 2223 tuus
353 2198 468 2231 simplex
495 2206 500 2223 :
529 2202 614 2225 totum
641 2206 739 2232 c0rptts
775 2202 848 2224 tuum
875 2197 942 2224 luci-

145 2231 205 2258 dutn
217 2232 282 2259 erit.
298 2232 327 2260 Si
338 2237 428 2260 autem
444 2234 538 2260 oculus
553 2238 614 2261 tuus
629 2231 715 2269 nequa
737 2233 818 2260 fuerit
833 2242 839 2259 :
856 2240 942 2261 totum

145 2274 242 2304 corpus
251 2273 328 2295 tttum
347 2271 517 2296 tenebrosum
532 2270 593 2296 erit.
605 2269 633 2297 Si
649 2277 713 2304 ergo
740 2269 845 2301 lumen,
870 2269 941 2303 quod

145 2302 169 2329 in
181 2308 208 2330 te
220 2309 285 2340 est,
296 2303 423 2331 tenebrae
438 2309 500 2332 sunt
519 2313 525 2331 :
554 2305 629 2340 ipsae
654 2302 782 2332 tenebrae
807 2302 922 2339 quantae
933 2306 942 2321 ⁸

146 2345 224 2366 erunt
237 2338 249 2365 ?
263 2339 348 2366 Nemo
362 2345 451 2374 potest
476 2338 580 2368 duobus
598 2341 716 2367 dominis
745 2338 848 2368 servire
864 2350 869 2367 :
897 2344 944 2367 aut

147 2374 216 2401 enim
233 2383 317 2402 unum
330 2375 353 2390 “
364 2375 425 2412 odio
441 2375 530 2409 habet,
549 2380 576 2404 et
602 2376 714 2403 alterum
733 2377 818 2412 diligit
833 2385 839 2412 ἓ
861 2381 907 2403 aut
921 2376 941 2391 “

148 2411 418 2448 unum_sustinebit,
447 2417 474 2439 et
498 2413 612 2440 alterum
637 2411 803 2440 contemnet.
818 2411 877 2439 Non
894 2420 944 2448 po-

149 2447 223 2473 testis
234 2445 291 2474 Deo
306 2447 411 2474 servire
896 2445 903 2448 ⁷
924 2447 933 2455 ‘

634 135 863 166 EYANGELIUM
883 135 1071 166 SECUNDUM
1090 133 1308 171 MATTHAEUM.

1753 138 1802 169 lTi

1218 168 1333 220 consx
1349 189 1574 219 VERONENSIS.
1777 168 1797 177 (λ

1425 243 1514 266 autem
1529 238 1604 266 vobis

1003 239 1080 268 vobis
1095 244 1204 275 peccata

1426 274 1587 306 thensauros

1002 280 1103 303 vestra.

1003 313 1047 338 16.
1068 311 1134 338 Cum
1151 314 1240 338 autem
1254 311 1296 346 je-

999 346 1113 382 junalis,
1129 347 1214 375 nolite

1001 383 1072 410 ﬁerit
1084 382 1153 409 sicut
1169 383 1218 418 hy—

1001 418 1121 453 pocritae
1133 419 1181 445 tri-

1001 459 1067 481 stes.
1084 453 1272 481 Exterminant

1001 491 1072 517 enim
1089 489 1171 516 facies

1000 533 1073 557 suas,
1088 531 1116 552 ut
1129 532 1211 560 appa-

1000 565 1076 587 reant
1091 560 1207 587 homini-

999 596 1050 623 bus
1059 596 1185 631 jejunan-

1000 636 1050 659 tes.
1063 631 1150 659 Amen
1197 635 1201 642 '

998 667 1060 695 dico
1076 666 1162 699 vobis,
1180 667 1216 702 (α)

998 702 1099 730 habent
1111 709 1215 730 merce—

998 738 1059 766 dem
1072 746 1158 765 suam.

998 774 1042 801 t7.
1063 774 1118 802 Vos
1136 777 1239 807 autem,
1252 779 1312 800 eum

995 810 1132 844 jt-junatis,
1149 818 1196 836 un-

996 847 1069 880 guite
1085 850 1165 879 caput

996 888 1126 912 vestrum,
1145 886 1170 907 et
1185 880 1220 907 Γει-

996 917 1065 944 ciem
1078 921 1193 943 vestram

996 953 1040 980 l8.
1062 952 1160 984 lavate,
1175 958 1208 979 ne
1219 958 1265 986 pa-

995 988 1078 1015 rcatis
1092 988 1179 1015 homi-

995 1024 1075 1051 nibus
1085 1024 1210 1057 jejunan-

995 1064 1047 1092 tes,
1064 1059 1110 1086 sed
1123 1059 1191 1093 patri
1207 1065 1254 1085 ve-

994 1100 1062 1127 stro,
1079 1096 1124 1129 qui
1140 1094 1219 1122 estin

993 1131 1127 1158 absconso
1143 1138 1149 1156 :
1166 1135 1192 1157 et
1204 1129 1254 1156 Pa-

993 1171 1036 1193 ter
1048 1171 1147 1196 vester.
1164 1165 1209 1200 qui

993 1202 1067 1229 videt
1078 1202 1104 1228 iu
1119 1201 1227 1228 abscon-

993 1245 1035 1270 so,
1050 1237 1144 1264 reddet
1158 1244 1207 1263 vo-

993 1273 1035 1299 bis
1046 1273 1072 1299 in
1087 1272 1186 1306 palam.

993 1308 1038 1336 l9.
1059 1307 1147 1334 Nolite
1159 1306 1234 1334 vobis

993 1342 1196 1371 thensaurizare

993 1379 1154 1406 thensauros
1165 1377 1192 1405 in
1207 1382 1276 1405 terra
1295 1385 1301 1404 2

993 1414 1038 1442 ubi
1049 1421 1144 1448 erugo,
1157 1418 1183 1441 et

994 1451 1067 1477 tinea
1078 1454 1168 1477 exter—

992 1486 1078 1513 minat
1092 1494 1098 1511 2
1113 1489 1139 1512 et
1154 1484 1199 1512 ubi

1425 310 1451 337 in
1465 311 1559 337 caelo:
1576 310 1620 338 ubi

1425 353 1512 380 neque
1526 353 1618 381 erugo,

1424 389 1511 416 neque
1526 381 1597 409 tinea

1424 417 1585 444 exterminat
1600 426 1607 450 ;

1424 458 1450 480 et
1463 452 1506 479 ubi
1524 452 1595 481 l‘ures
1611 461 1663 482 non

1424 488 1565 521 elTodiunt,
1582 494 1608 516 et

1423 523 1468 551 21.
1490 524 1621 551 furantur.
1637 525 1687 553 Ubi

1425 560 1496 587 enim
1510 559 1587 587 fuerit
1603 560 1681 588 then-

1424 602 1521 622 saurus
1535 599 1607 627 tuus,

1426 631 1461 657 ibi
1478 630 1513 666 (c)
1529 631 1648 667 erit‘l'ct
1663 640 1711 660 cor

1426 671 1510 693 tuum.

1423 701 1467 740 22.
1487 702 1608 740 Lucerna
1623 703 1746 740 corporis

1421 738 1460 764 tui
1475 742 1517 764 est
1531 739 1624 766 oculus
1640 738 1711 767 tuus.

1420 772 1465 800 25.
1485 773 1511 801 Si
1530 775 1602 801 enini
1620 776 1713 803 oculus

1420 813 1481 844 tuus
1505 810 1619 844 simplex

1420 843 1512 877 fuerit,
1528 843 1611 872 totum

1421 887 1518 915 corpus
1533 884 1607 908 tuum
1622 882 1688 910 luci-

1420 916 1482 943 dum
1497 917 1560 943 erit.
1577 917 1604 944 Si
1619 926 1668 945 au-

1420 955 1473 978 tem
1486 952 1580 979 oculus
1596 957 1657 981 tuus

1419 995 1506 1022 nequa
1519 987 1618 1023 fuerit;

1419 1026 1505 1050 totum
1518 1032 1617 1058 corpus
1632 1030 1704 1053 tuum

1420 1059 1594 1086 tenebrOsum
1607 1066 1657 1088 est.

1418 1093 1446 1121 Si
1461 1102 1526 1129 ergo
1542 1095 1632 1123 lutnen
1643 1117 1650 1128 ,

1417 1130 1488 1164 quod
1505 1131 1531 1157 in
1548 1135 1573 1157 te
1588 1136 1640 1165 est,

1417 1165 1546 1193 tenebrae
1554 1171 1616 1194 sunt
1630 1176 1636 1194 :

1417 1201 1475 1235 ipse
1488 1201 1617 1229 tenebrae

1414 1242 1531 1270 quantae
1539 1238 1618 1264 sunt?

1415 1271 1461 1298 24.
1477 1272 1561 1299 Nemo
1572 1277 1660 1306 potest

1416 1306 1523 1334 duobus
1533 1307 1620 1335 domi-

1416 1342 1458 1369 nis
1473 1343 1579 1371 servire
1594 1353 1600 1369 :

1414 1382 1460 1405 aut
1474 1386 1556 1405 unum
1570 1379 1653 1413 odiet,

1400 1418 1441 1447 et
1451 1414 1565 1441 alterum
1577 1417 1680 1443 amavit
1696 1425 1702 1443 :

1414 1454 1460 1476 aut
1471 1457 1555 1486 unum
1568 1451 1622 1486 pati
1638 1459 1725 1485 erum,

1414 1489 1442 1512 et
1453 1485 1567 1513 alterum
1581 1493 1703 1515 contem-

993 1521 1066 1550 fures
1081 1520 1146 1548 el'l'o-
1415 1525 1470 1548 net.
1485 1521 1543 1548 Non
1559 1524 1673 1556 potestis

993 1557 1079 1589 diunt,
1093 1561 1119 1583 et
1129 1555 1253 1583 furantur
1266 1555 1303 1591 (ὁ)
1418 1556 1473 1584 Deo
1483 1555 1587 1585 servire
1601 1579 1607 1591 ,

992 1592 1036 1620 20.
1059 1592 1271 1619 'l‘hensaurizate
1666 1614 1677 1626 ,

1229 1648 1347 1676 CODEX
1367 1648 1561 1679 BRIXIANUS.

995 1695 1071 1723 vobis
1099 1699 1207 1732 peccata
1228 1699 1328 1732 vestra.
1352 1695 1419 1732 Cum
1445 1702 1533 1724 autem
1556 1697 1685 1731 jejuuatis
1711 1699 1796 1732 nolito

994 1732 1051 1758 ﬁeri
1091 1731 1158 1758 sicut
1197 1730 1355 1766 hypocritae
1381 1731 1471 1758 tristes
1501 1730 1687 1761 Exteriniuaut
1721 1730 1794 1762 enim

992 1766 1075 1794 facies
1087 1774 1149 1793 suas
1172 1772 1198 1793 ul
1220 1772 1332 1801 parcant
1354 1766 1509 1794 hominibus
1522 1769 1688 1802 jcjnnautcs.
1708 1770 1793 1798 Amen

997 1803 1057 1829 dico
1078 1802 1164 1829 vobis.
1187 1801 1223 1837 (It)
1250 1807 1429 1837 perceperunt
1458 1801 1611 1830 mercedem
1638 1813 1723 1832 suam.
1753 1807 1792 1833 Tu

997 1844 1087 1865 autem
1110 1837 1236 1872 jejunans
1260 1845 1349 1872 ungue
1364 1842 1445 1870 caput
1459 1842 1544 1865 tuum.
1563 1844 1589 1866 et
1603 1840 1698 1868 faciem
1721 1846 1792 1868 luam

998 1873 1067 1901 lava.
1087 1877 1115 1913 ut
1131 1881 1182 1913 non
1200 1872 1315 1913 videaris
1330 1873 1484 1902 hominibus
1507 1874 1634 1909 jejunans
1660 1877 1706 1904 sed
1724 1877 1794 1913 patri

999 1915 1044 1936 tuo
1058 1909 1102 1944 qui
1115 1913 1155 1936 est
1170 1909 1195 1935 in
1212 1909 1354 1936 absentiso.

1035 1946 1065 1972 Et
1080 1945 1159 1971 Pater
1174 1949 1235 1971 tuus
1247 1945 1291 1979 qui
1307 1945 1378 1971 videt
1409 1946 1433 1971 iu
1456 1945 1600 1973 abscouso.
1616 1947 1711 1974 reddet
1733 1949 1791 1975 tibi.

996 1981 1084 2017 Nolite
1100 1980 1303 2007 tbeusaurizat'e
1318 1981 1394 2008 vobis
1412 1981 1573 2009 thensauros
1595 1990 1676 2017 super
1694 1989 1792 2011 terram

997 2017 1041 2044 ubi
1055 2016 1125 2043 tinea
1142 2022 1169 2042 et
1183 2023 1266 2051 erugo
1280 2017 1462 2044 exterminant
1473 2023 1499 2044 ct
1515 2018 1559 2045 ubi
1573 2016 1647 2046 l'urc’s
1661 2018 1794 2047 cﬂ‘odinut

996 2058 1023 2080 et
1037 2052 1158 2078 furantur

1031 2087 1243 2115 Thensam-izate
1257 2091 1345 2114 autem
1366 2088 1441 2115 vobis
1471 2088 1631 2117 thensauros
1656 2091 1682 2117 in
1705 2091 1790 2118 caelo.

997 2123 1040 2151 ubi
1056 2131 1143 2157 neque
1158 2125 1227 2150 tinea
1239 2131 1326 2158 neque
1342 2131 1423 2158 erngo
1439 2125 1634 2153 exterminant.
1649 2132 1674 2152 ct
1690 2127 1734 2153 ubi
1749 2127 1792 2153 l‘u-

996 2167 1039 2187 res
1065 2166 1118 2186 non
1157 2158 1290 2186 ell‘odiunt
1331 2159 1489 2188 eﬂ‘urautur.
1530 2160 1579 2187 Ubi
1611 2161 1683 2188 enim
1712 2163 1794 2190 luerit

997 2196 1158 2222 thensaurus
1173 2198 1272 2221 vester.
1289 2195 1342 2221 illic
1359 2195 1395 2230 (ε)
1411 2196 1462 2222 erit
1480 2195 1501 2230 -ζ-
1513 2201 1539 2222 ct
1554 2203 1600 2222 cor
1623 2203 1754 2225 vestrum.

1031 2231 1154 2258 Lucerna
1169 2232 1290 2264 Corporis
1302 2235 1342 2257 est
1356 2231 1458 2257 oculus.
1477 2231 1505 2258 Si
1525 2239 1589 2266 ergo
1606 2231 1687 2260 fuerit
1698 2234 1792 2261 oculus

997 2271 1058 2293 tuus
1072 2267 1197 2300 simplex.
1222 2270 1306 2293 totum
1333 2273 1430 2300 corpus
1446 2272 1518 2293 ttttttn
1537 2268 1653 2295 lucidum
1677 2269 1736 2296 crit.
1762 2269 1790 2296 Si

995 2307 1083 2339 autem
1096 2302 1188 2339 oculus
1200 2306 1389 2339 ιυιιδῃωιυηιῃ
1401 2302 1491 2329 fuerit.
1509 2306 1592 2330 tottttn
1605 2312 1702 2339 corpus
1715 2309 1789 2331 tuum

997 2337 1168 2365 tenebrosum
1182 2336 1244 2364 erit.
1262 2337 1368 2374 Sirergo
1383 2337 1473 2365 lumen
1489 2339 1559 2374 quod
1574 2340 1598 2366 iu
1612 2344 1636 2367 te
1650 2336 1700 2367 est.
1715 2345 1789 2367 teuc-

995 2373 1060 2401 brac
1073 2377 1144 2399 sunt.
1158 2374 1214 2406 ipse
1231 2373 1357 2400 tenebrae
1372 2378 1486 2408 quantae
1498 2373 1573 2402 Sunt.

1032 2409 1115 2436 Nemo
1137 2414 1225 2444 potest
1241 2409 1345 2436 duobus
1367 2409 1483 2436 dominis
1507 2411 1619 2437 servire.
1646 2414 1692 2437 aut
1716 2410 1789 2439 enim

996 2453 1080 2472 unum
1094 2445 1178 2471 odiet.
1195 2449 1223 2471 et
1235 2444 1349 2471 alterunt
1364 2445 1466 2479 diliget.
1484 2450 1531 2472 aut
1553 2453 1605 2472 uno
1624 2445 1744 2475 obediet.
1762 2452 1790 2476 ct

995 2481 1110 2508 alterum
1121 2481 1277 2508 contemnit.
1291 2480 1348 2508 Non
1361 2481 1471 2514 potestis
1484 2481 1539 2508 Deo
1552 2481 1655 2510 servire

495 2535 690 2565 VARIANTES
711 2537 897 2566 LECTIONES
916 2537 1047 2566 CODIClS
1066 2538 1122 2566 MS.
1144 2537 1173 2566 S.
1194 2536 1448 2569 GERMANENSIS.

184 2579 190 2594 '
207 2578 255 2606 Vos
264 2584 348 2615 autem
360 2587 415 2607 cum
426 2580 651 2615 jejunatiSLungite
667 2584 747 2615 capita
758 2588 840 2608 vestra
850 2603 856 2615 ,
870 2587 896 2609 et
908 2584 943 2608 fa-

149 2610 212 2647 tﬁem
224 2615 330 2647 vestram
342 2610 436 2645 lavate,—
445 2610 472 2638 tit
482 2619 531 2647 non
543 2610 673 2643 videamini
683 2610 821 2644 Hominibus
830 2610 944 2647 jejunau-

150 2644 200 2688 ’ἦ
209 2644 437 2688 ἮἮῖξξῇ
446 2646 569 2688 iulg?“

211 2678 318 2708 vester...
332 2676 402 2701 vobis
413 2676 438 2700 in
453 2676 530 2708 palam

188 2704 197 2719 ³
212 2707 374 2732 exterminant

185 2733 196 2781 ξ
212 2735 336 2781 thesauros

211 2771 235 2792 et

1025 2584 1035 2599 σ
1053 2582 1127 2608 fuerit

1024 2615 1035 2629 ⁷
1053 2616 1101 2639 erit

1025 2646 1037 2692 ξ
1053 2645 1079 2669 Si
1092 2652 1154 2701 ergo
1164 2644 1251 2670 oculus
1263 2648 1319 2670 tuus
1327 2645 1432 2678 simplex
1445 2644 1520 2672 fuerit

1052 2683 1097 2701 sun

1027 2708 1048 2723 ¹⁰
1066 2708 1162 2733 odiet...
1175 2707 1263 2739 diliget

1028 2740 1049 2755 υ
1067 2743 1110 2764 aut
1121 2741 1187 2765 enim
1198 2746 1274 2765 unum
1286 2741 1393 2772 patietur

788 2814 797 2838 ι
815 2803 997 2832 BLANCHINI
1017 2803 1144 2837 NOT1E.§

188 2843 429 2887 (“)"Ante’lmbeut,
443 2847 604 2887 deestquia.
623 2850 653 2876 Et
669 2850 703 2887 ita
720 2851 746 2877 in
761 2851 820 2878 cod.
845 2849 924 2879 Cant.
940 2850 1025 2887 —r(b)
1042 2852 1108 2879 llinc
1133 2858 1217 2886 usque
1229 2851 1262 2879 ad
1276 2859 1345 2879 vers.
1360 2851 1395 2878 27
1411 2850 1478 2887 cap.j
1492 2859 1535 2879 vtn
1550 2855 1638 2884 omnia
1649 2856 1748 2885 desunt,
1769 2856 1797 2887 in

148 2880 210 2908 eod.
223 2880 301 2908 Cant.
318 2882 365 2910 Gr.
386 2887 452 2911 teste
467 2880 548 2912 Millio
560 2886 585 2912 in
596 2886 750 2921 append.—
764 2886 799 2922 (ε)
814 2887 851 2915 Ita
865 2891 954 2916 textus
967 2880 1089 2922 Graecus,
1104 2880 1179 2916 ἓσταὶ
