4054 6198
421 328 528 384 175

822 435 1051 495 CODEX
1090 431 1638 491 VERCELLENSIS.

1267 526 1345 580 ria
1379 541 1473 580 sua
1503 523 1696 580 vestie~

1264 596 1423 652 batur
1452 597 1595 651 sicut

1265 684 1404 722 unus
1431 682 1497 722 ex
1524 668 1663 721 istis.

1390 738 1543 806 Quod
1575 738 1623 792 si
1650 737 1866 793 faenum

425 535 814 611 el_M9'_“°"?.°'
941 599 951 611 .
976 599 991 611 .

425 609 521 663 9.5.
563 607 691 660 Ideo
713 604 836 659 dico
866 599 1046 670 vobis,
1098 624 1099 627 η

428 694 501 735 ne
522 676 775 747 cogitetis

426 751 482 804 in
514 739 680 820 corde
708 761 803 801 ves
818 773 835 786 ο
1265 739 1375 820 30..

424 830 510 875 tro
532 818 661 889 quid
685 832 832 871 man-
1264 810 1398 889 agri,
1434 808 1578 889 quod
1612 809 1713 861 ho-

423 880 657 963 ducétis,
682 903 863 958 neque
1262 880 1354 962 die
1381 886 1485 963 est,
1519 889 1575 936 et
1601 895 1722 935 cras

420 951 850 1033 corporilvest'ro
1264 951 1330 1033 in.
1349 951 1623 1033 clibanuﬁm

421 1023 552 1101 quid
578 1031 839 1087 induatis.
886 1099 895 1101 Α
1257 1023 1514 1101 mittitur,
1552 1023 1697 1078 Deus

418 1094 615 1160 Nonne
638 1101 818 1157 anima
847 1099 973 1171 plus
1261 1094 1341 1149 sic
1369 1097 1532 1171 vestit
1561 1109 1576 1146 :
1603 1110 1777 1163 quan-

418 1186 502 1232 est
527 1189 690 1246 quam
716 1187 844 1229 esca
875 1190 887 1224 :

417 1258 475 1303 et
501 1259 702 1314 corpus
728 1259 890 1314 quam

415 1315 847 1372 vestimentum?

416 1389 507 1444 26.
550 1386 830 1453 Respicite
858 1384 982 1439 vola
995 1411 1011 1423 -

416 1460 531 1515 tilia
563 1458 724 1525 caeli,
744 1472 881 1526 quo-

417 1546 563 1586 niam
587 1544 694 1584 ηοιι
728 1543 819 1583 88-

1260 1172 1317 1220 to
1345 1166 1519 1234 magis
1551 1180 1652 1220 vos

1255 1235 1505 1292 modicae
1529 1235 1690 1291 ﬁdei?

1256 1308 1349 1363 51.
1376 1306 1557 1379 Nolite
1578 1323 1709 1379 ergo
1730 1307 1842 1363 sol-

1262 1420 1277 1432 .
1324 1418 1339 1432 .
1380 1377 1475 1433 citi
1502 1377 1754 1445 esse,'di—

1258 1449 1771 1517 c....:Quid

1264 1560 1279 1575 .
1326 1562 1339 1575 .
1386 1560 1401 1573 .
1446 1559 1461 1575 .
1505 1561 1520 1575 .
1565 1522 1754 1575 ocabi-

416 1610 568 1668 runt,
593 1614 770 1670 neque
1258 1606 1402 1670 _mus.
1430 1601 1524 1646 aut
1553 1590 1685 1661 quid

415 1664 649 1738 metunt,
675 1664 851 1740 neque
1255 1664 1652 1744 bebinius,.aut

416 1752 753 1815 congregant
1256 1749 1366 1815 9ρο
1394 1749 1610 1815 operie-

415 1816 473 1871 in
495 1804 747 1870 h‘orr'éis:
1258 1804 1351 1860 32.
1384 1805 1543 1859 mur?
1572 1805 1673 1860 hec
1702 1818 1734 1858 e
1768 1841 1790 1886 ε
1839 1844 1850 1859 .
1897 1839 1911 1856 .

417 1897 474 1943 et
506 1895 657 1956 pater
677 1890 863 1938 vester
1259 1884 1422 1956 gente
1466 1915 1480 1929 .
1526 1914 1540 1929 .
1588 1917 1601 1930 .
1646 1916 1663 1932 .
1712 1917 1722 1928 .
1766 1884 1813 1930 i-

416 1955 675 2013 caelestis
698 1967 823 2021 pas-
1259 1955 1389 2002 runt
1434 1986 1447 2000 .
1497 1985 1511 1998 .
1559 1987 1571 2000 .
1619 1987 1633 2001 .
1677 1986 1691 2001 .

1259 2027 1415 2087 pater
1444 2026 1645 2085 vester,

1256 2088 1403 2159 quod
1435 2088 1631 2143 horum

413 2031 489 2083 cit
520 2028 632 2082 illa.
664 2024 858 2080 Nonne

411 2114 513 2155 vos
545 2098 723 2167 magis
746 2096 868 2167 plu-

413 2172 492 2225 ris
515 2158 816 2241 estis'illi's?
1255 2158 1501 2241 omnium
1534 2160 1618 2214 in-

409 2242 504 2295 27.
545 2240 648 2307 Qui
670 2238 817 2293 enim
850 2241 1031 2303 potest
1250 2230 1477 2307 digetis.

407 2301 628 2367 adicere
654 2308 723 2383 ad
752 2301 1041 2362 istaturam
1250 2301 1342 2383 55.
1376 2301 1635 2367 Quaerite
1664 2318 1794 2374 ergo

410 2397 565 2438 suam
589 2379 835 2437 cubitum
1253 2379 1495 2442 primum
1526 2388 1652 2443 reg-

1252 2459 1382 2515 num
1409 2443 1527 2515 Dei,
1562 2454 1617 2499 et
1633 2444 1755 2515 jus-

1250 2513 1428 2568 titiam
1460 2514 1579 2582 ejus
1605 2534 1617 2568 :

1250 2592 1307 2639 et
1328 2585 1509 2639 omnia
1528 2584 1663 2642 haec

1250 2666 1470 2723 praesta
1498 2666 1628 2712 sunt

1256 2725 1441 2780 vobis.

1252 2794 1343 2849 54.
1390 2794 1569 2852 Nolite
1597 2798 1804 2854 sollici-

1254 2866 1294 2919 ti
1320 2881 1442 2922 esse
1474 2868 1526 2920 in
1558 2884 1707 2925 cras-

1255 2939 1453 2991 tinum.
1480 2938 1645 2995 Cras-

408 2454 500 2508 28.
542 2450 755 2507 unum?
782 2448 850 2503 Et
881 2446 949 2501 de
971 2461 1064 2502 ve-

407 2525 667 2580 stimento
698 2519 805 2577 sol.
852 2559 867 2573 .
913 2558 929 2571 .

411 2597 503 2650 citi
532 2595 665 2650 estis
692 2593 717 2644 ‘l

409 2664 770 2720 Considerate

408 2737 522 2791 lilia
553 2732 671 2805 agri
703 2745 833 2801 quo-

410 2806 579 2863 modo
605 2808 861 2861 crescunt
899 2816 911 2851 :

409 2878 567 2934 nonl
612 2914 627 2929 .
673 2914 687 2929 .
721 2873 941 2935 borant,

573 2989 588 3001 .
638 2952 812 3001 .eunt
855 2980 873 2997 .
920 2980 933 2993 .
980 2979 992 2992 .
1032 2945 1143 2992 tem

407 2966 467 3005 ῙΙ.
513 2986 527 3001 .
573 2989 588 3001 .
638 2988 649 2998 .
680 2966 812 3001 euut
855 2980 873 2997 ο
920 2980 933 2993 .
980 2979 992 2992 .
1034 2966 1143 2992 cum
1257 2966 1453 2991 unum.
1480 2966 1574 2993 νη

412 3021 509 3076 29.
551 3019 677 3073 dico
718 3054 734 3069 .
780 3054 793 3069 .
823 3010 1001 3079 vobis,
1030 3008 1157 3079 quia
1258 3008 1403 3079 tinus
1428 3010 1574 3064 enim

412 3106 518 3147 nec
549 3088 811 3161 Salomon
986 3078 991 3079 ί
1048 3078 1055 3079 “
1253 3078 1373 3161 dies
1394 3080 1572 3136 sollici
1617 3122 1632 3137 .
1674 3120 1690 3137 .
1734 3120 1751 3138 .

412 3163 470 3219 in
502 3158 652 3219 omni
678 3159 795 3233 διο-ι
1252 3158 1406 3206 erits
1447 3188 1463 3205 .
1507 3191 1522 3206 .
1571 3193 1585 3207 .
1634 3192 1648 3206 .
1693 3191 1711 3209 .

843 3266 1079 3329 CODEX
1117 3264 1592 3327 CORBEIENSIS.

417 3387 473 3437 et
520 3376 867 3432 Mammonm.
921 3361 1218 3437 ldeo_dico
1267 3361 1445 3437 vobis,
1486 3379 1556 3419 ne
1596 3364 1614 3395 ί
1664 3364 1865 3422 soliciti
1906 3366 2024 3423 sitis

418 3432 635 3506 animae
688 3449 912 3509 vestrae,
954 3433 1086 3509 quid
1112 3432 1478 3509 _manducetis
1507 3476 1549 3509 ,_
1578 3451 1753 3507 neque
1806 3438 2023 3509 corpori

414 3504 602 3577 vestro
636 3515 766 3587 quid
825 3504 1145 3565 induamini.
1208 3504 1400 3587 Nonne
1461 3504 1713 3587 anili-na"l
1769 3504 2025 3587 pini-est

421 3575 584 3663 quam
632 3575 756 3644 esca
878 3586 934 3635 et
982 3590 1181 3663 corpus
1206 3575 1227 3605 ³
1255 3592 1415 3657 quam
1448 3575 1859 3635 vestimentum?
1888 3582 2021 3636 Res-

412 3649 581 3733 p'icite
628 3654 870 3714 volatilia
921 3649 1088 3713 coeli,
1136 3649 1390 3733 quoniam
1444 3664 1549 3704 non
1592 3662 1811 3733 serunt,
1846 3668 2022 3724 neque

414 3719 648 3795 inctunt,
678 3740 856 3795 neque
880 3727 1212 3795 congregant
1242 3720 1297 3772 in
1355 3719 1552 3775 horrea
1584 3732 1701 3795 :lct
1730 3735 1899 3795 pater
1930 3719 2022 3781 ve-

417 3814 532 3859 ster
550 3789 805 3855 coelesti's
820 3789 1004 3864 pascit
1024 3790 1137 3843 illa.
1164 3789 1355 3843 Nonne
1368 3806 1466 3864 vos
1493 3792 1662 3861 magis
1690 3789 1860 3861 pluris
1889 3797 2022 3853 estis

417 3874 525 3929 illis
565 3870 630 3923 ιιι
654 3869 789 3936 Quis
820 3861 999 3918 autem
1025 3870 1266 3936 v_e_slrum
1289 3861 1535 3936 cegitans
1576 3871 1758 3936 potest
1784 3866 2021 3935 adjicere

421 3944 489 4001 ad
513 3932 775 3996 staturam
802 3949 955 3990 suam
981 3932 1223 3985 cubitum
1250 3945 1418 3984 unum
1445 3932 1467 3983 ?
1498 3933 1564 3987 Et
1592 3933 1661 3988 de
1695 3932 2022 3994 vestimento

422 4014 550 4085 quid
579 4008 779 4067 soliciti
808 4002 978 4085 estis?
1028 4001 1388 4085 Considerate
1416 4002 1526 4056 lilia
1567 4006 1720 4085 agri
1747 4009 2022 4076 quomodo

427 4073 678 4141 crescunt
712 4098 723 4132 :
756 4093 861 4132 non
904 4073 1172 4133 laborant,
1222 4086 1396 4139 neque
1450 4073 1632 4129 nent.’
1661 4073 1792 4131 Dico
1842 4088 2020 4135 autem

425 4156 616 4219 vobiS,
667 4150 934 4221 quoniam
976 4157 1077 4197 nec
1128 4142 1384 4197 Salomon
1414 4144 1643 4221 inomni
1706 4148 1879 4217 gloria
1924 4166 2020 4208 sua

415 4215 711 4295 coopertus
763 4230 849 4276 est
892 4216 1029 4295 sicut
1079 4229 1243 4295 unum
1292 4230 1357 4295 ex
1413 4215 1550 4295 istis.
1587 4216 1642 4271 Si
1672 4215 1854 4295 autem
1892 4222 2023 4295 _foc-

418 4286 550 4355 ηυιῇ
605 4294 741 4366 agri,
811 4289 956 4366 quod
1013 4286 1175 4366 hodie
1222 4293 1343 4366 est,
1396 4293 1451 4339 ct
1501 4302 1623 4343 cras
1674 4290 1727 4343 in
1778 4291 1813 4366 ‘_
1860 4292 2024 4348 cliba—

418 4385 548 4424 num
594 4358 856 4425 mittitur,
892 4361 1030 4431 Deus
1059 4358 1137 4412 sic
1165 4358 1383 4431 vestit__:
1414 4369 1636 4431 quanto
1674 4363 1846 4431 magis
1887 4380 1981 4419 vos
2002 4366 2023 4397 ⁶

417 4441 679 4496 minimae
701 4430 1069 4489 tidei?Nolite
1116 4442 1246 4498 ergo
1272 4426 1469 4482 soliciti
1525 4445 1666 4497 esse,
1720 4426 1963 4490 dicentes
2007 4453 2020 4490 :

416 4511 557 4579 Quid
601 4503 1071 4579 manducabimus,
1105 4510 1197 4552 aut
1247 4498 1372 4579 quid
1413 4499 1684 4579 bibemus,
1714 4515 1829 4579 _an
1867 4506 1885 4532 τ
1917 4523 2024 4575 quo

417 4570 766 4653 aperiemur?
798 4575 934 4653 haec
964 4570 1318 4653 enim'omnia
1340 4580 1530 4653 gentes
1564 4575 1878 4653 inquirunt.
1912 4570 2025 4653 Scit

420 4641 566 4711 enim
592 4661 744 4723 pater
756 4652 959 4705 vester,
979 4644 1105 4710 quia
1122 4641 1471 4723 llis’omnnibus
1490 4641 1757 4723 indigetis.
1786 4648 2024 4723 Quzerite

420 4713 607 4780 autem
624 4722 857 4793 primum
880 4728 1102 4793 regnum
1130 4713 1244 4793 Dei,
1265 4722 1323 4793 et
1340 4713 1743 4793 justitiam'ejus
1766 4713 1828 4775 et
1842 4721 2023 4777 omnia

418 4798 556 4851 haec
575 4798 597 4826 ει
627 4781 1154 4863 ἱλάῇεξεηιυμῖνοῠίεπ
1180 4781 1513 4863 Noliteergo
1532 4781 1745 4863 -soliciti
1798 4805 1918 4863 esse
1968 4794 2022 4847 in

422 4852 739 4922 crastinum.
754 4857 1035 4917 Crastinus
1057 4854 1199 4909 enim
1222 4852 1338 4908 dies
1359 4856 1379 4886 ⁹
1393 4852 1635 4914 solicitus
1648 4860 1754 4914 erit
1775 4860 1879 4917 sibi
1899 4863 2021 4932 ipsi.

965 315 1235 376 EUSEBII
1272 312 1616 371 VERCELL.
1656 308 2105 371 EVANGELIUM
2141 308 2286 369 CUM
2316 306 2547 368 VARUS
2584 306 2740 366 COD.
2780 304 3173 365 COLLATUM.

3627 306 3731 363 176

2553 423 2787 481 ΟΟῡΕΧ
2823 419 3282 480 VEBONENSIS.

2966 530 3067 572 nec
3093 515 3358 572 Solomon

2967 589 3019 642 in
3050 588 3197 641 omni
3224 583 3398 656 gloria
3429 598 3527 639 sua
3555 583 3630 639 ita

2961 666 3253 727 coOpertus
3304 664 3410 723 est,
3439 657 3582 711 sicut

2963 745 3128 784 unum
3158 744 3224 783 ex
3265 727 3404 782 istis.

2962 802 3051 858 30.
3094 801 3151 855 Si
3174 799 3317 855 enim
3350 802 3562 855 faenum

2961 871 3097 944 agri,
3127 869 3270 943 quod
3302 869 3400 925 ho-

2959 945 3050 999 die
3079 954 3184 1008 est,
3212 950 3267 998 et
3295 956 3419 998 cras

2965 1014 3019 1069 in
3054 1016 3234 1084 ignem

2962 1087 3215 1151 mittitur,
3245 1087 3386 1141 Deus

2962 1159 3044 1213 sic
3075 1158 3240 1213 vestit
3265 1175 3279 1212 :
3311 1172 3484 1226 quan-

2964 1238 3021 1285 to
3048 1227 3219 1299 magis
3245 1243 3342 1283 vos

2961 1301 3212 1355 modicae
3236 1299 3405 1356 ﬁdei?

2962 1373 3056 1427 51.
3096 1371 3275 1426 Nolite
3295 1386 3426 1442 ergo
3453 1374 3562 1429 sol-

2964 1443 3098 1498 liciti
3123 1457 3267 1507 esse,
3291 1441 3376 1497 di-é

2963 1523 3153 1571 centes
3181 1531 3194 1567 :
3233 1512 3371 1581 Quid

2961 1585 3431 1653 manducabimus,

2962 1666 3056 1712 aut
3082 1658 3211 1728 quid
3242 1656 3393 1713 bibe-

2964 1727 3114 1796 mus,’
3132 1738 3224 1783 aut
3253 1727 3333 1797 (a)
3359 1728 3489 1800 quid
3521 1730 3562 1800 1'-

2963 1800 3314 1870 operiemur?

2962 1871 3188 1927 32.haec
3217 1871 3361 1927 enim
3388 1886 3519 1942 gen-

2964 1952 3045 1998 tes
3072 1943 3372 2013 inquirunt.

2962 2014 3076 2071 Scit
3102 2021 3281 2070 autem

2960 2094 3115 2157 pater
3146 2095 3351 2152 vester,

2960 2158 3216 2226 quoniam
3245 2157 3439 2213 horum

2961 2230 3204 2284 omnium
3232 2229 3374 2285 indi-

2960 2300 3053 2357 5'5.
3093 2302 3249 2371 getis.
3280 2299 3539 2370 Quaerite

2964 2386 3096 2443 ergo
3127 2387 3353 2442 regnum

2963 2442 3082 2508 Dei,
3115 2454 3169 2498 et
3191 2443 3359 2512 justi-

2966 2515 3089 2568 tiam
3118 2515 3267 2584 ejus:

2961 2594 3015 2641 et
3042 2585 3175 2639 haec
3200 2585 3383 2640 omnia

2963 2657 3379 2726 praestabuntur

2962 2727 3053 2783 ⁸54.
3096 2728 3273 2784 vobis.
3301 2726 3481 2783 Nolite

2959 2799 3179 2854 solliciti
3209 2814 3332 2854 esse

2959 2869 3014 2924 in
3032 2870 3351 2926 crastinum.

2956 2940 3237 2997 Crastinus

2956 3012 3100 3068 enim
3131 3012 3249 3068 dies

2956 3083 3223 3139 sollicitus

2957 3155 3065 3211 erit
3090 3154 3195 3211 sibi
3222 3155 3363 3228 ipse.

2591 3275 2823 3334 CODEX
2862 3276 3264 3336 BRIXIANUS.

2128 3378 2185 3425 et
2205 3367 2543 3426 Mammonrc.
2740 3427 2753 3434 ,

2198 3440 2323 3514 Ideo
2348 3442 2469 3496 dico
2514 3442 2689 3499 vobis.
2743 3458 2811 3498 ne
2834 3443 3084 3514 cogitetis
3112 3444 3327 3499 animae
3355 3453 3573 3500 vestrae
3602 3445 3730 3513 quid

2126 3512 2485 3585 manducetis.
2519 3523 2612 3568 aut
2654 3514 2780 3584 quid
2811 3512 3027 3570 bibatis.
3080 3530 3261 3585 neque
3288 3519 3503 3585 corpori
3549 3512 3733 3572 veStro

2127 3582 2254 3653 quid
2288 3584 2607 3640 induamini.
2638 3582 2755 3640 Non
2809 3604 2875 3640 ne
2919 3588 3095 3641 anima
3131 3582 3253 3657 plus
3282 3582 3549 3655 estquam
3576 3603 3726 3642 esca.

2126 3663 2181 3709 et
2206 3670 2403 3725 corpus
2424 3672 2582 3727 quam
2611 3660 3012 3713 vestimentum.
3041 3658 3317 3727 Respicite
3338 3656 3567 3712 volatilia
3588 3660 3732 3715 caeli

2126 3727 2518 3800 quonianinon
2553 3736 2743 3783 serunt
2781 3744 2956 3799 neque
3007 3738 3238 3784 metunt.
3280 3745 3455 3800 neque
3500 3744 3735 3800 congre-

2125 3805 2253 3871 gant
2283 3798 2337 3851 in
2385 3798 2600 3854 horrea.
2650 3810 2705 3854 ct
2734 3809 2885 3869 pater
2911 3811 3094 3855 vester
3116 3798 3381 3855 caelestis
3414 3801 3584 3871 pascit
3614 3798 3727 3855 illa.

2125 3867 2316 3940 Nonne
2340 3884 2439 3923 vos
2462 3871 2631 3938 magis
2662 3867 2842 3940 plures
2861 3873 2994 3925 estis
3028 3872 3153 3926 illis.
3180 3871 3311 3939 Quis
3338 3867 3521 3928 auiem
3543 3887 3607 3927 ex
3633 3888 3733 3925 vo-

2126 3939 2210 3994 bis
2235 3940 2477 4012 cogitans
2502 3939 2683 4012 potest
2707 3942 2923 3996 adicere
2945 3943 3011 3998 ad
3030 3951 3291 3997 staturam
3310 3958 3463 3997 suam
3486 3944 3729 3997 cubitum

2126 4025 2313 4084 unum.
2342 4010 2412 4084 Et
2439 4010 2918 4068 dc'vestimentum
2949 4015 3076 4084 quid
3101 4013 3322 4068 solliciti
3353 4016 3508 4069 estis.
3537 4013 3733 4069 Consi-

2126 4081 2316 4137 derate
2340 4082 2447 4138 lilia
2478 4085 2592 4152 agri
2623 4084 2896 4154 quomodo
2913 4081 3169 4140 crescunt
3194 4099 3301 4140 non
3334 4086 3601 4140 laborant.
3634 4100 3734 4140 ne-

2126 4168 2231 4226 que
2261 4163 2446 4226 neunt.
2499 4154 2631 4209 Dico
2687 4165 2867 4211 autem
2927 4157 3100 4210 vobis.
3146 4156 3271 4226 quia
3325 4170 3426 4212 nec
3472 4155 3732 4211 Salomon

2128 4224 2179 4299 i_ll
2213 4225 2362 4280 omni
2382 4226 2551 4296 gloria
2581 4242 2675 4282 sua
2703 4237 3001 4299 coopertus
3022 4235 3103 4282 est
3128 4224 3269 4282 sicut
3288 4242 3453 4282 unum
3484 4227 3732 4299 existis.

2125 4293 2181 4369 _Si
2213 4293 2406 4350 autent
2434 4298 2649 4352 foenum
2675 4300 2789 4369 agri
2808 4293 2960 4367 'quod
2994 4298 3153 4353 hodie
3194 4310 3296 4352 cst.
3326 4306 3383 4354 et
3409 4312 3529 4351 cras
3558 4297 3610 4351 in
3633 4296 3733 4353 cii-

2126 4366 2323 4440 Danum
2369 4369 2597 4423 mittitur
2655 4366 2795 4424 Deus
2833 4366 2912 4424 sic
2956 4371 3134 4424 vestit.
3181 4378 3383 4440 quanto
3424 4369 3593 4437 magis
3630 4384 3730 4424 Vos

2126 4438 2305 4511 medic
2346 4447 2370 4475 α
2416 4455 2447 4495 e
2496 4440 2639 4493 ﬁdei.
2681 4440 2858 4495 Nolite
2896 4455 3026 4511 ergo
3073 4438 3288 4497 solliciti
3324 4455 3445 4496 esse
3487 4440 3732 4511 dicentes

2126 4508 2273 4582 Quid
2290 4511 2729 4565 manducavimus
2750 4523 2841 4565 aut
2868 4508 2993 4581 quid
3018 4511 3261 4566 bibemus
3280 4552 3293 4576 ,
3318 4520 3412 4566 aut
3435 4509 3507 4582 (a)
3532 4509 3658 4582 quid
3686 4510 3729 4579 ’ζ’

2126 4579 2451 4650 operiemur.
2485 4582 2629 4638 Haec
2658 4584 2801 4637 enim
2842 4579 3021 4636 omnia
3050 4592 3239 4651 gentes
3269 4579 3567 4652 inquirunt.
3613 4580 3732 4652 scit

2125 4652 2269 4723 enim
2296 4662 2446 4719 pater
2476 4663 2656 4707 vester
2683 4654 2957 4709 caelestis.
2996 4656 3118 4723 quia
3149 4651 3613 4708 horumomnium
3645 4651 3732 4705 in-

2126 4722 2341 4793 digetis.
2364 4724 2618 4791 Quaerite
2635 4741 2766 4794 ergo
2781 4722 3022 4794 primum
3032 4740 3257 4794 regnum
3276 4723 3368 4779 Dei
3387 4734 3443 4780 et
3460 4724 3727 4793 justitiam

2127 4794 2264 4862 ejus.
2300 4808 2355 4849 et
2388 4796 2501 4849 haec
2529 4796 2710 4849 omnia
2736 4797 3035 4851 adicientur
3060 4796 3235 4851 vobis.
3267 4795 3448 4851 Nolite
3475 4810 3602 4863 ergo
3632 4808 3728 4848 co-

2124 4868 2299 4935 gitare
2333 4867 2383 4920 in
2416 4867 2732 4922 crastinum.
2772 4866 3056 4922 Crastinus
3092 4868 3238 4923 enim
3267 4866 3383 4923 dies
3422 4865 3491 4922 de
3521 4880 3581 4921 se
3607 4866 3729 4935 ipse

2130 531 2185 577 et
2206 521 2504 576 Mamonae.

2127 593 2223 649 25.
2251 592 2378 647 Ideo
2404 592 2525 647 dico
2551 589 2731 657 vobis,

2130 681 2199 719 ne
2227 665 2475 734 cogitetis

2129 737 2184 789 in
2209 736 2375 791 corde
2402 750 2495 789 ve-

2128 816 2243 862 stro
2269 806 2395 875 quid
2425 821 2577 861 man-

2129 877 2362 942 ducetis,
2391 892 2568 947 neque

2128 949 2343 1019 corpori
2373 949 2501 1019 quid

2128 1020 2384 1075 induatis.
2414 1020 2602 1075 Nonne

2129 1092 2307 1147 anima
2338 1093 2459 1161 plus
2489 1099 2575 1145 est

2128 1178 2289 1233 quam
2320 1177 2445 1218 esca
2475 1180 2487 1214 :
2513 1169 2570 1217 et

2128 1248 2327 1304 corpus
2353 1234 2475 1303 plus
2506 1240 2592 1287 est

2128 1301 2289 1374 quam
2318 1301 2699 1359 vestimentum
2721 1301 2745 1355 ?

2127 1377 2219 1431 26.
2252 1375 2528 1446 Respicite
2557 1374 2679 1430 vola
2693 1400 2711 1413 ο

2129 1448 2245 1501 tilia
2274 1446 2430 1512 caeli,
2465 1460 2600 1517 quo-

2130 1519 2275 1573 niam
2305 1534 2412 1573 non
2442 1532 2532 1574 se-

2128 1600 2284 1656 runt,
2319 1605 2496 1659 neque

2130 1671 2363 1727 metunt,
2389 1676 2486 1715 ne-

2133 1747 2239 1804 que
2260 1740 2626 1804 congraegant

2132 1803 2186 1857 in
2211 1805 2423 1859 horreis
2458 1821 2470 1857 :

2131 1883 2187 1929 et
2216 1884 2368 1944 pater
2396 1883 2580 1931 vester

2129 1946 2385 2001 caelestis
2414 1961 2511 2013 pa-

2130 2017 2232 2071 scit
2258 2016 2368 2072 illa.
2412 2017 2604 2073 Nonne

2130 2102 2226 2143 vos
2249 2089 2419 2156 magis
2441 2090 2557 2158 plu-

2129 2174 2220 2213 res
2248 2160 2380 2215 estis
2407 2160 2549 2215 illis?

2128 2229 2219 2285 27.
2254 2230 2388 2298 Quis
2419 2240 2601 2285 autem

2128 2311 2311 2370 potest
2339 2312 2579 2356 vestrum

2128 2373 2346 2428 adicere
2370 2373 2440 2427 ad

2128 2454 2390 2499 staturam
2421 2459 2574 2499 suam

2125 2517 2366 2571 cubitum
2395 2516 2601 2570 unum?

2125 2584 2218 2641 28.
2255 2588 2321 2641 Et
2345 2587 2411 2640 de
2436 2585 2761 2643 vestimento

2126 2659 2345 2713 solliciti
2368 2658 2544 2714 estis?

2127 2729 2479 2785 Considerate

2127 2799 2235 2854 lilia
2269 2802 2382 2870 agri
2414 2815 2549 2869 quo-

2124 2871 2287 2926 modo
2317 2880 2571 2926 crescunt
2598 2888 2611 2925 :

2124 2957 2233 2997 non
2261 2942 2532 3007 laborant,

2124 3028 2301 3084 neque
2333 3021 2521 3069 neunt.

2123 3084 2212 3139 29.
2248 3085 2377 3140 Dico
2401 3093 2584 3140 autem

2121 3156 2298 3225 vobis,
2331 3156 2587 3227 quoniam

1122 4987 1512 5046 VARIANTES
1549 4991 1932 5053 LECTIONES
1969 4995 2236 5055 CODlClS
2267 4999 2379 5057 MS.
2423 5001 2481 5057 S.
2523 4999 3034 5059 GERMANENSIS.
3116 5032 3121 5037 -

483 5116 503 5147 ι
538 5111 768 5175 cogitetis
789 5110 841 5159 in
863 5109 1011 5159 corde
1027 5113 1197 5158 vestro
1216 5104 1331 5169 quid
1353 5106 1674 5173 manducetis,
1700 5114 1784 5161 aut
1805 5110 1922 5173 quid
1942 5112 2023 5164 bi-

413 5180 543 5231 batis

484 5244 505 5274 ²
542 5241 709 5290 vestra

485 5304 508 5337 ³
540 5300 649 5365 plus
671 5300 752 5348 est
770 5307 921 5359 quam
942 5291 1313 5344 indumentum?

483 5366 507 5395 δ
540 5361 692 5412 multo

485 5376 507 5395 ι
540 5376 692 5414 niqu

485 5429 506 5459 ⁸
540 5428 591 5476 in
609 5428 779 5488 ignem
800 5421 1028 5471 mittetur

2188 5114 2211 5145 θ
2244 5116 2369 5145 ΜΛΑἷ

2188 5116 2211 5145 ε
2362 5118 2369 5127 .

2187 5179 2207 5244 7
2241 5116 2699 5241 (ῬΠἝἙῘΞΓῘΕΠΙΠΓῩ
2721 5178 2896 5231 Omnia
2929 5180 3063 5231 enim
3086 5178 3210 5244 haec
3241 5183 3425 5244 gentes
3464 5185 3735 5243 quaerunt.

2123 5239 2227 5306 Scit
2250 5239 2495 5293 autem}...
2521 5243 2693 5293 horum
2717 5244 2933 5306 omnium
2956 5243 3208 5306 indigetis.

2186 5303 2209 5377 ξ
2245 5306 2621 5377 praestabantur
2634 5306 2793 5377 vobis.
2809 5304 2894 5377 lie
2906 5318 3037 5370 ergo
3052 5303 3388 5369 cogitaveritis
3406 5304 3472 5356 de
3492 5305 3732 5356 crastino.

2186 5368 2207 5398 ⁹
2241 5363 2348 5431 ipse
2374 5381 2460 5432 pro
2480 5381 2536 5419 se
2558 5369 2791 5431 cogitabit
2808 5363 2857 5419 δ.

1751 5512 2117 5569 BLANCHINI
2156 5512 2386 5570 NOT/E.

492 5616 515 5643 ο
546 5616 700 5655 deest
720 5619 771 5655 a.

492 5616 515 5643 ο
756 5640 771 5655 ι

490 5678 518 5715 b
544 5605 799 5747 agitagit.
850 5670 1121 5730 Crastinus
1171 5676 1308 5731 enim
1337 5676 1445 5733 dies
1477 5677 1585 5750 ipse
1628 5676 1870 5753 cogitabit
1899 5680 2019 5735 sibi-

488 5824 564 5894 (ιι)
592 5824 666 5880 Ita
696 5829 746 5877 cl
772 5828 947 5877 textus
968 5822 1211 5893 Caecus,
1243 5830 1294 5883 τί
1328 5827 1784 5906 (περιϐαλώμεθα).

2121 5606 2215 5685 §ic
2265 5606 2407 5662 int‘ra
2459 5610 2754 5685 concordat
2780 5615 2998 5685 saepius
3025 5630 3148 5674 cum
3203 5631 3309 5673 ms.
3361 5616 3562 5675 Codice
3590 5617 3726 5674 San—

2122 5677 2484 5736 Gernianensi
2505 5690 2713 5741 nostro.
