4054 6198
282 298 391 357 ’177

664 416 891 475 CODEX
935 419 1471 480 VERCELLENSIS.

275 510 451 585 Sufﬁc
494 548 509 565 .
557 550 571 561 .
618 553 631 564 .
675 554 690 569 .
735 553 748 565 .
1116 525 1243 572 ante
1276 529 1504 585 porcos:

271 583 488 640 malitia
516 597 632 637 sua.
1116 603 1186 643 ne
1215 583 1354 645 forte
1381 603 1514 644 con-

440 652 809 730 OAP_U'1_‘_VII.
944 654 952 663 '
1115 659 1327 730 culcen.
1374 698 1387 713 .
1435 699 1449 712 .
1478 672 1506 713 s
1538 671 1627 730 pe-

270 724 329 778 1.
363 724 545 807 Nolite
566 725 777 807 judica-
1109 729 1266 786 dibus
1296 730 1429 807 suis,
1452 737 1509 785 et

266 809 358 861 re,
392 806 451 851 ut
481 811 586 851 non
611 802 705 866 ju-
1109 802 1387 857 conversi.
1434 843 1447 856 .
1494 841 1509 853 .

265 866 485 922 dicetur
508 867 580 923 de
606 883 702 923 νο·
1109 872 1307 928 dirum.
1354 914 1368 927 .
1414 912 1430 927 .
1477 910 1493 925 .

260 937 320 1011 ξ.
344 939 460 1011 bis.
487 938 543 993 In
575 954 685 1011 quo
708 938 855 995 enim
1109 944 1163 997 7.
1193 944 1389 1011 Petite,
1414 954 1489 1000 et.
1537 982 1552 997 .
1594 982 1609 998 .
1655 983 1669 998 .

262 1009 474 1077 judicio
497 1009 712 1078 judica-
1109 1024 1197 1070 tur
1222 1031 1311 1070 vo.
1358 1009 1382 1070 .7
1419 1054 1435 1068 .
1480 1056 1495 1069 .
1544 1055 1558 1070 .

258 1081 477 1153 veritis,
496 1080 713 1150 judica-
1106 1085 1233 1153 rite,
1265 1096 1321 1142 et
1349 1087 1500 1141 inve-

257 1149 412 1207 bitur
440 1149 509 1207 de
535 1152 692 1208 vobis
725 1172 739 1207 :

257 1232 318 1277 et
347 1225 403 1281 in
434 1238 536 1294 qua
566 1238 716 1279 men-

255 1307 394 1349 sura
420 1295 590 1350 mensi
614 1294 732 1351 fue-

255 1365 410 1431 ritis,
439 1366 688 1423 metietur

253 1436 441 1491 vobis.

1104 1157 1268 1212 nietis
1291 1175 1304 1210 :
1338 1158 1519 1226 pulsa-

1105 1235 1179 1295 te,
1207 1235 1263 1285 et
1291 1228 1565 1299 aperietur

1102 1300 1156 1354 8.
1199 1298 1359 1354 vo.)
1405 1337 1420 1353 .
1451 1314 1500 1355 s.
1542 1298 1735 1355 Omnis

1100 1371 1245 1425 enim
1266 1370 1360 1441 qui
1388 1385 1482 1439 pc-

1104 1442 1189 1507 tit,
1223 1443 1453 1511 accipit:
1485 1450 1542 1497 et
1570 1443 1662 1513 qui

254 1508 317 1584 3_._
345 1508 482 1584 Quid
511 1516 695 1566 autem
717 1510 798 1567 vi—
1097 1516 1329 1584 quaerit,
1350 1508 1510 1568 inve-

263 1579 353 1654 dis
379 1580 644 1654 festucam
1100 1579 1213 1639 nit:
1243 1593 1301 1640 et
1322 1584 1537 1654 pulsan-

261 1652 329 1725 in_
362 1652 521 1725 oculo
543 1653 655 1707 fra-
1102 1657 1139 1710 ti
1168 1652 1460 1725 aperietur.

258 1722 367 1797 tris
388 1724 460 1778 ttti
487 1741 503 1776 :
535 1732 597 1797 et
616 1733 725 1779 tra-
1101 1726 1155 1781 9.
1197 1722 1307 1782 Aut
1331 1728 1451 1797 quis
1470 1741 1538 1782 ex
1565 1727 1721 1784 vobis

252 1792 406 1858 bem,
438 1810 564 1865 qua:
584 1796 639 1851 in
1100 1798 1265 1853 homo
1291 1792 1375 1853 est
1394 1798 1435 1865 fa
1464 1813 1573 1866 quo

250 1866 418 1920 ocqu
447 1873 545 1921 tuo
575 1876 677 1935 est,

253 1952 375 1990 non
402 1938 656 1993 conside-

249 2009 392 2062 ras?

247 2081 305 2134 4.
334 2079 446 2134 Aut
466 2080 741 2150 quomodo

250 2150 397 2205 dicis
423 2152 577 2208 fratri

1101 1870 1236 1939 petit
1263 1868 1405 1925 ﬁlius
1426 1868 1546 1938 ejus

1102 1955 1292 2010 panem
1309 1981 1326 2007 ,
1355 1956 1512 1995 num-

1098 2012 1227 2082 quid
1254 2010 1487 2081 lapidem

1098 2083 1340 2154 porriget
1365 2082 1454 2137 ei?

1100 2154 1188 2210 10.
1230 2154 1339 2209 Aut
1366 2154 1433 2208 si.
1480 2196 1495 2210 .
1541 2193 1555 2208 .
1585 2170 1671 2212 cm

1097 2225 1252 2295 petit,
1282 2225 1544 2296 numquid

1098 2307 1408 2367 serpentem

1103 2369 1192 2422 11.
1234 2368 1458 2438 porrigit
1479 2369 1567 2425 ei?
1594 2369 1652 2425 Si

1102 2453 1233 2521 f3ng
1260 2453 1373 2521 VOS.
1383 2454 1506 2495 cum

1103 2510 1224 2565 sitis
1249 2510 1400 2578 mali,

1104 2583 1276 2637 nostis
1300 2582 1440 2636 bona
1463 2581 1561 2635 da-

1105 2692 1120 2706 .
1166 2694 1179 2707 .
1226 2691 1241 2707 .
1288 2693 1301 2706 .
1348 2652 1519 2706 .filiis

1105 2764 1178 2778 ..
1224 2764 1239 2777 .
1289 2723 1618 2792 .is:quan-

1101 2804 1154 2851 to
1187 2796 1359 2863 magis
1392 2808 1487 2863 pa-

1100 2877 1183 2922 ter
1208 2875 1407 2931 vester,

248 2231 355 2276 tuo
392 2240 405 2274 :
435 2222 570 2279 Siue
596 2224 719 2281 eici-

247 2308 344 2347 am
374 2292 637 2350 festucam

249 2364 325 2420 de
360 2366 522 2421 oculo
548 2378 638 2422 tuo
661 2385 673 2421 :
704 2378 760 2423 et

253 2477 270 2491 .
318 2479 335 2491 .
388 2476 403 2491 .
444 2453 573 2493 ecce
599 2438 764 2494 trabis

251 2518 345 2563 est
379 2508 433 2562 in
464 2510 620 2565 oculo
645 2510 785 2565 tuo?

248 2579 305 2635 5.
362 2579 676 2661 llypocrita,
705 2582 788 2637 ei-

247 2665 313 2705 ce
343 2666 588 2719 primum

246 2727 475 2777 trabem
509 2724 575 2778 de
602 2738 701 2779 ocu
715 2756 733 2766 -

243 2793 298 2848 lo
330 2804 460 2860 tuo,
496 2803 551 2847 et
571 2804 698 2850 tunc

242 2864 473 2919 videbis
502 2865 645 2920 eice-

242 2950 307 3007 re
338 2934 613 2991 festucam
1092 2940 1184 3007 qui
1211 2946 1294 2992 est
1320 2938 1371 2991 in
1402 2935 1588 3001 caelis,

244 3006 316 3061 de
349 3008 518 3062 oculo
540 3007 648 3063 fra-
1095 3006 1249 3065 dabit
1266 3009 1408 3063 bona
1431 3024 1517 3079 pe-

245 3079 355 3132 tris
388 3080 486 3133 tui.
1097 3081 1340 3137 tentibus
1364 3095 1445 3135 se.

244 3149 299 3203 6.
350 3149 536 3205 Nolite
563 3151 691 3207 dare
715 3165 877 3207 sane.

244 3230 375 3275 tum
404 3222 648 3290 canibus,

244 3308 438 3363 neque
467 3295 675 3349 miseri-

243 3365 317 3417 tis
342 3365 609 3435 margari-

243 3445 331 3491 L‘IS
364 3444 577 3492 vestras

1099 3152 1186 3207 ‘12.
1229 3152 1420 3207 Omnia
1448 3163 1577 3221 ergo
1605 3162 1775 3220 quae-

1097 3238 1329 3293 cumque
1358 3222 1473 3276 vul-

1104 3296 1174 3350 tis
1198 3304 1258 3348 ut
1279 3295 1477 3349 iaciant

1106 3366 1260 3421 vobis
1288 3366 1535 3420 homines
1562 3364 1643 3436 (a)

1105 3436 1268 3502 bona,
1297 3437 1370 3492 ita
1397 3437 1436 3509 ᾧ
1466 3444 1522 3492 et
1554 3450 1653 3492 vos

684 3553 921 3611 CODEX
959 3553 1435 3611 CORBEIENSIS.

242 3643 468 3700 sufficit
494 3643 595 3700 diei
624 3645 824 3701 malitia
847 3662 965 3701 sua.

324 3716 423 3771 Vl.
453 3716 632 3771 Nolite
672 3718 940 3787 judicare,
974 3729 1033 3773 ut
1062 3734 1166 3772 non
1215 3716 1553 3787 judicemini.
1596 3716 1652 3771 In
1684 3716 1701 3747 ί
1729 3730 1863 3785 quo-

244 3802 547 3857 quutnque
571 3790 703 3843 enim
730 3789 938 3859 judicio
962 3789 1358 3859 judicaveritis,
1392 3791 1411 3820 ²
1438 3787 1809 3856 judicabimiui
1843 3806 1856 3841 :

243 3872 300 3913 et
331 3861 389 3912 in
418 3874 532 3927 qua
561 3875 806 3914 mensura
834 3864 1006 3915 mensi
1030 3860 1260 3925 fueritis,
1293 3859 1314 3891 ³
1342 3859 1660 3915 retnetietur
1684 3860 1856 3914 vobis.

242 3932 389 3995 Quid
441 3940 625 3985 autem
655 3932 806 3985 vides
833 3932 1094 3987 festucam
1142 3933 1193 3985 in
1223 3931 1379 3985 oculo
1429 3931 1607 3985 fratris
1648 3931 1724 3984 tui
1760 3947 1771 3982 :
1807 3941 1861 3985 et

244 4002 471 4055 trabem
500 4002 550 4055 in
581 4003 737 4057 oculo
785 4012 878 4057 tuo
923 4018 1030 4058 non
1056 4002 1242 4057 vides?
1264 4002 1373 4057 Aut
1411 4000 1680 4069 quomodo
1710 4000 1859 4055 dices

244 4074 405 4126 fratri
452 4082 589 4127 tuo:
650 4073 781 4129 Sine
824 4074 1037 4142 eiiciam
1092 4074 1350 4129 festucam
1401 4074 1469 4127 de
1520 4073 1675 4126 oculo
1729 4083 1858 4126 tuo:

245 4154 303 4199 et
342 4159 483 4199 ecce
540 4144 708 4199 trabis
752 4146 917 4200 estin
971 4146 1131 4200 oculo
1182 4144 1314 4197 tuo?
1369 4144 1681 4214 Hypocrila,
1726 4143 1863 4212 ejice

247 4215 495 4284 primum
552 4216 755 4270 trabem
818 4217 884 4270 tle
944 4220 1101 4271 oculo
1156 4226 1283 4279 tuo,
1349 4228 1404 4268 et
1465 4228 1589 4268 tunc
1653 4214 1864 4269 videbis

247 4287 457 4354 ejicere
500 4286 757 4341 festucam
812 4289 880 4342 de
930 4290 1087 4343 oculo
1143 4288 1321 4340 fratris
1367 4286 1465 4340 tui.
1516 4285 1696 4339 Nolite
1734 4286 1865 4339 dare

245 4370 509 4412 Sanctum
546 4360 790 4424 canibus,
842 4374 1014 4429 neque
1055 4361 1076 4390 "
1118 4358 1341 4429 mittatis
1380 4357 1696 4425 margaritas
1724 4372 1861 4429 Aves-

249 4439 361 4481 tras
392 4440 529 4481 ante
560 4444 789 4497 porcos:
845 4426 1103 4484 ne'forte
1142 4428 1462 4482 conculceut
1508 4443 1599 4481 eas
1638 4426 1865 4495 pedibus

245 4500 392 4567 suis,
430 4511 491 4555 ct
528 4502 770 4554 conversi
798 4502 817 4531 ⁵
843 4503 1291 4570 dirutnpantvos.
1325 4499 1531 4561 Petite,
1565 4507 1621 4552 et
1644 4498 1859 4570 dabitur

250 4571 410 4625 vobis
443 4590 458 4625 :
505 4572 759 4640 qumrite,
800 4584 852 4627 ct
881 4569 1201 4627 invenietis:
1237 4571 1471 4640 pulsate,
1511 4578 1567 4623 et
1593 4569 1867 4638 aperietur

245 4644 432 4720 vobis.
460 4642 651 4696 Omnis
679 4647 822 4720 enim
845 4643 939 4720 qui
972 4646 1125 4720 petit,
1156 4641 1388 4720 accipit:
1422 4650 1482 4720 et
1510 4640 1601 4709 qui
1631 4642 1862 4720 quaerit,

248 4714 504 4766 invenit:
538 4722 591 4766 et
625 4711 1181 4783 ptilsatttiaperiettir.
1217 4716 1323 4767 Aut
1348 4711 1469 4781 quis
1497 4720 1679 4765 estex
1714 4711 1866 4783 vobis

249 4784 423 4855 homo
452 4785 475 4815 ⁸
507 4799 662 4853 quem
694 4786 737 4837 si
763 4782 979 4855 petierit
1012 4785 1152 4839 filius
1178 4798 1307 4837 suus
1336 4797 1530 4852 panem
1553 4824 1569 4849 ,
1600 4782 1865 4855 numquid

247 4854 497 4925 lapidem
524 4852 775 4925 porriget
801 4856 895 4910 ei?
934 4858 1037 4913 Aut
1074 4857 1119 4911 si
1157 4855 1359 4924 piscem
1392 4856 1557 4922 petit,
1606 4852 1864 4923 numquid

248 4937 574 4996 serpentem
604 4927 623 4957 "
649 4929 873 4997 porrigit
893 4928 943 4981 ei
967 4930 988 4981 ’ἶ
1012 4928 1070 4982 Si
1098 4940 1231 4994 ergo
1260 4939 1361 4979 vos
1382 4940 1547 4995 quum
1570 4925 1689 4978 sitis
1714 4925 1863 4989 mali,

251 4999 434 5051 nostis
476 4998 617 5051 bona
648 4998 669 5028 ⁸
698 4998 828 5051 dare
857 4999 979 5053 liliis
1006 4998 1238 5053 vestris:
1281 5002 1487 5065 quanto
1515 4997 1685 5065 magis
1714 5004 1867 5065 pater

247 5077 463 5135 vester,
498 5068 587 5137 qui
624 5069 677 5123 in
717 5068 889 5124 coelis
924 5081 1028 5134 est,
1073 5068 1224 5123 dabit
1268 5066 1406 5121 bona
1442 5066 1745 5133 petentibus
1784 5081 1863 5120 se.

247 5138 456 5194 Omnia
482 5154 612 5209 ergo
637 5155 1008 5212 quaecumque
1038 5140 1203 5194 vultis
1221 5141 1242 5171 θ
1270 5148 1327 5193 ιιι
1363 5138 1566 5193 faciant
1590 5139 1742 5194 vobis
1772 5139 1869 5193 ho-

250 5214 472 5277 mines,
508 5212 549 5241 ‘°
577 5220 631 5266 et
658 5226 756 5266 vos

1247 301 1698 363 EVANGELIUM
1737 302 2108 366 SECUNDUM
2146 306 2579 374 MATTfl/EUM.

2419 430 2656 491 CODEX
2696 431 3150 491 VERONENSIS.

1981 518 2195 598 Sufficit
2220 521 2328 580 diei
2820 534 2949 582 ante
2980 542 3175 598 porcos
3199 543 3212 581 ;

1979 592 2182 648 malitia
2820 612 2891 653 ne
2919 592 3058 654 forte
3086 614 3224 655 con-

1978 678 2101 720 sua.
2819 669 3035 741 culcent
3058 684 3151 725 eas
3177 684 3273 741 pe-

2817 738 2972 795 dibus
3000 742 3134 804 suis.
3162 738 3221 799 et

2168 778 2398 883 91?”?
2432 781 2549 883 ,ΥΠο
2816 778 3201 867 ἓὸῖῐέἷὲῖίίεῗ

2052 870 2078 924 1
2092 908 2107 923 .
2132 869 2326 953 Nolite
2351 870 2551 941 judica-
2816 892 3072 953 rumpant
3100 898 3218 941 vos.

1977 956 2059 1024 re,
2090 950 2285 1024 utnon
2302 950 2388 1011 ju-
2817 952 2871 1006 7.
2927 950 3121 1022 Petite,
3147 967 3202 1011 et
3226 955 3380 1013 dabi-

1978 1012 2255 1097 dicemini.
2369 1085 2381 1096 _
2814 1026 3071 1081 turvobis
3104 1012 3120 1080 ξ
3146 1042 3312 1097 quae-

1976 1082 2032 1167 ῼ.
2055 1084 2141 1167 11η.
2164 1085 2442 1167 quo‘enim
2816 1096 2943 1160 rite,
2972 1107 3028 1151 et
3058 1082 3211 1153 invé-

1972 1154 2182 1239 indiga
2205 1154 2411 1239 iudjpa’
2816 1154 2975 1221 nietis
2999 1185 3012 1220 :
3040 1169 3221 1237 pulsa-
3301 1232 3305 1239 ι

1978 1226 2187 1308 peritis,
2216 1226 2420 1308 judica-
2817 1248 2890 1303 te,
2918 1248 2971 1293 et
2991 1226 3266 1307 aperietur

1976 1298 2125 1379 bitur
2153 1297 2221 1352 de
2250 1297 2403 1351 vobis
2431 1316 2445 1351 :
2814 1297 2887 1363 8.
2919 1297 3091 1365 vobis.
3116 1310 3307 1370 Omnis

1977 1377 2031 1424 et
2058 1377 2112 1422 in
2143 1382 2247 1437 qua
2275 1382 2427 1451 men-
2815 1380 2961 1434 enim
2991 1381 3083 1450 qui
3109 1398 3204 1451 pe-

1976 1453 2103 1521 sttra
2134 1438 2307 1521 mensi
2324 1438 2449 1521 fue-
2814 1451 2899 1513 tit.
2930 1438 3125 1521 accipit
3152 1473 3164 1509 :
3190 1464 3249 1511 et

1976 1512 2119 1592 ritis,
2148 1512 2407 1592 metietur
2813 1512 2905 1591 qui
2934 1512 3166 1592 quaerit,
3184 1527 3326 1584 inve-

1976 1581 2049 1665 ge
2078 1581 2249 1665 vobis.
2319 1660 2328 1665 Α
2487 1654 2500 1665 ο
2812 1581 2893 1665 nit
2918 1610 2931 1647 :
2952 1581 3011 1648 et
3034 1581 3273 1664 pulsanti

1976 1654 2033 1732 ξ).
2076 1653 2213 1732 Quid
2243 1660 2423 1709 autem
2450 1654 2533 1709 vi-
2812 1663 2868 1719 9.
2914 1653 3210 1732 aperietur.
3234 1669 3343 1724 Aut

1971 1727 2068 1804 des
2098 1725 2362 1804 festucam
2811 1735 2932 1804 quis
2951 1725 3017 1791 ex
3041 1737 3195 1793 vobis

1968 1799 2036 1877 in_
2054 1795 2213 1877 oculo
2241 1796 2346 1851 fra-
2812 1795 2978 1860 liomo
2998 1822 3026 1861 a
3049 1823 3157 1877 quo

1969 1870 2068 1952 tris
2096 1868 2171 1922 tui
2192 1877 2291 1950 δἐι
2446 1947 2453 1952 ἑ
2808 1885 2959 1946 petet
2986 1868 3131 1933 ﬁlius
3156 1880 3274 1952 ejus

1970 1939 2179 2016 trabem
2208 1940 2262 1993 in
2446 1947 2453 1954 ‘
2807 1939 3022 2016 panem,
3044 1939 3200 2006 num:

1966 2010 2250 2090 oettlo_t_uo
2271 2082 2293 2090 _
2578 2042 2581 2047 ~
2807 2010 2936 2087 quid
2970 2010 3205 2090 lapidem

1967 2097 2089 2158 non
2102 2082 2294 2136 Vides?
2415 2152 2430 2158 _
2802 2082 3041 2158 porrigit
3058 2093 3106 2146 ei
3136 2094 3159 2148 ?

1968 2154 2024 2236 4‘.
2062 2154 2173 2236 ᾼιιι
2197 2152 2469 2236 quomodo
2803 2152 2916 2236 10.Δ
2955 2152 3064 2217 Aut
3090 2165 3134 2218 si
3164 2164 3369 2235 piscem

1968 2226 2107 2308 dicis
2136 2224 2289 2308 fratri
2372 2296 2383 2307 _
2808 2233 2966 2300 petit,
2987 2224 3246 2308 numquid

1969 2306 2064 2373 tuo
2090 2315 2101 2351 :
2142 2295 2281 2373 _Sine
2335 2296 2414 2350 ci—
2810 2295 3122 2373 serpentem

1969 2368 2107 2447 ciam
2135 2366 2395 2447 festucam
2808 2366 2919 2429 11.’
2943 2378 3169 2447 porrigit
3198 2379 3292 2433 ei?
3334 2378 3394 2433 Si

1969 2438 2038 2494 de
2064 2439 2224 2515 oculo
2251 2448 2344 2515 tuo
2375 2456 2391 2493 :
2419 2449 2475 2494 et
2808 2438 3064 2515 ergo'vos
3094 2438 3221 2503 Eum

1971 2524 2101 2583 ecce
2127 2510 2296 2583 trabis
2441 2580 2456 2583 Α
2807 2510 2929 2569 sitis
2956 2518 3104 2583 mali,

1970 2581 2120 2635 estin
2144 2580 2301 2633 oculo
2334 2580 2461 2633 tuo?
2808 2587 2981 2641 nostis
3001 2580 3140 2641 bona
3170 2588 3266 2643 da-

1971 2651 2025 2706 5.
2079 2649 2368 2731 Hypocrita
2388 2692 2404 2719 ,
2429 2651 2506 2706 ei-
2810 2665 2863 2711 ta
2885 2657 3015 2731 dare
3046 2658 3177 2714 filiis

1970 2737 2035 2777 ce
2055 2730 2289 2800 primum
2807 2730 3043 2784 vestris:
3072 2738 3277 2800 quanto

1972 2793 2182 2870 trabem
2208 2792 2278 2846 de
2307 2806 2429 2847 ocu-
2810 2801 2983 2869 magis
3013 2792 3167 2870 pater
3190 2816 3289 2857 ve-

1971 2863 2025 2942 lo
2046 2871 2168 2942 tuo,
2196 2872 2251 2942 et
2279 2872 2406 2919 tunc
2812 2863 2949 2937 ster,
2977 2863 3068 2942 qui
3098 2873 3152 2927 in

1971 2935 2181 3009 videbis
2208 2934 2374 3009 festu-
2811 2934 2977 2997 caelis
2996 2934 3104 3009 est,
3136 2944 3232 2998 da-

1972 3020 2092 3088 cam
2111 3006 2191 3088 'de
2214 3007 2372 3088 oculo
2809 3011 2889 3088 bit
2914 3014 3053 3067 bona
3079 3006 3273 3085 peten-

1974 3077 2155 3132 fratris
2178 3078 2276 3132 tui.
2808 3084 2951 3139 tibus
2976 3099 3056 3139 se.

1972 3148 2026 3231 6.
2078 3148 2413 3231 Noliteﬂdare
2442 3165 2566 3206 san-
2807 3154 2897 3209 12.
2952 3154 3154 3231 Omnia
3174 3172 3305 3229 ergo
3333 3173 3498 3231 quac-

1973 3230 2119 3275 ctum
2147 3220 2394 3289 canibus,

1974 3306 2151 3361 neque
2174 3293 2385 3347 miseri-

1974 3362 2044 3418 tis
2073 3362 2332 3433 margari-

1977 3444 2057 3489 tas
2081 3443 2291 3490 vestras

2806 3240 3037 3296 cumque
3070 3229 3188 3283 vul-

2808 3298 2878 3351 tis
2905 3306 2965 3351 ut
2986 3298 3185 3355 faciant

2808 3370 2965 3444 vobis
2996 3369 3245 3444 homines
3299 3373 3377 3444 (a)

2808 3438 2975 3508 bona,
3000 3443 3071 3496 ita
3121 3442 3161 3513 -ι-
3210 3453 3266 3498 et
3284 3438 3382 3501 vos

2434 3553 2665 3610 CODEX
2704 3554 3099 3613 BRIXIANUS.

1967 3646 2242 3717 cogitavit.
2275 3644 2489 3722 Sufficit
2524 3648 2667 3722 enim
2696 3647 2801 3722 diei
2829 3648 3040 3722 malitia
3064 3664 3182 3722 sua.
3216 3650 3393 3707 Nolite
3420 3651 3568 3722 judi-

1967 3728 2180 3793 careut
2211 3732 2326 3793 non,
2352 3718 2711 3793 jtt_diccmini._
2732 3719 2790 3773 In
2822 3734 2930 3788 quo
2955 3719 3100 3774 enim
3124 3721 3329 3790 judicio
3358 3718 3569 3793 judica-

1967 3789 2188 3855 veritis,
2217 3788 2587 3859 judicabimini
2614 3799 2669 3844 et
2698 3789 2752 3844 in
2780 3805 2885 3860 qua
2916 3788 3169 3845 mensura
3197 3788 3375 3848 mensi
3397 3796 3549 3849 fueri-

1966 3862 2055 3915 tis.
2097 3861 2414 3915 remetietur
2435 3861 2608 3914 vobis.
2650 3860 2790 3926 Quid
2825 3869 3004 3915 autem
3036 3862 3189 3917 vides
3216 3860 3479 3920 festucam
3513 3867 3568 3919 in

1965 3931 2124 3987 oculo
2154 3931 2336 3986 fratris
2361 3931 2456 3984 tui.
2514 3941 2568 3985 et
2609 3932 2660 3985 iu
2705 3941 2796 3986 tuo
2826 3932 2986 3986 oculo
3018 3935 3221 3989 trabem
3254 3951 3362 3991 non
3391 3937 3564 3991 vides.

1965 4002 2073 4057 Aut
2099 4003 2369 4071 quomodo
2390 4002 2527 4056 dicis
2550 4001 2701 4057 fratri
2735 4012 2826 4057 tuo
2877 4003 3007 4059 Siue
3063 4006 3253 4060 eiciam
3303 4006 3569 4061 festucam

1966 4076 2034 4147 de
2070 4073 2228 4127 oculo
2255 4083 2367 4128 tuo.
2396 4083 2451 4128 et
2484 4087 2613 4147 ecce
2654 4075 2820 4147 trabis
2866 4076 2920 4147 in
2961 4077 3122 4130 oculo
3156 4087 3270 4131 tuo.
3305 4076 3565 4147 Ypocrita

1966 4144 2082 4199 eice
2122 4147 2354 4213 primum
2409 4144 2613 4199 trabem
2660 4146 2727 4200 de
2765 4145 2925 4200 oculo
2958 4156 3048 4201 tuo
3091 4157 3145 4201 et
3185 4157 3312 4203 tunc
3356 4144 3564 4204 videbis

1966 4216 2143 4270 eicere
2170 4215 2430 4270 festucam
2459 4216 2526 4270 de
2555 4217 2713 4271 oculo
2742 4216 2926 4271 fratris
2956 4217 3058 4270 tui.
3082 4217 3261 4273 Nolite
3284 4219 3416 4274 dare
3438 4235 3567 4274 sau-

1968 4294 2113 4341 ctum
2161 4288 2385 4341 canibus
2441 4301 2615 4355 neque
2670 4288 2927 4341 miseritis
2978 4291 3300 4357 margaritas
3348 4300 3563 4357 vestras

1967 4368 2093 4413 aute
2122 4372 2340 4427 porcos.
2375 4372 2441 4411 ne
2460 4357 2675 4426 quando
2697 4359 3019 4413 couculceut
3039 4373 3132 4413 eas
3161 4360 3393 4428 pedibus
3423 4364 3559 4415 suis.

1968 4440 2023 4483 et
2054 4429 2302 4484 conversi
2340 4428 2655 4497 dirumpant
2691 4443 2808 4482 vos.
2840 4428 3016 4484 Petite
3054 4437 3109 4483 et
3148 4431 3366 4485 dabitur
3410 4433 3567 4486 vobis

1971 4500 2213 4569 quaerite
2251 4510 2306 4555 et
2343 4499 2648 4554 invenietis.
2709 4499 2941 4569 pulsate.
2979 4509 3035 4554 et
3075 4502 3352 4569 aperietur
3392 4504 3566 4557 vobis.

1971 4571 2157 4625 Omnis
2183 4571 2328 4626 enim
2358 4574 2445 4641 qui
2476 4571 2608 4637 petit
2638 4570 2833 4641 accipit
2860 4578 2915 4624 et
2940 4574 3028 4641 qui
3058 4573 3267 4641 quaerit
3308 4575 3566 4628 inveniet.

1969 4650 2025 4695 et
2066 4641 2301 4708 pulsanti
2340 4643 2630 4710 aperietur.
2668 4644 2780 4695 Aut‘
2811 4641 2932 4710 quis
2968 4652 3049 4696 est
3092 4658 3157 4697 ex
3196 4644 3349 4698 vobis
3382 4647 3563 4697 homo.

1971 4727 2131 4782 quem
2152 4713 2197 4784 si
2232 4713 2447 4784 petierit
2476 4712 2619 4766 filius
2654 4712 2770 4780 ejus
2799 4727 3015 4782 panem.
3043 4715 3303 4784 numquid
3332 4713 3565 4781 lapidem

1971 4782 2199 4852 porrigit
2224 4784 2296 4837 ei.
2329 4783 2436 4839 Aut
2472 4784 2515 4838 si
2554 4784 2757 4853 piscem
2790 4784 2940 4852 petit.
2977 4782 3233 4851 numquid
3259 4793 3569 4852 serpcutem

1970 4853 2197 4925 porrigit
2237 4854 2307 4908 ei.
2336 4854 2393 4908 Si
2424 4870 2556 4925 ergo
2594 4870 2690 4910 vos
2733 4870 2855 4909 cum
2898 4856 3018 4909 sitis
3048 4856 3175 4908 mali
3214 4856 3387 4908 nostis
3429 4855 3570 4909 bona

1977 4924 2102 4979 data
2146 4924 2278 4980 dare
2318 4925 2443 4983 ﬁliis
2488 4924 2704 4982 vestris.
2737 4935 2939 4996 quanto
2986 4924 3157 4996 magis
3191 4935 3343 4995 pater
3391 4935 3573 4982 vester

1973 4997 2061 5067 qui
2090 4997 2141 5049 in
2173 4999 2339 5054 caelis
2366 4995 2771 5053 cstdabitbona
2796 4995 3102 5067 petentibus
3126 5010 3206 5049 se.

2043 5068 2237 5139 Omnia
2255 5084 2403 5139 ergo.
2431 5082 2769 5139 quacumque
2787 5065 2951 5122 vultis
2976 5074 3035 5121 ut
3056 5065 3257 5125 faciant
3282 5068 3435 5125 vobis
3466 5069 3567 5125 bo-

2043 5085 2232 5124 umuta
2255 5085 2403 5139 ergo.
2470 5085 2684 5134 uacutnr

1972 5139 2146 5196 mines
2172 5138 2273 5213 (a).
2303 5144 2384 5195 sic
2422 5085 2467 5210 ’ἓ
2517 5148 2571 5193 et
2588 5154 2684 5193 vos

966 5304 1356 5364 VARIANTES
1394 5302 1782 5362 LECTIONES
1821 5301 2086 5359 CODICIS
2124 5301 2235 5357 MS.
2276 5300 2336 5355 S.
2376 5294 2888 5356 GERMANENSIS.

317 5411 347 5556 Ξ
378 5411 672 5556 illigabitur
694 5462 760 5512 de
784 5461 922 5511 vobis
945 5476 958 5511 :

319 5526 347 5556 ³
388 5525 558 5573 eadem

316 5586 341 5616 δ
380 5587 618 5637 miseritis

309 5651 335 5681 ⁸
374 5655 689 5711 corrumpant

2034 5395 2055 5426 ⁸
2089 5408 2118 5443 a
2141 5406 2241 5457 quo
2258 5393 2388 5457 petit
2409 5390 2539 5441 ﬁlius
2558 5390 2667 5452 ejus
2683 5403 2860 5454 panem

2032 5458 2052 5488 ⁷
2088 5458 2313 5505 υοιτιαθι

2103 5468 2288 5518 iorrtge

2032 5519 2055 5551 ⁸
2090 5519 2218 5570 bona
2237 5519 2351 5570 data

2029 5582 2050 5613 θ
2085 5583 2214 5633 bona

2030 5643 2075 5676 ¹⁰
2109 5646 2179 5695 ita

1598 5726 1961 5785 BLANCHINI
2007 5728 2238 5786 NOTAE.

329 5825 426 5894 (a)
491 5826 711 5883 Addunt
740 5827 873 5881 bona
898 5844 915 5881 :
939 5835 991 5882 et
1024 5827 1095 5880 ita
1135 5826 1439 5898 Cyprianus
1478 5826 1545 5881 de
1578 5824 1725 5881 Orat.
1756 5825 1972 5888 Domin.
1999 5824 2203 5881 Ibidem
2226 5823 2457 5879 additur.
2484 5821 2577 5885 ita,
2598 5817 2745 5881 juxta
2768 5824 2971 5871 textum
2999 5816 3246 5877 Grmctim
3264 5822 3427 5877 οὔπω,
