4048 6188
359 371 383 394 ο
432 333 532 391 179

827 445 1056 502 CODEX
1102 437 1640 501 VERGI‘LLLENSIS.

435 542 596 597 facite
621 543 746 596 illis.
767 541 910 596 Haec
1051 575 1060 588 ι
1271 540 1370 594 bor
1401 539 1542 594 bona
1572 556 1678 593 ma-

435 624 522 668 est
551 614 695 668 enim
729 614 837 679 lex,
871 617 925 666 et
1273 610 1355 664 ios
1385 608 1591 665 fructus
1616 610 1692 664 fa-

436 685 761 754 Prophetae.
1273 697 1397 754 cere
1431 700 1442 735 :
1476 697 1651 754 neque
1680 697 1767 737 ar—

437 757 526 811 15.
551 753 767 810 intrate
796 765 894 824 per
921 767 1018 809 an-
1274 753 1374 808 bor
1402 753 1542 824 mala
1573 755 1667 807 bo-

436 836 646 898 gustam
678 823 806 896 por;
927 896 936 898 Α
975 896 986 898 _
1279 838 1381 898 nos
1410 823 1618 898 fruetus

436 896 585 952 tam:
620 899 698 968 (a)
729 906 886 966 quam
912 896 952 968 ἰ-
975 896 1053 952 ia—

440 977 488 1022 ta
514 1010 528 1034 ,
558 977 614 1023 et
643 969 882 1038 spatiosa

437 1051 521 1096 est
552 1041 635 1094 via
653 1080 666 1100 .
701 1053 841 1110 quae

439 1111 592 1165 ducit
616 1111 681 1164 ad
713 1125 834 1180 per-

440 1182 724 1247 ditionem,
758 1190 814 1237 ct

442 1254 595 1307 multi
622 1263 748 1307 sunt

355 1331 363 1338 '
441 1325 535 1395 qui
562 1324 766 1378 intrant

441 1397 914 1464 perii.....

443 1466 532 1520 M.
584 1481 754 1538 angus
797 1508 812 1522 .
857 1505 871 1518 .
917 1505 929 1519 .
976 1507 990 1521 .
1041 1505 1054 1519 .

440 1544 493 1591 ta
521 1550 602 1592 est
625 1539 728 1602 via,
747 1542 884 1608 quae

442 1608 586 1664 ducit
614 1608 678 1661 ad
702 1610 864 1663 vitam
899 1627 914 1663 :

442 1688 499 1735 et
525 1680 678 1746 pauci
706 1691 856 1745 sunt,

442 1753 532 1820 qui
562 1750 844 1806 inveniunt

443 1837 566 1877 eam
593 1826 606 1875 i

421 1891 531 1948 '15.
582 1892 871 1948 Adtendite
898 1908 928 1948 a
960 1887 1060 1947 fai-

445 1964 519 2017 sis
553 1965 857 2034 prophetis,

447 2035 538 2104 qui
575 2035 798 2090 veniunt

446 2105 514 2160 ad
549 2121 644 2160 vos
676 2107 727 2160 in
758 2122 882 2162 ves-

448 2178 546 2231 titu
573 2177 777 2242 ovium,

447 2248 516 2302 ab
546 2249 689 2304 intus
715 2256 896 2303 autem

445 2326 574 2390 sunt
602 2320 711 2388 lupi
736 2336 893 2390 rapa-

451 2389 536 2442 16.
593 2405 684 2445 ces
716 2408 727 2442 ε
757 2389 1076 2448 ai‘rtictibus

445 2476 636 2515 eorum
665 2474 895 2531 cognos-

448 2531 584 2586 cetis
613 2546 728 2586 eos.

451 2601 721 2670 Numquid
751 2603 901 2659 cuili-

452 2682 584 2745 gunt
614 2673 681 2726 de
704 2673 875 2745 Spinis

453 2743 603 2809 uvas,
636 2752 729 2797 aut
758 2743 826 2799 de
856 2746 1026 2800 tribo-

457 2817 545 2870 i7.
596 2815 661 2868 iis
693 2813 868 2869 licus?
908 2816 1003 2874 Sic
1028 2829 1146 2871 om-

459 2889 544 2943 nis
573 2887 735 2942 arbor
761 2888 855 2942 bo-

455 2976 528 3015 na
563 2959 735 3013 bonos
759 2959 906 3014 fruc-

460 3073 474 3087 .
517 3048 581 3087 us
605 3031 732 3087 facit
762 3049 774 3084 :
805 3030 946 3086 mala

1282 894 1370 950 i9.
1430 893 1606 950 facere
1640 912 1652 948 :
1685 893 1873 950 Omnis

1274 966 1616 1035 arbor..quae
1641 981 1751 1022 non

1279 1038 1406 1092 facit
1435 1037 1668 1092 fructum

1271 1109 1470 1164 bonum
1485 1151 1500 1176 ,
1531 1108 1675 1164 exci-

1275 1180 1443 1244 ditur,
1469 1188 1522 1232 et
1553 1180 1603 1233 in
1637 1180 1714 1249 ig-

1277 1267 1399 1306 nem
1431 1252 1694 1305 mittetur.

1275 1322 1368 1377 20.
1417 1321 1580 1391 igitur
1601 1337 1666 1376 ex
1693 1320 1835 1375 fruc-

1283 1394 1425 1448 tibus
1455 1407 1645 1448 eorum

1281 1465 1621 1534 cognoscetis

1279 1535 1372 1589 21.
1418 1549 1531 1589 eos.
1566 1534 1684 1590 Non
1715 1547 1825 1589 om-

1285 1608 1389 1671 nis,
1408 1607 1500 1676 qui
1526 1606 1662 1661 dicit

1273 1675 1444 1741 mihi,
1477 1677 1703 1732 Domine
1727 1717 1742 1744 ,
1778 1675 2040 1744 Domine;

1283 1747 1506 1803 intrabit
1535 1749 1588 1802 in
1617 1763 1739 1818 rcg-

1274 1834 1401 1874 num
1429 1820 1703 1874 caelorum
1737 1837 1750 1873 :

1275 1891 1370 1945 sed
1402 1891 1490 1959 qui
1522 1889 1648 1945 facit

1276 1962 1522 2016 voluntat
1567 2001 1580 2016 .
1636 2003 1647 2014 .
1708 2002 1721 2016 .
1787 2003 1799 2015 .

1278 2032 1642 2086 Patri...
1708 2072 1720 2086 .

1281 2105 1334 2158 in
1359 2102 1527 2158 caelis
1550 2111 1653 2170 est,
1686 2105 1767 2174 ip-

1281 2190 1344 2230 se
1373 2175 1590 2228 intravit
1620 2176 1673 2228 in

1282 2260 1450 2316 regno
1480 2246 1659 2316 caelo-

1285 2317 1376 2370 2‘2.
1427 2332 1567 2370 rum.
1600 2315 1738 2371 Mui-

1288 2389 1329 2442 ti
1357 2387 1539 2442 dicent
1561 2387 1691 2441 mibi

1287 2459 1341 2514 in
1376 2460 1461 2512 illa
1488 2457 1614 2514 die:
1651 2459 1898 2522 Domine,

1288 2530 1534 2596 Domine,
1568 2545 1674 2584 non
1705 2544 1772 2585 ne
1802 2530 1855 2584 in

1289 2602 1509 2656 nomine
1538 2611 1627 2656 tuo

1290 2673 1634 2742 prophetavi-

1291 2758 1410 2796 mus
1433 2784 1447 2805 ,
1472 2751 1526 2796 et
1547 2743 1602 2796 in
1624 2757 1724 2796 no-

1291 2814 1436 2869 mine
1466 2823 1557 2867 tuo
1583 2815 1710 2868 dac-

1291 2888 1471 2942 monia
1502 2886 1669 2954 eject-

1289 2959 1380 3014 2'5.
1414 2953 1570 3012 mus?
1602 2958 1668 3012 Et
1689 2965 1817 3011 tunc
1841 2953 1923 3010 di-

1297 3045 1416 3085 cam
1443 3029 1549 3085 illis
1578 3047 1590 3082 :
1623 3029 1759 3094 Quia

1294 3119 1403 3156 non
1433 3101 1557 3156 novi
1591 3116 1688 3155 vos
1717 3118 1730 3153 :

1293 3173 1558 3228 discedite
1581 3187 1612 3226 a
1647 3187 1732 3228 me

1291 3245 1547 3314 Operarii.
1584 3286 1598 3301 .
1654 3285 1666 3298 .
1709 3242 1840 3314 iqui-

1282 3317 1406 3371 tatis

455 3143 469 3156 .
521 3112 665 3157 utem
692 3105 853 3158 arbor

453 3214 468 3227 .
520 3186 705 3230 ructus
726 3174 899 3230 malos

447 3243 597 3301 facit.

447 3319 540 3372 18.
583 3317 698 3374 Νοη
727 3324 904 3388 potest
934 3331 1025 3371 ar-

876 3405 1116 3464 CODEX
1147 3407 1610 3464 CORBEIENSIS.

450 3504 606 3559 facite
657 3504 780 3558 illis.
820 3501 959 3557 iiaec
1012 3511 1095 3557 est
1131 3502 1276 3556 enim
1325 3503 1447 3568 lex,
1479 3511 1532 3555 et
1578 3501 1897 3569 Pr0piietae.
1960 3501 2045 3554 in-

450 3585 686 3645 trateper
715 3585 991 3645 angustam
1019 3581 1228 3643 portam
1257 3592 1269 3628 :
1304 3574 1428 3642 quia
1463 3574 1565 3645 lata
1606 3583 1756 3643 porta
1778 3613 1792 3637 ,
1832 3579 1888 3624 et
1923 3587 2045 3645 spag

453 3643 636 3701 tiosa‘
679 3651 758 3699 via
778 3643 807 3709 ,“
849 3661 985 3715 quae
1034 3647 1180 3700 ducit
1232 3645 1297 3698 ad
1351 3644 1732 3714 perditionem,
1789 3650 1845 3697 et
1891 3643 2044 3697 multi

449 3727 568 3772 sunt
604 3719 692 3785 qui
726 3718 927 3772 intrant
977 3731 1070 3784 per
1123 3731 1264 3770 eam.
1298 3717 1469 3783 Quam
1524 3724 1747 3783 angusta
1792 3716 1812 3746 ²
1851 3724 2039 3783 porta,

446 3799 498 3841 et
553 3799 698 3841 arcta
751 3791 856 3850 via,
889 3802 1026 3856 quae
1069 3788 1218 3842 ducit
1268 3789 1335 3841 ad
1384 3790 1544 3839 vitam
1576 3797 1664 3841 :et
1699 3787 1848 3854 pauci
1892 3796 2037 3848 sunt,

448 3860 537 3926 qui
575 3858 856 3911 inveniunt
899 3855 1046 3911 eam!
1074 3856 1354 3912 Attendite
1381 3857 1400 3887 ³
1445 3873 1474 3910 a
1543 3857 1692 3910 falsis
1739 3855 2038 3924 preplietis,

448 3929 539 3997 qui
571 3929 790 3982 veniunt
822 3929 888 3981 ad
915 3943 1005 3982 vos
1040 3931 1093 3982 in
1117 3929 1138 3958 δ
1161 3929 1500 3982 vestimentis
1525 3927 1727 3987 ovium,
1787 3926 2045 3980 intrinse-

446 4014 543 4054 cus
595 4009 773 4053 autem
831 4008 958 4052 sunt
997 4000 1102 4066 lupi
1159 4014 1380 4067 rapaces
1426 4016 1437 4052 :
1480 4011 1512 4050 a
1556 3998 1815 4052 fructibus
1854 4011 2043 4051 eorum

449 4072 786 4142 cognoscetis
810 4085 925 4123 eos.
950 4068 1214 4138 Numquid
1252 4071 1511 4142 colligunt
1553 4068 1621 4142 de
1661 4067 1832 4142 spinis
1877 4084 2039 4142 uvas,

449 4139 543 4194 aut
582 4141 650 4197 de
687 4142 896 4195 tribulis
935 4141 1109 4193 licus?
1149 4142 1236 4195 Sic
1287 4140 1687 4194 omnis‘arbor
1737 4140 1874 4192 bona
1933 4139 2042 4193 frn-

448 4223 568 4266 ctus
619 4213 788 4266 bonos
838 4212 964 4265 facit
1003 4230 1015 4266 :
1050 4213 1186 4264 mala
1234 4219 1412 4266 autem
1447 4212 1606 4266 arbor
1631 4211 1652 4241 ⁸
1678 4211 1882 4264 fructus
1923 4226 2042 4264 ma-

453 4284 535 4338 los
563 4282 709 4339 facit.
727 4282 844 4338 Non
863 4290 1039 4352 potest
1058 4282 1221 4336 arbor
1244 4284 1381 4337 bona
1409 4282 1614 4337 fructus
1637 4282 1806 4335 malos
1823 4282 2000 4336 facere
2023 4299 2037 4337 :

452 4370 626 4424 neque
667 4355 829 4409 arbor
861 4355 1001 4408 mala
1044 4353 1249 4408 fructus
1280 4354 1451 4408 bonos
1484 4355 1661 4409 facere
1695 4369 1712 4424 ιγ
1739 4353 1928 4407 Omnis
1954 4369 2041 4407 ar-

453 4423 571 4496 bor,
605 4440 743 4496 quae
771 4440 874 4480 non
901 4426 1024 4479 facit
1047 4427 1275 4480 fructum
1303 4427 1498 4480 bonum
1517 4465 1532 4490 ,
1563 4423 1840 4479 excidetur
1860 4431 1958 4496 ,ct
1989 4425 2040 4478 in

449 4495 632 4566 ignem
649 4498 666 4528 ⁷
699 4498 947 4551 mittitur.
968 4496 1046 4550 Ex
1071 4498 1328 4552 fructibus
1351 4502 1535 4550 eorum
1559 4495 1901 4564 cognoscetis
1922 4509 2036 4549 eos.

446 4568 562 4622 Non
594 4568 786 4632 omnis,
815 4570 901 4635 qui
929 4568 1060 4622 dicit
1086 4567 1238 4635 milii,
1274 4568 1522 4633 Domine,
1558 4567 1799 4630 Domine,
1831 4567 1850 4599 ⁸
1875 4567 2041 4620 intra-

450 4639 527 4710 bit
564 4638 616 4694 in
649 4653 871 4710 regnum
901 4639 1171 4710 coeloi-nm
1200 4657 1212 4690 :
1246 4639 1340 4694 sed
1362 4643 1381 4672 θ
1404 4639 1494 4708 qui
1542 4637 1667 4692 facit
1707 4639 2038 4710 voluntatem

448 4709 623 4765 Patris
666 4709 800 4774 luci,
835 4711 925 4779 qui
955 4709 1007 4763 in
1038 4711 1202 4763 coelis
1232 4719 1316 4764 est
1339 4752 1353 4777 ,
1402 4711 1444 4741 ¹⁰
1473 4711 1586 4778 ipse
1617 4711 1840 4764 inti-abit
1869 4709 1920 4762 in
1953 4724 2041 4764 re-

446 4796 608 4849 gnum
642 4783 938 4836 caelorum.
971 4780 1120 4834 Militi
1152 4781 1334 4835 dicent
1379 4780 1507 4834 mihi
1557 4781 1610 4834 in
1646 4782 1733 4834 illa
1773 4782 1898 4834 die:
1930 4780 2038 4834 Do-

451 4853 618 4916 mine,
683 4853 942 4917 Domine,
999 4866 1104 4906 non
1160 4866 1228 4905 ne
1279 4852 1331 4904 in
1375 4852 1595 4906 nomine
1651 4859 1744 4905 tuo
1801 4851 2036 4920 prophe-

452 4922 703 4989 tavimus,
751 4937 803 4979 et
837 4923 888 4978 in
939 4923 1157 4978 nomine
1203 4933 1294 4976 tuo
1342 4922 1621 4976 daemonia
1667 4922 1954 4991 ejecimns,
1985 4931 2040 4978 et

456 4991 508 5044 in
569 5001 660 5044 tuo
721 4999 938 5048 nomine
983 4995 1213 5049 virtutes
1248 4993 1443 5048 multas
1503 4992 1765 5048 fecimus?
1801 4993 1867 5046 Et
1913 5004 2039 5050 tunc

453 5063 494 5093 “
525 5061 827 5136 conﬁtebor
875 5067 983 5120 illis
1017 5083 1030 5118 :
1062 5067 1197 5132 Quia
1251 5079 1541 5136 numquam
1598 5065 1721 5119 novi
1754 5078 1846 5119 vos
1880 5081 1892 5118 :
1924 5065 2036 5119 dis-

441 5132 620 5188 cedite
645 5147 674 5186 a
703 5150 789 5189 me
818 5136 908 5204 qui
935 5138 1232 5206 Operamini
1258 5132 1620 5207 iniquitatem.

971 332 1241 390 EUSEBII
1282 325 1620 388 VERCELL.
1667 321 2111 387 EVANGELlUii
2155 319 2295 390 cuti
2326 323 2558 389 “vanus
2589 302 2742 389 con.
2777 330 3168 390 COLLATUM.

3637 329 3736 386 180

2567 424 2797 504 cdnex
2839 439 3289 507 VERONENSI'S.

2975 544 3143 598 malos
3173 541 3378 596 fructos
3401 553 3403 556 '

2972 615 3182 688 facere,
3213 627 3392 688 neque
3419 609 3583 688 arbor

2973 685 3112 739 maia
3155 682 3326 739 bonos
3347 682 3552 740 fructos

2973 757 3061 811 19.
3096 755 3274 811 facere
3303 773 3315 809 :
3341 755 3531 811 Omnis

2978 842 3106 898 ergo
3135 828 3320 888 arbor.

3016 897 3115 953 uae
3145 915 3251 953 non
3287 897 3413 954 facit

3004 967 3210 1024 ructum
3243 967 3443 1025 bonum
3469 1012 3485 1036 ,

2980 1040 3282 1104 excidetur,
3309 1049 3365 1096 et

2976 1113 3028 1166 in
3053 1113 3231 1182 ignem
3256 1112 3378 1166 mit-

2973 1183 3064 1240 20.
3079 1181 3262 1254 itetur.
3296 1181 3478 1254 itaque

2977 1269 3044 1311 ex
3072 1253 3338 1310 fructibus

2979 1340 3168 1380 eorum
3200 1325 3540 1395 cognoscetis
3565 1339 3679 1384 eos.

2980 1395 3071 1451 21.
3101 1396 3218 1452 Non
3241 1397 3416 1452 omnis
3437 1439 3452 1464 ,

3019 1471 3071 1522 ui
3096 1469 3226 1524 dicxt
3254 1468 3382 1531 mihi

3032 1540 3211 1594 omine
3233 1581 3247 1605 ,
3277 1537 3523 1606 Domine,

2984 1609 3209 1665 intrabit
3237 1613 3288 1664 in
3321 1627 3408 1665 re-

2976 1695 3137 1750 gnum
3170 1682 3445 1737 caelorum
3477 1697 3492 1737 :

2982 1753 3078 1807 sed
3105 1752 3190 1807 bis
3210 1795 3225 1819 ,
3258 1753 3348 1822 qui

2983 1822 3108 1877 facit
3134 1824 3461 1879 voluntatem

2137 541 2294 596 tacite
2321 541 2446 595 illis.

2139 613 2284 668 Haec
2309 622 2394 667 est
2418 614 2560 667 enim

2140 684 2248 748 lex,
2276 692 2330 738 et
2361 684 2493 739 Pro-

2140 756 2359 824 phetae.

2142 827 2230 881 1⁸5.
2272 825 2472 881 Intrate
2503 837 2598 890 per
2624 837 2719 881 an-

2140 906 2353 967 gustam
2388 913 2512 964 por-
2737 957 2740 967 τ

2143 965 2250 1022 iam
2285 985 2296 1020 :
2328 968 2406 1036 (a)
2435 982 2594 1037 quam
2648 967 2690 1039 -ι-
2736 965 2806 1024 ia-

2145 1048 2196 1094 ta
2215 1080 2230 1104 ,
2263 1048 2318 1093 et
2347 1041 2586 1110 spatiosa

2142 1121 2224 1166 est
2249 1110 2332 1164 via
2351 1150 2366 1176 ,
2399 1125 2540 1181 quae

2143 1181 2284 1235 ducit
2319 1182 2386 1236 ad
2422 1196 2545 1252 per-

2143 1252 2400 1306 ditionem
2424 1295 2438 1316 ,
2468 1261 2522 1308 et

2145 1322 2302 1378 multi
2331 1331 2456 1377 sunt

2145 1395 2235 1463 qui
2260 1394 2464 1449 intrant

2127 1464 2239 1534 ¹14.
2276 1479 2525 1534 peream.
2555 1463 2726 1532 Quam

2146 1548 2370 1607 angusta
2403 1545 2554 1606 porta
2577 1578 2592 1603 ,

2146 1618 2201 1664 et
2227 1617 2372 1663 arcta
2401 1617 2484 1663 est
2513 1608 2598 1661 via
2622 1651 2637 1675 ,

2146 1694 2283 1750 quae
2304 1679 2451 1734 ducit
2473 1678 2540 1734 ad

2150 1748 2317 1804 vitam
2349 1768 2362 1803 :
2390 1759 2445 1804 et
2467 1748 2620 1820 pauci

2150 1831 2305 1886 sunt,
2330 1822 2420 1892 qui
2450 1823 2600 1877 inve-

2149 1894 2306 1948 niunt
2335 1907 2453 1946 eam
2475 1893 2490 1946 i

2150 1964 2239 2019 15.
2267 1963 2542 2018 Attendite
2581 1962 2738 2019 vobis

2150 2051 2177 2088 a
2210 2033 2361 2089 falsis
2392 2034 2628 2104 pl'Opiie-

2151 2105 2219 2160 tis
2236 2147 2250 2168 ,
2284 2106 2374 2175 qui
2403 2105 2627 2162 veniunt

2149 2178 2214 2230 ad
2242 2192 2340 2231 vos
2369 2176 2422 2230 in
2451 2192 2548 2232 ve-

2149 2249 2281 2302 stitu
2308 2249 2524 2314 ovium,

2153 2320 2298 2373 intus
2329 2328 2507 2374 autem

2151 2389 2604 2460 suntlupirapa-

2155 2461 2245 2517 16.
2275 2475 2368 2516 ces
2395 2479 2410 2516 :
2441 2478 2470 2514 a
2501 2461 2770 2518 fructibus

2153 2547 2341 2588 eorum
2372 2547 2571 2604 cogno-

2155 2604 2320 2659 scetis
2348 2618 2462 2659 eos.

2156 2675 2293 2730 Num
2326 2675 2592 2746 colligunt

2158 2747 2227 2801 de
2252 2747 2426 2817 spinis
2451 2763 2581 2801 uvas
2601 2789 2616 2814 ,

2160 2828 2251 2871 aut
2289 2819 2357 2872 de
2387 2818 2594 2874 triboiis
2639 2817 2810 2872 ficus?

2164 2890 2251 2944 i7.
2278 2889 2368 2945 Sic
2407 2890 2584 2944 omnis
2615 2889 2776 2945 arbor

2161 2961 2302 3016 bona
2336 2962 2504 3016 bonos
2536 2959 2648 3014 fru-

2158 3042 2277 3088 ctos
2305 3031 2432 3087 facit
2461 3050 2473 3085 :
2505 3033 2648 3086 mala

2158 3114 2336 3158 autem
2360 3105 2524 3159 arbor

2159 3175 2332 3230 malos
2354 3178 2555 3231 fructos
2990 3192 3022 3231 a
3053 3190 3136 3230 me
3167 3181 3357 3232 omnes

2167 3248 2249 3302 iS.
2281 3246 2427 3302 facit.
2461 3247 2576 3303 Non
2606 3262 2701 3318 ρο·
2990 3246 3083 3318 qui
3111 3249 3410 3314 operamini

2161 3326 2268 3373 test
2297 3318 2459 3374 arbor
2490 3319 2628 3373 bona
2992 3319 3356 3388 iniquitatem.

2613 3407 2845 3464 CODEX
2890 3405 3281 3468 BRIXIANUS.

2152 3499 2309 3554 facite
2341 3499 2466 3554 illis.
2524 3499 2668 3553 Haec
2700 3509 2784 3554 est
2812 3500 2954 3552 enim
2987 3499 3068 3553 lex
3101 3507 3154 3552 et
3183 3499 3503 3568 Propiietae.
3549 3499 3751 3557 intrato

2153 3580 2541 3640 perangustum
2572 3581 2804 3640 portam.
2832 3571 2952 3637 quia
2987 3571 3087 3622 lata
3119 3571 3294 3638 porta.
3327 3573 3628 3641 ctspatiosa
3665 3573 3751 3627 via

2149 3658 2287 3711 quae
2316 3643 2461 3697 ducit
2493 3643 2556 3696 ad
2599 3642 2956 3710 perditionem
2989 3652 3041 3694 et
3074 3643 3226 3695 multi
3259 3652 3385 3696 sunt
3409 3642 3494 3712 qui
3542 3644 3755 3698 intrant

2152 3729 2246 3782 per
2289 3729 2427 3766 eam.
2461 3713 2631 3780 Quam
2651 3721 2884 3782 angusta
2921 3721 3071 3781 porta
3101 3723 3153 3766 et
3183 3723 3295 3766 arta
3322 3714 3400 3766 via
3434 3725 3568 3783 quae
3595 3713 3749 3767 ducit

2151 3783 2216 3838 ad
2246 3786 2408 3837 vitain
2449 3796 2500 3838 et
2535 3783 2689 3852 pauci
2719 3792 2845 3837 sunt
2889 3786 2976 3851 qui
3009 3784 3287 3837 inveniunt
3316 3799 3458 3839 eam.

2226 3855 2517 3908 Adtendite
2562 3863 2742 3908 autem
2783 3869 2812 3908 a
2855 3854 3004 3908 falsis
3047 3855 3344 3923 pr0plictis.
3392 3857 3482 3923 qui
3521 3858 3751 3911 veniunt

2146 3927 2214 3980 ad
2246 3941 2340 3979 vos
2364 3927 2416 3979 in
2453 3927 2643 3979 vestitu
2673 3929 2875 3978 ovium.
2913 3927 3240 3980 intrinsecus
3269 3933 3448 3981 autem
3477 3937 3605 3982 sunt
3633 3928 3748 3997 lupi

2146 4012 2392 4066 rapaces.
2445 4013 2474 4050 a
2506 3997 2768 4051 fructibus
2791 4011 2977 4050 eorum
3011 3999 3351 4065 cognoscetis
3373 4013 3490 4053 eos.

2219 4069 2488 4138 Numquid
2538 4068 2800 4137 colligunt
2841 4067 2909 4121 de
2939 4068 3108 4136 spinis
3142 4083 3272 4122 uvas
3312 4079 3403 4123 aut
3433 4070 3502 4125 de
3533 4070 3745 4126 tribulis

2149 4141 2300 4194 ficus.
2332 4141 2420 4195 Sic
2443 4141 2619 4195 omnis
2642 4140 2804 4194 arbor
2832 4139 2968 4192 bona
2993 4141 3198 4194 fructus
3220 4140 3392 4194 honos
3422 4143 3566 4195 facit.
3599 4143 3742 4195 mala

2146 4219 2325 4266 autem
2358 4214 2521 4265 arbor
2550 4210 2769 4282 fructus?
2797 4211 2968 4264 malos
3015 4210 3162 4265 facit.
3203 4210 3317 4266 Non
3363 4221 3543 4282 potest
3581 4215 3746 4267 arbor

2147 4283 2284 4337 bona
2319 4283 2525 4338 fructus
2557 4283 2728 4337 malos
2751 4281 2930 4337 facere
2953 4297 3130 4352 neque
3161 4283 3325 4338 arbor
3361 4281 3500 4338 mala
3530 4283 3738 4339 fructus

2147 4353 2320 4408 bonos
2352 4353 2554 4408 facere.

2216 4425 2404 4479 Omnis
2431 4425 2574 4480 enim
2604 4425 2785 4479 arbor.
2813 4438 2951 4493 quae
2972 4438 3077 4478 non
3113 4423 3239 4478 facit
3267 4424 3502 4479 fructum
3537 4425 3739 4480 bonum

2143 4496 2430 4551 excidetur
2475 4504 2530 4551 et
2577 4496 2629 4550 in
2672 4504 2848 4566 ignem
2894 4497 3133 4552 mittetur
3181 4495 3352 4566 igitur
3399 4512 3428 4551 a
3478 4497 3745 4552 fructibus

2143 4582 2330 4623 eorum
2357 4576 2664 4622 COIIOSCCIIS
2689 4582 2803 4621 BOS.

2215 4638 2331 4693 Non
2361 4641 2539 4692 omnis
2569 4639 2658 4706 qui
2683 4638 2814 4692 dicit
2839 4637 2970 4692 milii
3003 4638 3230 4694 Domine
3258 4639 3482 4692 Domine
3522 4639 3745 4694 intravit

2144 4710 2196 4764 in
2243 4725 2410 4780 regno
2439 4711 2738 4766 caelorum.
2791 4710 2884 4764 sed
2927 4711 3016 4780 qui
3042 4709 3167 4762 facit
3200 4709 3533 4763 voluntatem
3567 4711 3745 4764 Patris

2144 4784 2286 4846 mei,
2319 4781 2410 4851 qui
2444 4782 2494 4835 in
2525 4781 2690 4836 caelis
2731 4792 2835 4835 est.
2881 4780 3032 4834 Multi
3073 4780 3203 4834 milii
3229 4781 3416 4834 dicunt
3448 4782 3498 4836 in
3528 4781 3617 4835 illa
3652 4781 3744 4836 die

2146 4854 2391 4907 Domine.
2457 4853 2702 4907 Domine.
2765 4867 2946 4906 nonne
2995 4853 3049 4906 in
3098 4861 3189 4907 tuo
3231 4853 3451 4906 nomine
3506 4851 3747 4922 proniie-

2144 4926 2391 4979 lavimus.
2455 4933 2509 4979 et
2573 4924 2627 4977 in
2703 4931 2795 4976 tuo
2844 4924 3062 4978 nomine
3121 4922 3407 4978 daemonia
3455 4923 3744 4993 eiecimus.

2142 5005 2197 5050 et
2248 4998 2300 5050 in
2353 5002 2444 5049 tuo
2477 4997 2696 5050 nomine
2722 4995 2951 5049 virtutes
2980 4994 3175 5048 multas
3211 4993 3464 5050 fecimus.
3516 4995 3582 5048 Et
3612 5005 3748 5049 tunc

2143 5066 2442 5122 confitebor
2468 5067 2577 5121 illis
2609 5067 2743 5134 Quia
2774 5083 2880 5119 non
2911 5067 3034 5121 novi
3064 5080 3160 5122 vos
3185 5065 3451 5122 discedite
3475 5080 3506 5122 a
3538 5080 3626 5123 me
3648 5066 3744 5136 qui

2141 5139 2438 5205 operamini
2480 5138 2821 5207 iniquitatem

2985 1894 3160 1950 Patris
3191 1896 3296 1951 mei
3319 1935 3335 1962 ,

2980 1965 3074 2034 qui
3105 1967 3158 2019 in
3189 1967 3358 2022 caelis
3385 1967 3487 2033 est,

2987 2036 3105 2106 ipse
3131 2037 3358 2092 intrabit
3381 2039 3433 2092 in

2984 2123 3207 2176 regnum
3230 2108 3532 2165 caelorum.

2985 2177 3077 2232 22.
3108 2178 3255 2234 Multi
3293 2181 3427 2237 mihi

2988 2249 3172 2305 dicent
3199 2252 3253 2304 in
3278 2251 3371 2306 illa

2988 2321 3078 2376 die
3111 2340 3123 2375 ε
3152 2323 3380 2378 Domine
3397 2366 3412 2389 ,

2990 2391 3218 2475 Domine
3239 2433 3254 2458 ,
3290 2407 3397 2466 non
3430 2409 3499 2450 ne

2988 2474 3041 2518 in
3065 2478 3278 2518 nomine
3305 2474 3395 2518 ῑυο

2989 2533 3454 2603 pr0phetavimus,
3485 2541 3542 2589 et

2989 2605 3041 2660 in
3075 2606 3286 2660 nomine
3318 2615 3410 2661 tuo
3436 2605 3566 2662 dae-

2992 2675 3168 2750 monia
3197 2678 3483 2750 ejeciinns,

2992 2757 3049 2804 et
3077 2749 3128 2801 in
3158 2757 3249 2802 tuo
3275 2748 3497 2804 nomine

2995 2821 3222 2874 virtutes
3251 2819 3447 2875 multas

2990 2890 3079 2945 25.
3126 2891 3389 2947 fecimus?
3429 2899 3481 2946 et

2993 2970 3124 3017 tunc
3159 2962 3356 3031 jurabo
3549 3019 3552 3022 _

2994 3033 3132 3088 illis:
3169 3034 3302 3101 Quia
3335 3049 3441 3089 non
3472 3031 3599 3089 nobl

2994 3120 3121 3160 vos:
3161 3106 3428 3162 discedite

1149 5229 1544 5288 VARIANTES
1582 5227 1966 5288 LECTIONES
1991 5225 2256 5286 CODICiS
2285 5228 2397 5286 MS.
2438 5227 2497 5285 S.
2531 5227 3041 5287 GERMANENSIS.

507 5341 524 5371 ί
563 5344 641 5388 est
663 5339 742 5388 via

501 5403 522 5432 ¹
558 5405 637 5450 est
661 5405 800 5463 porta

439 5473 448 5527 ς
505 5463 526 5527 ξ
559 5463 695 5527 vobis
828 5519 831 5521 _

505 5524 528 5588 ξ
563 5525 742 5588 vestitu
763 5524 945 5588 ovium,
970 5525 1102 5577 intus

508 5586 529 5650 ξ
562 5585 686 5650 bona
708 5587 852 5650 arbor
875 5585 1047 5650 bonos,
1073 5594 1169 5639 etc.

509 5646 530 5677 ⁸
561 5645 713 5696 malos
734 5647 921 5701 fructus

2207 5344 2227 5407 '_'
2263 5325 2502 5394 mitte-tur.
2526 5339 2699 5407 ItaQue

2205 5405 2227 5437 ⁸
2261 5406 2481 5455 introibit

2207 5469 2229 5498 '
2263 5467 2312 5516 bi
2335 5471 2415 5530 qui
2445 5467 2628 5518 faciunt

2210 5528 2255 5561 ιο
2289 5530 2383 5581 ipsi
2409 5531 2657 5581 intrabunt

2212 5543 2255 5561 ιν
2289 5543 2383 5600 ψει
2409 5543 2657 5581 intrabunt

2212 5591 2254 5622 ιι
2284 5591 2440 5641 dicam
2463 5590 2560 5644 illis
2578 5606 2589 5642 :
2609 5595 2722 5656 quia
2745 5605 2842 5646 non
2864 5596 2974 5648 novi
3003 5605 3087 5648 vos

1786 5724 2153 5802 emneatu!
2180 5735 2404 5801 Nom.

544 5839 619 5931 ta)
651 5835 878 5918 Vulgata
905 5841 1092 5904 Latina
1121 5849 1316 5919 vertit,
1348 5845 1504 5918 quia,
1533 5859 1752 5906 sumens
1775 5844 1851 5907 ὃτι
1870 5888 1886 5919 ,
1913 5860 2010 5924 pro
2057 5843 2522 5923 éc_iiellenistice.
