4048 6188
367 255 458 311 181
1335 261 1787 322 EVANGELIUM
1833 264 2202 325 SECUNDUM
2242 267 2679 327 MATTHEUM.

743 372 971 432 CODEX
1011 376 1556 437 VERCELLENSIS.

345 465 441 520 24.
485 465 680 522 Omnis
706 509 719 530 ,
751 467 841 537 qui
868 468 1018 526 audit
1187 480 1389 528 masset
1415 472 1572 529 Jesus
1610 489 1732 530 ver-

343 537 519 594 verba
543 553 690 606 mea,
723 546 778 592 et
1186 544 1249 597 ba
1277 545 1426 608 haec,
1459 547 1620 600 mira-

343 608 483 665 facit
511 625 573 664 ea
598 651 613 674 ,
645 608 793 664 simi-
1184 613 1383 670 bantur
1417 626 1527 671 tur—

343 680 416 736 lis
447 691 531 736 est
558 681 673 756 viro
702 696 794 756 sa-
1185 685 1286 742 bae
1311 701 1475 756 super
1500 688 1630 744 doc-

408 791 422 805 .
471 753 602 807 .enti
620 794 636 818 ,
663 753 763 828 _qui_
791 767 883 809 ae—
1185 753 1392 812 trinam'
1411 759 1551 828 ejus.

342 862 357 875 .
409 863 422 876 .
471 865 484 875 .
558 822 702 878 cavit
732 823 834 879 do-
1181 828 1270 884 29.
1320 822 1457 884 Erat
1479 831 1626 888 enim
1652 832 1749 890 do—

336 910 490 949 mum
522 909 677 949 suam
705 909 798 948 su-
1183 915 1314 956 cens
1340 917 1437 955 eos
1467 904 1608 957 sicut

336 964 432 1020 25.
477 981 574 1036 pra
595 974 754 1034 petra
788 983 801 1022 :
834 965 957 1025 des-
1184 981 1507 1036 potestatem
1538 975 1632 1029 ha-

339 1038 526 1092 cendit
557 1038 736 1104 pluvia
758 1078 772 1104 ,
1181 1038 1316 1098 hens
1338 1086 1352 1108 ,
1379 1060 1483 1098 non
1517 1047 1658 1103 sicut

338 1109 684 1186 advenerunt
1182 1112 1407 1169 Scribae
1439 1131 1650 1186 eorum,

339 1180 564 1235 ﬂumina
582 1223 596 1244 ,
631 1177 799 1236 ﬂave-

339 1261 475 1306 runt
504 1252 685 1315 venti,
711 1260 766 1307 et

341 1323 691 1378 oﬂenderunt

1181 1194 1234 1240 et
1256 1186 1559 1242 Pharisaei.

1359 1297 1590 1356 CAPUT
1625 1302 1757 1358 VIII.

339 1394 395 1448 in
419 1394 641 1449 domum
673 1393 819 1449 illam
844 1435 859 1460 ,
1255 1391 1306 1446 1.
1325 1391 1391 1446 Et
1419 1391 1772 1451 descendent.
1820 1436 1833 1450 .

338 1465 812 1520 etnoneecidit:

336 1536 564 1590 fundata
589 1536 736 1592 enim
1184 1573 1199 1588 .
1245 1575 1256 1587 .
1306 1572 1320 1585 .
1367 1576 1379 1590 .
1427 1574 1440 1588 .
1486 1577 1499 1589 .
1547 1575 1562 1590 .
1608 1579 1622 1590 .
1670 1547 1752 1595 .nt

339 1618 778 1678 eratsuprape-
1183 1644 1197 1658 .
1281 1647 1293 1658 .
1378 1647 1389 1658 .
1473 1648 1485 1661 .
1569 1650 1583 1664 .
1662 1648 1676 1662 .
1757 1651 1770 1664 .
1853 1651 1937 1667 ..

337 1688 498 1733 Iram.

333 1747 428 1805 26.
475 1750 552 1823 Et,
579 1752 778 1816 omnis,
812 1749 904 1823 qui
935 1764 1032 1807 au-

1179 1748 1232 1821 2.
1267 1749 1512 1819 leprosus
1544 1752 1660 1821 qui-

335 1823 418 1876 dit
441 1822 608 1876 verba
633 1837 751 1878 mea

1180 1820 1301 1875 dam
1332 1820 1578 1888 veniens,

1179 1891 1440 1947 adorabat
1467 1908 1589 1947 eum

1180 1963 1368 2018 dicens
1392 1980 1404 2016 :
1452 1963 1701 2031 Domine,
1735 1965 1781 2022 si

1179 2034 1282 2102 vis,
1319 2041 1470 2104 potes
1500 2050 1588 2090 me

337 1894 476 1948 haec
497 1933 512 1958 ,
538 1902 596 1948 et
619 1909 728 1948 non
756 1891 839 1946 fa-

332 1964 408 2018 cit
438 1979 501 2020 ea
525 2005 541 2032 ,
572 1965 769 2020 similis

333 2045 421 2090 est
463 2078 477 2090 .
526 2077 542 2093 .
577 2036 660 2091 iro
685 2034 819 2092 stul-

338 2116 426 2170 to,
475 2145 490 2160 .
537 2147 551 2161 .
600 2149 612 2161 .
659 2148 671 2162 .
706 2106 922 2162 editica-
1177 2107 1232 2162 5.
1270 2105 1551 2160 mundare.
1587 2107 1653 2162 Et

337 2178 416 2232 vit
436 2178 660 2233 domum
685 2191 774 2236 su—
1179 2177 1478 2233 extendens

337 2265 424 2303 am
447 2264 600 2318 supr.
649 2292 661 2304 .
714 2291 726 2304 .
774 2292 786 2304 .
1181 2263 1399 2304 manum
1431 2248 1613 2316 Jesus,

340 2321 430 2373 27.
473 2336 665 2377 renam
699 2339 711 2375 :
743 2329 796 2377 et
822 2318 942 2378 des.
992 2362 1002 2374 .
1053 2364 1062 2375 .

339 2392 420 2445 dit
445 2393 657 2461 pluvia,
705 2435 717 2446 .
766 2433 776 2444 .
827 2433 838 2444 .

342 2473 558 2518 ηετυυι.
607 2506 621 2519 .
665 2507 679 2520 .
728 2507 740 2517 .
785 2503 800 2517 .

343 2535 829 2600 mina,.....

345 2615 469 2659 runt
499 2607 646 2661 venti
670 2649 685 2673 ,
709 2616 763 2662 el.

342 2675 694 2732 offenderunt
720 2678 774 2731 in

344 2747 574 2803 domum
605 2748 782 2814 illam,

345 2830 394 2873 et
416 2819 656 2884 cecidit,
690 2829 742 2873 et
761 2818 877 2874 fac-

348 2899 394 2942 ta
416 2901 498 2944 est
529 2891 689 2945 ruina
714 2890 834 2961 ejus

1183 2320 1356 2390 tetigit
1381 2335 1502 2374 eum
1521 2362 1535 2388 ,
1569 2319 1652 2376 di-

1182 2405 1312 2446 cens
1334 2410 1345 2444 :
1391 2391 1523 2446 Volo
1550 2407 1706 2448 mun-

1182 2462 1333 2517 dare.
1383 2462 1451 2516 Et
1479 2464 1655 2519 conti-

1181 2549 1288 2587 nuo
1318 2535 1541 2588 munda—

1184 2613 1236 2658 ta
1262 2613 1348 2658 est
1375 2606 1521 2673 lepra
1553 2605 1689 2673 ejus.

1181 2674 1236 2729 4.
1284 2675 1349 2728 Et
1381 2676 1454 2728 ait
1485 2675 1559 2730 illi
1583 2677 1775 2733 Jesus:
1807 2676 1884 2733 vi-

1181 2745 1271 2811 de,
1303 2746 1503 2818 nemini
1535 2745 1621 2801 di-
1720 2811 1729 2818 η

1181 2818 1327 2871 xeris
1348 2835 1360 2870 :
1408 2816 1504 2872 sed
1535 2818 1691 2886 vade,

1178 2889 1404 2942 ostende
1433 2897 1486 2942 te
1516 2904 1602 2942 sa-

345 2975 556 3031 magna.
573 3021 582 3026 _
745 2958 758 2961 ’
1179 2959 1408 3031 cerdbti,
1441 2969 1496 3014 et
1525 2958 1607 3015 of-

342 3029 449 3085 28.'
471 3033 540 3088 Et
569 3031 768 3088 factum
792 3040 878 3090 est
910 3051 924 3089 :
1181 3029 1290 3085 fers
1321 3045 1541 3096 munus,

343 3117 461 3159 cum
483 3119 743 3161 consum-
1183 3101 1328 3172 quod
1359 3116 1582 3171 praece-

763 3239 995 3297 CODEX
1031 3237 1505 3296 CORBEIENSIS.

339 3335 528 3392 Omnis
555 3350 691 3406 ergo
721 3335 811 3406 qui
843 3335 992 3389 audit
1021 3334 1183 3406 verba
1214 3345 1334 3406 mea
1360 3333 1376 3362 ί
1407 3331 1560 3406 haec,
1601 3338 1655 3406 et
1685 3331 1815 3406 facit
1843 3345 1902 3386 ea
1922 3373 1936 3395 ,

343 3403 752 3462 aSsimilabi‘tur'
782 3407 899 3460 viro
938 3405 1166 3476 sapienti
1189 3447 1203 3469 ,
1237 3403 1328 3476 qui
1357 3403 1655 3476 aediﬁcavit
1718 3405 1938 3458 domum

343 3494 490 3533 sulm
520 3494 683 3545 supra
718 3475 1046 3544 petratn’,et
1070 3475 1356 3532 descendit
1379 3475 1579 3543 pluvia,
1598 3483 1651 3528 et
1675 3483 1939 3530 venerunt

344 3549 558 3604 fltunina
582 3594 596 3615 ,
621 3561 673 3605 et
701 3548 965 3603 ﬂaverunl
997 3546 1180 3609 venti,
1219 3555 1273 3600 ct
1305 3548 1578 3599 irruerunt
1621 3547 1671 3598 in
1711 3546 1932 3600 domum

341 3622 508 3685 illam,
543 3633 599 3676 et
629 3637 733 3674 non
769 3620 967 3675 cecidit
1001 3638 1012 3670 :
1043 3618 1257 3672 fundata
1303 3616 1448 3670 enim
1506 3627 1622 3670 erat
1655 3633 1817 3686 super
1847 3633 1938 3685 pe-

339 3701 504 3745 tram.
542 3693 603 3746 Et
624 3693 837 3756 omnis,
878 3690 970 3756 qni
997 3690 1145 3743 audit
1185 3689 1349 3743 verba
1392 3702 1508 3742 mea
1553 3687 1718 3754 haec,
1749 3698 1798 3741 et
1829 3703 1935 3742 non

343 3763 471 3816 facit
519 3778 616 3829 ea,
664 3759 1039 3817 similis‘erit
1086 3761 1206 3814 viro
1249 3761 1449 3824 stulto,
1492 3759 1582 3829 qui
1636 3759 1938 3813 aediﬁcavit

340 3834 560 3889 domum
607 3851 761 3888 suam
815 3849 981 3901 super
1021 3846 1241 3886 arenam
1267 3829 1288 3859 ⁵
1312 3847 1330 3884 :
1353 3840 1406 3884 et
1432 3829 1712 3885 descendit
1736 3832 1935 3900 pluvia,

339 3916 391 3960 et
422 3916 689 3961 venerunt
715 3904 959 3971 flumina,
993 3914 1047 3958 et
1070 3902 1345 3957 flaverunt
1371 3904 1547 3960 venti.
1579 3911 1632 3954 et
1664 3903 1938 3956 irruerunt

341 3977 390 4030 in
426 3977 648 4031 domum
697 3977 875 4040 illam,
925 3984 979 4030 ct
1025 3972 1258 4039 cecidit,
1312 3981 1367 4029 et
1412 3972 1432 4003 ⁸
1487 3972 1581 4026 fuit
1620 3974 1773 4027 ruina
1821 3973 1938 4043 ejus

343 4064 552 4102 magna.

579 4117 650 4172 Et
690 4117 889 4173 factum
932 4127 1014 4171 est
1044 4135 1056 4171 :
1087 4113 1254 4188 quani
1296 4123 1740 4188 consummasset
1781 4115 1940 4170 Jesus

345 4191 502 4245 verba
559 4192 718 4256 haec,
752 4185 1159 4244 admirabantur
1207 4185 1397 4241 turbae
1442 4201 1604 4255 super
1635 4187 1939 4241 doctrinam

346 4262 473 4330 ejus.
503 4261 636 4316 Erat
664 4263 804 4316 enim
839 4262 1042 4314 docens
1066 4275 1160 4315 eos
1187 4260 1325 4314 sicut
1352 4265 1677 4330 potestatem
1709 4258 1934 4330 habens,

346 4328 395 4387 et
439 4350 544 4387 non
593 4335 732 4387 sicut
788 4332 1011 4388 Scribae
1051 4345 1275 4394 eorum,
1334 4330 1356 4360 ⁸
1418 4337 1512 4383 aut
1565 4328 1864 4383 Pharisaei.
1917 4330 1938 4361 ⁷

347 4404 469 4460 Cum
509 4414 692 4459 autem
733 4403 1107 4458 descendisset
1149 4405 1216 4455 de
1250 4410 1464 4463 monte,
1509 4411 1773 4469 scqntttae
1817 4407 1943 4454 sunt

347 4492 459 4530 eum
488 4477 683 4530 turbae
713 4477 914 4530 nmltae
942 4493 952 4527 :
981 4482 1035 4528 et
1066 4487 1189 4528 ecce
1223 4475 1468 4540 leprosus
1499 4473 1520 4502 ⁸
1549 4471 1791 4535 veniens,
1815 4471 1935 4525 ado-

349 4550 476 4601 ravit
497 4564 619 4603 eum
654 4549 877 4601 dicens:
908 4546 1152 4607 Domine,
1179 4544 1336 4608 sivis,
1365 4550 1516 4609 potes
1545 4557 1627 4594 me
1655 4544 1940 4595 mundare.

350 4617 411 4672 Et
438 4619 736 4674 extendens
762 4620 783 4650 θ
818 4631 1056 4679 manum,
1109 4614 1282 4684 tetigit
1323 4621 1444 4666 eum
1473 4655 1485 4675 ,
1529 4613 1715 4666 dicens
1748 4630 1762 4668 :
1810 4612 1943 4684 Vult)

351 4690 624 4743 mundare.
652 4689 720 4743 Et
742 4687 1026 4742 confestim
1052 4683 1306 4740 mtmdata
1321 4691 1404 4738 est
1432 4687 1577 4752 lepra
1604 4684 1739 4752 ejus.
1783 4685 1846 4736 Et
1870 4683 1945 4737 ait.

352 4759 419 4814 illi
442 4761 600 4815 Jesus
626 4777 638 4812 :
692 4759 850 4824 Vide,
908 4759 1106 4812 nemini
1138 4756 1345 4812 dixeris
1371 4773 1382 4807 :
1411 4753 1506 4809 sed
1537 4753 1690 4820 vade,
1716 4754 1945 4810 ostende

353 4839 398 4885 te
425 4831 724 4896 sacerdoti,
756 4838 809 4885 et
840 4829 978 4885 offer
1002 4844 1222 4894 munus,
1273 4827 1418 4896 quod
1445 4840 1665 4895 pweee-

3549 275 3652 332 182

2483 385 2714 445 CODEX
2759 385 3211 447 VERONENSIS.

2051 477 2152 553 24.
2168 478 2374 553 Omnis
2403 495 2552 550 ergo,
2584 482 2674 553 qui
2885 483 3221 539 mirabantur

2052 550 2202 625 audit
2237 552 2549 625 verbamea
2601 550 2618 553 ⁷
2886 554 3074 609 turbae
3105 569 3270 625 super

2050 621 2209 696 haec,
2241 621 2454 696 etfacit
2885 621 3187 681 doctrinam
3219 626 3359 696 ejus.

2051 707 2137 757 ea,
2168 694 2360 747 similis
2388 701 2473 748 est
2883 697 2974 751 29.
3019 697 3151 752 Erat
3178 694 3323 756 enim

2051 763 2167 818 viro
2193 765 2448 832 sapienti,
2885 767 3086 822 docens
3115 783 3209 824 eos

2049 835 2138 959 aut
2170 835 2471 891 aediﬁcavit
2885 839 3026 894 sicut
3056 849 3378 909 potestatem

2090 922 2267 959 omum
2300 922 2452 959 suam
2889 910 3114 959 habens-
3149 928 3256 959 nnn

2090 922 2267 959 omum
2300 922 2452 960 suam
2889 910 3115 974 habens,
3149 928 3257 966 non

2050 991 2213 1050 supra
2243 987 2488 1050 petram:
2535 1049 2538 1050 ν
2590 1049 2598 1050 7
2888 981 3027 1034 sicut
3055 981 3295 1050 Scribae,
3324 989 3380 1039 et

2048 1047 2141 1120 25.
2185 1049 2466 1103 descendit
2493 1049 2697 1120 plubia,
2886 1051 3168 1108 Pharisaei

2050 1117 2320 1174 ﬂaverunt
2352 1117 2522 1188 venti,
2686 1117 2689 1118 ⁷
2887 1138 3098 1180 eorum.

2049 1190 2390 1246 advenerunt

2049 1260 2296 1328 ﬂumina,
2331 1271 2386 1316 et

2048 1332 2396 1387 oﬂenderunt

2048 1403 2103 1458 in
2135 1404 2354 1458 domum
2386 1405 2554 1473 illam,

2048 1485 2103 1528 et
2135 1490 2240 1529 non
2272 1476 2468 1531 cecidit
2499 1495 2511 1530 :

2048 1545 2270 1600 fundata
2303 1548 2449 1602 enim

2047 1628 2167 1672 erat
2197 1632 2361 1688 super

2049 1688 2137 1743 26.
2185 1699 2416 1759 petram.
2464 1689 2529 1746 Et
2557 1692 2760 1759 omnis,

2050 1761 2140 1828 qui
2169 1761 2317 1814 audit
2348 1761 2512 1817 verba

2049 1846 2166 1885 mea
2200 1831 2355 1898 haec,
2388 1843 2442 1887 et

2049 1919 2157 1956 non
2189 1903 2314 1956 facit
2346 1919 2433 1967 ea,

2046 1974 2238 2028 similis
2267 1983 2351 2029 est
2376 1975 2494 2029 viro

2046 2045 2233 2110 stulto,
2256 2046 2346 2112 qui
2376 2045 2524 2101 aedi-

2047 2116 2228 2170 ficabit
2261 2116 2482 2171 domum

2045 2200 2196 2258 suam
2230 2203 2389 2258 supra
2425 2189 2520 2243 ha-

2044 2257 2135 2311 27.
2179 2257 2405 2313 renam:
2453 2259 2721 2316 discendit

2046 2330 2246 2398 pluvia,
2279 2329 2544 2386 ﬂaverunt

2047 2401 2216 2464 venti,
2247 2403 2586 2458 advenerunt

2045 2471 2287 2536 ﬂumina,
2312 2483 2366 2527 et

2045 2541 2390 2596 offenderunt
2425 2545 2478 2597 in

2044 2612 2265 2666 domum
2295 2613 2463 2678 illam,

2045 2691 2100 2737 et
2130 2683 2346 2750 cecidit,
2387 2693 2444 2739 et

2044 2753 2185 2808 facta
2217 2763 2301 2808 est
2331 2755 2484 2809 ruina

2045 2825 2164 2892 ejus
2192 2841 2406 2894 magna.

2043 2896 2136 2950 28.
2174 2896 2241 2949 Et
2269 2897 2466 2950 factum

2047 2975 2164 3022 est:
2203 2981 2324 3020 eum
2356 2983 2487 3021 ροη-

2046 3047 2371 3092 summasset
2400 3038 2428 3093 J
2435 3054 2559 3094 esus

2048 3110 2212 3164 verba
2245 3108 2400 3175 haec,
2423 3110 2520 3165 ad-

3071 1311 3300 1369 CAPUT
3330 1312 3466 1369 VIII.

2888 1477 2940 1531 1.
2982 1474 3051 1529 Ει
3083 1473 3447 1544 descendente

2885 1561 2952 1602 eo
2978 1546 3046 1600 de
3075 1557 3280 1611 monte,

2884 1625 3105 1673 secutae
3135 1625 3265 1672 sunt

2883 1689 2934 1743 2.
2972 1704 3095 1743 eum
3129 1689 3322 1745 turbae

2885 1761 3085 1815 multae
3108 1778 3121 1814 :
3153 1768 3206 1815 et
3229 1773 3357 1815 ecce

2887 1833 3134 1901 leprosus
3159 1830 3379 1898 quidam

2884 1903 3130 1967 veniens,
3145 1902 3407 1959 adorabat

2883 1989 3005 2028 eum
3029 1975 3217 2028 dicens
3246 1991 3260 2026 :

2884 2045 3134 2109 Domine,
3156 2044 3202 2100 si
3234 2045 3315 2099 vis

2884 2126 3036 2186 potes
3061 2131 3147 2170 me
3177 2129 3340 2170 mun-

2881 2190 2932 2244 5.
2975 2187 3130 2242 dare.
3167 2186 3232 2241 Et
3270 2195 3461 2244 exten-

2878 2261 3014 2315 dens
3045 2273 3264 2312 manum
3294 2269 3372 2314 te-

2885 2331 3003 2400 tigit
3025 2330 3361 2400 cum_,lcsus,

2885 2398 3069 2455 dicens
3095 2418 3108 2453 :
3155 2398 3291 2460 Volo

2885 2471 3167 2525 mundare.
3197 2469 3267 2524 Et

2885 2541 3168 2597 confestim
3211 2541 3469 2597 mundata

2881 2621 2966 2667 est
2995 2612 3143 2681 lepra
3173 2612 3310 2680 ejus.

2881 2685 2934 2738 4.
2979 2683 3047 2737 Et
3073 2682 3148 2735 ait
3176 2683 3254 2737 illi

2881 2753 3038 2810 Jesus
3073 2772 3084 2806 ;
3119 2753 3260 2818 vide,

2881 2823 3087 2879 nemini
3113 2822 3315 2879 dixeris
3346 2842 3360 2878 :

2882 2896 2979 2951 sed
3010 2895 3164 2960 vade,
3199 2905 3379 2950 osten-

2881 2966 2948 3021 de
2979 2975 3028 3020 te
3047 2965 3340 3032 sacerdoti,

2883 3047 2939 3092 et
2959 3037 3125 3092 offers
3155 3053 3376 3103 munus,

2883 3108 3027 3180 quod
3051 3111 3325 3179 praecepit

2516 3242 2752 3302 CODEX
2791 3243 3182 3303 BRIXIANUS.

2048 3333 2238 3408 Omnis
2285 3351 2414 3407 ergo
2452 3338 2541 3408 qui
2583 3337 2732 3392 audit
2768 3339 2928 3394 verba
2970 3353 3088 3393 mea
3134 3337 3267 3393 haec
3293 3337 3497 3394 etfacit
3535 3353 3595 3394 ea
3620 3346 3648 3378 α

2048 3407 2301 3462 similabo
2332 3407 2602 3462 eum’viro
2644 3410 2892 3477 sapienti.
2938 3410 3026 3477 qui
3074 3410 3381 3465 aedilicavit
3429 3411 3648 3465 domum

2048 3493 2198 3531 suam
2223 3494 2382 3547 supra
2405 3489 2632 3548 petram.
2657 3489 2711 3534 et
2736 3481 3016 3534 descendit
3064 3481 3264 3548 pluvia.
3303 3491 3353 3536 et
3385 3490 3650 3537 venerunt

2048 3548 2289 3602 flumina.
2337 3560 2390 3603 et
2433 3550 2698 3604 flaverunt
2736 3552 2900 3605 venti.
2929 3552 3321 3619 etinpegerunt
3350 3553 3403 3604 in
3426 3552 3646 3606 domum

2042 3620 2208 3673 illam.
2263 3629 2316 3673 ct
2366 3637 2470 3674 non
2504 3637 2533 3674 c
2572 3619 2599 3657 δ
2649 3621 2813 3676 ccidit
2835 3621 3049 3674 fundata
3081 3624 3223 3674 enim
3253 3630 3371 3675 erat
3402 3637 3462 3675 su
3494 3633 3514 3659 θ
3549 3637 3646 3692 pe-

2043 3699 2197 3745 tram.
2230 3693 2486 3746 Etomnis
2515 3693 2602 3755 qui
2627 3693 2777 3746 audit
2805 3693 2963 3746 verba
2993 3707 3110 3744 mea
3148 3703 3203 3746 et
3248 3707 3355 3746 non
3396 3693 3521 3747 facit
3556 3708 3641 3748 ea.

2041 3763 2368 3816 similahitur
2396 3765 2513 3817 viro
2553 3766 2735 3816 stulto.
2766 3764 2854 3834 qui
2887 3762 3194 3817 aediﬁcavit
3234 3763 3452 3817 domum
3497 3779 3650 3819 suam

2041 3848 2204 3900 Super
2256 3834 2536 3888 harenam.
2591 3841 2645 3889 et
2699 3835 2978 3889 descendit
3029 3835 3226 3904 pluvia.
3275 3844 3330 3890 et
3375 3845 3646 3889 venerunt

2041 3904 2282 3959 flumina.
2337 3915 2390 3959 et
2446 3905 2709 3976 flaverunt
2759 3911 2926 3960 venti.
2983 3917 3036 3960 et
3081 3906 3402 3976 inpegerunt
3448 3909 3498 3960 in
3543 3907 3641 3960 do—

2044 3991 2188 4029 mum
2243 3977 2389 4030 illam
2435 3988 2488 4032 et
2525 3991 2554 4031 c
2584 3974 2611 4012 ἀ
2640 3977 2800 4031 ccidit
2840 3987 2888 4032 et
2929 3978 3066 4031 facta
3100 3974 3252 4030 ruina
3281 3979 3397 4047 ejus
3425 3989 3640 4042 magna.

2043 4047 2110 4102 Et
2139 4047 2336 4100 factum
2368 4057 2469 4102 est.
2504 4063 2623 4102 cum
2655 4056 3086 4102 consummasset
3110 4047 3269 4102 .Iesus
3303 4049 3463 4101 verba
3489 4050 3648 4102 haec.

2043 4120 2454 4173 admirabuntur
2491 4121 2704 4175 turbae.
2749 4136 2910 4188 super
2968 4120 3267 4174 doctrinam
3329 4120 3467 4188 ejus.
3520 4119 3650 4174 Erat

2043 4192 2186 4243 enim
2225 4188 2427 4244 docens
2470 4207 2562 4246 eos
2607 4194 2748 4245 sicut
2781 4201 3101 4257 potestatem
3166 4190 3389 4244 habens.
3439 4201 3493 4244 et
3541 4206 3651 4245 non

2044 4263 2183 4316 sicut
2240 4260 2446 4315 Scribat
2508 4277 2716 4316 eorum.
2783 4262 3153 4316 Descendente
3209 4266 3388 4315 autem
3448 4276 3514 4316 eo
3582 4261 3651 4315 de

2046 4341 2253 4385 monte.
2299 4344 2514 4387 secutae
2564 4343 2687 4386 sunt
2734 4348 2854 4386 eum
2905 4335 3094 4387 turbae
3139 4332 3360 4386 multae.
3408 4332 3474 4386 Et
3521 4346 3652 4387 ecce

2047 4403 2294 4472 leprosus
2324 4405 2546 4472 quidam
2580 4406 2799 4457 veniens
2835 4404 3093 4458 adorabat
3127 4418 3249 4457 eum
3292 4403 3502 4459 dicens.
3550 4405 3654 4457 Do-

2047 4479 2192 4528 mine
2236 4474 2281 4528 si
2308 4476 2388 4529 vis
2436 4483 2588 4544 pntes
2618 4491 2703 4529 me
2734 4475 3017 4530 mundare.
3050 4474 3119 4528 Et
3162 4483 3352 4530 exiens
3381 4485 3402 4511 ο
3430 4490 3649 4528 manum

2045 4544 2226 4599 Jesus.
2262 4546 2434 4616 tetigit
2457 4563 2578 4600 eum
2603 4547 2788 4600 dicens
2811 4546 2942 4599 Voio
2972 4546 3251 4601 mundare.
3278 4547 3338 4599 Et
3363 4546 3651 4616 e0nfestim

2048 4618 2303 4670 mundata
2335 4615 2416 4671 est
2449 4619 2593 4686 lepra
2623 4618 2761 4686 ejus.
2799 4616 2868 4672 Et
2889 4620 2963 4672 ait
2994 4619 3072 4672 illi
3102 4617 3258 4671 Jesus
3285 4616 3421 4672 Vide
3449 4615 3650 4669 nemini

2047 4686 2270 4741 dixeris.
2304 4687 2398 4742 sed
2433 4691 2568 4744 vade
2601 4689 2829 4745 ostende
2858 4699 2910 4744 te
2942 4688 3232 4746 sacerdoti.
3287 4697 3343 4742 et
3372 4687 3506 4741 offer
3533 4695 3652 4740 bitt-

2047 4774 2168 4812 nus.
2215 4759 2359 4827 quod
2404 4764 2678 4830 praecepit

1040 4964 1436 5023 VARIANTES
1468 4961 1855 5020 LECTIONES
1890 4960 2158 5020 CODICIS
2197 4963 2308 5020 MS.
2354 4963 2408 5020 S.
2453 4960 2958 5020 GERMANENSIS.

413 5091 427 5117 ³
457 5099 584 5144 mea,
611 5091 665 5134 et
687 5083 802 5134 facit
817 5097 899 5146 ea,
924 5082 1098 5133 similis
1122 5090 1200 5132 est

412 5150 430 5178 ¹
461 5142 672 5223 petram.
691 5142 965 5223 Descendit
981 5146 1171 5223 pluvia;
1189 5143 1434 5223 [laverunt
1451 5143 1613 5205 venti;
1638 5142 1945 5192 advenerunt

359 5203 558 5323 Πυξιιὲἒῗ,
585 5216 640 5260 et
661 5203 1048 5261 ofi'enderunt'in
1070 5203 1288 5270 domum,
1317 5211 1413 5255 etc.

418 5334 436 5364 δ
465 5287 608 5384 ειξίξνίες
633 5350 643 5385 :
664 5332 922 5385 descendit
959 5330 1147 5394 pluvia;
1173 5331 1419 5380 ﬂaverunt
1451 5331 1611 5391 venti;
1638 5327 1946 5380 advenerunt

365 5392 560 5460 flumina,
589 5405 644 5447 et
670 5392 988 5474 offenderunt
1010 5396 1060 5443 in
1081 5395 1295 5455 domum,
1329 5399 1423 5442 etc.

2117 5081 2138 5111 ⁸
2170 5079 2294 5130 facta
2318 5088 2394 5129 est

2118 5141 2138 5170 °
2175 5149 2226 5190 et
2250 5141 2519 5190 Pharisaei.

2117 5203 2136 5233 ⁷
2173 5201 2234 5251 Ει
2253 5203 2588 5252 descendente
2611 5213 2672 5250 eo
2695 5201 2758 5249 de
2783 5206 2950 5252 monte

2116 5263 2137 5356 ξ
2388 5266 2594 5314 veniens
2611 5263 2843 5314 adorabat

2203 5338 2289 5375 BS“
2295 5339 2318 5374 5

1675 5493 2042 5553 BLANCHINI
2079 5495 2310 5554 ΝΟΤᾺΕ.

427 5617 451 5646 α
483 5608 575 5665 Sic
602 5610 658 5665 in
686 5608 908 5665 Codice.
951 5609 1068 5666 Lita
1097 5615 1179 5666 est
1204 5624 1256 5663 m
1283 5607 1476 5664 tlnalis.

427 5677 453 5718 δ
485 5681 693 5737 Extrita
728 5688 814 5737 est
845 5697 899 5734 ia.

435 5762 454 5792 ε
488 5753 806 5841 Antiquario
835 5752 1085 5817 excidere
1117 5761 1228 5812 tres
1262 5751 1372 5810 illae
1410 5751 1598 5809 litterae
1635 5767 1742 5832 per.

2133 5607 2159 5649 ά
2197 5613 2409 5668 Extrita
2436 5620 2520 5668 est
2546 5629 2598 5668 τι.

2135 5685 2159 5714 θ
2187 5685 2452 5741 Excidere
2479 5682 2800 5756 Antiquario
2827 5681 3019 5737 litterae
3049 5680 3168 5737 den.
