4048 6188
332 244 438 302 18⁸5

725 356 956 416 CODEX
996 352 1537 413 VERCELLENSIS.

342 456 422 525 pit
445 453 679 526 Moyses,
714 455 769 509 in
1174 449 1264 526 10.
1312 447 1554 526 Audiens
1596 454 1775 500 autem

342 519 715 581 iestimonium
1171 522 1330 578 Jesus
1370 519 1599 573 miratus

340 597 402 652 ill
437 637 451 653 .
488 637 502 651 .
543 638 554 650 .
592 636 607 651 .
640 634 654 649 .
690 634 706 650 .
743 636 755 649 .
1175 604 1281 657 eSt,
1324 598 1381 645 ct
1420 603 1652 658 sequen-

340 667 517 723 Post.
553 705 567 721 .
605 709 615 722 .
657 708 669 720 .
708 708 721 721 .
762 709 775 721 .
811 706 824 721 .
864 708 875 720 .
911 711 926 734 ,
1173 666 1319 719 tibus
1347 660 1610 734 se_dixit:

1174 736 1348 790 Amen
1373 731 1495 786 dico
1521 744 1618 785 vo-

1173 806 1280 871 bis,
1307 803 1431 874 quia
1462 802 1516 857 in
1548 801 1668 857 nul-

1172 878 1227 932 lo
1258 886 1460 931 tantam

1175 947 1339 1003 ﬁdem
1363 948 1515 1001 inve-

1176 1020 1229 1074 ni
1248 1018 1302 1074 in
1326 1016 1578 1075 Istrahel.

1178 1091 1266 1145 11.
1310 1089 1440 1144 Dico
1471 1095 1652 1142 autem
1672 1102 1769 1142 vo-

1176 1162 1282 1227 bis,
1308 1158 1453 1231 quod
1474 1159 1612 1213 mul-

1177 1234 1215 1287 ti
1242 1233 1309 1287 ab
1334 1234 1564 1295 oriente,

1176 1312 1231 1359 et
1250 1302 1531 1359 occidente

1174 1375 1368 1430 venien
1411 1414 1425 1427 .
1474 1414 1487 1425 .
1532 1411 1546 1425 .
1593 1414 1605 1426 .

1175 1446 1433 1501 cumbunt
1461 1459 1582 1500 cum

1176 1515 1472 1579 Abraham,
1501 1524 1558 1569 et

1180 1587 1316 1651 lsac,
1340 1596 1394 1642 et
1418 1585 1585 1641 Jacob

1180 1659 1233 1713 in
1265 1672 1432 1727 regno
1460 1672 1583 1712 cae-

1181 1731 1271 1784 12.
1316 1729 1531 1783 lorum:
1565 1728 1634 1782 ﬁli
1662 1742 1759 1781 au-

1180 1810 1288 1855 tem
1320 1799 1471 1868 regni
1503 1800 1655 1855 ibunt.

1182 1873 1236 1926 in
1262 1871 1513 1925 tenebras

1182 1941 1483 1997 exteriores
1503 1959 1515 1996 :
1546 1941 1587 1996 i-

1182 2014 1239 2070 bi
1260 2014 1363 2068 erit
1383 2012 1562 2077 ﬁctus,

1182 2094 1238 2142 et
1264 2085 1466 2139 stridor
1495 2083 1633 2139 den-

1181 2158 1337 2211 tium.

344 739 399 794 5.
438 754 559 794 cum
588 737 808 793 introis-

343 818 429 866 set
454 808 763 880 Capharna-

342 898 431 938 um
444 924 457 946 ,
488 881 718 936 accessit

344 953 413 1007 ad
439 968 561 1008 eum
592 952 711 1022 qui-

344 1023 469 1078 dam
494 1023 697 1077 Centu—

344 1096 451 1159 rio,
479 1109 676 1164 rogans
705 1108 851 1156 cum,
936 1135 943 1143 ,

347 1165 401 1219 6.
441 1174 497 1220 et
521 1167 739 1219 dicens:
784 1164 1030 1233 Domine,

345 1251 481 1304 puer
506 1251 661 1291 meus
692 1236 773 1305 ja-

346 1317 433 1361 cet
459 1307 511 1361 in
542 1307 705 1361 domo

348 1379 695 1450 paralyticus,

347 1459 403 1503 et
433 1451 571 1505 male
600 1460 815 1519 torque-

349 1520 401 1574 7.
448 1530 554 1574 tur.
598 1521 665 1574 Et
691 1522 765 1575 ait

345 1592 423 1673 illi
453 1591 644 1647 Jesus:
690 1591 801 1661 Ego
828 1607 920 1647 vc-

347 1678 524 1728 mens,
554 1678 713 1717 cura-

350 1734 403 1787 8.
447 1736 515 1788 bo
539 1749 684 1789 eum.
720 1733 788 1788 Et
812 1748 928 1789 res-

350 1805 599 1873 pendens
626 1805 766 1860 Cen-

348 1877 514 1941 turio,
549 1878 624 1930 ait
653 1877 731 1931 illi
759 1899 771 1932 :

352 1946 601 2015 Domine,
633 1963 738 2002 non
767 1961 887 2002 sum

349 2017 546 2086 (lignus
575 2027 634 2073 ut
662 2020 743 2072 in-

351 2098 462 2143 tres
495 2089 596 2144 sub
623 2098 823 2144 tectum

350 2174 532 2213 meum
553 2176 569 2219 ;
612 2160 709 2215 sed
749 2169 867 2214 tan-

351 2241 464 2285 tum
493 2230 579 2286 dic
608 2246 733 2287 ver-
1186 2228 1273 2282 15.
1316 2226 1388 2282 Et
1416 2226 1553 2281 dixit
1579 2225 1782 2283 Centu-

354 2301 388 2353 h
424 2342 434 2353 .
473 2344 487 2357 .
522 2344 533 2355 .
574 2345 585 2355 .
622 2342 635 2358 .
668 2302 821 2358 nabi-
1184 2297 1325 2354 rioni
1358 2317 1371 2354 :
1404 2297 1575 2363 Vade,
1606 2299 1683 2353 si-

354 2373 410 2444 9.
453 2414 465 2425 .
503 2413 516 2426 .
551 2412 565 2427 .
599 2414 612 2428 .
648 2414 660 2427 .
692 2389 779 2427 am
810 2380 866 2429 et
894 2387 993 2444 ego
1185 2381 1277 2444 cut
1297 2367 1578 2444 credidisti

352 2441 518 2499 homo
558 2459 676 2499 sum
718 2444 818 2499 sub
931 2440 953 2444 '
1185 2440 1414 2495 fiattibi.
1444 2441 1506 2495 Et
1548 2454 1707 2495 sana-

354 2522 679 2583 potestatem
1185 2520 1281 2583 tus,
1300 2521 1386 2567 est
1412 2526 1545 2581 puer
1574 2526 1641 2566 ex
1670 2511 1735 2565 il-

353 2582 702 2650 eonstitutus,
1185 2583 1237 2637 la
1269 2582 1424 2638 hora.

1188 2654 1278 2710 14.
1322 2653 1529 2707 Etcum
1556 2653 1735 2708 venis-

1188 2732 1275 2779 set
1298 2723 1457 2778 Jesus
1487 2727 1541 2777 in
1573 2724 1675 2778 do-

1190 2810 1336 2849 mum
1367 2794 1535 2860 Petri,
1570 2792 1652 2846 vi-

1189 2866 1270 2919 dit
1286 2878 1502 2919 socrum
1528 2864 1647 2933 ejus

1184 2937 1480 3007 jacentem,
1510 2945 1565 2991 et
1592 2934 1675 2991 fe-

1189 3007 1535 3063 bricitantem
1562 3023 1575 3058 :

1191 3077 1280 3133 15.
1322 3086 1378 3134 et
1398 3078 1572 3149 tetigit
1596 3092 1715 3132 ma-

792 3222 1026 3280 CODEX
1055 3222 1525 3281 CORBEIENSIS.

356 3318 435 3387 pit
456 3316 698 3389 Moyses,
724 3316 803 3389 in
829 3317 1196 3371 testimonium
1229 3314 1399 3389 illis._‘
1442 3313 1618 3389 Quum
1644 3321 1824 3389 autem
1866 3313 1951 3389 in-

357 3384 578 3444 troisset
604 3386 1003 3459 Capharnaum,
1055 3386 1286 3459 accessit
1331 3384 1399 3440 ad
1448 3400 1570 3440 eum
1603 3386 1622 3415 ³
1660 3384 1940 3459 Centurio,

354 3473 555 3529 rogans
584 3456 731 3525 eum,
761 3468 817 3514 et
842 3459 1061 3514 dicens:
1094 3458 1345 3523 Domine,
1378 3470 1700 3529 puerimeus
1710 3456 1851 3529 jacet
1887 3458 1941 3511 in

355 3526 520 3602 domo
552 3532 898 3602 paralyticus,
922 3538 975 3585 et
1006 3529 1146 3584 male
1173 3537 1472 3602 torquetur.
1497 3526 1656 3582 Etait
1668 3528 1746 3602 illi
1767 3526 1942 3602 Jesus:

356 3601 469 3670 Ego
500 3602 520 3633 ³
552 3597 806 3661 veniam.
854 3611 908 3656 et
934 3603 1136 3656 curabo
1156 3597 1300 3655 eum.
1350 3599 1419 3653 Et
1450 3599 1782 3668 respondens
1808 3597 1947 3653 Cen-

356 3674 497 3727 turio
518 3713 532 3736 ,
576 3674 750 3728 dixit:
794 3672 1023 3727 Domine
1067 3687 1175 3725 non
1194 3685 1311 3725 sum
1336 3671 1529 3742 dignus
1560 3678 1619 3723 ut
1648 3672 1815 3724 intres
1846 3670 1947 3725 sub

356 3750 557 3798 tectum
588 3759 797 3797 meum:
828 3743 923 3797 sed
956 3753 1161 3796 tantum
1182 3742 1269 3797 dic
1303 3747 1553 3803 verbum,
1576 3751 1630 3794 et
1672 3742 1948 3794 sanabitur

353 3828 491 3936 1[iuer
512 3828 687 3868 meus.
713 3813 848 3867 Nam
878 3822 1059 3894 etego
1089 3813 1252 3893 homo
1278 3827 1405 3893 sum_
1425 3812 1525 3864 sub
1548 3810 1569 3841 ³³
1599 3818 1944 3892 potestatem,

395 3884 563 3936 abens
592 3885 694 3936 sub
719 3899 806 3936 me
837 3884 1057 3936 milites.
1085 3893 1137 3936 et
1164 3882 1287 3936 dico
1318 3881 1470 3935 huic:
1496 3881 1663 3936 Vade.
1698 3889 1753 3936 et
1780 3882 1944 3936 vadit:

395 3884 563 3938 abens
592 3885 694 3939 sub
719 3899 806 3938 me
837 3881 1057 3949 milites,
1085 3893 1137 3937 et
1164 3882 1287 3937 dico
1318 3881 1470 3935 huic:
1496 3881 1663 3946 Vade,
1698 3889 1753 3936 et
1780 3882 1945 3947 vadit;

353 3964 411 4008 et
436 3955 564 4020 alio,
589 3954 751 4019 Veni,
779 3963 834 4008 et
862 3955 1041 4017 venit;
1072 3962 1128 4008 et
1156 3966 1321 4007 servo
1348 3966 1468 4006 meo
1494 3952 1548 4017 ⁸,
1590 3951 1697 4006 Fac
1722 3953 1856 4017 hoc,
1896 3963 1950 4007 et

351 4024 502 4080 facit.
546 4025 787 4080 Audiens
827 4032 1005 4080 autem
1034 4024 1194 4079 Iesus
1240 4023 1466 4077 miratus
1505 4031 1622 4088 est,
1647 4031 1702 4076 et
1723 4038 1950 4092 sequen-

353 4094 499 4150 tibus
558 4111 617 4151 se
670 4096 862 4150 dixit:
906 4097 1077 4150 Amen
1149 4094 1272 4148 dico
1347 4093 1539 4156 vobis,
1607 4108 1714 4148 non
1771 4094 1948 4148 inveni

355 4165 376 4195 ⁸
408 4175 608 4221 tantam
653 4167 813 4222 ﬁdem
863 4168 915 4221 in
950 4165 1138 4220 Israel.
1186 4164 1316 4218 Dico
1353 4172 1533 4219 autem
1583 4164 1757 4229 vobis,
1807 4165 1948 4235 quod

353 4237 508 4291 multi
538 4240 606 4291 ab
628 4242 861 4302 oriente,
887 4245 943 4291 et
972 4235 1255 4292 occidente
1286 4236 1526 4300 venient,
1560 4242 1616 4289 et
1636 4237 1954 4291 recumbent

350 4320 474 4361 cum
494 4308 784 4375 Abraham,
814 4320 866 4363 et
894 4309 1063 4375 Isaac,
1092 4306 1333 4363 etJacob
1362 4306 1413 4361 in
1444 4321 1613 4376 regno
1631 4307 1909 4361 coelorum
1938 4324 1950 4361 :

352 4378 450 4433 ﬁlii
478 4389 658 4435 autem
689 4380 839 4449 regni
874 4382 892 4411 ⁷
924 4378 1225 4449 ejicientur
1249 4379 1301 4431 in
1331 4379 1581 4433 tenebras
1605 4378 1907 4449 exteriores
1936 4395 1950 4432 :

349 4450 426 4504 ibi
462 4452 567 4506 erit
616 4448 775 4506 fletus
805 4452 849 4514 ⁸,
877 4460 932 4505 et
971 4450 1170 4505 stridor
1199 4448 1465 4503 dentium.
1512 4449 1580 4503 Et
1629 4448 1764 4503 dixit
1799 4448 1955 4504 Jesus

348 4519 669 4577 Centurioni
701 4538 714 4575 :
746 4522 915 4585 Vade,
946 4529 1003 4576 et
1028 4522 1169 4576 sicut
1194 4519 1471 4575 credidisti
1501 4519 1594 4573 ﬁat
1620 4521 1737 4574 tibi.
1770 4520 1839 4574 Et
1870 4537 1946 4574 sa.

350 4602 510 4648 natus
534 4601 620 4648 est
653 4607 790 4664 puer
816 4595 836 4664 ἢ
865 4594 918 4647 in
948 4592 1039 4664 illa
1066 4592 1219 4647 hora.
1252 4590 1503 4664 thuum
1532 4591 1771 4647 venisset
1798 4591 1956 4664 Jesus

286 4665 297 4675 '
349 4665 406 4719 in
433 4662 671 4721 domum
693 4663 874 4729 Petri,
902 4662 1037 4717 vidit
1071 4676 1287 4719 socrum
1319 4662 1436 4732 ejus
1461 4663 1753 4733 jacentem,
1781 4673 1837 4720 ct
1879 4662 1957 4718 fe-

346 4733 725 4794 briticantem:
759 4744 813 4791 et
843 4734 1017 4804 tetigit
1037 4748 1149 4788 ma-

356 2654 563 2711 habens
600 2658 702 2711 sub
730 2670 820 2709 me

357 2726 580 2791 milites,
624 2737 679 2781 et
717 2726 841 2781 dico

357 2796 517 2852 huic:
562 2797 731 2863 Vade,
774 2804 830 2851 et
859 2795 1065 2861 vadit;

356 2869 486 2934 alio,
532 2868 688 2935 Veni,
731 2876 787 2923 et

355 2938 506 2995 venit
529 2957 544 3005 ;
582 2951 637 2995 et
674 2953 834 2995 servo

354 3025 482 3065 meo
519 3012 663 3076 dico,
705 3010 814 3066 Fac

358 3081 481 3148 hoc,
528 3090 583 3138 et
621 3081 772 3138 facit.

870 240 1141 301 EUSEBII
1177 236 1520 297 VERCELL.
1565 232 2014 291 EVANGELIUM
2044 234 2187 292 CUM
2224 233 2457 291 VARIIS
2494 232 2651 290 COD.
2690 230 3084 291 COLLATUM.

3526 230 3634 288 181-

2476 349 2710 406 CODEX
2746 348 3201 407 VERONENSIS.

2878 443 2964 499 10.
3011 443 3245 500 Audiens
3275 450 3454 499 autem

2872 514 3030 571 Jesus
3051 518 3276 571 miratus

2873 595 2977 659 est,
3006 596 3063 659 et
3090 584 3437 659 sequentibus

2036 441 2273 515 Moyses,
2292 441 2347 497 in
2366 451 2444 498 te-

2036 516 2353 569 stimonium
2376 515 2503 572 illis.

2038 586 2101 640 5.
2143 585 2273 644 Poet
2304 587 2435 641 haec
2466 597 2667 655 autem,

2037 671 2161 711 cum
2194 657 2473 715 introisset
2874 672 2934 714 se
2950 658 3117 713 dixit:

2038 725 2421 798 Chafarnaum,
2874 729 3046 784 Amen
3067 729 3190 785 dico
3206 729 3382 796 vobis,

2038 800 2265 854 accessit
2286 799 2353 855 ad
2380 815 2501 857 eum
2873 815 2980 855 non
3009 801 3187 855 inveni

2874 881 3078 926 tantam
3103 872 3263 928 ﬁdem

2875 944 2927 997 in
2961 942 3209 999 Istrahel.

2877 1014 2965 1070 11.
3010 1015 3137 1069 Dico
3164 1023 3349 1070 autem

2875 1085 3054 1152 vobis,
3083 1087 3230 1157 quod

2882 1157 3036 1211 multi
3066 1160 3134 1211 ab
3163 1158 3396 1223 oriente,

2879 1240 2935 1283 et
2964 1228 3247 1284 occidente

2879 1300 3126 1365 venient,
3159 1311 3217 1356 ct

2875 1371 3197 1427 recumbent

2873 1455 2996 1497 Cum
3032 1442 3202 1497 Abra-

2880 1513 3026 1580 ham,
3050 1522 3104 1567 et
3126 1512 3260 1583 lsac,

2879 1596 2933 1639 et
2958 1584 3126 1639 Jacob
3155 1586 3207 1642 in

2883 1670 3052 1725 regno
3078 1658 3387 1713 caelorum:

2886 1727 2975 1783 12.
3020 1726 3117 1781 ﬁlii
3138 1738 3314 1785 autem

2886 1801 3036 1869 regni
3069 1799 3225 1869 hujus

2878 1870 3033 1925 ibunt
3065 1871 3117 1924 iu
3150 1872 3403 1927 tenebras

2877 1940 3179 1998 exteriores
3208 1961 3221 1999 :
3256 1943 3330 1998 ibi

2879 2014 2983 2070 erit
3008 2012 3169 2069 ﬂetus
3196 2056 3211 2080 ,

2876 2094 2931 2140 et
2964 2083 3165 2139 stridor
3194 2085 3456 2141 dentium.

2878 2156 2970 2211 15.
3011 2156 3079 2210 Ει
3098 2156 3233 2211 dixit
3252 2156 3413 2213 Jesus

2884 2228 3202 2283 Centurioni
3232 2246 3245 2283 :

2884 2297 3075 2363 Valde,
3108 2300 3250 2354 sicut
3278 2312 3395 2355 cre-

2890 2369 3072 2424 didisti
3104 2369 3195 2424 ﬁat
3225 2370 3317 2426 tibi
3343 2409 3358 2433 ,

2890 2441 2957 2495 Et
2977 2451 3195 2496 sanatus

2886 2521 2970 2567 est
2996 2526 3129 2580 puer
3157 2526 3229 2567 ex

2888 2582 2977 2637 illa
3007 2581 3164 2638 hora.

2890 2652 2977 2709 M.
3008 2654 3220 2709 Etcum
3246 2652 3428 2709 venis-

2888 2735 2971 2780 set
2995 2724 3155 2781 Jesus
3181 2724 3237 2779 in

2890 2795 3112 2851 domum
3140 2795 3321 2861 Petri,

2893 2867 3026 2922 vidit
3052 2881 3273 2922 socrum

2893 2940 3010 3009 ejus
3038 2938 3333 3009 iacentem,

2895 3017 2952 3064 et
2980 3008 3376 3066 febricitantem
3404 3025 3419 3063 :

2892 3081 2984 3137 15.
3026 3088 3083 3137 et
3113 3081 3284 3153 tetigit
3309 3094 3529 3137 manum

2532 3221 2764 3279 CODEX
2804 3219 3198 3279 BRIXIANUS.

2060 3312 2274 3385 Moyses
2326 3314 2381 3369 in
2433 3313 2800 3385 testimonium
2871 3313 2995 3369 illis.
3065 3314 3194 3369 Post
3261 3312 3398 3368 haec
3454 3322 3655 3385 autem

2057 3382 2179 3439 cum
2237 3386 2514 3441 introisset
2562 3385 2615 3439 in
2673 3383 3071 3455 Capharnaum.
3129 3385 3356 3440 accessit
3404 3382 3471 3439 ad
3532 3397 3654 3439 eum

2050 3457 2307 3513 Centurio
2354 3471 2552 3527 rogans
2605 3472 2727 3511 eum
2780 3467 2833 3511 et
2860 3456 3069 3512 dicens.
3093 3456 3319 3510 Domine
3345 3469 3479 3525 puer
3504 3468 3656 3527 meus

2044 3528 2189 3599 jacet
2236 3529 2288 3583 in
2340 3526 2503 3583 domo
2553 3528 2900 3598 paralyticns.
2945 3538 3000 3581 et
3055 3528 3195 3599 male
3240 3535 3539 3599 torquetur.
3590 3526 3653 3579 Et

2050 3594 2127 3655 ait
2172 3599 2251 3654 illi
2295 3599 2473 3670 Jesus.
2529 3594 2641 3670 Ego
2689 3594 2916 3654 veniens
2965 3597 3170 3654 curabo
3231 3594 3375 3653 eum.
3421 3594 3502 3670 Et
3532 3610 3651 3649 res-

2051 3671 2296 3742 pnndens
2333 3672 2382 3725 ei
2412 3666 2675 3725 Centurio
2732 3670 2807 3724 ait
2854 3670 3080 3742 Domine
3120 3686 3225 3723 non
3284 3683 3421 3742 sunt
3454 3666 3647 3742 dignus

2051 3738 2110 3797 ut
2152 3742 2323 3797 intres
2364 3742 2465 3796 sub
2495 3750 2693 3796 tectum
2738 3757 2939 3796 meum.
2984 3740 3080 3796 sed
3122 3749 3327 3795 tantum
3369 3739 3458 3794 dic
3482 3738 3649 3792 verbo

2053 3826 2105 3868 et
2150 3813 2427 3867 sanabitur
2482 3827 2617 3881 puer
2674 3827 2847 3867 meus.
2896 3811 3028 3866 Nam
3073 3824 3127 3867 et
3169 3826 3269 3881 ego
3313 3810 3477 3865 homo
3526 3823 3647 3881 sum

2053 3884 2259 3939 habens
2289 3884 2389 3938 sub
2429 3880 2753 3953 potestatem
2803 3896 2978 3938 meam
3022 3880 3223 3937 milites
3257 3891 3313 3937 et
3357 3881 3480 3936 dico
3524 3880 3650 3934 huic

2051 3954 2201 4010 Vade
2230 3963 2285 4010 et
2314 3953 2481 4009 vadit.
2514 3963 2569 4009 et
2597 3954 2704 4009 alio
2733 3953 2889 4010 Veni.
2923 3964 2978 4009 et
3006 3956 3203 4009 veniet.
3230 3964 3285 4008 et
3322 3966 3481 4008 servo
3504 3966 3645 4006 meo.

2052 4026 2162 4081 Fac
2189 4025 2289 4081 hoc
2313 4035 2369 4080 et
2389 4024 2536 4080 facit.
2559 4026 2797 4080 Audiens
2826 4036 3004 4081 autem
3027 4025 3184 4080 Jesus
3214 4026 3439 4079 miratus
3466 4030 3568 4076 est.
3596 4031 3649 4076 et

2053 4096 2197 4151 dixit
2262 4098 2613 4166 sequentibus
2665 4112 2749 4153 se.
2799 4096 2972 4152 Amen
3035 4097 3158 4152 dico
3205 4096 3380 4150 vobis.
3441 4109 3539 4166 nec
3593 4095 3644 4166 in

2055 4168 2257 4223 Israhel
2270 4164 2467 4222 tantam
2482 4168 2639 4223 ﬁdem
2656 4169 2857 4223 inveni.
2878 4170 3193 4222 Dicoautem
3208 4167 3360 4221 vobis
3372 4164 3495 4236 quia
3513 4164 3617 4217 mul
3629 4197 3645 4206 -

2056 4240 2093 4293 ti
2108 4239 2212 4294 abll
2232 4240 2441 4295 oriente
2470 4250 2524 4295 et
2551 4238 2831 4294 occidente
2859 4241 3145 4295 venientet
3164 4237 3642 4293 discumbentcum

2055 4309 2327 4365 Abraham
2359 4318 2413 4364 et
2460 4311 2609 4365 Isaac
2643 4320 2698 4365 et
2722 4309 2892 4366 Jacoh
2931 4312 2983 4365 in
3007 4326 3176 4380 regno
3202 4310 3501 4363 caelorum.
3548 4307 3640 4380 lilii

2056 4389 2238 4435 autem
2264 4381 2417 4450 regni
2448 4381 2606 4450 hujus
2646 4382 2985 4451 expellentur
3018 4377 3094 4435 in'
3116 4380 3370 4435 tenebras
3409 4377 3645 4451 exterio-

2059 4468 2171 4506 res.
2202 4452 2271 4505 ibi
2302 4448 2408 4506 erit
2438 4448 2601 4507 ﬁctus
2626 4464 2680 4507 et
2707 4448 2908 4507 stridor
2935 4453 3199 4507 dentium.
3236 4451 3305 4505 Et
3326 4450 3465 4503 dixit
3488 4448 3644 4503 Jesus

2057 4522 2373 4578 Centurioni
2410 4522 2558 4578 Vade
2584 4530 2639 4579 et
2663 4523 2802 4579 sicut
2832 4523 3110 4579 credidisti
3142 4524 3235 4577 ﬁat
3264 4521 3359 4576 tibi
3387 4520 3454 4574 Et
3480 4534 3608 4572 sana
3627 4550 3640 4558 -

2062 4604 2146 4648 tus
2170 4603 2255 4648 est
2284 4608 2417 4663 puer
2442 4594 2496 4647 iu
2528 4594 2615 4647 illa
2665 4594 2819 4649 hora.
2866 4596 3082 4650 Etcum
3118 4594 3362 4648 venisset
3400 4591 3561 4663 Jesus
3587 4589 3642 4663 in

2059 4660 2298 4719 domum
2312 4665 2461 4737 Petri
2482 4665 2625 4737 vidit
2652 4678 2867 4721 socrum
2896 4666 3014 4737 ejus
3039 4665 3309 4736 iacentem
3339 4672 3395 4718 et
3424 4660 3640 4718 febrici-

2062 4745 2283 4793 tantem.
2313 4745 2370 4792 et
2396 4735 2425 4776 ι’
2455 4736 2576 4807 tigit
2604 4752 2692 4792 ina

2039 869 2257 940 quidam
2286 872 2565 939 Centurio,

2038 956 2236 1013 rogans
2260 956 2407 1010 eum,

2038 1024 2095 1068 et
2121 1013 2307 1068 dicens
2342 1032 2356 1069 :

2042 1084 2096 1139 6.
2143 1085 2387 1158 Domine,
2416 1102 2551 1158 puer

2042 1169 2195 1211 meus
2214 1156 2360 1225 jacet

2041 1228 2094 1281 in
2126 1227 2287 1282 domo
2316 1244 2471 1297 para-

2042 1297 2259 1370 Iyticus,
2292 1309 2347 1353 et
2376 1302 2517 1357 male

2043 1380 2344 1438 torquetur.

2044 1442 2098 1494 7.
2142 1441 2231 1495 Ait
2258 1441 2332 1495 illi
2357 1442 2517 1501 Jesus
2548 1464 2562 1501 :

2043 1511 2159 1582 Ego
2186 1511 2422 1581 veniam,

2044 1595 2100 1638 et
2130 1583 2332 1639 curabo

2046 1671 2192 1710 eum.

2045 1727 2097 1782 8.
2142 1725 2209 1781 Et
2228 1728 2564 1798 reSpondens

2042 1798 2323 1865 Centurio,
2359 1800 2433 1854 ait
2473 1801 2546 1855 illi
2582 1816 2595 1852 :

2043 1870 2270 1924 Domine
2301 1886 2406 1924 non

2044 1954 2164 1995 sum
2190 1941 2383 2011 dignus
2405 1951 2464 1997 ut

2047 2013 2215 2066 intres
2241 2013 2341 2066 sub
2372 2020 2448 2068 te-

2044 2094 2192 2138 etum
2220 2098 2398 2139 meum
2423 2102 2437 2140 :
2467 2085 2563 2140 sed

2047 2164 2253 2209 tantum
2277 2152 2363 2209 dic
2400 2171 2522 2209 ver-

2048 2224 2139 2290 bo,
2168 2234 2225 2279 et
2246 2226 2525 2282 sanabitur

2048 2296 2105 2351 9.
2145 2310 2295 2366 puer.
2321 2296 2453 2353 Nam
2480 2308 2539 2354 et

2049 2382 2149 2438 ego
2177 2366 2340 2424 homo
2364 2384 2484 2425 sum

2049 2439 2151 2494 sub
2174 2448 2438 2507 pelestate

2050 2511 2399 2580 constitutus,

2051 2581 2257 2636 habens
2282 2583 2383 2637 sub

2052 2668 2142 2708 me
2170 2652 2391 2719 milites,
2421 2664 2477 2710 et

2053 2723 2177 2778 dico
2207 2723 2331 2779 huic
2356 2744 2368 2778 :
2400 2725 2573 2793 Vade,

2055 2803 2111 2849 et
2135 2794 2283 2848 vadit
2306 2811 2321 2859 ;
2354 2805 2408 2851 et

2053 2865 2185 2927 alio,
2218 2863 2377 2934 Veni,
2411 2874 2467 2921 et

2056 2936 2233 3001 venit;
2261 2948 2316 2992 et
2344 2953 2501 2994 servo

2056 3022 2182 3063 meo
2212 3006 2356 3074 dico,
2389 3008 2498 3066 Fac

2059 3079 2186 3145 hoc,
2213 3090 2270 3135 et
2315 3080 2461 3137 facit.

1042 4863 1444 4923 VARIANTES
1471 4865 1851 4926 LECTIONES
1878 4869 2144 4930 CODICIS
2181 4872 2295 4931 MS.
2338 4873 2397 4931 S.
2436 4865 2946 4931 GERMANENSIS.

408 4988 427 5017 ί
461 4984 582 5035 Post
603 4984 725 5032 haec
748 4987 915 5033 autem
936 4994 1048 5032 cum

405 5050 428 5079 ³
462 5046 659 5109 quidam

405 5111 429 5142 ³
460 5106 670 5159 veniens
688 5106 868 5155 curabo

402 5171 426 5203 ‘*
458 5171 552 5222 sub
574 5173 816 5231 potestate
840 5168 1128 5219 constitutus
1148 5172 1201 5218 et
1221 5168 1381 5219 habeo

404 5235 426 5265 ⁸
458 5230 588 5295 dico,
614 5230 712 5280 Fac
734 5230 826 5279 hoc

2111 4989 2133 5020 ⁸
2165 4989 2215 5036 in
2237 4987 2371 5039 nullo
2395 4994 2600 5048 tantam,
2624 4996 2723 5040 etc.

2109 5052 2130 5081 ν
2165 5049 2310 5112 hujus
2332 5052 2474 5100 ibunt
2496 5053 2546 5100 in

2107 5112 2131 5143 ⁸
2163 5112 2418 5162 oculorum

2109 5176 2131 5205 ο
2165 5186 2229 5223 ex
2250 5173 2331 5224 illa
2355 5174 2475 5224 hora
2501 5176 2546 5223 θ.
2571 5174 2633 5225 Ει
2652 5186 2923 5225 conversus
2945 5173 3179 5226 Centurio
3205 5176 3253 5225 in
3286 5174 3483 5225 domum
3506 5184 3643 5225 suam

2048 5237 2225 5286 eadem
2244 5236 2362 5287 hora
2388 5237 2583 5299 invenit,
2596 5250 2804 5301 puerum
2825 5250 3011 5287 sanum.
3033 5235 3094 5288 Et
3111 5250 3283 5301 quum,
3312 5245 3409 5289 etc.

1662 5337 2029 5396 BLANCIIINI
2065 5339 2294 5397 NOTAE.

414 5466 440 5493 ει
465 5456 658 5510 extrita
690 5460 775 5508 est
800 5450 1035 5521 aspirata
1064 5450 1118 5503 h.

410 5526 437 5564 ι)
468 5528 607 5579 forte
628 5520 879 5579 excidere
903 5520 1223 5591 Antiquario
1249 5520 1459 5591 priores
1487 5521 1682 5577 Iitterm
1715 5533 1780 5578 te.

415 5610 436 5636 ε
471 5596 734 5651 Observat
761 5596 930 5649 Lucas
960 5593 1251 5663 Brugensis
1278 5592 1331 5647 in
1357 5592 1509 5647 Notis
1527 5594 1592 5649 ad
1620 5595 1797 5649 varias
1822 5594 1932 5651 Iec-

340 5672 515 5724 tinnes
544 5665 872 5719 editionihus
912 5664 1117 5721 Graecis
1148 5664 1755 5734 Evangeliisecundum
1800 5666 1933 5721 Mat-

338 5746 558 5801 tnmum,
591 5736 642 5789 in
677 5735 948 5790 nonnullis
988 5733 1388 5807 exemplaribhs
1417 5733 1622 5792 Grzecis
1650 5736 1767 5792 hare
1811 5752 1934 5793 esse

2029 5454 2210 5510 addita
2260 5466 2383 5526 post
2408 5473 2626 5514 versum
2657 5459 2769 5515 I3:
2818 5458 2885 5512 Et
2915 5464 3146 5514 reva'sus
3174 5460 3419 5515 Centurio
3447 5463 3501 5515 in
3545 5462 3629 5517 da‘
3692 5468 3693 5471 “

2031 5542 2173 5603 [nam
2204 5544 2351 5581 suam
2376 5530 2430 5583 in
2476 5530 2569 5583 illa
2615 5531 2729 5602 ipsa
2757 5530 2907 5595 liora,
2940 5531 3130 5603 invenit
3166 5548 3386 5603 puerum
3431 5550 3633 5588 sanum.

2033 5597 2188 5653 Unde
2217 5606 2426 5654 certum
2457 5597 2644 5656 exstat
2662 5617 2769 5656 non
2802 5612 3007 5657 temere
3034 5597 3205 5657 fuisse
3230 5614 3433 5671 scripta
3461 5607 3530 5659 ab
3552 5605 3637 5658 ln-

2036 5677 2280 5737 terprete
2312 5670 2501 5725 Latino
2530 5686 2632 5726 ms.
2664 5673 2868 5729 codicis
2898 5671 2958 5728 S.
2992 5672 3272 5730 Germani.
3304 5670 3504 5732 Confer
3533 5676 3633 5732 ista

2034 5755 2156 5795 cum
2190 5740 2368 5803 verbis
2397 5742 2557 5800 Lucae
2579 5757 2700 5813 cap.
2737 5758 2831 5811 vn,
2863 5758 3010 5800 vers.
3038 5742 3124 5797 10.
