4048 6188
296 287 413 345 185

699 402 925 463 CODEX
964 406 1503 469 VERCELLENSIS.

288 511 429 572 nutu
460 496 607 567 ejus,
627 506 782 572 etre-
1070 524 1075 527 *
1141 519 1237 572 pes
1262 504 1448 561 foveas
1477 505 1573 560 ha-

286 569 455 642 _mi_sit
480 584 604 624 eam
635 568 714 623 fe-
1140 568 1287 642 bent,
1311 586 1367 633 et
1392 578 1545 633 volu-

287 639 444 706 bris,
474 650 529 695 et
557 655 732 696 surre-
1138 639 1426 703 cres’caeli
1459 648 1542 703 ni-

285 712 470 789 xit_et
497 711 681 789 m_inis-
1138 716 1238 773 dos
1266 719 1353 774 ubi
1378 721 1556 789 requi-

282 783 484 837 trabat
509 783 608 837 eis.
1138 798 1325 844 escant
1351 807 1364 844 :
1397 783 1537 846 ﬁlius

282 852 392 908 16.
438 852 675 924 Vespere
701 864 883 913 autem
1137 869 1316 916 autem
1345 861 1522 917 homi-

285 926 465 989 taeto,
488 926 804 994 optulerunt
1138 931 1221 984 nis
1250 947 1354 987 non
1387 933 1551 989 habet

283 996 375 1051 illi
409 997 609 1073 multos
638 996 776 1053 dae-
1138 1000 1229 1057 ubi
1258 1012 1417 1073 caput
1444 1020 1603 1061 suum

284 1067 484 1122 monia
501 1067 562 1120 ha
573 1066 707 1122 ben—
1138 1066 1382 1130 reclinet.

285 1147 383 1193 tes
408 1156 419 1190 :
452 1146 507 1193 et
526 1138 762 1195 eiciebat
1135 1142 1225 1197 21.
1266 1145 1419 1201 Alius
1441 1157 1621 1204 autem
1648 1147 1755 1204 dis-

284 1208 525 1284 spiritus
554 1210 843 1267 inmundos
1138 1216 1443 1284 cipulorum

282 1280 473 1335 verbo
498 1291 731 1362 χει-οφ-
1138 1280 1213 1362 ait
1233 1287 1311 1342 illi
1341 1306 1354 1342 :
1381 1289 1635 1362 Domine,
1665 1306 1791 1362 per-

283 1366 403 1429 nes
434 1350 571 1406 male
601 1352 811 1429 hahen-
947 1427 959 1429 _
1138 1357 1291 1413 mitte
1320 1360 1449 1414 mihi
1478 1362 1590 1429 pri-

283 1424 394 1495 17.
420 1432 519 1495 _tes
538 1424 748 1479 curavit
771 1445 783 1480 :
810 1435 866 1482 ut
895 1427 991 1483 ad-
1138 1443 1282 1482 mum
1308 1430 1408 1495 ire,
1434 1424 1491 1486 ei
1510 1448 1597 1487 se-

283 1493 622 1571 impleretur
1135 1500 1307 1569 pelire
1334 1493 1538 1571 patrem

281 1564 441 1634 quod
470 1564 676 1620 dictum
1136 1564 1338 1626 incum;

282 1645 383 1691 est
404 1650 501 1706 per
528 1637 744 1692 Eseiam

280 1707 651 1776 Prophetam,
679 1709 763 1765 di-

278 1787 513 1833 centem
544 1796 557 1831 :

400 1851 543 1917 Quia
569 1851 687 1920 ipse
713 1853 796 1907 in-

400 1922 689 1978 ﬁrmitates

399 2002 620 2048 nostras
646 2009 769 2049 SUS-

395 2064 546 2134 cepit
574 2082 589 2120 :
616 2075 668 2120 et
695 2067 813 2123 lan-

396 2150 601 2205 guores
630 2152 757 2192 nos-

1133 1640 1224 1695 22.
1270 1642 1337 1697 Et
1363 1643 1437 1698 ait
1462 1644 1534 1699 illi
1563 1643 1719 1701 Jcsus
1751 1664 1763 1700 :
1796 1646 1891 1702 Se-

1133 1728 1302 1782 quere
1326 1730 1433 1780 me,
1466 1724 1521 1770 et

1134 1799 1193 1838 re
1223 1825 1237 1838 .
1266 1825 1280 1839 .
1315 1824 1329 1837 .
1362 1785 1457 1841 itte
1484 1802 1627 1841 mor-

1134 1864 1288 1910 tuos:
1321 1856 1438 1912 sine
1462 1874 1605 1913 mor-

1133 1927 1205 1980 tui
1234 1928 1500 1996 sepeliant

1130 2008 1372 2054 ﬂ'IOI'lIIOS
1401 2015 1491 2055 Sll"

1130 2067 1218 2123 2'5.
1252 2084 1316 2123 os
1341 2109 1355 2123 .
1393 2110 1407 2124 .
1540 2083 1731 2126 ascen-

1132 2140 1349 2195 dentem
1379 2156 1443 2196 eo
1470 2144 1523 2197 in

351 2230 365 2241 ο
397 2216 521 2261 tros
550 2216 726 2277 porta-
1133 2212 1433 2266 naviculam
1456 2254 1471 2275 ,

398 2278 505 2333 vit.
1132 2284 1301 2337 secuti
1326 2292 1451 2337 sunt
1472 2299 1595 2339 eum

276 2347 382 2425 38.
430 2348 636 2425 Videtis
663 2358 842 2407 autem
1131 2353 1383 2425 discipuli
1408 2356 1563 2425 ejus:
1640 2400 1643 2403 .

270 2419 452 2475 Iesus
479 2420 665 2477 turbas
1130 2423 1222 2478 24.
1264 2419 1320 2480 et
1345 2441 1375 2480 e
1401 2467 1413 2480 .
1438 2419 1455 2479 ξ
1486 2442 1515 2481 e
1541 2435 1719 2483 motus

272 2490 497 2546 multas
524 2492 628 2565 cir-
680 2564 683 2565 ν
1134 2510 1360 2565 magnus
1391 2497 1500 2553 fac-

1135 2576 1219 2620 tus
1248 2578 1331 2623 est
1361 2569 1411 2623 in
1445 2584 1558 2624 ma-

1131 2637 1198 2707 ri,
1226 2638 1296 2692 ita
1332 2680 1385 2692 ..
1424 2679 1436 2691 .
1470 2678 1485 2694 .
1516 2640 1629 2694 avi-

1128 2709 1247 2763 cula
1276 2710 1517 2777 operire-

1131 2790 1218 2834 tur
1248 2794 1278 2833 a
1310 2780 1583 2845 ﬂuctibus,

1128 2851 1243 2916 ipse
1267 2866 1397 2905 vero
1426 2852 1552 2908 dor-

1126 2919 1219 2975 25.
1263 2922 1483 2979 miebat.
1516 2924 1587 2979 Et
1614 2938 1800 2981 acces-

1128 3003 1316 3066 serunt
1349 2994 1424 3066 (b)
1467 3005 1521 3051 et
1550 3011 1670 3052 sus-

1128 3065 1429 3120 citaverunt

269 2577 345 2639 eu
355 2578 422 2639 m_
441 2578 530 2639 se,
558 2563 713 2633 jussit
746 2564 826 2639 (a)

270 2632 596 2724 discipulos
622 2650 711 2689 su-

268 2719 339 2758 os
374 2716 418 2775 1-
450 2719 538 2759 ire
560 2716 706 2761 trans

270 2775 385 2859 19ἒ
422 2774 658 2859 fretum.
686 2776 753 2833 Et
780 2792 868 2835 ac-

267 2846 503 2903 cedens
526 2849 643 2915 qui-

269 2919 414 2974 dam
444 2917 635 2973 Scriba
652 2960 667 2985 ,

269 2991 362 3044 ait.
388 2988 468 3043 illi
496 3008 511 3043 :
548 2991 736 3063 Magis-

268 3070 393 3124 ter,
416 3075 615 3130 sequar
636 3076 686 3119 te
702 3105 717 3131 ,

267 3147 631 3203 quocumque
1129 3151 1284 3203 eum,
1314 3136 1558 3195 dicentes
1584 3157 1597 3193 :

271 3205 443 3277 ieris:
1132 3207 1376 3275 Domine,
1402 3209 1508 3264 libe
1541 3249 1553 3264 .
1586 3250 1599 3263 .
1638 3250 1649 3263 .
1679 3250 1694 3264 .
1726 3224 1810 3277 os,

268 3275 367 3331 ΞΟ.
418 3276 567 3333 Dicit
598 3277 647 3333 ei
692 3277 851 3335 Jesus
890 3277 1056 3333 :Vul-
1127 3278 1219 3333 26.
1261 3281 1522 3349 perimus.
1552 3282 1641 3336 Ait
1669 3282 1729 3335 il-

721 3392 954 3450 CODEX
982 3394 1473 3454 CORBEIENSIS-

268 3525 417 3566 num
450 3507 587 3573 eius,
605 3518 660 3564 et
687 3512 702 3541 ί
735 3509 935 3564 dimisit
962 3525 1081 3565 eam
1111 3510 1294 3575 febris,
1322 3512 1632 3566 etsurrexit
1659 3514 1680 3544 ²
1710 3520 1764 3568 et
1785 3512 1884 3567 mi-

267 3580 557 3638 nistrabat
582 3582 680 3635 eis.
717 3581 953 3650 Vespere
982 3593 1159 3636 autem
1210 3582 1384 3647 facto,
1424 3584 1732 3638 obtulerunt
1782 3586 1831 3638 ei
1861 3584 1882 3615 ³

269 3666 487 3708 omnes
524 3653 660 3707 male
689 3652 949 3708 habentes
971 3672 984 3707 :
1004 3661 1058 3707 et
1081 3652 1328 3721 ejiciebat
1358 3654 1580 3722 spiritus
1603 3655 1769 3709 verbo
1793 3673 1804 3707 :
1828 3663 1884 3709 et

269 3738 489 3777 clunes
510 3724 647 3778 male
666 3723 927 3777 habentes
952 3729 1156 3778 curavit
1181 3743 1192 3778 :
1224 3736 1279 3778 ut
1312 3725 1697 3793 adimpleretur
1740 3726 1882 3793 quod

270 3797 506 3849 dictum
528 3804 608 3848 est
630 3810 722 3863 per
744 3795 958 3849 Esaiam
1008 3796 1360 3864 Prophetam,
1390 3796 1654 3851 dicentem
1682 3814 1693 3848 :
1723 3795 1744 3827 ⁸
1766 3796 1883 3866 Ipse

270 3866 633 3921 inﬁrmitates
654 3878 865 3921 nostras
894 3867 1096 3934 accepit
1115 3877 1195 3921 :et
1225 3867 1879 3937 aegrotationespertavit.

271 3938 499 3993 Videris
521 3946 696 3992 autem
710 3937 867 3992 Jesus
882 3939 902 3992 ἕ
917 3938 1097 3992 turbas
1112 3938 1307 3992 multas
1320 3940 1522 3992 circum
1538 3938 1786 4005 se,jussil
1805 3941 1882 3994 ire

274 4019 439 4064 trans
461 4008 680 4063 fretum.
699 4008 766 4062 Et
792 4008 1057 4063 accedens
1088 4025 1223 4061 unus
1250 4009 1547 4069 Seriha,ait
1575 4010 1647 4062 illi
1676 4027 1687 4063 :
1719 4009 1884 4079 Magi-

271 4090 415 4141 ster.
454 4095 654 4147 sequar
677 4091 748 4140 te,
777 4094 1156 4149 quoquumque
1180 4080 1199 4110 ⁶
1222 4081 1368 4134 ieris.
1396 4080 1840 4135 EtdieiteiJesus
1865 4098 1877 4133 :

274 4152 498 4221 Vulpes
525 4154 715 4206 foveas
736 4150 957 4213 habent,
982 4161 1035 4205 et
1066 4151 1316 4207 volucres
1337 4152 1468 4206 caeli
1502 4152 1655 4203 nidos
1690 4152 1779 4205 ubi
1795 4166 1880 4206 re-
1904 4158 1917 4163 '

272 4224 569 4292 quiescant
599 4238 613 4274 :
646 4221 785 4275 ﬁlius
824 4230 1002 4277 autem
1036 4223 1271 4275 hominis
1313 4238 1417 4275 non
1470 4221 1630 4275 habet
1666 4224 1755 4276 ubi
1784 4238 1878 4275 ca-

275 4304 378 4361 put
406 4296 427 4325 ⁷
458 4293 709 4347 reclinet.
740 4293 896 4347 Alius
918 4303 1097 4347 autem
1126 4292 1196 4348 de
1220 4292 1495 4361 discipulis
1523 4293 1639 4357 ejus
1670 4294 1745 4346 ait
1764 4293 1874 4347 illi:

273 4364 809 4432 Domine,permitte
837 4379 922 4417 me
952 4364 1184 4432 primum
1216 4362 1385 4429 ire,et
1408 4365 1639 4431 sepelire
1666 4373 1875 4431 patrem

270 4451 490 4490 meum.
519 4438 540 4468 ⁸
565 4435 726 4490 Jesus
755 4444 931 4488 autem
974 4436 1049 4488 ait
1077 4434 1155 4487 illi
1186 4453 1199 4488 :
1232 4434 1473 4505 Sequere
1504 4450 1591 4490 me
1624 4476 1639 4501 ,
1695 4443 1749 4489 et
1797 4436 1879 4488 di-

269 4510 434 4562 mitte
464 4516 714 4561 mortuos
739 4506 973 4575 sepelire
1000 4517 1245 4559 mortuos
1271 4520 1417 4559 suos.

349 4578 506 4633 Vill.
553 4578 620 4632 Et
645 4576 973 4632 ascendente
1008 4590 1074 4630 eo
1120 4579 1174 4630 in
1204 4576 1527 4640 naviculam,
1552 4575 1721 4630 secuti
1753 4586 1880 4631 sunt

266 4664 397 4705 eum
447 4647 704 4714 discipuli
750 4648 869 4716 ejus
899 4665 913 4701 ε
942 4658 995 4701 et
1021 4662 1149 4702 ecce
1175 4650 1196 4681 ⁹
1227 4658 1405 4703 motus
1451 4662 1678 4717 magnus
1704 4646 1879 4701 factus

265 4732 354 4776 est
385 4721 447 4775 in
484 4719 643 4783 mari,
669 4720 741 4773 ita
786 4727 845 4771 ut
894 4718 1139 4773 navicula
1172 4718 1217 4749 ³ο
1248 4718 1550 4788 operiretur
1601 4719 1877 4783 ﬂuetibus,

267 4792 390 4859 ipse
420 4806 558 4846 vero
583 4789 907 4844 dormiebat.
940 4790 1005 4844 Et
1053 4798 1401 4845 accesserunt
1430 4790 1469 4821 ¹¹
1492 4798 1546 4844 et
1574 4789 1876 4843 suscitave-

264 4872 404 4917 runt
436 4878 588 4927 eum,
614 4860 897 4919 dicentes:
930 4860 1179 4928 Domine,
1212 4861 1254 4893 ¹²
1282 4861 1430 4916 salva
1459 4875 1581 4927 nos,
1611 4860 1873 4931 perimus.

261 4932 340 4991 Et
360 4933 406 4966 ¹³
423 4932 557 4990 dicit

1276 293 1752 372 ΕνΑΝρΕωυΜς
1766 296 1877 358 ΒΕ(

2022 300 2141 362 )UM
2181 303 2622 365 MATTii/EUM.
3502 309 3602 366 186

2442 423 2674 480 CODEX
2712 424 3167 485 VERONENSIS.

2840 522 3043 594 Vulpes
3072 522 3261 579 {obeas

2837 593 3071 659 habent,
3100 602 3156 649 et
3190 594 3343 649 volu-

2835 679 2958 721 cres
2984 665 3119 721 caeli
3142 666 3301 721 nidos

2835 736 2925 791 ubi
2954 738 3296 807 requiescant
3320 755 3333 791 :

2004 513 2143 581 ejus,
2171 522 2226 570 et
2254 515 2418 570 remi-

2003 584 2075 639 sit
2103 600 2221 640 eam
2245 586 2410 643 febris
2426 630 2442 656 ,

2002 667 2058 711 et
2087 659 2320 713 surrexit

2004 737 2060 782 et
2087 729 2427 786 ministrabat
2456 732 2554 787 eis.

2004 799 2095 853 16.
2141 799 2380 877 Vespere
2837 807 2981 863 ﬁlius
3010 799 3203 877 autem,

2002 878 2182 925 autem
2209 871 2349 928 facto
2370 914 2386 940 ,
2838 878 3075 934 hominis
3097 871 3204 935 non
3232 879 3328 936 ha-

2003 942 2315 1019 optulerunt
2838 950 2931 1006 bet
2956 950 3043 1005 ubi
3072 960 3240 1019 caput

2002 1012 2079 1067 illi
2108 1014 2307 1069 multos
2840 1036 2996 1075 suum
3028 1012 3285 1078 declinet.

2001 1082 2286 1140 daemonia
2838 1092 2924 1147 2L
2972 1093 3125 1148 Alius
3152 1104 3333 1150 autem

2002 1153 2265 1211 habentes
2287 1174 2300 1210 :
2330 1167 2385 1213 et

2001 1225 2264 1298 eieciebat
2292 1230 2404 1298 spi-

1999 1297 2136 1351 ritus
2164 1298 2471 1357 immundos

1997 1368 2185 1435 verbo,
2213 1379 2267 1425 et
2289 1386 2478 1429 omnes

1999 1439 2138 1494 male
2170 1441 2430 1499 habentes

1998 1511 2087 1565 17.
2128 1513 2337 1568 curavit
2362 1531 2375 1568 :
2410 1524 2470 1571 ut

1997 1582 2389 1651 adimpleretur

1996 1655 2136 1719 quod
2169 1653 2373 1710 dictum
2404 1666 2487 1712 est

1995 1738 2092 1793 per
2124 1725 2340 1781 Eseiam
2371 1728 2477 1784 Pro
2490 1758 2507 1770 -

1997 1796 2236 1863 phetam,
2267 1798 2452 1853 dicen-

1996 1874 2102 1941 tem
2126 1884 2138 1919 :
2163 1866 2296 1934 Quia
2320 1871 2437 1941 ipse

1994 1937 2333 1995 inﬁrmitates

1996 2018 2209 2062 nostras
2228 2012 2437 2080 accepit
2465 2029 2478 2064 :

1994 2088 2048 2133 et
2070 2082 2401 2150 aegrimonia

1996 2163 2180 2223 nostra
2209 2162 2387 2223 porta-

1994 2222 2147 2277 tavit.

1994 2294 2083 2347 18.
2129 2293 2327 2351 Videns
2361 2307 2539 2355 autem

1993 2363 2151 2419 Jesus
2180 2367 2362 2423 turbas

1997 2437 2196 2490 multas
2220 2438 2427 2496 circum

2837 1164 3132 1232 discipulus
3162 1165 3239 1220 ait

2834 1235 2911 1290 illi
2938 1254 2950 1287 :
2986 1236 3241 1301 Domine,

2833 1305 3083 1377 permitte
3110 1308 3244 1362 mihi

2834 1378 3066 1448 primum
3096 1379 3177 1434 ire
3195 1421 3209 1445 ,
3237 1387 3291 1433 et

2831 1449 3067 1515 sepelire
3099 1459 3307 1519 patrem

2830 1520 2920 1574 22.
2965 1536 3165 1575 meum.
3195 1521 3277 1575 Ad
3307 1520 3424 1590 ipse

2830 1594 2905 1647 ait
2927 1592 3007 1645 illi
3036 1610 3050 1646 :
3079 1592 3319 1663 Sequere

2831 1680 2917 1718 me
2937 1703 2952 1728 ,
2982 1672 3037 1717 et
3059 1666 3274 1718 remitte

2830 1744 3077 1789 mortuos
3108 1734 3346 1806 sepelire

2830 1816 3074 1861 mortuos

2829 1893 2975 1933 SUOS.

2827 1951 2918 2005 95.
2962 1949 3030 2004 Et
3058 1948 3384 2005 ascendente

2828 2037 2895 2077 eo
2918 2022 2971 2075 in
3003 2021 3248 2076 navicula
3270 2062 3286 2085 ,

2827 2093 3000 2147 secuti
3026 2102 3152 2146 sunt
3177 2106 3300 2147 eum

2826 2162 3077 2230 discipuli
3104 2164 3219 2233 ejus
3244 2180 3257 2215 :

2826 2234 2919 2287 9.4.
2960 2246 3010 2289 et
3034 2250 3162 2290 ecce
3188 2241 3368 2289 motus

2828 2321 3053 2375 magnus
3082 2305 3256 2361 factus

2826 2378 2981 2432 estin
3012 2379 3176 2440 mari,

2825 2446 2901 2502 ita
2931 2458 2989 2501 ut
3016 2447 3262 2503 navicula

1993 2520 2075 2587 se,
2100 2507 2263 2587 jussit
2300 2510 2377 2580 (a)
2407 2513 2484 2587 d_i-
2825 2518 3132 2587 operiretur

1994 2577 2232 2656 scipulos
2261 2577 2388 2635 suos
2418 2581 2459 2649 σί·
2824 2577 3077 2643 ﬂuetibus
3097 2630 3111 2655 ,

1993 2662 2074 2725 ire
2107 2657 2254 2703 trans
2824 2658 2941 2725 ipse
2970 2674 3099 2714 vero

1994 2718 2213 2773 fretum.
2823 2718 2914 2785 2'5.
2954 2730 3275 2786 dormiebat.
3304 2728 3374 2783 Et

1995 2789 2083 2844 19.
2127 2789 2195 2843 Et
2218 2792 2481 2849 accedens

1994 2860 2209 2933 quidam
2238 2864 2427 2920 Scriba
2452 2908 2467 2933 ,

1994 2932 2068 2984 ait
2093 2932 2171 2986 illi
2200 2950 2213 2987 :
2244 2933 2354 2989 Ma-

1993 3003 2188 3071 gister.
2215 3019 2414 3076 sequar
2445 3016 2530 3074 te,

2825 2810 3175 2873 accesserunt
3199 2798 3274 2873 (ὁ)

2827 2871 3077 2943 discipuli
3103 2871 3259 2942 ejus,

2827 2952 2881 2997 et
2901 2944 3303 2998 suseitaverunt

2826 3026 2949 3069 eum
2969 3056 2982 3078 ,
3013 3012 3257 3069 dicentes
3281 3029 3297 3068 :

1994 3087 2333 3155 (1“chqu
2825 3086 3055 3139 Domine
3076 3127 3090 3149 ,
3121 3085 3289 3138 libera

2006 3159 2193 3225 ieris;_
2235 3218 2246 3225 _
2338 3221 2351 3225 _
2825 3170 2959 3218 nos,
2992 3157 3250 3225 perimus.

1996 3212 2090 3270 20.
2134 3218 2275 3275 Dicit
2304 3221 2353 3275 ei
2823 3227 2914 3281 26.
2950 3212 3044 3282 'A'u
3065 3228 3172 3283 illis

1998 3285 2156 3344 Jesus
2182 3309 2194 3345 :
2828 3298 2985 3353 Jesus
3011 3318 3023 3351 :

2452 3410 2684 3468 CODEX
2723 3413 3116 3471 BRIXIANUS.

1989 3512 2119 3552 num
2145 3499 2280 3568 ejus.
2315 3509 2370 3556 et
2395 3501 2597 3557 dimisit
2620 3520 2738 3559 eam
2770 3506 2933 3561 febris
2958 3517 3012 3561 et
3040 3506 3294 3562 surrexit.
3325 3514 3378 3560 et
3426 3503 3582 3558 mini-

1988 3570 2196 3625 strabat
2221 3572 2318 3626 eis.
2354 3572 2593 3643 Vespere
2619 3585 2797 3631 autem
2839 3578 2977 3632 facto

1987 3746 2179 3819 (Pcriit
2204 3749 2287 3803 hic
2312 3751 2517 3821 integra
2547 3756 2738 3825 pagina
2769 3758 2995 3821 codicis,
3041 3773 3195 3825 quam
3228 3756 3444 3823 fortasse
3494 3772 3578 3809 re-

2059 3836 2177 3893 cens
2227 3836 2524 3892 coutpactor
2554 3839 2640 3877 aut
2675 3843 2778 3879 non
2826 3826 3024 3893 habuit,
3060 3838 3149 3880 aut
3200 3829 3439 3882 attritum
3493 3843 3577 3879 ue-

2056 3892 2213 3969 glexit
2245 3909 2431 3965 magno
2455 3898 2765 3969 posteritatis
2792 3898 3001 3953 damno.
3030 3900 3275 3969 Sequitur
3301 3910 3490 3965 autem,
3522 3910 3577 3951 ut

2060 3964 2247 4033 pagina
2276 3964 2503 4036 sequenti
2531 3967 2765 4039 legitur.)

974 5021 1369 5080 VARIANTES
1406 5020 1787 5080 LECTlONES
1824 5018 2094 5077 comas
2122 5002 2237 5080 us;
2279 5020 2337 5079 s.
2380 5020 2889 5080 GERMANENSIS.

331 5123 350 5153 ¹
388 5121 585 5171 remisit

332 5183 752 5252 ξφητεεῑίέη.-
845 5250 851 5252 _
1009 5248 1018 5252 -
1151 5240 1166 5252 .
1718 5242 1729 5252 .

335 5247 357 5277 ³
388 5246 651 5295 daemonia
673 5243 947 5304 habentes,
974 5248 1027 5292 et
1060 5240 1216 5292 verbo
1240 5240 1472 5304 ejiciebat
1506 5240 1759 5292 daemonia
1777 5277 1790 5303 ,
1821 5248 1873 5291 et

253 5309 478 5358 curabat
492 5320 665 5357 omnes
688 5305 815 5355 male
834 5305 1077 5355 habentes

332 5373 356 5399 ³
392 5370 502 5431 quia
524 5370 693 5431 ipse...
710 5377 774 5431 et
796 5368 1096 5430 aegrimonia
1120 5366 1521 5431 nostraportavit

335 5434 360 5463 σ
396 5425 581 5499 (ut-ham
620 5430 822 5499 multam
846 5425 1046 5499 _Eircum
1092 5440 1153 5499 se
1188 5425 1766 5499 jussit_diseipulis._‘suis
1816 5434 1871 5479 ut

253 5497 471 5545 irent...
489 5492 549 5542 Et
571 5494 779 5543 accessit
802 5492 864 5542 ad
885 5504 999 5542 eum
1020 5489 1217 5554 quidam
1239 5492 1420 5551 scriba,
1448 5489 1503 5541 et
1521 5493 1587 5541 ait
1610 5489 1677 5538 illi

335 5557 359 5586 ⁶
397 5556 547 5606 vadis.
572 5554 703 5606 Dicit
728 5553 800 5604 illi

397 5568 547 5606 ποις.
572 5568 703 5606 υιοιι
728 5568 800 5604 llll

2037 5115 2058 5147 ⁷
2094 5127 2236 5165 suum

2039 5177 2061 5241 ἓ
2095 5177 2184 5227 Cui
2205 5177 2510 5241 reSpondens
2532 5175 2559 5225 J
2565 5187 2680 5225 esus
2699 5175 2823 5226 dixit

2037 5240 2060 5269 9
2095 5240 2364 5301 tempestas
2386 5250 2561 5298 magna
2582 5247 2686 5286 orta
2709 5245 2787 5287 est

2040 5303 2083 5334 ιο
2118 5300 2209 5351 illa
2222 5312 2251 5347 a
2271 5300 2496 5350 ﬂuctibus
2514 5300 2798 5363 operiretur

2039 5365 2079 5395 ¹¹
2117 5363 2346 5427 discipuli
2370 5363 2477 5425 ejus

2036 5429 2079 5459 ¹²
2112 5426 2272 5476 libera

2037 5492 2083 5524 ⁸³
2115 5492 2182 5540 ait
2204 5489 2263 5539 ad
2286 5488 2398 5540 illos
2420 5502 2431 5538 :
2452 5486 2577 5548 Quid

1621 5636 1988 5695 BLANCHINI
2023 5636 2252 5695 NOTAE.

344 5736 424 5809 (a)
476 5733 644 5809 Addit
690 5732 991 5805 discipulos.
1025 5730 1092 5786 Et
1122 5731 1192 5786 ita
1220 5730 1343 5788 eod.
1375 5728 1668 5801 Gothicus,
1714 5736 1837 5795 τοὺς
1872 5734 2122 5804 μαθητάς.
2154 5761 2225 5775 -
2250 5731 2331 5804 (b)
2358 5730 2487 5788 Post
2515 5741 2862 5797 accesserunt,
2911 5729 3065 5786 deest
3100 5730 3170 5786 ad
3211 5747 3345 5788 eum.
3388 5731 3455 5790 Et
3501 5735 3572 5789 ita

261 5810 328 5863 in
355 5804 511 5863 "textu
538 5804 750 5862 Greco.
