4048 6188
332 325 432 382 139

721 437 948 498 CODEX
991 441 1532 504 VERCELLENSIS.

323 533 573 608 tulerunt
600 535 650 590 ei
1165 553 1224 592 re
1255 545 1490 608 peccata,
1526 546 1654 593 tunc

325 607 688 690 paralyticum
1167 609 1240 663 ait
1257 607 1523 690 ’paralyti-

317 678 598 748 iacentem
624 679 676 733 in
1167 693 1232 734 co
1257 699 1270 735 :
1304 678 1494 749 Surge,
1525 689 1578 735 et
1608 678 1711 735 tol-

323 749 491 820 lecto.
1171 749 1222 806 le
1249 751 1554 820 grabattum

327 819 534 875 Videas
562 829 743 875 autem

320 891 487 947 Jesus
517 891 679 947 ﬁdem
711 891 778 946 il-

322 964 538 1027 lorum,
584 1004 595 1015 .
645 1003 657 1015 .
701 964 745 1018 it

326 1034 659 1106 paralytico:

324 1105 600 1160 Constans
631 1115 751 1161 esto

327 1177 403 1232 fili
428 1219 442 1240 ,
473 1176 700 1231 remissa

325 1259 459 1303 sunt
487 1248 582 1303 tibi
606 1261 797 1319 pecca—

331 1330 387 1374 ta
419 1327 532 1374 tua.

329 1392 390 1446 '5.
435 1387 660 1458 Quidam
689 1391 868 1449 autem

329 1462 402 1518 de
430 1462 634 1517 Scribis
661 1465 743 1518 di-

327 1541 525 1588 xerunt
555 1535 696 1590 intra

329 1619 432 1659 se:
470 1604 566 1659 Hic
594 1605 792 1660 blasl'e-
849 1609 854 1614 “

330 1684 446 1731 mal.
468 1693 483 1728 :
515 1677 636 1745 quis
666 1685 842 1746 potest

333 1747 616 1803 remittere

1169 829 1339 885 tuum.
1371 831 1426 876 et
1453 821 1588 876 vade

1167 892 1220 947 in
1251 894 1470 947 domum
1498 903 1581 947 tu-

1169 963 1222 1017 7.
1269 980 1380 1018 am.
1419 965 1484 1035 Et
1515 979 1765 1035 surgens,

1176 1035 1305 1089 abiit
1337 1037 1387 1090 in
1415 1033 1636 1090 domum

1175 1119 1351 1164 suam.

1176 1174 1229 1231 8.
1274 1177 1528 1234 Videutes
1549 1186 1730 1234 autem

1175 1249 1363 1304 turbae
1388 1249 1581 1304 timue-

1176 1329 1318 1387 runt,
1347 1331 1402 1377 et
1429 1321 1600 1376 hono-

1177 1431 1190 1444 .
1238 1433 1250 1445 .
1298 1432 1310 1446 .
1357 1433 1369 1446 .
1418 1393 1696 1448 icaverunt

1177 1462 1463 1518 Dominum
1482 1506 1495 1529 ,
1527 1466 1618 1532 qui
1646 1463 1795 1520 dedit

1175 1535 1337 1588 talem
1379 1544 1586 1604 polesta
1599 1565 1614 1576 -

1174 1615 1282 1660 tem
1315 1605 1549 1660 homini-

1173 1677 1228 1732 9.
1272 1677 1391 1732 bus.
1427 1679 1510 1743 Et,
1547 1693 1669 1733 cum

1171 1747 1436 1802 transiret
1462 1750 1513 1802 in

1179 1819 1305 1872 inde
1334 1819 1511 1884 Jesus,
1539 1820 1673 1874 vidit

1181 1889 1452 1945 hominem
1484 1905 1544 1947 se
1557 1923 1570 1931 -

1181 1961 1397 2017 dentem
1423 1962 1475 2015 in
1503 1972 1580 2018 te-

1183 2032 1363 2098 loneo,
1394 2032 1620 2090 Matthe-

1183 2119 1272 2158 um
1303 2120 1540 2158 nomine.

1185 2173 1254 2228 Et
1275 2175 1350 2228 ait
1378 2176 1450 2228 illi
1481 2193 1491 2228 :
1524 2177 1731 2245 Seque-

1186 2260 1244 2300 re
1269 2261 1375 2300 me.
1410 2245 1476 2300 Et
1504 2262 1622 2302 sur-

1187 2331 1322 2386 gens
1349 2327 1570 2373 secutus

335 1829 585 1888 peccata,
619 1820 720 1875 nisi

335 1906 479 1944 unus
509 1891 672 1946 Deus.

335 1960 395 2015 4.
434 1959 641 2017 Videris
677 1971 855 2016 autem

335 2031 502 2088 Jesus
533 2033 788 2104 cogitatio
807 2068 817 2077 ι

338 2118 439 2159 nes
467 2118 676 2168 eorum,
707 2105 788 2159 di-

337 2177 419 2230 xit
445 2191 457 2228 :
494 2173 560 2230 Ut
586 2177 717 2247 quid

340 2247 594 2316 cogitatis
623 2259 738 2300 ma-

341 2319 392 2371 la
422 2319 477 2372 in
505 2317 761 2373 cordibus

343 2388 399 2442 5.
444 2390 671 2445 vestris?
703 2388 840 2457 Quid
1190 2397 1274 2442 est
1303 2403 1448 2442 eum.

341 2469 427 2515 est
459 2459 564 2514 iaci
611 2501 624 2512 .
671 2501 684 2513 .
732 2501 746 2514 .
793 2501 806 2513 .
851 2474 936 2525 us,
1195 2459 1280 2514 10.
1325 2460 1390 2513 Ει
1418 2460 1615 2516 factum
1646 2465 1730 2516 est

341 2532 529 2585 dicere
560 2549 573 2585 :
603 2532 813 2587 Remis-
1193 2533 1510 2586 recumben-

343 2616 405 2656 sa
429 2611 559 2656 sunt
589 2604 687 2658 tibi
1194 2610 1246 2656 te
1274 2616 1340 2656 eo
1365 2601 1416 2655 in
1450 2603 1610 2658 domo
1633 2646 1647 2669 ,

347 2684 574 2744 peccata
606 2685 724 2740 tua;
1191 2685 1318 2744 ecce
1347 2673 1498 2727 multi
1535 2690 1630 2742 pu-

347 2742 445 2799 aut
475 2744 664 2800 dicere
691 2763 705 2798 :
1193 2742 1390 2797 blieani
1414 2754 1467 2799 et
1481 2760 1606 2812 pec-

346 2817 550 2885 Surge,
581 2827 636 2872 et
663 2832 774 2870 am-
1193 2823 1403 2869 catores
1434 2831 1646 2872 recum-

349 2887 530 2944 bula?
1197 2885 1397 2940 hebant
1425 2901 1546 2941 eum

1192 2955 1320 3012 Jesu
1342 2999 1356 3022 ,
1382 2966 1434 3012 et
1460 2973 1580 3013 cum

1191 3029 1467 3100 discipulis
1488 3031 1608 3100 ejus
1651 3049 1664 3084 :

1194 3100 1282 3154 11.
1315 3100 1383 3153 Et
1410 3102 1657 3158 videntes

350 2959 406 3016 6.
450 2958 521 3014 Ut
543 2959 728 3014 sciatis
753 2965 958 3026 autem,

352 3031 476 3101 quia
509 3030 650 3084 ﬁlius
679 3031 778 3085 ho-

352 3103 516 3158 minis
540 3111 777 3172 potesta-

351 3183 462 3230 tem
512 3170 674 3230 habet
711 3177 876 3241 super
917 3175 1116 3229 terram
1192 3170 1398 3226 Farisei
1423 3214 1437 3236 ,
1466 3173 1616 3229 dice-

354 3284 368 3299 .
414 3283 430 3298 .
475 3286 489 3298 .
535 3284 550 3298 .
596 3283 612 3299 .
654 3246 901 3301 remitte-
1191 3242 1578 3315 bantdiscipu-

799 3360 1034 3418 CODEX
1061 3358 1532 3417 CORBEIENSIS.

347 3454 598 3509 ferebant
627 3454 676 3510 ei
720 3455 1070 3526 paralyticum
1098 3455 1366 3526 iacentem
1394 3452 1450 3526 in
1481 3453 1642 3526 lecto.
1671 3445 1955 3526 Et’viden‘s

351 3526 514 3581 Jesus
538 3527 695 3580 tidem
722 3523 949 3580 willorum
969 3568 984 3591 ,
1019 3524 1151 3578 dixit
1178 3525 1471 3595 paralytico
1497 3542 1508 3576 :
1560 3526 1575 3555 ί
1606 3523 1828 3579 Conti-Ie
1859 3523 1953 3588 liii,

354 3598 704 3651 remittuntur
747 3597 842 3651 tibi
889 3603 1107 3663 peccata
1153 3607 1263 3649 tua.
1313 3598 1334 3626 ’³
1367 3596 1429 3649 Et
1476 3611 1600 3649 ecce
1636 3595 1850 3664 quidam
1897 3595 1965 3649 de

352 3669 561 3722 Scribis
593 3670 845 3722 dixerunt
889 3669 1025 3721 intra
1057 3683 1154 3720 se:
1186 3667 1282 3722 Hic
1314 3667 1671 3736 hlaspbeuiat.
1710 3667 1771 3718 Et
1801 3682 1963 3735 quum

350 3741 588 3794 vidisset
629 3739 783 3793 Jesus
831 3739 1185 3808 Cogitationes
1231 3753 1452 3801 eorum,
1493 3738 1673 3790 dixit:
1729 3737 1796 3792 Ut
1839 3736 1966 3805 quid

353 3812 608 3880 Ctlgiiﬂlis
634 3811 770 3864 mala
793 3810 846 3864 in
875 3810 1128 3864 cordibus
1152 3809 1386 3865 vestris?
1418 3809 1550 3877 Quid
1585 3818 1667 3863 est
1690 3808 1709 3837 ³
1735 3808 1960 3880 lucilius,

349 3879 540 3936 dicere
575 3904 587 3937 :
622 3881 642 3912 ⁸
677 3881 1027 3935 Dimittuntur
1072 3881 1163 3935 tibi
1208 3891 1422 3948 peceata
1459 3893 1578 3946 tua;
1612 3888 1698 3933 ant
1742 3879 1962 3934 dicere:

347 3954 542 4020 Surge.
572 3962 625 4006 et
651 3951 905 4006 ambula?
931 3953 997 4006 Ut
1020 3960 1197 4005 autem
1233 3951 1439 4015 sciatis,
1464 3953 1588 4020 quia
1619 3950 1760 4004 [ilius
1795 3951 1952 4004 humi-

354 4028 438 4077 nis
465 4025 631 4080 habet
655 4033 976 4091 potestatetn
1000 4023 1052 4076 in
1080 4033 1224 4077 terra
1249 4023 1549 4077 dimittendi
1575 4031 1815 4090 peccata,
1839 4029 1966 4076 tunc

351 4103 428 4149 ait
457 4096 791 4166 paralytico:
827 4095 1038 4166 Surge.
1064 4096 1084 4125 ⁵
1117 4095 1244 4147 tolle
1283 4093 1669 4166 iectuuituum
1691 4135 1705 4158 ,
1739 4102 1792 4166 et
1829 4093 1966 4150 vade

351 4167 405 4221 in
434 4163 658 4220 domum
693 4176 858 4219 luant.
921 4168 984 4218 ιιζι
1023 4165 1043 4196 ⁶
1085 4164 1316 4218 surrexit
1343 4207 1355 4229 ,
1387 4174 1437 4218 et
1472 4164 1602 4218 abiit
1646 4166 1697 4217 in
1745 4163 1962 4216 domum

353 4253 529 4292 suam.
564 4235 822 4290 Videutes
845 4246 1022 4290 autem
1057 4237 1246 4291 turbae
1285 4237 1607 4297 timuerunt.
1641 4239 1736 4289 et"
1764 4235 1968 4304 gleriii-

356 4316 617 4362 eaverunt
653 4308 824 4361 Deum
849 4349 862 4372 ,
895 4309 985 4374 qui
1018 4307 1167 4362 dedit
1197 4310 1518 4376 potestatem
1549 4309 1569 4337 ⁸
1600 4307 1758 4360 talem
1788 4307 1964 4361 homi-

357 4379 539 4433 nibus.
575 4380 662 4441 Et,
695 4395 856 4445 quum
884 4380 1134 4432 transiret
1162 4379 1285 4433 inde
1317 4378 1496 4440 Jesus,
1527 4377 1660 4432 vidit
1691 4378 1961 4432 hominem

354 4450 636 4504 sedentem
660 4452 680 4482 θ
713 4450 766 4502 in
799 4449 1022 4515 telonio,
1044 4449 1366 4503 Mattbaeum
1393 4451 1629 4502 nomine.
1666 4451 1728 4502 lit
1749 4450 1825 4502 ait
1851 4448 1961 4504 illi:

355 4520 605 4589 Sequere
633 4535 741 4576 me.
787 4521 852 4575 Et
881 4521 923 4550 ¹⁰
951 4531 1171 4575 secutus
1212 4530 1294 4574 est
1321 4536 1442 4575 eum
1501 4519 1569 4575 Et
1593 4521 1789 4573 factum
1818 4521 1962 4573 est"

357 4592 741 4647 discnnihente
770 4607 836 4647 eo
865 4593 916 4646 in
942 4592 1126 4657 domo,
1161 4608 1288 4645 ecce
1309 4593 1462 4646 multi
1493 4591 1755 4657 publicani
1779 4601 1829 4644 et
1851 4605 1967 4660 pec—

357 4675 570 4718 catores
595 4666 635 4694 ¹²
661 4664 959 4725 venientes.
989 4662 1408 4718 discumbebant
1431 4678 1552 4716 cum
1591 4661 1738 4725 Jt:Stt,
1785 4673 1837 4715 et
1882 4663 1965 4716 di-

359 4735 587 4859 (sleipttiis
629 4737 765 4803 ejus.
825 4735 888 4788 Et
943 4735 1191 4790 videntes
1235 4732 1532 4798 Pharisaei,
1583 4733 1856 4799 dicebant,
1910 4742 1965 4790 et

399 4821 599 4859 lSClttu-

399 4821 599 4875 ιεειμυ-

1289 309 1753 401 smmum
1793 320 2163 384 srccuunun
2210 323 2642 384 MATTIMZUM.

3528 323 3631 383 190

2464 441 2691 499 CODEX
2731 436 3183 498 VERONENSIS.

2038 537 2276 591 tulerunt
2298 536 2346 590 ei
2870 543 3018 589 tuum
3039 576 3052 599 ,
3072 542 3127 589 et
3144 531 3279 588 vade

2039 608 2390 680 paralyticnm
2872 607 2924 659 in
2958 606 3174 659 domum

2032 678 2302 746 iacentem
2319 678 2371 732 in
2396 739 2400 744 _
2871 684 3039 731 tuam.

2037 751 2198 805 lecto.
2230 750 2298 804 Et
2326 748 2514 804 videns
2873 748 2926 802 ‘7.
2970 749 3033 802 Et
3055 763 3175 802 sur-

2039 821 2197 876 Jesus
2225 821 2385 877 ﬁdem
2875 823 3015 874 rexit
3039 862 3052 884 ,
3086 828 3140 873 et

2042 892 2259 948 illorum
2279 935 2292 954 ,
2328 891 2462 946 dixit
2875 890 3004 945 abiit
3028 891 3081 945 in
3102 891 3318 951 domum

2041 963 2340 1034 paralytico
2372 981 2384 1015 :
2875 977 3046 1034 suam.

2040 1033 2307 1090 Constans
2327 1043 2445 1088 esto
2877 1034 2924 1089 8.
2975 1033 3087 1089 Hoc
3116 1037 3236 1091 viso

2879 1104 3066 1161 turbae
3091 1107 3282 1166 timue-

2876 1186 3022 1242 runt,
3067 1190 3118 1232 et
3147 1178 3321 1238 hono-

2877 1249 3226 1308 riﬁcaberuut

2882 1319 3050 1374 Deum
3080 1363 3094 1386 ,
3125 1325 3214 1390 qui

2043 1105 2116 1160 ﬁli
2142 1149 2156 1173 ,
2188 1105 2412 1160 remissa

2039 1187 2165 1232 sunt
2189 1177 2280 1233 tibi
2312 1186 2529 1248 peccata

2046 1259 2156 1302 tua.
2353 1257 2355 1260 ’

2043 1321 2094 1376 5.
2138 1318 2366 1386 Quidam
2399 1323 2583 1375 autem

2042 1407 2105 1447 ex
2133 1390 2336 1446 Scribis
2351 1391 2499 1445 dixe-

2041 1471 2168 1517 runt
2199 1463 2337 1516 intra

2042 1549 2100 1589 se
2126 1549 2140 1597 ;
2177 1533 2272 1587 Hic
2297 1531 2651 1601 blaSphemat.

2039 1606 2096 1660 4.
2140 1604 2350 1659 Etcum
2369 1605 2451 1658 vi-

2043 1676 2212 1731 disset
2232 1676 2387 1730 Jesus

2044 1747 2395 1816 cogitationes
2427 1761 2516 1812 eo-

2044 1836 2201 1884 rum,
2235 1819 2407 1872 dixit:
2436 1817 2505 1874 Ut

2881 1400 3081 1445 tantam
3102 1393 3250 1452 dedit

2877 1462 3182 1537 l_iom_inibus
3212 1475 3550 1537 potestatem.

2879 1533 2932 1589 9.
2978 1534 3042 1588 Et
3063 1577 3077 1598 ,
3106 1533 3226 1594 cum
3251 1551 3395 1595 tran-

2883 1605 3017 1660 siret
3047 1605 3170 1663 inde

2881 1676 3038 1732 Jesus
3064 1718 3078 1742 ,
3099 1681 3231 1736 vidit

2881 1747 3153 1806 hominem
3170 1751 3360 1807 seden-

2880 1826 2986 1892 tem
3018 1819 3069 1892 in
3103 1826 3349 1880 taeloneo
3371 1866 3386 1892 ,

2047 1889 2173 1960 quid
2195 1891 2440 1960 cogitatis
2881 1891 3174 1950 Mattlicum
3207 1889 3382 1950 uenti;

2051 1961 2192 2015 mala
2223 1963 2274 2014 in
2883 1977 2974 2016 ne.
3010 1963 3075 2016 Et
3102 1966 3178 2021 ait

2052 2031 2304 2108 cordibus
2331 2031 2523 2108 vestris
2548 2033 2570 2086 ?
2885 2033 2961 2108 i_lli
2998 2053 3009 2087 :
3041 2035 3278 2108 Sequere
3305 2054 3412 2098 me.

2054 2104 2108 2159 5.
2150 2103 2290 2170 Quid
2321 2113 2401 2158 est
2423 2102 2556 2158 faci-
2888 2103 2954 2158 Et
2977 2120 3096 2160 sur-

2055 2175 2159 2228 lius
2187 2175 2368 2230 dicere
2403 2193 2414 2228 :

2056 2245 2282 2300 Dimissa
2309 2254 2433 2300 sunt

2055 2317 2147 2371 tibi
2177 2326 2396 2390 peccata
2427 2317 2504 2390 (α)
2526 2334 2540 2385 ;

2889 2191 3024 2245 gens
3053 2191 3275 2236 secutus

2892 2249 2980 2303 10.
3023 2262 3103 2304 est
3127 2267 3272 2307 eum.
3303 2254 3371 2308 Et

2892 2317 3091 2376 factum
3123 2335 3205 2378 est
3339 2319 3344 2325 ’

2055 2397 2147 2442 aut
2174 2389 2353 2444 dicere
2387 2407 2397 2441 :
2438 2389 2442 2390 “
2893 2395 3244 2450 recumbente

2056 2459 2325 2534 ξων-εαξη
2344 2475 2460 2534 a_t_n-
2554 2533 2560 2534 7
2894 2475 2960 2514 eo
2996 2463 3048 2515 in
3079 2464 3332 2534 domum,

2059 2528 2112 2583 6.
2155 2527 2329 2584 bula?
2364 2527 2432 2585 Ut
2553 2533 2560 2543 '
2893 2545 3020 2586 ecce
3047 2535 3203 2589 multi

2057 2601 2238 2654 sciatis
2272 2615 2364 2653 au-
2391 2670 2400 2673 _
2893 2604 3185 2673 publicani,

2061 2679 2165 2744 tem
2193 2670 2494 2744 ,_quouiam
2894 2670 2949 2729 et
2985 2670 3297 2744 peceatores

2059 2742 2201 2795 iilins
2216 2742 2392 2795 homi-

2897 2758 3182 2817 venerunt,
3208 2760 3263 2806 et

2898 2819 3286 2879 recumbebant

2897 2903 3018 2944 cum
3041 2889 3192 2960 Jesu,

2895 2970 2949 3015 et
2980 2975 3101 3015 eum
3134 2965 3296 3023 disci-

2894 3032 3038 3104 pulis
3067 3034 3207 3104 ejus.

2897 3106 2986 3159 il.
3031 3104 3098 3158 Et
3127 3107 3374 3166 videntes

2895 3175 3195 3249 Bliarisaei,

2896 3247 3148 3306 dicebant
3170 3247 3252 3308 di-

2527 3359 2754 3417 CUDEX
2789 3361 3184 3421 BRIXIANUS.

2061 3453 2295 3525 tulerunt
2316 3453 2368 3525 _ci
2396 3453 2771 3524 paralyticum.
2797 3455 3068 3525 jaecutem
3100 3457 3150 3511 in
3185 3458 3347 3512 lecto.
3376 3456 3444 3512 Et
3473 3453 3661 3511 videns

2068 3521 2418 3599 .i_t_:_sus__tid_em
2449 3521 2688 3599 illorun‘i.
2721 3521 2856 3581 dixit
2893 3529 3207 3599 paralytico.
3239 3529 3504 3583 Constans
3545 3537 3663 3599 esto

2073 3593 2168 3666 tili.
2204 3594 2549 3652 dimittuntur
2584 3597 2673 3650 tibi
2706 3593 2920 3664 peccata
2947 3593 3058 3651 tua:
3091 3599 3158 3653 Et
3189 3614 3315 3652 ecce
3347 3599 3562 3666 quidam
3593 3598 3661 3651 de

2072 3665 2274 3737 Scribis
2328 3669 2586 3724 dixerunt
2617 3669 2758 3721 intia
2790 3672 3133 3737 semetipsiis.
3172 3669 3266 3723 llic
3295 3665 3659 3735 blaspbetnat.

2072 3736 2134 3789 Et
2176 3737 2368 3793 videns
2404 3741 2563 3795 .lesus
2589 3739 2963 3807 cogitationes
2991 3736 3179 3795 eorum
3212 3741 3366 3794 dixit.
3411 3739 3479 3794 Ut
3534 3739 3661 3806 quid

2069 3807 2318 3875 cogitatis
2369 3810 2506 3865 niala
2552 3811 2602 3863 in
2653 3809 2907 3864 cordibus
2956 3814 3148 3864 vestris
3196 3811 3333 3876 Quid
3379 3819 3463 3866 est
3516 3812 3661 3865 enim

2071 3879 2278 3952 [acilius
2307 3881 2488 3938 dicere
2510 3881 2860 3935 Dimittuntur
2891 3884 2980 3936 tibi
3004 3892 3217 3952 peccata
3243 3893 3349 3936 tua.
3377 3893 3464 3935 aut
3489 3882 3665 3936 dicere

2072 3949 2242 4023 SUrge
2275 3961 2329 4006 et
2355 3954 2590 4008 ambula.
2648 3953 2714 4008 Ut
2769 3949 3160 4007 sciatisautcm
3215 3955 3468 4023 quoniam
3525 3953 3663 4023 ﬁlius

2071 4021 2304 4076 hominis
2348 4025 2506 4079 habet
2550 4033 2872 4093 potestatem
2904 4041 3068 4092 suber
3119 4021 3314 4079 terram
3360 4021 3666 4078 tillltiltt‘litii

2070 4104 2311 4166 peet-ata.
2341 4110 2464 4150 tunc
2509 4102 2582 4148 ait
2617 4095 2906 4166 paralytico
2931 4099 3118 4165 Surge.
3152 4097 3274 4149 tolle
3297 4098 3490 4150 lectum
3515 4106 3662 4148 tuum

2069 4174 2122 4217 ct
2156 4165 2292 4219 vade
2315 4168 2364 4222 in
2396 4168 2614 4223 domum
2651 4165 2814 4220 tuam.
2851 4167 2915 4222 Et
2940 4182 3165 4234 surgens
3187 4167 3315 4221 abiit
3348 4167 3397 4220 in
3438 4167 3655 4219 domum

2069 4249 2242 4291 suam.
2274 4239 2529 4293 Videutes
2561 4249 2738 4293 autem
2771 4240 2956 4293 turbae
2984 4237 3316 4292 admirantes
3351 4239 3664 4291 timuerunt.

2068 4316 2120 4380 et
2146 4310 2630 4380 magnilicaverunt
2655 4311 2843 4364 Deum.
2865 4313 2952 4380 qui
2978 4309 3140 4363 talem
3169 4310 3318 4364 dedit
3340 4317 3664 4380 potestatem

2070 4377 2400 4435 hOinitiibus.
2831 4441 2834 4444 .

2142 4449 2215 4504 Et
2241 4470 2359 4506 cum
2392 4451 2644 4508 transiret
2677 4451 2798 4506 inde
2821 4449 2976 4506 Jesus
3003 4451 3135 4505 vidit
3164 4449 3436 4506 hominem
3470 4450 3665 4505 seden-

2069 4529 2174 4576 tem
2200 4523 2253 4577 in
2291 4524 2506 4578 toloneo
2539 4523 2829 4576 Mattbcum
2858 4523 3074 4577 nomine
3101 4523 3163 4576 lit
3191 4525 3267 4576 ait
3293 4523 3390 4577 illi.
3422 4523 3664 4591 Sequere

2069 4608 2172 4665 me.
2234 4595 2298 4648 Et
2345 4610 2572 4665 surgens
2621 4601 2837 4649 secutus
2893 4605 2976 4648 est
3033 4610 3179 4649 eum.
3241 4594 3306 4648 Et
3361 4596 3665 4648 l'aetuincst

2067 4663 2531 4736 diseumhenteﬁeo
2559 4669 2610 4719 in
2632 4666 2813 4720 domo.
2836 4681 2964 4720 ecce
2989 4666 3143 4720 multi
3169 4665 3437 4736 publicani
3468 4674 3523 4736 et
3544 4677 3666 4736 pce-

2066 4745 2300 4790 catores.
2329 4733 2603 4792 venientes
2641 4737 3053 4791 discumbebant
3082 4732 3201 4790 cum
3229 4735 3377 4789 Jcsu.
3409 4744 3461 4786 et
3497 4733 3536 4785 Ι)
3560 4732 3667 4786 sci-

2068 4807 2210 4876 pulis
2253 4811 2392 4878 ejus.
2427 4809 2492 4863 Et
2521 4809 2766 4864 videntes
2815 4808 3095 4864 Pharisaei
3137 4807 3384 4861 dicebant
3427 4803 3635 4874 disripu

2059 2815 2142 2867 nis
2175 2813 2337 2867 habet
2362 2829 2450 2883 po-

2061 2893 2306 2939 lestatem
2332 2885 2383 2939 in

2062 2966 2256 3010 terram
2280 2955 2461 3011 dimit-

2063 3028 2206 3081 tendi
2238 3040 2455 3096 peccata
2478 3071 2493 3095 ,

2062 3110 2188 3155 tunc
2215 3108 2464 3170 aitpara—

2061 3172 2224 3242 lytico
2256 3189 2275 3227 :
2304 3174 2476 3241 Surge
2497 3213 2510 3226 .

2065 3244 2191 3298 tolle
2221 3245 2422 3300 lectum

1053 4937 1450 4994 VARIANTES
1489 4937 1873 4997 LECTIONES
1911 4936 2179 4998 CODICIS
2218 4944 2330 5000 MS.
2380 4946 2435 5001 S.
2477 4943 2985 5001 GERMANENSIS.

425 5066 440 5092 ¹
480 5063 718 5115 Constans
742 5068 852 5113 esto
875 5061 938 5111 [ili
961 5101 974 5124 ,
993 5062 1336 5124 remissasunt
1361 5061 1408 5107 ⁸.

422 5127 451 5219 ξ
481 5125 690 5238 abigam
712 5133 880 5176 autem
902 5122 1025 5175 de...
1050 5136 1107 5174 se
1136 5122 1497 5186 :Blasphemat.

420 5251 448 5343 ς
717 5255 835 5300 sunt

429 5371 453 5404 ⁸
483 5385 692 5438 surgens
715 5373 835 5425 abiit

2127 5063 2148 5094 ⁷
2185 5062 2626 5115 honoriﬁcaverunt

2126 5121 2148 5155 ⁸
2185 5131 2361 5173 tantam

2129 5187 2148 5249 ?
2165 5248 2168 5249 ν
2184 5187 2244 5234 ad
2269 5187 2540 5249 teloueum,

2132 5248 2177 5310 ξο
2209 5259 2424 5310 surgens

2133 5308 2175 5340 ιι
2210 5308 2533 5360 recumbente

2137 5369 2180 5402 ι’
2215 5378 2479 5438 venerunt,
2508 5379 2561 5426 et
2583 5375 2939 5429 recumbebant
2959 5390 3070 5429 cum
3100 5377 3242 5439 Jesu,
3267 5378 3452 5426 etcum

1720 5481 2090 5542 BLANCHINI
2117 5483 2346 5543 NOTAE.

442 5614 471 5645 ⁸
509 5604 766 5662 Eamdem
795 5603 1042 5659 invenies
1069 5601 1356 5658 lectionem
1385 5591 1527 5670 apud
1559 5609 1804 5654 sanctum
1838 5597 1974 5670 Leo:

367 5693 497 5737 nem
532 5677 805 5750 Magnum,
839 5676 1019 5734 Serm.
1047 5674 1116 5732 60
1141 5673 1209 5731 de
1234 5669 1492 5731 Passione
1513 5670 1727 5728 Domini
1758 5670 1846 5740 11,
1876 5669 1975 5728 sed

2075 5610 2130 5656 et
2159 5599 2299 5672 apud
2339 5591 2598 5659 Hilarium
2624 5603 2990 5693 Commentar.
3023 5603 3078 5658 in
3109 5599 3294 5659 Matth.

442 5840 531 5925 to}
552 5841 682 5904 Post
732 5849 963 5918 peccata,
992 5835 1190 5899 omittit
1219 5846 1308 5910 tua
1331 5875 1346 5906 .
1394 5843 1449 5898 et
1488 5835 1562 5896 ita
1615 5833 1736 5930 cod.
1777 5835 1933 5896 Cant.
1961 5832 2080 5914 Lat.
