4048 6188
322 269 419 330 191

716 384 951 443 CODEX
988 380 1527 441 VERCELLENSIS.

1165 478 1240 534 tui
1268 493 1376 533 non
1400 476 1535 547 jeju-

1166 559 1295 605 nant
1324 548 1346 601 ?

329 477 404 537 lis
428 480 547 551 ejus
572 496 586 535 :

327 552 964 622 Q.....cumpu—

329 623 562 680 blicanis
582 630 638 678 et
662 636 781 693 pec-

329 703 543 751 catores
573 708 785 749 recum-

330 766 533 822 bebaut
558 780 683 820 cum

1166 622 1254 676 15.
1297 620 1367 675 Et
1394 618 1471 674 ait
1497 618 1602 675 illis
1632 620 1792 675 Jesus
1830 639 1843 675 :

1166 690 1439 776 Numquid
1466 705 1593 762 pos-

1167 772 1293 819 sunt
1315 762 1391 816 lil.
1438 801 1451 816 .
1497 800 1511 815 .

330 836 458 893 Jesu
480 877 496 899 ,
522 844 726 891 etcum
750 835 867 892 dis-
1169 837 1214 889 si
1259 832 1335 905 (a)
1358 833 1568 905 jejuna.
1615 874 1630 889 .
1672 848 1703 891 e
1734 834 1776 905 ἦ·

335 907 537 978 cipulis
561 908 701 977 ejus.
726 906 798 961 Et
1171 903 1412 978 quandiu
1434 920 1558 961 cum

329 976 762 1035 videntes'Fari-
1172 976 1256 1032 ill.
1300 1017 1314 1030 .
1361 1016 1373 1029 .
1419 1015 1435 1030 .
1503 985 1556 1032 st
1580 991 1701 1047 spo.
1746 1017 1759 1030 .
1797 1016 1811 1031 .

326 1051 441 1107 saei
464 1091 481 1118 ,
509 1050 761 1105 dicebant
1170 1063 1263 1104 sus
1289 1048 1313 1101 ?
1336 1047 1383 1103 γ
1402 1117 1408 1118 ί
1426 1088 1439 1101 .
1488 1091 1502 1104 .
1545 1050 1697 1105 nient

1168 1129 1350 1175 autem
1382 1117 1500 1176 dies

1173 1205 1296 1246 cum
1320 1190 1464 1246 aul'e.
1512 1232 1525 1245 .
1573 1231 1587 1244 .
1633 1230 1649 1246 .

1176 1262 1779 1319 ....abeis....

1176 1342 1703 1391 .....unt:et

1173 1404 1495 1474 jejunabunt
1526 1404 1602 1475 (ὁ)

1176 1477 1230 1531 in
1262 1476 1369 1530 illis
1395 1476 1608 1531 diebus.
1636 1476 1677 1547 -ξο

1175 1547 1805 1604 16.Νθ......ηι

340 1630 425 1675 est
446 1634 582 1690 opus
602 1620 751 1674 sanis
1174 1634 1262 1673 co.
1310 1660 1322 1672 .
1367 1618 1533 1673 mittit
1552 1633 1704 1674 com-

338 1692 584 1747 medicus
605 1732 620 1756 ,
652 1690 748 1746 sed
1174 1690 1465 1747 missuram
1494 1705 1623 1761 pan-

337 1763 481 1819 male
504 1762 705 1817 haben-
1176 1763 1231 1816 ni
1260 1762 1409 1816 rudis
1436 1762 1490 1816 in
1515 1776 1637 1818 ves-

344 1835 433 1889 13.
478 1836 640 1889 tibus.
675 1832 884 1889 Euntes
1179 1833 1465 1888 timentum
1489 1848 1581 1888 ve.-

340 1916 521 1960 autem
548 1904 713 1959 disci-
1180 1912 1269 1957 tus
1294 1921 1307 1956 :
1333 1904 1477 1958 tollit
1500 1907 1646 1960 enim

339 1984 396 2030 te
424 1976 551 2046 quid
575 1984 661 2030 est
684 1992 697 2029 :
728 1975 823 2030 Mi-
1179 1975 1574 2045 plenitudinem

340 2046 695 2102 sericordiam
1179 2046 1320 2113 ejus,
1349 2055 1400 2101 et
1424 2046 1576 2117 pejor
1604 2048 1664 2101 lit

332 1120 612 1193 discipulis
628 1120 746 1190 ejus
774 1138 787 1173 :

337 1192 518 1260 Quare
529 1207 653 1247 cum

335 1264 640 1335 publicanis
669 1271 724 1318 et

342 1335 722 1406 peccatoribus

338 1403 415 1462 in.
462 1445 477 1460 .
522 1448 535 1460 .
583 1448 597 1461 .
638 1403 806 1461 ucat?

337 1477 427 1533 12.
455 1476 784 1533 EtJesus....
803 1476 1098 1545 spondens,

337 1548 449 1603 dix.
498 1590 512 1603 .
558 1589 571 1603 .
619 1588 631 1602 .
675 1547 886 1603 szNou

342 2118 469 2172 volo
492 2160 507 2183 ,
534 2128 589 2173 et
616 2133 725 2173 non
1180 2118 1270 2171 17.
1310 2119 1567 2175 scissura.
1601 2118 1700 2173 Ne-

344 2190 547 2244 sacrili.
596 2230 610 2243 .
656 2230 671 2245 .
718 2231 730 2244 .
777 2228 794 2244 .
1183 2230 1197 2244 .
1245 2227 1261 2243 .
1305 2229 1318 2243 .
1367 2230 1378 2241 .
1425 2231 1437 2242 .
1482 2190 1707 2244 mittunt

342 2259 484 2315 Non.
532 2300 545 2313 .
591 2299 605 2315 .
650 2302 664 2316 .
708 2301 722 2313 .
766 2300 781 2315 .
1187 2299 1203 2315 .
1248 2299 1262 2313 .
1308 2300 1321 2314 .
1364 2276 1493 2315 num
1523 2276 1722 2316 novum

342 2332 399 2386 ni
429 2346 642 2387 vocare.
688 2372 701 2385 .
748 2372 760 2384 .
809 2372 822 2385 .
1183 2332 1238 2388 in
1267 2339 1417 2387 utres
1437 2342 1583 2387 vete-

347 2411 434 2457 tos
447 2403 541 2458 sed
563 2418 750 2474 pecca-
1185 2417 1298 2470 res,
1329 2402 1570 2475 alioquin

342 2483 511 2530 tores.
1184 2489 1213 2529 ι’
1254 2514 1268 2527 .
1314 2516 1329 2530 .
1375 2511 1391 2527 ο
1435 2515 1451 2529 .
1494 2481 1657 2529 untur

343 2544 433 2601 14.
476 2546 628 2602 Tunc
654 2560 901 2605 accesse-
1184 2552 1356 2613 utres,
1387 2554 1444 2601 et
1465 2546 1653 2599 vinum
1686 2576 1689 2579 -

350 2626 480 2671 runt
506 2617 571 2671 ad
603 2632 730 2671 eum
1183 2617 1402 2687 peribit.
1432 2616 1541 2673 Sed
1568 2618 1651 2671 vi-

351 2687 599 2757 discipuli
626 2687 831 2743 Johan-

350 2758 436 2813 nis
459 2800 474 2823 ,
502 2758 778 2813 dicentes:

348 2829 529 2895 Quare
551 2844 649 2883 nos
667 2870 681 2891 ,
704 2838 760 2885 et

351 2901 654 2963 Pharisaei,
676 2902 760 2970 je-

347 2973 602 3043 junamus
625 2971 738 3028 fre-

350 3054 581 3114 quenter
610 3043 759 3098 :dis-

353 3113 517 3185 cipuli
539 3122 720 3171 autem

1189 2726 1205 2740 .
1249 2726 1266 2741 .
1307 2703 1399 2741 um
1428 2703 1627 2741 novum

1189 2758 1243 2811 in
1275 2760 1423 2812 utres
1450 2772 1549 2811 no-

1190 2843 1287 2883 vos
1316 2829 1558 2893 mittunt,

1189 2909 1245 2955 et
1271 2900 1433 2954 ambo
1462 2913 1579 2955 ser-

1189 2981 1403 3025 vantur.

1192 3041 1278 3097 18.
1324 3042 1469 3097 llzec.
1518 3084 1530 3096 .
1584 3079 1597 3095 .
1635 3079 1653 3097 .
1701 3082 1711 3094 .
1757 3056 1790 3095 n

1191 3124 1243 3170 te
1267 3113 1333 3169 ad
1362 3114 1503 3181 illos,
1532 3127 1622 3170 cc-

780 3230 1013 3287 CODEX
1040 3230 1516 3288 CORBEIENSIS.

353 3325 424 3381 lis
436 3325 581 3395 ejus:
603 3325 780 3393 Quare
794 3326 809 3357 ¹
824 3340 947 3381 cum
964 3326 1259 3395 publicanis
1270 3337 1324 3381 et
1342 3326 1715 3397 peccatoribus
1727 3325 1924 3380 mandu
1938 3354 1954 3366 -

355 3397 705 3468 catMagister
719 3398 922 3451 vester?
936 3398 1001 3451 At
1017 3398 1175 3453 .lesus
1188 3399 1433 3463 audiens,
1454 3400 1528 3452 ait
1542 3415 1559 3452 :
1573 3397 1691 3452 Non
1717 3406 1800 3453 est
1817 3412 1953 3468 opus

357 3468 379 3497 ¹
414 3467 721 3522 valentibus
742 3469 1003 3533 medicus,
1040 3470 1133 3523 sed
1172 3470 1311 3524 male
1357 3471 1699 3525 habentibus.
1751 3467 1953 3523 Euntes

358 3548 537 3594 autem
563 3539 754 3594 discite
779 3541 905 3610 quid
936 3540 956 3571 ³
982 3552 1065 3595 e8t
1094 3558 1107 3593 :
1137 3540 1558 3596 Misericordiam
1579 3541 1702 3596 volo
1723 3582 1739 3607 ,
1767 3549 1821 3595 et
1844 3556 1951 3593 non

365 3611 711 3665 sacrificium.
736 3610 851 3665 Non
879 3612 1022 3666 enim
1073 3611 1198 3666 veni
1238 3628 1433 3667 vocare
1461 3613 1659 3681 justos,
1693 3612 1787 3664 scd
1833 3627 1954 3680 pec-

356 3692 571 3736 catores
588 3682 631 3737 ".
652 3682 803 3737 Tunc
825 3692 1171 3738 accesserunt
1196 3682 1263 3738 ad
1286 3698 1407 3738 cum
1430 3683 1682 3752 discipuli
1706 3683 1952 3751 Joannis,

362 3752 605 3806 dicentes
632 3771 645 3807 :
678 3755 853 3817 Quare
886 3764 998 3808 :nos
1019 3795 1033 3815 ,
1064 3764 1118 3809 et
1167 3754 1443 3809 Pharisaei
1486 3755 1796 3824 jejunamus
1852 3754 1955 3809 fre-

360 3834 594 3948 quenter
627 3843 639 3876 :
668 3824 916 3891 discipuli
936 3833 1114 3879 autem
1141 3825 1213 3878 tui
1235 3842 1341 3879 non
1362 3826 1648 3894 jejunant?
1675 3834 1730 3879 et
1755 3826 1829 3878 ait
1851 3826 1957 3879 illis

394 3909 516 3946 esus
547 3910 559 3946 :
588 3892 854 3948 Numuuid
886 3906 1115 3948 possunt
1147 3896 1240 3948 lilii
1270 3901 1451 3948 snonsi
1485 3899 1727 3948 ieiunare
1770 3912 1957 3948 uuam-

394 3909 516 3967 esus
547 3910 559 3946 :
588 3892 854 3967 Numquid
886 3906 1115 3965 possunt
1147 3896 1240 3950 lilii
1270 3892 1451 3964 sponsi
1480 3899 1727 3967 jejunare
1770 3912 1957 3965 quam-

360 3965 460 4038 diu
477 3979 596 4017 cum
635 3964 741 4038 illis
762 3975 845 4019 est
868 3981 1101 4035 sponsus
1128 3971 1150 4019 ‘!
1176 3967 1408 4022 Veniettt
1436 3964 1615 4023 autem
1649 3968 1765 4021 dies
1793 3984 1957 4038 quum

366 4034 643 4109 aul_cre_t_ur
685 4036 751 4090 ab
781 4039 861 4090 eis
882 4034 1113 4106 Sponsus
1140 4055 1153 4091 :
1183 4048 1235 4093 et
1266 4049 1390 4092 tunc
1409 4040 1731 4109 jejunabunt
1762 4038 1799 4091 ⁸.

434 4105 502 4161 X.
545 4106 717 4161 Nemo
745 4105 921 4161 autem
956 4109 1193 4163 immittit
1226 4105 1637 4165 commissuram
1677 4112 1839 4179 panni
1868 4127 1959 4165 ru—

363 4176 447 4253 dis
476 4180 527 4232 in
554 4180 940 4253 vestimentum
963 4189 1156 4253 vetus:
1190 4182 1325 4253 tollit
1350 4182 1491 4235 enim
1512 4182 1539 4253 7°
1566 4176 1961 4253 plenitudinem

361 4248 481 4316 ejus
510 4264 541 4303 a
566 4251 929 4322 vestimento,
961 4259 1016 4305 et
1046 4251 1195 4319 pejor
1224 4251 1465 4307 scissura
1496 4248 1582 4306 lit:
1609 4252 1793 4322 Neque
1836 4253 1963 4307 mit-

366 4327 490 4372 tttttt
526 4321 707 4376 vinum
739 4337 936 4376 novum
966 4322 1018 4376 in
1050 4330 1200 4394 utres
1230 4332 1480 4389 veteres,
1514 4321 1751 4394 alioquin
1776 4324 1795 4353 ⁷
1820 4340 1965 4378 rum-

365 4400 563 4463 petitur
586 4403 763 4453 utres.
798 4402 853 4448 et
879 4395 1062 4448 vinum
1086 4393 1396 4449 ell'uudetur
1425 4403 1479 4449 et
1507 4393 1654 4449 utres
1691 4396 1963 4463 peribunt.

362 4460 470 4516 Sed
501 4462 681 4517 vinum
715 4480 911 4519 novum
960 4466 1011 4519 iu
1054 4476 1202 4520 utres
1231 4480 1401 4519 novos
1431 4460 1766 4530 mittunt,'et
1803 4464 1964 4521 ambo

362 4544 774 4592 conservantur.
802 4535 944 4592 Haec
974 4537 1070 4592 illo
1090 4537 1345 4607 loquente
1369 4536 1436 4591 ad
1456 4551 1575 4605 eos,
1602 4552 1691 4592 ec-

859 266 1129 329 EUSEBII
1168 264 1512 325 VERCELL.
1554 261 2003 323 EVANGELIUM
2043 262 2185 321 CUM
2228 264 2458 325 VARIIS
2493 262 2653 325 COD.
2691 265 3089 326 COLLATUM.

2006 1470 2011 1473 ’
2040 1470 2233 1526 discite
2261 1469 2389 1540 quid

3532 265 3644 322 192

2460 382 2690 442 CODEX
2731 381 3189 441 VERONENSIS.

2034 473 2260 549 s_cipulis_
2273 473 2395 549 ejus
2424 492 2439 532 :
2799 469 2809 479 ’
2866 478 3117 549 jejunare
3141 477 3184 548 -ι-

2034 546 2213 619 Quare
2242 545 2358 600 Ma-
2868 545 3117 619 quandiu

2034 618 2203 687 gister
2223 624 2400 672 vester
2871 618 2993 675 cum
3025 620 3132 674 illis

2035 702 2159 743 cum
2185 688 2426 758 publica-
2870 700 2956 745 est
2984 691 3252 759 sponsus?

2036 761 2122 813 nis
2150 769 2207 813 et
2232 773 2424 829 pecca-
2870 760 3104 816 Venient

2036 830 2245 884 toribus
2271 844 2429 885 man-
2874 841 3054 888 autem
3084 833 3202 889 dies

2037 900 2237 956 ducat?
2874 919 2995 959 cum
3018 904 3170 960 aufe-

2039 973 2240 1049 12.__At
2268 970 2429 1049 Iesus
2874 984 3026 1031 rctur
3051 975 3120 1030 ab
3142 976 3222 1032 eis
3260 992 3417 1049 spon-

2038 1044 2291 1109 audiens,
2324 1045 2398 1097 ait
2424 1062 2437 1097 :
2873 1061 2968 1101 sus
3002 1063 3013 1100 :
3040 1056 3094 1102 et
3115 1056 3246 1103 tunc

2037 1114 2154 1190 Non
2181 1125 2263 1169 est
2288 1128 2424 1190 opus
2869 1118 3280 1190 jejunabunt(b)

2038 1187 2187 1241 sanis
2210 1185 2470 1251 medicus,

2038 1258 2135 1313 sed
2161 1258 2301 1311 male
2329 1255 2424 1310 ha-

2043 1328 2318 1383 hentibus.

2042 1400 2129 1454 15.
2173 1399 2377 1454 Euntes
2409 1406 2588 1455 autem

2876 1190 2940 1263 in
2958 1189 3067 1263 illis
3096 1189 3309 1246 diebus.
3340 1192 3382 1263 -ι-

2876 1260 2965 1315 16.
3008 1260 3181 1315 Nemo
3211 1260 3389 1317 autem

2878 1332 3169 1386 committit
3190 1334 3486 1390 scissuram

2879 1404 3044 1468 panni
3062 1404 3212 1458 rudis

2878 1473 2935 1527 in
2964 1475 3260 1531 vestimen-

2880 1554 2992 1599 tum
3018 1554 3174 1601 vetus
3200 1565 3212 1599 :

2884 1616 3029 1670 tollit
3048 1617 3195 1671 enim

2884 1686 3257 1743 fortitudinem

2885 1759 3005 1828 ejus
3026 1774 3054 1812 a
3086 1760 3252 1814 vesti-

2889 1838 3074 1884 mento
3091 1872 3106 1895 ,
3132 1838 3190 1885 et

2888 1901 3046 1971 pejor
3069 1901 3127 1955 lit
3155 1902 3292 1956 scis-

2888 1974 2978 2026 17.
3018 1987 3165 2026 sura.
3183 1972 3365 2042 Neque

2888 2045 3112 2097 mittunt
3139 2044 3327 2098 vinum

2890 2129 3088 2169 novum
3112 2114 3165 2169 in

2891 2196 3040 2240 utres
3065 2195 3279 2241 veteres
3298 2226 3313 2253 ,

2892 2257 3134 2328 alioquin
3164 2265 3490 2329 rumpentur

2041 1544 2151 1599 sit:

2046 1611 2477 1671 Misericordiam

2046 1686 2192 1747 volo.
2221 1693 2277 1739 et
2304 1699 2410 1739 non

2049 1756 2397 1813 sacriﬁcium.

2046 1832 2164 1889 Non
2186 1827 2306 1881 veni
2338 1840 2530 1882 vocare

2044 1904 2244 1974 justos,
2276 1898 2372 1953 sed

2050 1979 2385 2045 peccatores.

2052 2041 2140 2100 Π.
2183 2041 2251 2095 Et
2282 2050 2407 2096 tunc

2052 2120 2399 2171 accesserunt

2051 2189 2117 2242 ad
2150 2199 2271 2238 eum
2300 2180 2461 2236 disci-

2052 2258 2165 2331 puli
2193 2255 2495 2317 Johanncs,

2052 2331 2297 2384 dicentes
2324 2343 2338 2379 :
2889 2338 3039 2383 utres
3054 2371 3069 2395 ,
3100 2338 3154 2384 et

2053 2404 2235 2468 Quare
2265 2410 2405 2468 nos,
2898 2404 3080 2454 vinum
3104 2399 3278 2456 elfun-

2054 2466 2112 2529 et
2134 2466 2430 2535 Pharisaei,
2889 2472 3050 2525 detur
3070 2512 3084 2535 ,
3110 2479 3166 2525 et

2052 2542 2364 2615 jejunamus
2492 2598 2503 2609 ο
2891 2550 3043 2615 utres
3062 2542 3336 2615 peribunt.

2056 2612 2369 2682 frequenter
2394 2625 2409 2663 :
2892 2612 2996 2669 Sed
3023 2614 3209 2668 vinum

2055 2682 2306 2753 discipuli
2332 2687 2513 2735 autem
2894 2698 3090 2739 novum
3132 2685 3190 2738 in

2057 2756 2135 2809 tui
2166 2770 2271 2808 non
2300 2755 2384 2822 je-
2895 2763 3051 2809 utres
3077 2769 3251 2810 novos

2053 2824 2286 2897 juuartt?
2324 2893 2336 2897 _
2896 2827 3149 2893 mittunt,
3178 2835 3233 2881 et

2059 2892 2150 2953 15.
2196 2895 2265 2949 Et
2288 2893 2365 2947 ait
2397 2892 2503 2948 illis

2058 2968 2217 3023 Jesus
2247 2984 2259 3021 :
2292 2965 2463 3023 Num~

2060 3038 2188 3109 qttid
2217 3046 2441 3109 possunt

2062 3106 2137 3165 tili
2163 3106 2349 3180 sponsi
2381 3106 2456 3179 (a)

2898 2898 3057 2951 ambo
3086 2897 3469 2953 servabantur.

2896 2968 2985 3024 18.
3028 2968 3175 3023 Haec
3206 2969 3299 3024 illo

2897 3039 3154 3110 loquente

2897 3111 2966 3165 ad
2995 3125 3113 3179 eos,
3147 3126 3274 3168 ecce

2541 3224 2774 3282 CODEX
2803 3227 3197 3285 BRIXIANUS.

2057 3326 2125 3382 lis
2137 3326 2274 3395 ejus.
2303 3327 2483 3395 Quare
2503 3342 2624 3382 cum
2648 3328 2949 3397 publicanis
2963 3337 3020 3383 et
3046 3326 3422 3397 peccatoribus
3445 3325 3663 3382 mandu-

2057 3398 2412 3468 catMagister
2437 3409 2640 3455 vester.
2671 3399 2829 3454 Jesus
2850 3408 3031 3454 autem
3047 3399 3273 3453 audiens
3303 3400 3379 3452 ait
3404 3400 3528 3453 illis.
3545 3398 3661 3452 Non

2057 3483 2195 3541 Opus
2221 3470 2422 3525 habent
2446 3472 2561 3525 sani
2583 3472 2847 3524 medicum
2871 3470 2965 3525 sed
2990 3470 3131 3525 male
3157 3470 3439 3525 habentes.
3458 3469 3664 3524 Euntes

2058 3552 2239 3595 autent
2256 3542 2445 3598 discite
2467 3543 2593 3612 quid
2624 3541 3141 3597 estMisericordiam
3157 3543 3277 3596 volo
3299 3551 3351 3595 ct
3368 3557 3475 3594 non
3494 3541 3667 3594 sacri-

2060 3612 2243 3666 ﬁcium
2285 3613 2401 3667 Non
2434 3616 2583 3668 enim
2610 3614 2731 3667 veni
2761 3628 2955 3667 vocare
2978 3613 3175 3681 justos.
3207 3613 3301 3667 sed
3327 3622 3661 3679 peccatores.

2061 3682 2213 3737 Tunc
2237 3695 2583 3739 accesserunt
2605 3684 2668 3737 ad
2697 3700 2819 3739 eum
2850 3683 3103 3752 discipuli
3129 3683 3391 3739 Johannis
3418 3684 3665 3736 dicentes

2061 3754 2239 3819 Quare
2272 3770 2368 3810 nos
2396 3768 2448 3809 et
2480 3756 2754 3811 Pharisaei
2789 3755 3098 3823 jejunamus
3140 3754 3471 3824 frequenter.
3503 3755 3667 3807 disci-

2061 3827 2172 3894 puli
2204 3836 2379 3880 autem
2423 3828 2496 3880 tui
2531 3842 2635 3879 non
2662 3826 2929 3895 jejuuant.
2965 3826 3030 3880 Et
3066 3826 3139 3879 ait
3172 3826 3276 3880 illis
3306 3826 3465 3880 .Iesus
3496 3824 3663 3878 Nunt-

2062 3898 2191 3967 qttid
2239 3906 2461 3966 possunt
2518 3896 2610 3950 lilii
2660 3894 2845 3967 sponsi
2897 3894 2974 3966 (a)
3018 3897 3287 3966 jejunare.
3320 3896 3361 3968 ἰ·
3410 3895 3667 3968 quamdiu

2064 3984 2185 4021 cum
2237 3972 2318 4021 eis
2364 3979 2447 4023 est
2496 3982 2745 4037 Sponsus.
2779 3967 3013 4023 Venicut
3053 3977 3232 4023 autem
3264 3966 3404 4022 dies.
3451 3966 3667 4037 quando

2063 4040 2337 4093 auferetur
2364 4040 2433 4094 ab
2463 4039 2542 4093 eis
2572 4054 2825 4109 sponsus.
2876 4048 2931 4094 et
2979 4049 3105 4093 tunc
3129 4040 3471 4109 jejunabunt.
3500 4037 3669 4092 Nemo

2066 4117 2244 4165 autem
2296 4112 2587 4164 committit
2657 4112 3070 4164 commissuram
3146 4111 3306 4179 panni
3385 4110 3555 4163 rudis.
3612 4110 3667 4162 in

2074 4182 2400 4236 vestimento
2450 4183 2643 4236 veteri.
2697 4183 2836 4235 tollit
2890 4182 3033 4237 enim
3068 4180 3457 4249 plenitudinem
3492 4182 3607 4246 ejus
3638 4194 3668 4232 a

2072 4253 2395 4307 vestimento
2418 4256 2639 4321 etpejor
2663 4254 2896 4307 scissura
2926 4252 3007 4305 ﬁt.
3032 4252 3215 4323 Neque
3233 4255 3454 4307 mittunt
3485 4251 3667 4305 vinum

2071 4338 2269 4378 novum
2304 4327 2354 4377 in
2406 4336 2553 4379 utres
2602 4333 2816 4378 veteres
2862 4324 3099 4393 alioquin
3149 4333 3469 4393 rumpentur
3495 4329 3666 4375 utres.

2071 4403 2128 4450 et
2174 4396 2357 4449 vinum
2385 4394 2693 4450 cll‘undetttr
2740 4404 2795 4450 et
2820 4404 2969 4449 utres
3022 4404 3265 4463 pereunt.
3332 4393 3439 4449 Sed
3480 4393 3664 4446 vinum

2073 4480 2269 4520 novum
2301 4468 2352 4520 in
2378 4476 2522 4520 utres
2549 4480 2717 4520 novos
2747 4466 2967 4520 mittunt
2994 4476 3048 4522 et
3076 4466 3238 4521 ambo
3250 4473 3665 4521 conservantur.

2074 4537 2220 4594 Haec
2250 4538 2343 4593 illo
2373 4538 2627 4609 loquente
2646 4536 2713 4592 ad
2735 4552 2851 4592 eos.
2880 4552 2969 4592 ec-

1047 4671 1444 4730 VARIANTES
1487 4671 1869 4731 LECTIONES
1904 4669 2170 4729 CODICIS
2210 4672 2322 4728 MS.
2365 4671 2424 4727 S.
2467 4671 2979 4729 GERMANENSIS.

425 4793 447 4883 ξ
481 4792 720 4866 Magister
742 4796 913 4842 vester
936 4801 1049 4841 cum

479 4868 608 4903 sants

430 4914 451 4980 ξ
482 4917 546 4980 sit
571 4931 582 4965 :
604 4916 986 4967 Mlsericordiam
1011 4914 1140 4980 volo,
1165 4926 1310 4979 quam
1331 4914 1637 4980 sacriﬁcium,

430 4974 451 5007 "
484 4977 544 5026 ad
568 4980 906 5039 pmnitetttiam
932 4982 979 5029 ⁸.
1124 4974 1136 4980 ’
1183 4974 1199 4979 ’
1344 5010 1349 5013 -

2129 4792 2151 4823 δ
2187 4792 2237 4840 in
2261 4790 2359 4841 illis
2380 4791 2577 4842 diebus.

2133 4852 2154 4883 ⁸
2188 4852 2521 4903 fortitudinem

2130 4916 2151 4946 ⁷
2186 4918 2365 4980 rumpit
2392 4919 2571 4977 vinum,
2594 4920 2734 4967 utres
2756 4918 2811 4966 et

1718 5066 2086 5126 BLANCIIINI
2114 5070 2345 5127 NOTAE.

440 5167 467 5195 ιι
517 5154 876 5230 Consentium
920 5158 1107 5214 Graeca
1175 5160 1547 5230 exemplaria,
1604 5159 1694 5214 ubi
1746 5160 1962 5216 additur

368 5234 439 5293 εἷς
459 5231 750 5303 μετάνοιαν,
780 5228 831 5283 id
859 5237 941 5283 est
958 5231 1008 5303 in
1036 5228 1397 5299 pmttitentiunt.
1434 5232 1542 5288 Sed
1573 5232 1841 5288 curiosius
1861 5232 1963 5287 0h-

371 5301 697 5358 ser’vandum
743 5310 826 5353 est
857 5301 1125 5355 variantes
1155 5303 1415 5358 lectiones
1456 5305 1702 5360 codicum
1753 5316 1969 5360 nostro-

370 5389 552 5429 rorum
582 5388 722 5445 mss.
770 5372 1000 5445 inveniri
1049 5372 1189 5441 apud
1219 5373 1276 5445 S.
1312 5373 1608 5439 Hilarium,
1660 5384 1715 5429 et
1742 5376 1880 5445 apud
1904 5378 1961 5431 S.

367 5444 725 5517 Augustinum
758 5461 771 5498 :
818 5442 1059 5517 Hilarius
1088 5444 1232 5517 enim
1260 5444 1313 5497 in
1340 5454 1501 5513 caput
1523 5462 1552 5499 x
1578 5442 1809 5501 Mattltaei
1840 5448 1968 5517 legit

366 5515 597 5585 primum
620 5555 634 5577 ,
666 5514 1078 5570 Misericordiam
1125 5514 1239 5567 volo
1259 5556 1272 5579 ,
1315 5530 1466 5585 quam
1521 5517 1832 5585 sacriﬁcium
1857 5559 1872 5583 ,
1899 5514 1970 5572 Vut

365 5584 471 5641 ins.
494 5584 665 5640 codex
689 5585 1221 5650 san-Germanensis;
1247 5595 1301 5641 et
1330 5596 1539 5656 postea,
1556 5584 1968 5642 Misericordiam

2070 5165 2222 5231 volo,
2256 5181 2359 5219 non
2399 5165 2712 5234 sacriﬁcium
2740 5204 2755 5230 ,
2796 5164 2951 5234 juxta
3000 5162 3278 5234 exemplar
3315 5160 3668 5234 Corbeiense.

2072 5237 2225 5304 Quod
2250 5236 2500 5291 similiter
2531 5233 2672 5305 apud
2700 5233 3059 5306 Augustinum
3101 5233 3341 5305 reperies
3372 5234 3465 5287 lib.
3518 5248 3573 5306 ll»
3603 5233 3672 5287 de

2073 5310 2356 5363 Consensu
2404 5304 2737 5376 Evangelist.
2794 5304 2946 5361 itum.
2995 5307 3085 5361 (il.
3141 5304 3197 5360 In
3251 5314 3399 5359 textu
3448 5304 3669 5372 quidem

2080 5379 2428 5449 Evangelico,
2445 5378 2499 5431 Μ
2506 5377 2856 5449 isericordium
2884 5378 3019 5442 volo,
3044 5387 3093 5431 ct
3115 5392 3218 5430 non
3237 5376 3552 5449 sacriﬁcium
3575 5389 3593 5438 ,'
3616 5384 3673 5429 et

2080 5445 2275 5506 deinde
2304 5450 2356 5503 iu
2381 5451 2601 5504 recitata
2650 5448 2970 5517 Propltetica
3015 5449 3319 5515 sententia,
3372 5445 3673 5501 Misericor—

2080 5520 2221 5575 diam
2250 5521 2387 5588 volo,
2409 5536 2563 5592 quam
2585 5520 2916 5591 sacriﬁcium.

440 5717 519 5791 (a)
554 5717 631 5800 Ita
675 5726 731 5773 et
757 5720 881 5800 cod.
907 5720 1063 5800 Cant.
1088 5722 1374 5800 νιηιγηύιειτι2
1402 5752 1473 5764 -
1502 5720 1579 5794 (b)
1629 5722 1849 5781 Addunt
1879 5724 1934 5779 in

2066 5741 2085 5782 ι
2114 5724 2292 5780 diebus
2320 5731 2377 5781 et
2408 5725 2637 5800 ita:cod.
2683 5724 2841 5782 Cant.
2875 5726 2928 5780 ἄν
2964 5725 3175 5783 ἐκείναις
3199 5732 3315 5785 ταὶς
3344 5722 3577 5798 ὁμέραις,
3608 5734 3676 5777 ac

384 5789 542 5847 vers.
574 5789 841 5847 Saxonica
891 5806 959 5848 ex
986 5794 1169 5849 Marco
1191 5835 1207 5863 ,
1236 5805 1329 5852 aut
1352 5789 1517 5851 Luca.
