4048 6188
374 328 471 385 195
1326 330 1779 391 EVANGELIUM
1818 328 2195 391 SECUNDUM
2224 328 2664 388 MATTHA‘JUM.

2496 441 2725 501 CODEX
2771 440 3227 499 VERONENSIS.

765 442 997 501 CODEX
1027 444 1561 506 VERCELLENSIS.

1198 542 1285 597 uis
1302 550 1359 598 et
1380 543 1593 597 turbam

1198 623 1333 668 tum.
1382 654 1393 663 .
1426 614 1611 668 ltuan-

1199 692 1305 739 tem
1326 724 1342 753 ,
1377 685 1612 741 dicebat.

1194 754 1285 809 24.
1331 756 1585 813 ﬁecedite
1610 775 1623 812 :
1653 769 1762 811 non

1193 838 1395 883 esten.
1441 867 1455 882 .
1502 867 1573 883 ..
1623 845 1673 883 ο.
1726 870 1740 883 .

1196 907 1283 952 tua
1299 899 1445 968 puel.
1493 939 1507 953 .
1533 941 1548 965 ,
1572 899 1670 956 sed

1191 968 1413 1025 dormit.
1446 971 1514 1026 Et
1538 972 1634 1026 de-

1191 1039 1442 1097 ridebant
1465 1059 1610 1097 eum.

1190 1111 1281 1167 25.
1325 1112 1434 1168 Sed
1447 1130 1570 1169 cum
1593 1114 1740 1182 ejec-

1190 1190 1241 1237 ta
1270 1193 1415 1240 esset
1444 1186 1601 1241 turba
1624 1184 1697 1255 (b)
1719 1227 1735 1253 ,

1187 1255 1335 1335 venit
1360 1296 1375 1321 ,
1405 1255 1447 1326 -ι-
1475 1266 1529 1311 et
1557 1268 1712 1312 tenu-

1188 1332 1466 1380 itmanum

1188 1395 1331 1464 ejus.
1364 1396 1431 1452 Et
1450 1414 1635 1454 surre-

1187 1466 1281 1522 26.
1325 1470 1404 1522 xit
1426 1470 1627 1537 puella.
1656 1468 1727 1525 Et

1186 1538 1320 1592 exiit
1338 1538 1479 1594 fama

1186 1607 1323 1665 haec
1352 1610 1403 1665 in
1432 1612 1554 1667 uni-

355 551 423 592 ce
449 536 708 606 princeps

357 623 509 664 unus
530 606 773 674 accessit,

356 690 419 735 et
447 680 705 736 adorabat

359 767 509 825 eum,
540 750 651 805 di.
696 787 713 805 .
758 790 770 805 .
813 766 879 807 ns
908 752 1023 825 (a):

350 823 465 877 tilia
497 837 583 877 me
626 863 639 874 .
686 859 702 874 .
748 862 763 876 .
808 839 867 878 o-

348 893 577 949 dodefu
620 932 634 945 .
680 934 695 949 .
740 934 754 949 .
798 909 828 948 a

347 965 599 1020 est:sed
644 1005 661 1020 .
708 1005 723 1021 .
768 1005 783 1021 .
825 966 901 1033 ni,

348 1037 554 1107 inpone
577 1051 699 1091 ma-

348 1123 788 1164 nums...r

345 1188 586 1242 eam,et
608 1179 661 1233 vi
706 1219 719 1231 .
766 1220 779 1233 .
822 1190 898 1236 et.

349 1251 438 1324 ξε).
482 1250 550 1305 Et
574 1266 805 1324 surgens

345 1321 529 1387 Jesus,
557 1337 617 1378 se
659 1321 692 1375 ,⁷
720 1364 734 1377 .
777 1322 934 1379 neba-

348 1404 439 1447 ῙιΙΓ
461 1410 603 1455 eum,
627 1409 751 1449 cum

344 1464 627 1534 discipulis
653 1480 747 1521 su-

343 1536 435 1590 20.
481 1539 546 1591 is.
576 1536 644 1591 Et
676 1552 806 1593 ecce

341 1606 560 1673 mulier,
590 1623 711 1678 qua:

340 1678 624 1749 sanguinis
1184 1694 1397 1735 versam
1432 1693 1541 1738 ter-

341 1749 703 1820 praeﬂuvium
1184 1766 1300 1805 ram
1326 1752 1492 1808 illam.

335 1822 573 1877 habebat
603 1837 697 1876 xu.
1179 1820 1267 1876 27.
1302 1823 1370 1877 Et
1392 1833 1706 1885 transeunte

1174 1893 1300 1949 inde
1333 1895 1459 1952 Jesu
1475 1938 1492 1963 ,
1524 1914 1683 1955 secu-

1176 1964 1214 2018 ti
1243 1977 1368 2021 sunt
1383 1983 1508 2023 eum

1175 2035 1283 2091 duo
1305 2041 1483 2106 caeci,
1514 2041 1623 2096 cla-

1172 2119 1383 2164 mantes
1409 2129 1420 2165 :
1454 2112 1615 2169 Mise-

1173 2193 1297 2250 rere
1325 2182 1480 2237 nobis
1505 2225 1521 2250 ,

1171 2249 1262 2307 28.
1279 2250 1369 2330 .tili
1394 2254 1588 2330 David.
1622 2256 1691 2313 Et
1716 2258 1792 2330 (ο)

1169 2323 1317 2378 venit
1348 2325 1402 2378 in
1428 2326 1526 2381 d0-

1169 2408 1315 2448 mum
1336 2436 1350 2461 ,
1375 2394 1415 2465 1-
1446 2406 1503 2451 et
1530 2414 1714 2455 acces—

1167 2475 1355 2544 serunt
1374 2466 1441 2522 ad
1462 2484 1584 2544 eum
1619 2471 1699 2544 (ά)

1165 2535 1273 2609 duo
1301 2537 1342 2609 οἷο
1362 2542 1530 2594 caeci.
1563 2535 1694 2607 Qui;

1164 2606 1267 2663 bus
1291 2606 1362 2663 ait
1393 2609 1550 2667 Jesus
1582 2606 1603 2667 ξ
1626 2614 1759 2669 Cre-

1165 2677 1295 2733 ditis
1324 2682 1470 2750 quod
1503 2698 1631 2750 pos-

1165 2763 1284 2804 sum
1305 2750 1409 2805 itoc
1424 2750 1571 2808 face-

1166 2835 1227 2876 re
1249 2821 1444 2877 vobis?
1477 2824 1671 2881 Dicunt

1166 2893 1221 2963 ei
1247 2908 1261 2957 ;
1290 2893 1474 2962 utique
1500 2936 1514 2959 ,
1538 2895 1788 2963 Domine.

1165 2962 1257 3018 29.
1278 2963 1648 3038 ‘Tunctetigit

1169 3034 1358 3090 oculos
1378 3034 1601 3104 eorum,

1165 3104 1352 3161 dicens
1385 3125 1396 3159 :
1428 3108 1569 3165 Secu
1581 3127 1642 3166 n—

1164 3177 1290 3231 dum
1319 3178 1480 3233 ﬁdem

1161 3255 1398 3304 vestram
1429 3252 1491 3305 ﬁ-

1160 3319 1250 3375 30.
1292 3330 1348 3374 at
1372 3324 1545 3379 vobis.
1582 3334 1637 3380 et
1672 3333 1782 3381 sta-

1162 3392 1256 3444 tim
1281 3395 1454 3462 aperti
1477 3405 1607 3451 sunt

756 3505 990 3561 conex
1016 3494 1491 3566 CORBEIENSIS.

322 3610 388 3671 cc
415 3599 429 3629 ¹
464 3599 715 3671 princeps
752 3614 891 3654 unus
913 3601 1169 3667 accessit,
1192 3603 1877 3667 ctadorabateum,dicens
1909 3622 1924 3659 :

321 3670 702 3735 Doniiue,ﬁlia
729 3686 844 3725 mea
876 3672 1036 3726 modo
1057 3673 1307 3729 defuncta
1351 3686 1435 3730 est
1464 3692 1476 3727 :
1510 3677 1602 3730 sed
1632 3678 1789 3741 veni,
1822 3680 1925 3730 im-

323 3755 467 3817 pone
498 3752 905 3817 manumtuam
950 3760 1111 3813 super
1137 3761 1254 3799 eam
1274 3788 1287 3809 ,
1318 3756 1373 3801 et
1398 3748 1560 3801 vivet.
1596 3747 1665 3801 Et
1694 3763 1922 3817 surgens

321 3812 516 3888 Jesus,
568 3812 1074 3888 sequebatur‘cum‘,
1104 3816 1123 3846 ²
1159 3826 1213 3870 et
1242 3818 1487 3886 discipuli
1531 3819 1666 3888 ejus.
1700 3820 1764 3872 Et
1793 3812 1922 3873 ecce

321 3885 543 3951 mulier,
572 3900 693 3955 quze
719 3886 993 3955 sanguinis
1020 3885 1222 3941 ﬂuxum
1252 3888 1271 3918 ³
1304 3885 1605 3956 patiebatur
1633 3890 1918 3945 duodecim

318 3956 501 4021 annis,
535 3959 766 4011 accessit
800 3966 969 4023 retro,
998 3967 1052 4011 ct
1078 3959 1250 4027 tetigit
1277 3959 1297 3989 ’δ
1326 3960 1591 4015 ﬁmbriam
1616 3962 1923 4015 vestimenti

320 4029 458 4095 ejus.
490 4028 717 4102 Dicebat
738 4030 880 4102 enim
906 4029 1043 4082 intra
1067 4044 1162 4102 se:
1195 4031 1249 4102 _Si
1274 4032 1501 4102 tetigero
1530 4043 1735 4087 tantum
1759 4034 1925 4087 vesti-

319 4108 563 4153 mentum
595 4099 737 4168 ejus,
771 4098 916 4152 salva
945 4114 1057 4153 cro.
1092 4100 1162 4155 At
1186 4100 1345 4155 Jesus
1380 4098 1716 4169 conversus,
1749 4116 1803 4158 et
1844 4104 1921 4156 vi-

315 4168 449 4223 deus
477 4186 624 4235 eam,
655 4170 797 4223 dixit
825 4186 839 4223 :
872 4171 891 4200 ⁵
917 4169 1143 4226 Conlide
1172 4173 1279 4226 lilia
1300 4214 1315 4237 ,
1346 4172 1481 4228 ﬁdes
1508 4185 1593 4227 tua
1623 4187 1672 4229 te
1709 4176 1920 4228 salvam

319 4239 463 4294 fecit.
485 4242 550 4315 fit
580 4240 727 4315 salva
742 4242 877 4315 facta
892 4250 976 4296 est
994 4242 1187 4315 mulier
1206 4259 1267 4298 ex
1284 4244 1373 4298 illa
1389 4245 1537 4300 liora.
1556 4246 1623 4299 Et
1646 4262 1808 4315 quum
1830 4262 1921 4300 ve-

318 4312 724 4385 nissetlesusin
744 4313 992 4367 6domum
1016 4314 1295 4381 cujusdam
1316 4317 1595 4385 principis,
1620 4312 1676 4370 et
1696 4316 1923 4371 vidisset

319 4384 567 4438 tibicines
585 4394 639 4439 et
674 4384 881 4437 turbam
896 4384 1335 4450 tumultuantem,
1362 4387 1871 4443 dicebat.Recedite
1902 4408 1917 4441 :

316 4470 423 4507 neu
451 4466 530 4507 est
551 4456 695 4509 enim
713 4466 921 4509 mortua
938 4456 1138 4525 puella,
1158 4458 1252 4512 sed
1280 4459 1498 4513 dormit.
1523 4458 1924 4513 Etderidebant

316 4541 462 4579 cum.
496 4527 564 4580 Et
585 4542 749 4596 quum
782 4526 949 4596 ejecta
973 4538 1120 4581 esset
1145 4529 1297 4584 turba
1320 4571 1333 4592 ,
1372 4531 1391 4561 ⁷
1417 4540 1471 4584 et
1496 4531 1666 4584 tenuit
1697 4545 1915 4583 manum

316 4599 457 4660 ejus.
514 4597 584 4651 Et
627 4598 867 4652 surrexit
912 4598 1113 4666 puella.
1138 4599 1355 4656 Etexiit
1387 4600 1524 4655 fama
1554 4600 1688 4656 haec
1718 4600 1771 4654 iu
1798 4602 1920 4655 uni-

316 4682 529 4721 versam
561 4676 762 4723 terram
791 4669 960 4723 illam:
999 4669 1064 4723 Et
1094 4679 1409 4727 transeunte
1438 4671 1565 4727 inde
1616 4672 1740 4728 Jesu
1764 4714 1778 4739 ,
1822 4687 1918 4727 se-

314 4742 423 4792 cuti
456 4750 582 4793 sunt
608 4755 730 4794 eum
769 4741 876 4795 duo
906 4739 1095 4804 caeci,
1151 4743 1449 4799 clamantes
1472 4785 1486 4809 ,
1538 4754 1593 4799 et
1621 4744 1868 4799 dicentes
1898 4763 1914 4797 :

313 4809 579 4865 Miserere
609 4812 817 4875 nostri,
852 4812 927 4865 ﬁli
949 4812 1138 4866 David.
1173 4817 1195 4845 ⁸
1221 4815 1395 4881 Quum
1441 4824 1620 4869 autem
1679 4815 1917 4869 venisset

313 4882 536 4935 domum
567 4924 581 4948 ,
635 4891 984 4940 accesserunt
1028 4882 1093 4936 ad
1148 4900 1270 4941 eum
1320 4887 1490 4942 caeci.
1542 4886 1610 4939 Et
1657 4885 1789 4940 dicit
1836 4885 1916 4941 eis

314 4950 476 5007 Jesus
502 4971 514 5005 :
539 4952 772 5009 Creditis
820 4956 945 5025 quia
980 4969 1218 5025 possum
1246 4956 1349 5011 hoc
1376 4957 1555 5013 facere
1598 4958 1799 5013 vobis?
1827 4956 1919 5010 Di-

313 5036 444 5076 cunt
526 5025 639 5097 ei;
677 5024 911 5096 Utique,
977 5024 1224 5097 Domine.
1286 5029 1437 5084 Tunc
1491 5028 1663 5097 tetigit
1726 5028 1917 5084 oculos

313 5109 543 5163 eorum,
591 5096 814 5152 dicens:
859 5096 1169 5155 Secundum
1200 5100 1366 5156 [idem
1390 5096 1626 5155 vestram
1676 5100 1767 5155 ﬁat
1814 5115 1916 5155 vo-

311 5165 420 5221 bis.
449 5168 517 5223 Et
559 5170 731 5239 aperti
757 5179 885 5225 sunt

335 1893 521 1960 annis,
548 1908 729 1949 acces-

335 2001 352 2016 .
400 2003 415 2019 .
461 1963 503 2019 it
530 1974 699 2031 retro,
732 1973 787 2019 et

335 2036 778 2091 .....vesti

336 2144 349 2156 -
398 2148 411 2163 .
462 2148 474 2160 .
522 2148 536 2161 .
578 2117 751 2161 ntum.

333 2178 427 2233 2|.
471 2178 609 2248 ejus.
638 2178 862 2234 Dicebat

328 2251 479 2304 enim
507 2250 646 2304 intra
670 2265 770 2306 se:

326 2319 389 2376 Si
420 2322 651 2391 tetigero
864 2322 873 2329 ’

328 2393 716 2447 vestimentum

326 2464 469 2531 ejus,
496 2463 648 2518 salva
674 2478 789 2518 ero.

325 2535 420 2588 22.
461 2536 544 2589 Ad
576 2534 667 2589 ille
696 2549 929 2593 convcr-

326 2621 444 2673 sus,
473 2605 664 2661 videns
690 2620 828 2671 eam,

290 2677 379 2731 .di
423 2716 437 2729 .
483 2716 500 2733 .
550 2717 564 2730 .
608 2675 969 2732 tzConstans

324 2762 385 2803 es
428 2789 442 2801 .
494 2788 510 2802 .
554 2747 743 2813 oﬁlia,
769 2748 902 2805 ﬁdes

326 2829 412 2872 tua
445 2828 501 2873 te
531 2819 737 2873 salvam
823 2827 827 2831 '

321 2889 471 2945 fecit.
498 2889 568 2944 Et
584 2890 737 2945 salva

324 2961 469 3015 facta
494 2971 580 3017 est
604 2976 725 3015 mu»

326 3032 429 3086 lier
454 3048 518 3087 ex
546 3033 633 3087 illa
663 3032 762 3088 h0-

322 3102 416 3157 23.
461 3120 557 3158 ra.
578 3102 647 3157 Et
669 3119 789 3159 cum

323 3175 567 3230 venisset
595 3173 750 3231 Jesus

322 3245 381 3298 in
414 3247 635 3301 domum

323 3316 589 3387 principis
611 3359 627 3384 ,
649 3316 731 3372 vi-

321 3388 461 3445 dens
490 3388 687 3445 tubici-

2064 541 2315 613 princeps
2330 555 2468 613 unus

2061 608 2293 669 accessit
2315 611 2536 668 nomine
2552 608 2666 665 Jai-

2061 699 2154 739 rus
2174 726 2189 748 ,
2224 693 2278 739 et
2299 683 2435 739 ado-

2060 755 2215 810 rabat
2231 770 2354 809 eum
2375 795 2393 821 ,

2059 825 2248 881 dicens
2276 826 2353 897 (a)
2381 843 2392 879 :
2420 824 2529 881 ﬁlia
2560 838 2681 881 mea

2059 898 2222 952 modo
2245 897 2501 952 defuncta

2059 978 2145 1024 est
2174 986 2187 1021 :
2223 968 2317 1024 sed
2344 968 2466 1023 veni
2494 1012 2508 1036 ,

2058 1040 2276 1110 impone
2304 1055 2521 1095 manum
2552 1054 2644 1094 su-

2056 1126 2156 1181 per
2174 1127 2293 1167 eam
2317 1153 2330 1175 ,
2355 1119 2409 1165 et
2430 1110 2595 1165 vivet.

2057 1182 2147 1237 19.
2216 1184 2284 1237 Et
2311 1196 2540 1251 surgens

2055 1252 2214 1309 Jesus
2237 1296 2252 1321 ,
2280 1268 2475 1324 seque-

2055 1325 2215 1380 batur
2246 1340 2369 1379 eum

2056 1411 2179 1450 cum
2207 1395 2488 1465 discipulis
2518 1396 2657 1450 suis.

2052 1467 2143 1525 20.
2192 1467 2259 1521 Et
2288 1482 2416 1523 ecce
2447 1466 2670 1535 mulier,

2054 1554 2191 1608 quae
2212 1539 2488 1608 sanguinis

2054 1610 2263 1664 ﬂuxum
2292 1609 2528 1666 habebat

2056 1690 2153 1735 xu.
2179 1682 2337 1737 annis
2357 1722 2373 1747 ,

2056 1753 2288 1808 accessit

2053 1835 2222 1891 retro,
2258 1833 2311 1879 et
2339 1822 2515 1894 tetigit

2056 1897 2440 1951 vestimentum

2054 1966 2191 2033 ejus.

2051 2037 2144 2092 21.
2189 2038 2412 2094 Dicebat
2441 2036 2584 2092 enim
2613 2037 2695 2093 in-

2052 2117 2134 2190 tra
2165 2126 2225 2166 se
2249 2128 2262 2165 :
2286 2109 2341 2165 Si
2374 2109 2601 2190 tetigero

2050 2188 2261 2236 tantum
2300 2188 2598 2237 vestimen-

2046 2259 2159 2307 tum
2191 2255 2343 2323 ejus,
2377 2251 2525 2307 salva
2552 2266 2667 2307 ero.

2047 2323 2137 2376 22.
2183 2325 2261 2379 Ad
2286 2325 2379 2379 ille

2046 2409 2343 2451 conversus
2359 2436 2373 2462 ,

2046 2466 2238 2522 videns
2267 2482 2386 2521 eam
2410 2506 2425 2531 ,

2046 2536 2185 2591 dixit
2210 2554 2223 2590 :
2253 2538 2524 2591 Constans

2046 2618 2165 2661 esto
2180 2649 2195 2674 ,
2222 2606 2352 2672 ﬁlia,
2389 2606 2527 2662 ﬁdes

2045 2686 2134 2732 tua
2163 2688 2215 2733 te
2242 2678 2446 2732 salvam

2045 2749 2193 2804 fecit.
2224 2748 2294 2803 Et
2319 2748 2470 2805 salva

2043 2821 2181 2875 facta
2209 2830 2291 2875 est
2318 2818 2513 2875 mulier

2043 2907 2114 2946 ex
2146 2892 2233 2947 illa
2268 2891 2423 2947 liora.

2900 534 2991 589 24.
3023 534 3281 591 Recedite
3305 550 3322 590 :

2900 622 3007 661 non
3038 614 3121 661 est
3144 608 3289 661 enim

2897 678 3075 749 puella
3099 685 3310 732 mortua
3328 718 3345 745 ,

2900 748 2996 805 Sed
3025 748 3245 803 dormit.

2900 822 2969 876 Et
2993 820 3312 876 deridebant

2900 893 2991 948 25.
3034 906 3179 947 eum.
3212 892 3277 947 Et
3302 904 3424 947 cum

2900 963 3077 1034 ejecta
3108 972 3254 1018 esset

2903 1036 3061 1090 turba
3087 1076 3102 1102 ,
3134 1034 3214 1106 (b)

2900 1107 3083 1172 venit,
3114 1106 3155 1177 ’ξ-

2901 1189 2955 1233 et
2986 1178 3161 1233 tenuit
3188 1192 3302 1232 ma-

2897 1265 3026 1304 num
3058 1249 3195 1320 ejus.
3230 1250 3297 1303 Et

2895 1323 3132 1376 surrexit
3159 1320 3356 1390 puella.

2892 1392 2985 1447 26.
3019 1393 3088 1446 Et
3117 1393 3227 1447 exit
3254 1392 3392 1446 fama

2892 1463 3029 1519 haec
3060 1464 3109 1517 in
3144 1463 3363 1519 univer-

2893 1550 3008 1590 sam
3051 1544 3250 1590 terram

2895 1606 3067 1661 illam.

2893 1677 2984 1731 27.
3029 1677 3094 1732 Et
3126 1683 3439 1733 transeunte

2895 1749 3021 1804 inde
3058 1748 3220 1815 Jesu,
3250 1763 3339 1804 se-

2894 1823 3004 1875 cuti
3034 1830 3159 1876 sunt
3186 1836 3309 1877 eum

2894 1892 3004 1947 duo
3029 1893 3173 1948 caeci
3198 1933 3212 1959 ,
3250 1891 3495 1947 claman-

2896 1972 2979 2018 tes
3002 2004 3017 2030 ,
3048 1972 3103 2019 et
3129 1965 3373 2019 dicentes
3405 1979 3420 2017 :

2897 2033 3155 2091 Miserere
3181 2034 3384 2100 nostri,

2895 2105 2973 2159 ﬁli
3003 2106 3188 2160 David.

2894 2175 2988 2249 28.
3033 2178 3097 2232 Et
3126 2176 3203 2249 (ε)
3223 2175 3371 2232 venit
3400 2174 3455 2230 in

2895 2247 3149 2313 domum,
3180 2247 3221 2320 έξ-
3249 2255 3308 2305 et

2890 2319 3238 2376 accesserunt
3266 2319 3336 2373 ad

2879 2403 2898 2421 '
2924 2394 3124 2465 timid)
3148 2392 3254 2465 duo
3279 2391 3320 2465 ,1“

2885 2462 3061 2521 caeci.
3093 2464 3159 2517 Et
3186 2462 3321 2516 dixit
3346 2463 3356 2475 '

2890 2535 2998 2591 illis
3025 2532 3183 2588 Jesus
3208 2548 3223 2585 :
3249 2530 3385 2587 Cre-

2887 2605 3016 2662 ditis
3040 2604 3183 2674 quod
3213 2618 3341 2673 pos-

2887 2692 3007 2734 sum
3040 2674 3175 2731 baec
3210 2675 3353 2730 face-

2888 2748 2985 2805 re?
3007 2746 3203 2803 Dicunt
3226 2746 3279 2801 ei
3306 2763 3320 2799 :

2891 2819 3092 2889 Utique
3115 2861 3130 2884 ,
3165 2816 3411 2873 Domine.

2888 2892 2983 2947 29.
3026 2890 3177 2945 Tunc
3204 2890 3378 2960 tetigit

3560 329 3668 390 194

2892 2963 3079 3018 oculos
3102 2975 3291 3016 eorum
3312 3000 3329 3027 ,

2894 3033 3081 3088 dicens
3114 3048 3127 3085 :
3159 3031 3364 3088 Secun-

2891 3106 3023 3160 dum
3048 3103 3207 3159 ﬁdem
3228 3118 3325 3157 ve-

2889 3186 3057 3230 stram
3088 3174 3364 3245 contingat

2888 3248 2979 3303 50.
3022 3246 3197 3302 vobis.

2884 3319 2956 3373 Et
2989 3333 3147 3388 aper-

2884 3390 2923 3444 ti
2951 3399 3078 3445 sunt
3096 3389 3242 3445 oculi

2517 3506 2747 3564 CODEX
2776 3504 3175 3561 BRIXIANUS.

2036 3616 2100 3657 ce
2133 3601 2386 3671 princeps
2404 3615 2567 3655 unus.
2611 3598 2838 3671 veniens
2865 3595 3125 3651 adorabat
3157 3612 3278 3671 eum
3307 3599 3513 3671 dicens.
3544 3598 3652 3653 Do-

2034 3667 2182 3727 mine
2216 3667 2470 3726 ﬁlia'niea
2518 3671 2681 3724 modo
2737 3668 2983 3724 defuncta
3025 3676 3125 3720 est.
3158 3667 3251 3721 sed
3285 3668 3407 3722 veni
3434 3670 3650 3739 impone

2030 3760 2255 3799 manum
2289 3754 2432 3796 tuam
2465 3757 2627 3809 super
2652 3756 2771 3795 eam
2804 3748 2860 3793 ρι
2896 3739 3058 3791 vivet.

2110 3818 2178 3869 Et
2201 3830 2427 3884 surgens
2457 3813 2635 3866 Jesus.
2671 3819 2887 3865 secutus
2914 3820 2998 3865 cst
3027 3826 3148 3884 eum
3180 3826 3311 3884 cum
3363 3810 3648 3884 discipulis

2034 3886 2171 3942 suis.
2211 3887 2275 3940 Et
2299 3881 2439 3939 'ecce
2471 3884 2665 3938 mulier
2695 3897 2833 3951 quae
2864 3881 3141 3952 sanguinis
3170 3881 3373 3935 ﬂuxum
3408 3883 3649 3951 patieba-

2038 3970 2148 4012 tur.
2180 3955 2469 4012 duodecim
2497 3957 2654 4008 annis
2684 3952 2953 4008 accedens
2988 3963 3134 4007 retro
3171 3954 3346 4023 tetigit
3378 3954 3647 4009 ﬁmbriam

2037 4027 2353 4085 vestimenti
2388 4028 2527 4097 ejus.
2579 4025 2800 4079 Dicebat
2831 4023 2976 4097 enim
3008 4025 3149 4079 intra
3200 4040 3261 4079 se
3303 4025 3643 4097 Si_tetigcro

2036 4094 2431 4155 tantummodo
2465 4098 2845 4152 vestimentum
2877 4094 2996 4165 ejus
3026 4097 3172 4150 salva
3220 4110 3338 4165 cro.
3369 4094 3529 4149 .lcsus
3550 4112 3644 4150 au-

2035 4180 2150 4227 tem
2201 4184 2497 4225 conversus
2524 4179 2577 4223 et
2619 4166 2808 4223 videns
2834 4164 2952 4221 eain
2996 4167 3159 4221 dixit.
3202 4164 3470 4221 Constans
3526 4178 3643 4221 esto

2036 4243 2149 4296 ﬁlia
2182 4242 2317 4296 ﬁdes
2341 4250 2433 4294 tua
2458 4248 2509 4295 te
2537 4240 2739 4293 salvam
2758 4234 2887 4293 fecit
2915 4238 2979 4291 Et
2998 4239 3142 4291 salva
3171 4238 3309 4292 facta
3335 4249 3418 4292 est
3446 4238 3645 4293 mulier

2041 2963 2134 3020 25.
2179 2965 2389 3018 Etcum
2418 2976 2515 3018 vc-

2042 3036 2214 3090 nisset
2232 3035 2393 3090 Jesus

2041 3107 2097 3161 in
2129 3108 2348 3162 domum
2379 3106 2527 3176 prin-

2042 3179 2178 3247 cipis
2198 3220 2212 3243 ,
2248 3178 2437 3233 videns
2465 3178 2523 3231 ti-

2039 3249 2247 3305 bicines
2276 3258 2333 3306 et
2367 3248 2581 3306 turbam

2042 3322 2463 3376 tumultuantem
2489 3367 2505 3392 ,

2039 3392 2274 3450 diccbat.

2031 4328 2105 4368 ex
2166 4314 2255 4367 illa
2312 4311 2464 4366 liora.
2520 4311 2591 4364 Et
2643 4311 2869 4364 veniens
2916 4308 3073 4362 Jesus
3134 4309 3185 4362 in
3239 4310 3457 4363 domum
3492 4310 3643 4379 priu-

2030 4384 2173 4453 cipis
2226 4384 2415 4438 videns
2462 4379 2772 4453 tubicines,
2815 4387 2871 4434 ct
2933 4380 3143 4453 turbam
3198 4380 3641 4453 tumultuantem.

2030 4451 2253 4510 dicebat
2296 4454 2395 4509 eis.
2442 4451 2735 4507 Discedite.
2770 4459 2984 4504 nonest
3014 4451 3155 4521 enim
3189 4460 3399 4505 mortua
3441 4451 3637 4521 puella.

2030 4527 2132 4581 sed
2194 4526 2410 4581 dormit.
2471 4524 2538 4578 Et
2595 4522 2897 4577 inridebant
2926 4536 3071 4575 eum.
3100 4518 3233 4574 Cum
3260 4518 3642 4591 autemvejeeta

2028 4606 2184 4652 esset
2238 4597 2411 4651 turba.
2470 4595 2689 4649 intravit
2751 4604 2805 4647 et
2867 4591 3041 4646 tenuit
3108 4607 3323 4648 manum
3377 4593 3516 4662 ejus.
3572 4594 3641 4647 Et

2028 4668 2282 4723 surrexit
2313 4665 2509 4733 puella.
2533 4664 2601 4720 Et
2634 4664 2805 4721 exivit
2847 4662 2987 4717 fama
3039 4664 3171 4719 haec
3227 4665 3279 4719 in
3336 4667 3641 4718 universam

2030 4748 2237 4793 terram
2289 4738 2458 4792 illam.
2488 4735 2559 4790 Et
2605 4744 2918 4791 transeunte
2960 4735 3085 4790 inde
3136 4734 3261 4790 Jesu
3313 4734 3484 4789 secuti
3512 4744 3643 4789 sunt

2032 4826 2161 4866 eum
2211 4810 2317 4865 duo
2373 4808 2542 4863 caeci.
2601 4808 2899 4863 clamantes
2943 4816 2998 4861 et
3046 4807 3309 4861 dicentes.
3379 4804 3642 4862 Miserere

2026 4882 2195 4937 'nobis
2223 4882 2295 4936 ﬁli
2324 4879 2516 4936 David.
2547 4878 2811 4936 Veniente
2850 4888 3029 4933 autem
3070 4892 3135 4931 eo
3176 4876 3229 4929 in
3276 4877 3517 4930 domum.
3550 4892 3642 4933 ac-

2028 4962 2319 5009 cesserunt
2364 4953 2431 5008 ad
2482 4967 2605 5007 eum
2646 4952 2795 5007 caeci
2835 4950 2933 5003 illi.
2972 4948 3040 5002 Et
3077 4948 3151 5001 ait
3190 4946 3299 5001 illis
3322 4946 3481 5003 Jesus
3507 4946 3643 5005 Cre-

2030 5026 2160 5080 ditis
2188 5025 2560 5097 quia_possu_m
2596 5024 2696 5077 hoc
2726 5022 2903 5097 facere
2927 5016 3103 5097 vobis.
3138 5016 3410 5097 Dicuntei
3443 5018 3641 5097 Utique

2034 5088 2285 5152 Domine.
2309 5088 2461 5150 Tunc
2484 5094 2643 5149 Jesus
2663 5089 2835 5161 tetigit
2861 5088 3051 5161 oculos
3060 5104 3260 5161 eorum
3302 5088 3642 5147 dicens.’Se-

2028 5169 2268 5224 cundum
2292 5166 2451 5221 ﬁdem
2474 5174 2709 5220 vestram
2732 5159 2827 5216 ﬁat
2850 5159 3024 5216 vobis.
3057 5159 3129 5219 Et
3152 5163 3326 5235 aperti
3353 5161 3637 5220 suntoculi

1002 5265 1399 5325 VAttlAN'l‘ES
1430 5228 1822 5324 LEC'l’lONES
1864 5261 2140 5323 CODIClS
2181 5260 2293 5315 MS.
2335 5257 2395 5314 s.
2437 5251 2952 5313 GERMANENSIS.

377 5357 403 5447 ἒ
434 5356 958 5485 taxasset“...

379 5480 405 5512 ³
437 5480 648 5535 habebat

378 5543 404 5609 ξ
441 5547 785 5609 vestimentum
809 5545 935 5609 ejus.

376 5606 401 5639 ⁸
436 5604 670 5659 Constans
692 5617 803 5660 esto

2032 5410 2039 5415 _
2100 5354 2123 5386 ο
2154 5352 2352 5415 domum
2372 5349 2622 5415 principis.

2098 5418 2121 5448 ⁷
2153 5412 2395 5465 accedens
2418 5412 2579 5463 tenuit

2098 5479 2122 5511 ⁸
2156 5484 2210 5529 et
2225 5476 2435 5538 venitin
2470 5474 2687 5538 domum,
2712 5479 2767 5527 et
2797 5478 3118 5527 accesserunt
3140 5472 3201 5524 ad
3224 5482 3337 5524 eum
3371 5473 3509 5526 caeci
3545 5473 3639 5528 de-

2037 5547 2320 5607 precantes.
2339 5537 2405 5593 Et
2425 5539 2550 5591 dixit
2572 5537 2678 5590 illis
2694 5553 2708 5590 :

1628 5691 2011 5755 BLANCHINI
2035 5695 2265 5754 ΝΟΤίΕ.

389 5784 471 5857 (a)
496 5787 627 5864 Post
655 5789 851 5864 dicens,
879 5788 1034 5846 deest
1060 5788 1280 5848 Domine
1301 5836 1315 5858 ,
1348 5801 1407 5851 ut
1432 5796 1487 5851 in
1510 5799 1660 5849 textu
1683 5792 1904 5864 Graeco-
1923 5790 2063 5864 —(b)
2084 5792 2254 5864 iuxta
2277 5790 2398 5846 cod.
2428 5788 2583 5864 Cant.
2614 5787 2796 5864 £269».
2826 5818 2893 5828 ——
2916 5786 2986 5863 (ο)
3021 5787 3099 5851 Ita
3127 5798 3182 5854 et
3211 5792 3334 5851 cod.
3366 5791 3638 5864 Cant._mt

310 5856 519 5935 ἔρηται
544 5863 617 5922 εἰς
641 5868 729 5923 τήν
756 5862 935 5934 οἰκίαν,
968 5868 1054 5923 καὶ
1078 5856 1388 5945 προσῆλθον.
1400 5896 1492 5955 ⁸-
1525 5864 1608 5938 (d)
1638 5863 1899 5946 Addunt,

2038 5856 2054 5918 ,⁷
2081 5860 2149 5919 Et
2171 5863 2243 5919 ita
2272 5870 2328 5919 et
2351 5860 2473 5918 cod.
2502 5860 2654 5917 Cant.
2689 5856 2802 5917 δύο.
2852 5902 2869 5935 λ
2925 5856 2933 5863 ’
2965 5856 2975 5861 ’
3534 5862 3545 5869 “
