4048 6188
439 287 540 346 195

826 394 1058 454 CODEX
1091 391 1627 452 VERCELLENSlS.

431 493 574 550 oculi
602 505 792 550 eorum
821 507 836 545 :
1266 487 1358 543 36.
1405 487 1608 543 Videns
1639 495 1816 542 autem

431 577 486 621 et
517 563 827 621 commina—
1269 559 1452 615 turbas
1475 600 1492 627 ,
1519 559 1711 614 miser-

433 646 520 692 tus
543 647 627 691 est
654 635 756 688 illis
776 631 934 690 Jesus
957 672 972 699 ,
1271 641 1355 684 tus
1383 642 1466 685 est
1501 629 1640 699 quod
1668 644 1770 685 es—

429 709 618 762 dicens
645 724 658 761 :
691 704 882 759 Videte
1268 713 1390 757 sent
1413 702 1622 767 vexati,

432 795 500 834 ue
531 779 650 846 quis
678 777 833 831 sciat.
1269 784 1394 828 et...
1428 773 1616 840 céntcs

429 851 517 905 51.
561 849 641 903 llli
682 857 864 902 autem
892 860 1020 903 exe—
1268 847 1407 899 sicut
1432 859 1562 899 oves
1603 857 1710 900 non

431 930 592 976 untes
617 961 630 983 ,
663 917 910 974 dill‘ama-
1269 913 1531 972 habentes
1555 929 1682 986 pas-

428 1001 623 1048 verunt
651 991 704 1044 in
734 1000 818 1045 to-
1272 995 1466 1043 torem.

429 1073 538 1119 tam
570 1071 774 1117 terram

433 1135 602 1189 illam.

431 1206 521 1260 32.
567 1203 812 1275 Egressis
833 1209 1012 1256 autem

432 1277 538 1332 illis
553 1317 569 1344 ,
599 1291 725 1345 ecce
756 1284 909 1345 optu-

429 1341 609 1404 lerunt
630 1345 682 1400 ei
704 1341 759 1402 h.
793 1341 842 1400 ῖ-

1272 1061 1361 1116 57.
1403 1061 1554 1116 Tunc
1580 1057 1716 1116 dixit
1745 1056 1855 1116 dis—

1272 1132 1468 1202 cipulis
1497 1133 1609 1186 suis
1645 1148 1660 1187 :

1267 1202 1456 1258 Messis
1483 1202 1700 1273 quidem

1266 1276 1433 1329 multa
1465 1316 1480 1340 ,
1521 1288 1714 1342 opera-

1267 1347 1311 1400 ri
1341 1356 1520 1400 autem
1556 1361 1688 1415 patt-

434 1419 633 1474 minem
665 1435 783 1474 mu-
1265 1419 1353 1473 38.
1397 1417 1465 1471 ci.
1491 1415 1664 1472 Petite
1688 1415 1866 1483 itaque

431 1500 544 1545 tum
573 1501 628 1546 et
657 1484 881 1545 surdum
904 1525 920 1552 ,
1270 1489 1560 1544 Dominum
1592 1486 1787 1544 messis
1815 1525 1829 1551 ,

433 1563 776 1618 daemonium
1273 1572 1330 1615 ut
1362 1577 1485 1616 ιιι...
1517 1571 1588 1613 tat
1621 1572 1751 1628 opc-

435 1633 746 1689 habentem.
1272 1648 1382 1687 rar.
1395 1672 1407 1685 .
1441 1647 1504 1686 os
1529 1643 1659 1685 suos

1274 1704 1340 1760 ad
1371 1717 1603 1759 messem
1628 1715 1715 1755 su-

1490 1814 1720 1873 CAPUT
1748 1813 1816 1870 Χ.

1267 1913 1319 1967 1.
1355 1926 1461 1965 am.
1495 1909 1561 1963 Et
1595 1923 1726 1964 con-

1265 1982 1471 2038 vocatis
1504 1996 1599 2036 xu.

1265 2053 1504 2122 discip...
1540 2069 1565 2108 s
1596 2068 1684 2108 su-

1263 2127 1334 2194 is,
1367 2124 1514 2181 dedit
1537 2125 1615 2180 eis
1640 2139 1733 2192 po-

1266 2206 1512 2252 testatem
1545 2195 1829 2265 spirituum

1267 2267 1670 2323 immundorum
1693 2307 1709 2335 ,

1265 2349 1324 2394 ut
1345 2342 1586 2395 eicerent

1264 2425 1381 2474 COS,
1411 2420 1466 2466 et
1495 2415 1752 2464 curarent

1264 2497 1482 2537 onmem
1513 2481 1598 2536 lan
1615 2511 1630 2519 -

1263 2568 1492 2624 guorem
1521 2593 1533 2615 ,
1557 2559 1612 2624 et
1639 2565 1756 2606 om-

1265 2621 1390 2680 nem
1420 2621 1643 2678 inﬁrmi-

432 1706 523 1760 55.
566 1704 635 1759 Et
658 1703 834 1772 ejecto
860 1700 988 1757 dae-

436 1778 619 1831 monio
639 1817 655 1842 ,
690 1779 838 1829 locu-

432 1856 518 1903 tus
545 1855 628 1903 est
656 1855 834 1902 mutus
855 1886 868 1912 ,

431 1930 486 1975 et
514 1920 740 1973 miratae

433 1999 560 2046 sunt
587 1989 776 2044 turbae
795 2033 810 2057 ,

431 2060 679 2116 dicentes
712 2077 724 2112 :
753 2057 889 2128 Quia

433 2148 725 2201 numquam
755 2134 832 2187 sic

431 2203 680 2270 apparuit
707 2201 763 2258 in

433 2274 679 2329 Istrahel.

429 2345 518 2401 55.
564 2345 634 2400 Et
675 2343 992 2401 circumibat
1029 2341 1189 2400 Jesus

430 2416 676 2472 civitates
701 2431 823 2471 om-

431 2503 529 2543 nes
557 2497 612 2543 et
637 2487 833 2544 castel-

433 2559 482 2613 la
504 2600 518 2623 ,
554 2559 756 2640 docens
789 2558 844 2620 in

433 2645 721 2699 synagogts

431 2715 620 2755 eorum
638 2741 652 2764 ,
684 2710 736 2754 et
768 2711 919 2768 prae-

433 2770 622 2825 dicans
651 2785 815 2826 evan-

433 2842 634 2912 gelium
663 2857 784 2913 reg-

434 2914 488 2967 ui
514 2953 530 2980 ,
563 2923 619 2967 et
647 2927 846 2968 curans

433 2999 648 3039 omnem
691 2983 839 3039 intir-

435 3055 678 3110 mitatem
711 3073 723 3108 :
757 3063 812 3110 et

435 3126 590 3180 multi
618 3125 792 3181 secuti

434 3208 561 3252 Slllll.
583 3212 726 3252 eum.

1269 2704 1454 2749 tatem.

1268 2765 1323 2819 2.
1367 2762 1660 2820 Duodecim
1689 2777 1786 2816 au-

1273 2847 1378 2892 tem
1408 2840 1445 2888 A
1456 2833 1694 2904 postolo—

1271 2923 1388 2961 rum
1419 2905 1551 2960 haec
1578 2911 1706 2960 sunt

1268 2977 1506 3032 nomina.
1539 2975 1654 3030 Pri-

1267 3064 1416 3112 mus,
1446 3048 1631 3102 Simon
1651 3055 1672 3111 ,'

1267 3121 1355 3189 qui
1385 3120 1581 3173 dicitur
1608 3118 1709 3172 Pe-

1265 3202 1378 3246 trus
1403 3231 1418 3258 ,
1450 3201 1506 3245 et
1535 3189 1744 3246 Andre—

861 3312 1096 3370 CODEX
1124 3309 1594 3368 CORBEIENSIS.

433 3408 576 3462 oculi
608 3421 794 3462 eorum
825 3425 838 3458 :
866 3417 918 3460 et
947 3405 1309 3461 comminatus
1335 3411 1418 3458 est
1442 3405 1546 3457 illis
1573 3401 1753 3466 .lesus,
1785 3400 1972 3456 dicens
2002 3417 2016 3456 :

441 3479 631 3534 Videte
654 3495 718 3534 ne
750 3478 868 3548 quis
890 3478 1043 3532 sciat.
1070 3477 1154 3531 llli
1185 3486 1362 3532 autem
1394 3482 1653 3548 exeuntes
1677 3515 1691 3538 ,
1716 3473 2027 3548 dill'atnave-

439 3560 704 3606 rnnteum
752 3545 805 3603 in
838 3551 851 3580 ¹
895 3557 1002 3604 tota
1035 3557 1178 3604 terra
1210 3550 1320 3602 illa.
1356 3546 1596 3616 l‘lgressis
1651 3552 1829 3616 autem
1881 3545 1984 3600 illis
2007 3587 2022 3612 ,

437 3637 564 3677 ecce
586 3622 896 3678 obtuleruut
927 3622 976 3675 ei
1011 3621 1282 3674 homitwm
1317 3615 1525 3674 mutum
1556 3618 1575 3646 ²
1605 3625 1659 3669 et
1683 3615 2026 3670 daemonium

438 3692 748 3747 habentem.
787 3693 854 3746 Et
879 3693 1054 3760 ejecw
1075 3690 1359 3746 daemonio
1382 3731 1396 3754 ,
1427 3690 1677 3760 loquutus
1700 3699 1779 3741 est
1813 3698 1991 3760 mutus
2011 3727 2027 3752 ,

434 3775 489 3816 et
541 3764 763 3818 miratae
809 3758 936 3818 sunt
977 3766 1200 3826 turbae,
1251 3763 1495 3816 dicentes
1543 3777 1555 3812 :
1606 3758 1904 3827 Numquam
1951 3759 2031 3813 sic

435 3835 682 3904 apparuit
737 3835 790 3889 in
838 3833 1019 3889 Israel.
1058 3834 1352 3904 Pharisaei
1378 3843 1557 3884 autem
1599 3830 1887 3904 dictabam:
1922 3829 1978 3904 lu
2008 3829 2030 3859 ³

441 3899 682 3974 principe
710 3905 1116 3960 daemoniorum
1149 3904 1296 3973 ejicit
1327 3903 1638 3974 daemones.
1674 3899 1741 3953 Et
1768 3899 2032 3974 circuibat

435 3971 592 4032 Jesus
619 3971 866 4032 civitates
895 3992 1084 4031 omnes
1124 3971 1191 4030 et
1224 3974 1481 4038 castella,
1531 3972 1731 4026 docens
1774 3971 1824 4023 in
1866 3986 2026 4042 synao

437 4050 586 4117 gogis
635 4063 857 4113 eorum,
914 4056 968 4102 et
1012 4047 1330 4116 praedicans
1375 4045 1726 4117 evange|_ium_
1754 4044 1935 4117 regni,
1976 4051 2032 4096 et

436 4112 633 4174 curans
653 4112 868 4174 omnem
903 4112 1215 4189 languorem
1236 4158 1249 4179 ,
1274 4126 1329 4171 et
1353 4112 1568 4189 omnem
1591 4114 1611 4143 '*
1642 4112 2027 4189 infirmitatem.

437 4189 639 4244 Videtis
668 4203 848 4245 autem
877 4184 1060 4244 turbas
1081 4230 1094 4251 ,
1127 4189 1376 4242 misertus
1405 4195 1488 4242 est
1513 4188 1593 4240 eis
1624 4203 1636 4238 :
1679 4186 1798 4254 quia
1827 4184 1846 4214 ⁵
1878 4194 2034 4238 erant

439 4263 647 4329 vexati,
694 4274 746 4332 et
791 4262 1035 4332 jacentes
1089 4261 1226 4314 sicut
1255 4275 1410 4332 foves
1441 4273 1548 4312 non
1585 4257 1858 4332 habentes
1893 4271 2033 4332 pas-

439 4328 632 4385 torem.
667 4328 818 4388 Tunc
860 4333 989 4387 dicit
1037 4331 1316 4401 discipulis
1367 4331 1480 4385 suis
1523 4347 1536 4382 :
1581 4328 1768 4401 Mes~is
1815 4328 2032 4401 quidem

439 4401 637 4464 tnolta,
669 4405 900 4471 operarii
933 4416 1115 4458 autem
1147 4399 1319 4472 pauci.
1351 4402 1554 4470 Rogato
1579 4415 1708 4468 ergo
1743 4399 2030 4472 Dominum

437 4475 666 4536 messis,
709 4469 780 4528 int
824 4475 998 4528 mittat
1041 4469 1318 4542 Opei-arios
1373 4469 1690 4542 inimessetn
1742 4484 1916 4542 suam.
1965 4469 2032 4523 Et

435 4545 746 4599 convocatis
777 4545 1058 4599 duodecim
1081 4541 1365 4611 discipulis
1394 4543 1506 4598 suis
1530 4583 1544 4607 ,
1591 4541 1739 4595 dedit
1784 4541 1888 4595 illis
1932 4557 2031 4609 po-

439 4623 693 4675 testatem
724 4615 743 4645 ⁶
770 4615 1054 4685 spirituum
1088 4615 1484 4670 immundornm
1507 4655 1521 4678 ,
1547 4621 1607 4668 ut
1631 4613 1888 4685 ejicercnt
1906 4627 2031 4685 eos,

435 4697 489 4742 et
529 4682 1040 4742 curareut'omuem
1088 4688 1432 4756 languorem,
1467 4692 1523 4739 et
1551 4682 1768 4739 omnem
1808 4682 2035 4738 iulirmi-

437 4767 622 4815 tatem.
674 4757 967 4814 Duodecim
1013 4767 1190 4811 autem
1237 4758 1622 4826 Apostolorum
1661 4757 1877 4810 nomina
1907 4761 2033 4808 sunt

437 4828 587 4955 ban
616 4830 826 4955 ﬁrimus
845 4869 863 4897 ,
897 4828 1084 4886 Simon
1103 4870 1119 4897 ,
1152 4828 1244 4899 qui
1266 4828 1677 4896 cognominatus
1703 4837 1786 4882 est
1811 4826 2026 4893 Petrus,

437 4907 497 4955 et
587 4916 619 4955 n
662 4917 783 4955 reas

437 4907 497 4956 et
537 4902 783 4960 Andreas

971 277 1240 338 EUSEBII
1279 277 1621 336 VERCELL.
1665 275 2116 349 EVANGELIUM
2157 275 2303 334 CUM
2342 273 2575 338 VABllS
2613 273 2770 331 COD.
2809 264 3204 332 COLLATUM.

3626 275 3735 334 195

2564 389 2798 448 CODEX
2840 388 3297 454 VEBONENSIS.

2962 485 3160 552 gelium
3193 484 3344 553 regni
3369 525 3384 550 ,

2964 567 3018 612 Ct
3047 570 3245 609 curans
3267 570 3486 610 omnem

2966 626 3280 695 languorem
3309 667 3323 691 ,
3347 635 3403 681 et

2967 711 3183 762 omnem
3215 698 3442 753 inﬁrmi-

2965 776 3132 824 tatem
3167 785 3179 820 :
3209 778 3264 822 et
3305 771 3462 826 multi

2963 840 3132 894 secuti
3165 849 3291 894 sunt
3313 857 3460 896 eum.

2966 911 3056 966 56.
3101 909 3301 966 Videns
3331 923 3512 970 autem

2968 982 3154 1036 turbas
3178 1023 3192 1046 ,
3221 983 3476 1040 misertus

2133 484 2348 540 illorum
2381 502 2394 538 :

2133 565 2187 610 et
2215 555 2574 612 comminatus

2133 638 2216 681 est
2245 627 2348 682 illis
2376 627 2471 682 Je-

2133 713 2224 752 sus
2241 739 2256 763 ,
2284 699 2470 754 dicens
2503 714 2516 750 :

2134 769 2326 825 Videte
2354 785 2421 825 ne

2133 842 2253 905 quis
2281 843 2434 896 sciat.

2137 913 2226 967 3t.
2271 911 2348 966 Illi
2378 918 2558 966 autem

2135 994 2396 1038 exeuntes
2420 1027 2434 1052 ,
2467 982 2549 1037 di-

2135 1055 2478 1110 {amaverunt

2136 1140 2257 1180 eum
2291 1127 2343 1180 in
2375 1133 2482 1180 tota

2138 1206 2280 1250 terra
2312 1197 2423 1252 illa.

2137 1269 2226 1322 32.
2273 1266 2516 1337 Egressis

2138 1351 2316 1393 autem
2348 1338 2456 1394 illis
2479 1381 2493 1404 ,

2139 1426 2266 1465 cccc
2295 1412 2504 1479 optule-

2139 1490 2265 1536 runt
2293 1483 2339 1535 ei
2375 1480 2548 1535 homi-

2141 1568 2260 1608 nem
2294 1562 2499 1607 tnntum

2141 1635 2195 1679 et
2226 1623 2479 1685 surdum,

2137 1706 2192 1749 et
2218 1695 2562 1750 daemonium

2138 1767 2227 1822 55.
2274 1767 2579 1821 habentem.
2615 1764 2680 1820 Et

2967 1061 3051 1108 est
3080 1053 3186 1107 illis
3213 1071 3226 1108 :
3252 1056 3395 1124 quod

2966 1132 3153 1180 essent
3175 1125 3388 1194 vexati,
3480 1139 3484 1144 ·

2965 1203 3020 1249 et
3041 1200 3288 1264 jacentes

2966 1267 3107 1322 sicut
3131 1283 3262 1324 oves
3301 1282 3406 1322 non

2967 1337 3230 1393 habentes
3258 1350 3555 1408 pastorem.

2968 1409 3059 1463 57.
3103 1409 3254 1466 Tunc
3269 1410 3400 1466 dicit
3423 1411 3582 1468 disci-

2969 1480 3111 1550 pulis
3141 1483 3252 1536 suis
3286 1501 3298 1537 :
3331 1479 3521 1538 Messis

2967 1552 3187 1621 quidem
3217 1553 3407 1619 multa,

2967 1624 3197 1692 Operarii
3230 1629 3424 1688 {autem

2970 1695 3145 1764 pauci.
3181 1695 3390 1765 Rogate

2965 1781 3097 1835 ergo
3131 1767 3412 1821 Dominum

2967 1836 3182 1902 messis,
3212 1849 3270 1891 ut
3301 1839 3479 1892 mittat

2965 1910 3245 1976 operarios
3277 1910 3330 1976 in
3365 1924 3602 1972 messem

2966 1994 3120 2034 suam

3181 2049 3410 2108 CAPUT
3441 2053 3508 2109 X.

2139 1839 2314 1906 ejecto
2344 1835 2633 1891 daemonio
2659 1878 2674 1902 ,

2137 1908 2352 1963 locutus
2376 1918 2460 1963 est
2486 1918 2666 1962 mutus
2682 1949 2698 1975 ,

2129 1987 2185 2034 et
2214 1981 2440 2034 miratae
2474 1981 2606 2034 "sunt

2129 2051 2343 2115 turbae,
2375 2050 2618 2108 dicentes
2645 2067 2658 2103 :

2129 2121 2430 2191 Numquam

2129 2193 2307 2247 taliter
2331 2195 2582 2263 apparuit

2131 2264 2184 2317 in
2213 2264 2462 2318 Istrahel.

2128 2334 2218 2391 54.
2260 2335 2543 2390 Pharisaei
2581 2342 2759 2393 autem

2129 2406 2386 2460 dicebant
2423 2425 2434 2461 :
2465 2407 2522 2461 in

2130 2477 2388 2533 Belzebul
2415 2493 2544 2548 rege

2972 2123 3023 2177 l.
3069 2123 3136 2176 Et
3159 2126 3472 2182 convocatis
3532 2138 3536 2142 '

2966 2193 3265 2268 duodecim
3283 2195 3562 2268 discipulis

2965 2267 3081 2322 suis
3102 2307 3116 2332 ,
3145 2265 3295 2320 dedit
3325 2265 3431 2322 illis

2971 2347 3294 2407 potestatem
3321 2339 3482 2408 spiri-

2969 2419 3116 2464 tuum
3147 2409 3548 2464 immundornm
3568 2421 3604 2475 ,‘

2968 2490 3024 2535 ut
3052 2481 3291 2535 eicerent
3316 2495 3412 2535 eos
3432 2522 3446 2547 ,

2129 2550 2540 2604 daemoniorum
2964 2559 3020 2608 et
3046 2558 3300 2606 curarent
3329 2565 3545 2608 omnem

2128 2620 2257 2675 eicit
2283 2620 2371 2676 hic
2399 2620 2531 2677 dae-
2967 2623 3303 2693 languorem,
3331 2633 3386 2680 et

2128 2706 2344 2746 moues.
2966 2692 3183 2749 omnem
3211 2692 3581 2749 inﬁrmitatem
3737 2697 3766 2718 ‘

2128 2763 2218 2834 2'35.
2265 2763 2332 2816 Et
2358 2763 2624 2820 circuibat
2965 2765 3018 2819 iu
3046 2764 3222 2834 plebe.

2127 2832 2287 2888 Jesus
2315 2834 2564 2889 civitates
2965 2837 3020 2890 2.
3048 2832 3357 2890 Duodecim
3385 2844 3566 2892 autem

2130 2918 2323 2959 omnes
2354 2913 2409 2959 et
2447 2920 2536 2959 ca-

2127 2975 2308 3056 stella,
2337 2975 2546 3059 docens

2129 3061 2182 3099 tn
2219 3061 2512 3118 synagogts

2969 2907 3358 2976 Apostolorum

2965 2981 3183 3032 nomina
3215 2989 3340 3033 sunt
3370 2977 3521 3034 haec.

2967 3049 3184 3104 Primus
3211 3092 3226 3116 ,
3253 3049 3443 3105 Simon
3463 3091 3479 3117 ,

2128 3132 2318 3191 eorum
2339 3160 2352 3185 ,
2387 3126 2444 3173 et
2967 3121 3060 3191 qui
3089 3120 3288 3176 dicitur
3311 3119 3529 3189 Petrus,

2129 3190 2454 3259 praedicans
2479 3205 2645 3246 evan-
2913 3231 2915 3234 ‹
2969 3190 3026 3247 et
3054 3192 3302 3249 Andreas

2599 3307 2834 3366 CODEX
2865 3309 3260 3369 BRIXIANUS.

2130 3416 2340 3456 eorum.

2205 3475 2266 3527 Et
2315 3474 2671 3529 comminatus
2719 3484 2805 3532 est
2852 3476 2959 3531 illis
2997 3475 3157 3532 Jesus
3197 3475 3406 3532 dicens.
3441 3475 3630 3532 Videte
3662 3493 3732 3534 ne

2132 3546 2250 3613 quis
2279 3546 2431 3600 sciat.
2489 3545 2564 3600 illi
2605 3557 2806 3601 autem.
2852 3558 3114 3603 exeuntes
3159 3546 3567 3603 dill‘amaverunt
3604 3565 3729 3606 eum

2135 3617 2184 3669 in
2221 3627 2325 3669 tota
2375 3627 2510 3669 terra
2548 3619 2655 3671 illa.
2699 3619 2941 3688 Egressis
2971 3630 3149 3673 autem
3196 3619 3300 3673 illis
3347 3634 3469 3673 ecce
3514 3619 3728 3674 obtule-

2135 3696 2258 3741 runt
2301 3689 2346 3742 ei
2399 3690 2670 3742 hominem
2715 3701 2918 3744 mntmn
2959 3689 2985 3728 δ
3017 3691 3358 3745 daemonium
3393 3692 3678 3746 habentem
3708 3733 3724 3757 ,

2136 3757 2200 3812 Et
2259 3759 2436 3828 ejecto
2489 3761 2772 3814 daemone.
2831 3762 3040 3815 locutus
3095 3772 3176 3816 est
3247 3773 3446 3816 mutus.
3501 3773 3556 3816 et
3627 3763 3728 3816 mi-

2134 3839 2282 3901 ratae
2309 3832 2654 3901 snntturbae
2681 3833 2945 3886 dicentes.
3000 3832 3302 3900 Numquam
3356 3833 3605 3901 apparuit
3649 3836 3726 3889 sic

2137 3900 2189 3974 in
2237 3901 2275 3954 S
2325 3912 2345 3938 ε
2374 3900 2562 3974 _rahel.
2606 3901 2879 3957 Pharisaei
2919 3915 3098 3959 autem
3123 3905 3376 3959 dicebant
3405 3900 3461 3958 In
3485 3905 3728 3974 principe

2135 3972 2545 4026 daemoniorum
2579 3975 2702 4028 eicit
2733 3973 3038 4029 daemonia.
3076 3977 3140 4030 Et
3168 3976 3431 4031 circuibat
3459 3972 3619 4032 Iesus
3645 3972 3726 4030 ci-

2138 4043 2329 4097 vitates
2360 4059 2552 4118 otnnes
2584 4054 2638 4098 et
2661 4046 2881 4099 castella
2903 4048 3106 4101 docens
3138 4046 3190 4100 in
3222 4050 3510 4118 synagogis
3537 4064 3729 4104 eorum

2137 4123 2192 4189 et
2231 4115 2549 4182 praedicans
2591 4119 2926 4186 eVangelium
2970 4121 3142 4189 regni.
3189 4115 3267 4172 eti
3290 4115 3486 4172 curatis
3513 4135 3727 4174 omnem

2139 4186 2449 4254 languorem
2501 4196 2556 4240 et
2607 4203 2820 4241 omnem
2869 4186 3262 4244 inﬁrmitatem.
3316 4189 3516 4244 Videtis
3546 4197 3727 4244 autem

2139 4259 2322 4309 turbas
2352 4259 2607 4311 misertus
2636 4269 2720 4314 est
2750 4261 2830 4313 eis
2866 4263 3121 4326 quoniam
3166 4269 3323 4314 erant
3367 4263 3550 4316 vexati
3575 4274 3626 4316 et
3650 4262 3736 4330 ja-

2137 4338 2323 4400 ttetttes
2353 4331 2493 4400 sicut
2522 4345 2649 4383 oves
2679 4347 2782 4383 non
2815 4330 3077 4388 habentes
3120 4345 3412 4400 paswretu.

2209 4398 2366 4473 Tunc
2407 4399 2541 4453 dixit
2567 4401 2848 4468 discipulis
2898 4403 3008 4458 suis
3055 4398 3242 4457 Messis
3290 4403 3505 4473 quidem
3560 4404 3728 4458 multa

2138 4471 2370 4550 operarii
2413 4482 2600 4550 autem
2645 4474 2817 4550 pauci.
2868 4473 3074 4550 Rogate
3106 4489 3237 4544 ergo
3274 4471 3558 4530 Dominum
3593 4491 3736 4530 mes-

2139 4543 2234 4594 sis.
2270 4550 2327 4594 ttt
2356 4543 2530 4595 mittat
2561 4545 2841 4611 Operarios
2869 4545 2921 4599 iu
2953 4543 3190 4602 inessent
3214 4561 3388 4600 suam.

2217 4611 2285 4664 Et
2311 4627 2618 4667 eonvoeans
2641 4614 2927 4670 duodecim
2953 4615 3250 4686 diSt'iplliOS
3275 4633 3420 4673 suos.
3450 4616 3602 4676 dedit
3629 4617 3737 4674 illis

2142 4691 2485 4752 potestatem.
2521 4686 2805 4754 spirituum
2853 4689 3257 4743 immundornm
3287 4700 3339 4742 ut
3373 4691 3614 4744 eicerent.
3640 4704 3738 4745 eos

2140 4761 2195 4807 et
2219 4765 2473 4829 curarent
2503 4773 2715 4811 omnem
2742 4760 3054 4829 languorem
3101 4767 3156 4814 et
3185 4775 3402 4816 omnem
3446 4759 3738 4816 inﬁrmita-

2140 4835 2267 4901 tem.
2326 4826 2624 4901 Quodecim
2667 4826 2854 4884 autem
2905 4833 3291 4901 Apostolorum
3338 4834 3557 4886 nomina
3605 4838 3738 4886 sunt

2138 4896 2290 4954 haec.
2333 4897 2546 4954 Primus
2571 4898 2759 4956 Simon
2791 4902 2880 4972 qui
2915 4896 3117 4959 dicitur
3157 4903 3372 4961 Petrus.
3404 4912 3458 4964 et
3485 4901 3738 4962 Andreas

1140 5055 1532 5116 VARIANTES
1557 5052 1940 5115 LECTIONES
1975 5055 2244 5114 CODlCIS
2288 5055 2398 5113 us.
2427 5023 2491 5114 s.
2533 5056 3048 5118 GERMANENSlS.

498 5177 515 5209 ¹
551 5181 701 5228 totam
727 5179 913 5240 terram
934 5174 1490 5240 iilam.Egredientibus

498 5241 519 5270 ¹
554 5247 608 5290 et
631 5239 852 5300 surdum,
879 5237 1192 5287 daemonium

495 5303 516 5364 ἔ
549 5302 784 5352 Belzebul
812 5302 1122 5364 principem.
1140 5302 1392 5364 daemonia
1418 5302 1464 5350 ⁸.

499 5363 522 5396 δ
553 5359 886 5416 inﬁrmitatem
911 5359 1188 5426 in'pOpulo:
1213 5371 1265 5413 et
1287 5363 1423 5413 multi
1447 5365 1604 5418 secuti
1635 5369 1750 5413 sunt
1772 5374 1903 5412 eum.
1931 5359 2020 5412 Vi-

2128 5174 2254 5224 dens
2276 5183 2445 5226 autem
2469 5173 2618 5224 Jesus

2191 5239 2211 5269 δ
2247 5246 2418 5289 essent
2757 5267 2762 5274 -

2192 5300 2212 5363 β
2248 5299 2478 5363 ejiciendi
2503 5301 2702 5363 spiritus
2724 5299 3027 5363 immundos,
3053 5305 3105 5350 et
3128 5299 3334 5363 curandi
3363 5314 3562 5355 omnem
3595 5301 3738 5355 Vale-

2129 5361 2368 5426 tudinem,
2397 5372 2448 5414 et
2465 5361 2662 5414 omnem
2685 5362 3016 5414 inﬁrmitatem
3040 5365 3090 5413 in
3111 5361 3312 5429 populo.

1793 5465 2158 5523 BLANCHINI
2188 5465 2432 5524 NOTIE.‘

514 5575 539 5602 α
582 5563 827 5619 Belzebub
849 5605 864 5630 ,
894 5577 1002 5617 non
1036 5559 1275 5616 Belzebut
1299 5602 1312 5626 ,
1343 5557 1630 5631 legendum
1673 5571 1855 5631 mouet
1897 5560 2024 5616 llic-

442 5650 700 5708 ronymus
730 5636 822 5708 lib.
848 5634 924 5708 de
942 5630 1518 5708 Nomin._llebrai.’l3x
1545 5631 1809 5708 .loltanne.
1833 5630 1898 5686 In
1924 5634 2027 5708 ﬁne

411 5703 564 5779 ,ενρό
605 5705 823 5779 nominis
847 5745 882 5779 ,_
915 5705 1116 5779 inquit,
1161 5706 1190 5761 ὁ
1221 5705 1390 5779 littera
1429 5703 1645 5777 legenda
1685 5712 1795 5779 est,
1829 5720 1930 5758 non
1971 5705 2024 5779 Ιε

441 5773 621 5836 etiam
649 5776 787 5834 enim
807 5775 960 5832 sebub
982 5773 1211 5835 uocatur.
1245 5777 1412 5850 Igitur
1439 5773 1684 5847 tempore
1717 5773 2028 5848 Hieronymi

2130 5561 2395 5638 Beelngnl
2420 5563 2701 5638 legebatur
2731 5565 2783 5620 in
2813 5567 3213 5638 exemplaribus
3239 5568 3464 5628 Latinis.

2204 5632 2236 5774 ἓ
2285 5632 2498 5759 Εἰιιιίιεῐ
2537 5647 2620 5692 est
2662 5651 2897 5708 sequens
2943 5632 3044 5695 vox
3072 5680 3088 5708 ,
3119 5640 3359 5714 surdum,
3390 5659 3531 5716 quae
3557 5646 3740 5704 adhuc

2239 5720 2330 5759 are
2361 5746 2374 5761 .

2133 5720 2374 5776 apparet.

2210 5787 2232 5816 ο
2273 5777 2484 5835 Extrita
2507 5787 2591 5837 est
2615 5778 2668 5833 ά.
