2024 3094
155 148 209 177 197

352 205 466 234 CODEX
483 206 752 235 VERCELLENSIS.

151 261 184 280 as
199 253 284 280 frater
297 252 363 287 ejus.
570 258 596 281 te
606 275 613 287 ,
629 259 752 282 tnortuos
766 261 825 281 sus-

151 289 182 316 5.
204 288 320 316 Iacobus
332 287 417 316 Zehe-
569 289 671 322 citate,
688 289 777 324 lepro-

151 324 210 357 dei,
226 329 254 352 et
266 324 364 352 Johan—
570 332 617 352 sus
629 333 706 354 mun.
728 346 735 352 .
757 329 800 353 ate
811 347 819 358 ,

150 361 197 388 nis
211 360 294 388 frater
306 360 374 394 ejus.
569 360 695 388 daemon.
718 381 725 388 .

150 396 294 431 Philippus
307 416 313 427 ,
326 400 353 423 et
365 394 431 424 Bar-
569 396 648 424 eicite
662 418 668 429 ,
683 397 765 430 gratis

151 431 340 461 tholomaeus.
569 432 713 466 accepiﬂis
724 454 731 466 ι
749 440 808 467 81³·

150 472 180 495 et
193 467 317 494 Matthe..
334 474 356 493 s.
571 468 604 494 tis
614 468 685 495 date.

151 503 313 538 publicanus
325 523 333 534 ,

152 559 159 565 .
185 558 192 565 .
215 559 222 565 .
242 538 360 566 Jacobus
374 538 423 565 Al-

151 574 227 609 pheiI
241 579 269 602 et
282 573 365 601 Judas
381 573 436 600 Ze-

150 608 235 642 iotes,
249 615 275 637 et
287 609 406 637 Thomas
416 630 423 642 ,
442 608 480 645 (α)

570 503 596 530 9.
618 503 706 530 Nolite
720 503 839 539 posside!

569 546 600 566 re
612 547 725 572 aurum,
741 547 788 567 ne—

570 582 623 607 que
636 579 788 609 argentum,

570 617 657 644 neque
672 610 779 645 pecuni-

149 645 180 672 4.
201 651 228 673 et
243 645 343 680 1-Sim.
367 665 374 672 .
397 665 403 672 .
427 664 434 671 .
458 665 465 671 .
488 644 535 672 ha-
571 646 651 673 amin
668 646 743 673 zonis

151 680 392 714 nanaeus,et1u—
461 712 464 715 _
573 680 617 708 10.
638 681 736 709 vestris
753 690 759 708 :
776 688 829 709 non

152 716 183 744 d.
207 738 213 743 .
235 737 242 744 .
264 736 271 742 .
295 739 300 744 .
324 737 331 743 .
353 716 441 750 rioth,
571 724 662 751 peram
680 718 705 744 in
720 717 808 751 viam,

187 773 194 779 .
214 753 242 780 ui
255 756 283 780 et
296 752 405 780 tradidit
429 754 432 756 ⁷

152 796 226 816 eum.

151 824 181 852 5.
202 824 256 851 Hos
271 832 318 850 xu.
332 823 405 851 misit

150 860 246 893 Jesus;
258 860 390 894 praecipi—

150 903 202 923 ens
215 896 254 958 (iis
267 894 328 936 ,'(b)
344 899 371 923 et
384 894 404 931 -ί-
418 894 510 923 dicens
524 903 530 921 :

236 939 251 958 n
266 939 304 958 vr-

236 939 251 958 n
266 939 304 958 VI-

148 974 195 993 am
210 967 329 1001 gentium

148 1010 187 1030 ne
201 1002 323 1030 abieritis
333 1023 341 1034 ,

147 1044 178 1065 et
193 1039 220 1064 in
236 1038 352 1065 civitati-

148 1074 202 1101 bus
217 1074 360 1101 Samarita-

148 1118 248 1137 norum
261 1118 293 1136 ne
308 1109 350 1136 in-

571 760 661 788 neque
675 752 742 780 duas
757 757 799 781 tu-

572 788 661 819 nicas.
676 796 762 823 neque

571 824 745 851 calciamenta
759 845 767 857 ,

569 867 656 894 neque
671 860 760 894 virgas

569 895 595 922 in
614 895 737 923 manibus

568 931 666 958 vestris
681 940 687 957 :
702 931 800 966 dignus

569 970 611 994 est
625 967 696 994 enim
711 974 807 1001 opera—

569 1003 626 1030 rius
640 1001 676 1037 (c)
693 1001 844 1029 mercedem
857 1001 876 1036 ἦ·

570 1045 657 1065 suam.

571 1074 615 1100 Η.
637 1073 665 1100 lu
679 1080 848 1108 quacumque
861 1072 897 1100 ci‘

570 1109 679 1136 vitatem
696 1109 781 1136 intra-

148 1145 178 1173 6.
200 1145 335 1173 traveritis
350 1153 357 1171 :
372 1143 421 1172 sed
568 1145 673 1178 veritis,
690 1144 778 1172 inter-

149 1182 242 1216 potius
260 1182 297 1208 ite
310 1180 344 1208 ad
360 1188 391 1208 ο-
569 1186 674 1215 rogate,
691 1180 751 1215 quis
765 1180 791 1206 in

147 1224 198 1244 res
213 1217 332 1251 perditas
568 1223 599 1242 ea
621 1236 628 1242 .
651 1236 657 1242 .
682 1236 688 1243 .
709 1224 778 1250 gnos
791 1220 832 1243 est
849 1224 855 1241 :

149 1253 250 1279 domus
261 1252 344 1279 Istra-
568 1256 596 1279 et
609 1252 644 1279 ibi
659 1255 766 1278 manete

149 1289 177 1315 7.
199 1288 256 1314 hei.
269 1287 373 1315 Euutes
388 1294 435 1315 au~
568 1287 655 1315 donec
668 1287 783 1314 excatis.

151 1329 205 1351 tem
227 1324 369 1358 praedica-
568 1323 613 1350 12.
634 1323 768 1350 lntrantes
788 1326 876 1349 autem

150 1364 188 1391 te,
203 1359 330 1386 dicentes
343 1368 350 1385 :
364 1358 431 1392 Quia
569 1359 595 1386 in
608 1358 719 1385 domutn
729 1379 735 1390 ,
752 1366 793 1384 sa—

150 1394 357 1430 adpropinqua-
568 1394 654 1421 lutate
667 1401 728 1421 eam
741 1392 783 1430 dif

150 1428 317 1465 vit‘reg'num
569 1434 662 1457 centes
678 1440 684 1455 :
700 1429 756 1456 Pax
773 1428 835 1465 huic

151 1466 179 1493 8.
201 1463 350 1493 caélorum.
364 1465 409 1493 In-
571 1465 615 1493 13.
636 1465 739 1492 domui.
756 1465 790 1492 Et
805 1464 827 1491 si
838 1463 895 1492 fue-

153 1501 248 1529 ﬁrmos
260 1509 340 1529 cura—
571 1502 607 1528 rit
621 1500 719 1529 domus
734 1501 778 1528 illa

367 1557 485 1586 CODEX
497 1557 733 1586 CORBEIENSIS.

155 1607 239 1634 frater
249 1606 318 1640 ejus.
330 1605 447 1632 Jaeohus
458 1605 600 1638 Zebedaei,
612 1611 636 1632 et
646 1606 784 1633 Iohannes
792 1605 874 1632 frater
883 1604 951 1638 ejus,

155 1643 305 1677 Philippus,
316 1646 343 1668 et
362 1642 594 1674 lsirtltolomacus,
613 1641 747 1673 Thomas,
763 1646 790 1668 et
804 1640 953 1677 Matthaeus

154 1676 325 1713 publicanus,
340 1677 588 1713 JacobusAlphaei,
598 1678 642 1704 et‘
659 1677 821 1713 Thaddaeus
835 1697 842 1708 ,
854 1676 952 1713 Simon

155 1711 468 1745 Clmnanaeus,et.lndas
480 1712 617 1744 Scarioth,
632 1714 676 1746 qui
690 1721 750 1739 eum
762 1712 882 1739 tradidit.
900 1711 954 1738 lios

157 1749 298 1776 duodecim
311 1748 383 1776 misit
395 1748 473 1776 Jesus
486 1756 493 1780 ;
511 1748 680 1783 praecipiens
694 1749 745 1780 eis,
767 1749 776 1763 ²
797 1749 890 1775 dicens
904 1757 910 1773 :
928 1748 954 1774 itt

159 1787 231 1813 viam
243 1785 363 1820 gentium
378 1793 411 1811 ne
425 1782 558 1816 abieritis;
575 1790 602 1811 et
616 1785 641 1811 in
655 1784 791 1811 civitatem
808 1783 955 1820 Samarita—

160 1818 255 1848 norum
281 1828 315 1847 ne
329 1820 339 1835 ³
355 1820 514 1847 introieritis
531 1828 538 1845 τ
553 1819 600 1847 sed
627 1820 663 1847 ite
688 1820 777 1854 potius
798 1819 831 1845 ad
857 1827 921 1846 oves
945 1818 955 1833 ⁸

160 1856 280 1891 perditas
293 1855 389 1883 domus
404 1855 496 1882 israel.
514 1855 617 1883 Euutes
628 1861 718 1882 autem
731 1855 899 1891 praedicatc,
916 1854 957 1881 di-

160 1890 287 1924 dicentes
311 1900 317 1917 :
338 1892 405 1925 Quia
429 1892 786 1926 appropinquavit.regnum
805 1890 954 1917 coelorum.

159 1928 287 1955 infirmos
312 1932 405 1954 curate
419 1948 426 1959 ,
444 1930 565 1953 mortuos
580 1927 727 1955 suscitate.
745 1926 867 1960 lerOsOS
882 1934 958 1952 luun-

159 1964 231 1995 datc,
249 1963 259 1978 ⁸
273 1962 420 1990 daemones
441 1962 531 1996 ejicite
547 1983 554 1994 ,
582 1962 664 1997 gratis
686 1962 831 1996 accepistis
844 1983 850 1991 .
874 1962 958 1996 gratis

160 1999 232 2026 date.
253 1998 343 2026 Nolite
359 1998 498 2031 possidere
512 2006 607 2024 aurttut
618 2019 624 2028 ,
643 2006 731 2032 neque
745 2003 896 2032 argentum,
913 2005 959 2024 ne-

160 2043 213 2069 que
236 2034 378 2068 pewniam
400 2034 426 2061 in
441 2034 516 2061 zonis
530 2034 628 2060 vestris
644 2042 649 2059 :
667 2042 723 2060 non
747 2041 836 2067 peram
855 2033 879 2059 in
896 2032 937 2060 via
950 2053 957 2065 ,

160 2078 248 2105 neque
262 2070 331 2097 duas
346 2072 451 2096 tunicas
463 2089 470 2100 .
493 2076 579 2104 neque
594 2069 770 2096 calciamenta
783 2090 791 2101 ,
802 2076 891 2105 neque
906 2069 960 2105 vi_r-

160 2103 221 2141 gam
238 2106 248 2120 ⁸
263 2115 269 2132 :
285 2106 382 2140 dignus
397 2106 468 2133 enim
480 2109 522 2132 est
538 2103 680 2139 operarius
701 2104 824 2131 mercede
845 2112 902 2131 sua.
931 2103 959 2131 In

161 2140 382 2176 quamquumque
396 2145 485 2168 autem
502 2140 638 2167 civitatem
657 2141 665 2155 ⁷
682 2140 840 2167 introieritis
852 2161 860 2172 ,
878 2140 961 2167 inter-

162 2184 256 2212 rogate
268 2197 275 2208 ,
290 2178 350 2212 quis
365 2177 375 2191 ⁸
387 2176 422 2203 ibi
444 2176 542 2212 dignus
561 2176 614 2203 sit:
631 2181 658 2203 et
679 2176 735 2202 illic
751 2181 858 2203 manete
874 2176 961 2212 donec

162 2213 276 2240 exealis.
293 2211 427 2240 [intrantes
441 2216 531 2239 autem
547 2212 574 2238 in
585 2212 706 2243 deruunt,
718 2213 835 2238 salutate
849 2220 907 2238 eam
922 2211 963 2238 di-

162 2254 256 2276 centes
271 2257 278 2274 :
291 2248 347 2275 Pax
362 2249 372 2264 ⁵
386 2248 478 2275 domui
499 2247 570 2275 huic.
587 2247 616 2275 Si
633 2247 741 2282 quidem
761 2247 842 2275 fuerit.
865 2247 962 2274 domus

162 2284 207 2311 illa

630 148 857 184 EVANGBLIUM
876 148 1064 177 SECUNDUM
1084 148 1304 177 MATTIUEUM.

1752 149 1803 178 £08

1218 205 1334 234 CODEX
1353 205 1583 235 VERONENSIS.

1002 254 1028 281 5.
1051 253 1134 280 frater
1149 253 1217 288 ejus.
1237 253 1317 281 Jaco-
1425 258 1489 284 tate,
1505 254 1628 287 luprosns

1002 289 1052 317 bus
1067 289 1200 316 Zeltcdaei
1210 309 1216 315 .
1423 290 1561 319 inundate,
1580 289 1643 316 dae-

1002 329 1030 352 et
1044 325 1184 352 Iohannes
1422 326 1510 352 monia
1527 325 1607 351 eicite
1617 345 1623 356 ,

1001 359 1086 387 frater
1104 361 1180 395 ejus,
1197 360 1262 388 Plti-
1419 362 1503 394 gratis
1517 360 1676 394 accepistis,

1002 395 1091 431 lippus
1103 417 1111 429 ,
1125 401 1153 424 et
1173 396 1238 424 Bar-
1419 396 1504 430 gratis
1520 396 1591 423 date.

1003 431 1172 459 tltolomaeus
1187 453 1194 465 ,
1419 432 1444 459 9.
1467 431 1554 459 Nolite
1572 431 1711 466 possidere

1002 471 1029 493 et
1041 467 1176 495 Mattheus
1419 474 1526 498 aurum,
1544 475 1630 502 neque

1002 503 1160 539 publicanus
1171 524 1179 536 ,
1419 508 1572 537 argentum,
1589 511 1676 539 neque

1001 543 1029 565 et
1040 538 1158 566 Jacobus
1419 539 1563 573 pecuniam
1581 539 1606 565 in

1002 573 1110 607 Alphei,
1121 580 1148 601 et
1158 574 1242 602 Jutlas
1420 575 1496 601 zonis
1510 575 1608 603 vestris
1623 582 1629 601 :

1002 609 1125 639 Zeloles.
1143 615 1169 637 et
1183 610 1257 637 Tlio-
1420 610 1465 637 10.
1487 618 1540 637 non
1557 617 1649 644 peram
1662 609 1689 639 in

1002 652 1070 675 mas.
1087 645 1125 680 ((ι)
1140 650 1166 673 et
1179 645 1199 680 -1-
1421 645 1501 678 viam,
1516 653 1604 680 neque

1003 682 1029 708 4.
1053 681 1145 708 Simon
1162 681 1313 714 Canaueus,
1420 681 1488 708 duas
1504 680 1620 715 tunicas,

1002 721 1026 743 et
1043 716 1127 743 Judas
1139 717 1265 749 Cariotlt,
1420 724 1509 751 neque
1520 717 1576 744 cal-

1001 752 1046 787 qtti
1061 752 1172 779 tradidit
1420 753 1565 783 ciamenta.

1421 796 1509 823 neque
1523 789 1623 824 virgam

1422 824 1448 850 in
1461 824 1585 851 manibus

1419 860 1518 887 vestris
1533 869 1539 886 ι
1555 859 1652 894 dignus

1420 900 1461 922 est
1473 895 1544 923 enim
1558 903 1623 930 ope-

1420 932 1509 958 rarius
1527 932 1563 966 (c)
1579 938 1682 959 mercc-

1420 966 1480 994 dem
1496 966 1517 1002 1-
1532 974 1620 994 suam.

1421 1003 1450 1030 M
1458 1022 1464 1028 .
1489 1002 1516 1029 In
1532 1010 1691 1037 quamcum-

1420 1046 1472 1072 que
1487 1038 1558 1065 enim
1573 1038 1640 1065 civi-

1421 1078 1475 1101 tate
1490 1074 1665 1106 intraveritis,

1420 1109 1586 1142 interrogate
1596 1130 1603 1139 .

1420 1145 1482 1179 quis
1499 1145 1525 1171 in
1540 1152 1572 1171 ea
1586 1144 1683 1179 dignus

1421 1181 1457 1208 sit
1470 1189 1477 1207 :
1494 1184 1521 1207 et
1534 1180 1570 1208 ibi
1586 1189 1642 1208 ma-

1422 1220 1484 1243 nete
1500 1216 1588 1242 donec

1423 1251 1467 1277 12.
1489 1251 1603 1278 exeatis.
1617 1250 1659 1278 ln-

1002 795 1075 814 eum.

1002 823 1029 850 5.
1051 823 1106 850 Hos
1123 831 1170 851 xu.
1188 823 1261 850 misit

1001 858 1091 890 Jesus,
1106 860 1276 894 praecipiens

1001 894 1181 930 mqhat

1001 930 1094 957 dicens
1109 939 1114 957 :
1130 930 1158 957 In

1002 966 1072 992 viam
1088 967 1208 1000 gentium

1002 1009 1036 1028 ne
1051 1001 1182 1032 abieritis.
1200 1007 1226 1028 et

1001 1037 1027 1064 in
1041 1037 1196 1064 civitatibus

1001 1072 1233 1100 Samaritanorum

1001 1116 1035 1136 ne
1048 1109 1213 1136 intraveritis
1228 1118 1233 1135 ε

1002 1144 1028 1171 6.
1050 1144 1097 1171 sed
1114 1144 1203 1178 potius
1221 1145 1258 1174 ite

1001 1180 1034 1206 ad
1049 1187 1124 1212 oves,
1140 1188 1200 1215 qua:

1003 1215 1140 1250 perierunt
1155 1216 1253 1243 domus

1006 1250 1130 1278 Istrahel.

1005 1286 1032 1313 ’1.
1055 1286 1154 1312 Euntes
1167 1290 1257 1312 autem

1002 1321 1168 1356 praedicate,
1184 1321 1306 1349 dicentes
1322 1330 1328 1347 :

1424 1290 1526 1313 (rantes
1538 1294 1570 1312 au
1576 1291 1626 1313 tem

1422 1321 1447 1348 in
1464 1321 1586 1354 domum,
1603 1329 1645 1349 sa-

1002 1357 1071 1390 Quia
1083 1357 1280 1391 adpropinqua-
1422 1357 1505 1385 lulate
1519 1365 1578 1385 eam

1003 1393 1041 1419 vit
1056 1400 1167 1427 regnum
1182 1400 1245 1419 cae-
1422 1392 1546 1420 dicentes
1560 1402 1566 1419 :
1581 1393 1636 1421 Pax

1004 1428 1103 1455 lortun.
1422 1428 1485 1455 huic
1495 1429 1599 1456 domui.

1424 1464 1466 1492 15.
1489 1464 1522 1491 Ει
1537 1465 1559 1491 si
1575 1464 1655 1492 fuerit

1422 1499 1521 1527 donius
1536 1499 1582 1527 illa

1239 1557 1355 1585 CODEX
1373 1557 1569 1586 BBIXIANUS.
1586 1565 1588 1569 ‘

1008 1605 1090 1633 frater
1104 1605 1174 1640 ejus.
1186 1605 1303 1633 Jacohus
1312 1606 1439 1634 Zehcdei.
1452 1611 1479 1634 et
1490 1606 1627 1634 Johannes
1639 1606 1723 1634 frater
1735 1608 1805 1642 ejus.

1006 1642 1187 1678 Philippusret
1203 1642 1420 1669 Bartltolomeus.
1437 1643 1555 1669 'l'houtas
1570 1648 1596 1669 et
1610 1642 1744 1670 Mattheus
1757 1651 1805 1678 pu-

1007 1677 1263 1705 hlicanus..lacobus
1276 1678 1381 1711 Alphei.
1395 1683 1422 1705 et
1439 1678 1574 1706 Lebbeus.
1595 1680 1638 1712 qui
1653 1680 1807 1706 nominatur

1007 1713 1142 1740 'l‘addeus.
1158 1714 1250 1740 Simon
1265 1713 1438 1741 Chananeus.
1455 1718 1482 1741 et
1496 1713 1579 1741 Judas
1593 1715 1742 1742 Scariotes.
1762 1714 1807 1749 qui

1007 1749 1151 1776 etlradidit
1165 1757 1237 1776 etim.
1252 1749 1452 1776 llosduodecim
1463 1750 1535 1776 misit
1545 1750 1625 1777 .lesus
1640 1750 1808 1784 praecipiens

1007 1784 1163 1819 eis(b)et1'-
1176 1784 1279 1811 dicens.
1294 1785 1319 1811 in
1335 1785 1406 1812 viam
1421 1785 1540 1819 gentium
1553 1786 1725 1812 neahieritis.
1735 1791 1762 1812 et
1781 1786 1807 1812 itt

1008 1819 1131 1847 civitates
1146 1821 1376 1847 Samaritanorum
1392 1828 1425 1847 ne
1440 1821 1599 1847 iutroieritis
1610 1821 1657 1848 sed
1675 1821 1808 1854 potiusitc

1009 1856 1042 1882 ad
1065 1863 1129 1882 oves
1151 1863 1219 1889 quae
1236 1856 1375 1889 perieruiit
1396 1856 1492 1882 domus
1508 1856 1620 1882 Israhel.
1639 1856 1742 1883 Enntes
1762 1863 1809 1884 au-

1009 1895 1073 1918 tem.
1091 1892 1245 1925 praedicatc
1268 1891 1400 1918 dicentes.
1424 1891 1490 1924 Quia
1517 1891 1742 1926 adpropinquavit
1768 1899 1810 1918 re-

1009 1934 1090 1961 gnum
1107 1926 1254 1953 caelorum.
1270 1926 1395 1954 lnﬁrmos
1416 1932 1509 1954 curate
1534 1928 1656 1962 leprosos
1671 1927 1809 1954 inundate.

1010 1962 1151 1989 daemonia
1175 1963 1255 1990 eicite
1278 1963 1360 1998 gratis
1380 1963 1524 1996 accepistis
1540 1963 1623 1997 gratis
1637 1963 1708 1990 date.
1721 1962 1811 1990 Nolite

1011 1997 1151 2032 possidere
1171 1997 1380 2032 aurumJncque
1400 2003 1551 2032 argentum.
1568 2007 1654 2033 neque.
1669 1999 1810 2033 pecuniam

1010 2033 1037 2060 in
1052 2034 1128 2060 zonis
1142 2036 1251 2061 vestris.
1265 2034 1322 2061 Non
1339 2042 1428 2067 peram
1446 2035 1470 2061 in
1487 2034 1567 2061 viam.
1585 2043 1673 2069 neque
1688 2034 1754 2061 duas
1769 2041 1813 2063 tu-

1013 2069 1098 2096 nicas.
1115 2077 1203 2104 neque
1216 2070 1407 2097 calciamenta.
1425 2077 1514 2104 neque
1528 2072 1640 2105 virgata.
1658 2070 1756 2105 (lignus
1771 2074 1813 2097 est

1012 2105 1083 2132 enim
1100 2106 1241 2138 operarius
1256 2106 1291 2140 (ε)
1308 2105 1461 2133 mercedem
1478 2106 1497 2141 -ι-
1509 2114 1597 2133 suam.

1048 2141 1077 2167 ln
1102 2149 1270 2175 quacumque
1289 2146 1378 2169 autem
1395 2141 1530 2168 civitatem
1547 2146 1593 2168 aut
1614 2142 1754 2169 castellum
1770 2141 1811 2168 itt-

1014 2176 1154 2204 troieritis.
1172 2179 1347 2212 interrogate.
1368 2176 1429 2210 quis
1445 2176 1471 2204 in
1487 2185 1517 2203 ea
1532 2177 1629 2212 dignus
1653 2183 1704 2204 est.
1726 2181 1753 2204 et
1778 2176 1813 2204 ibi

1014 2216 1134 2239 manete.
1145 2213 1232 2240 donec
1243 2213 1355 2240 cxeatis.
1368 2213 1540 2239 lntroeuutes
1551 2217 1640 2239 autem
1653 2213 1678 2239 in
1691 2214 1812 2240 donmm.

1013 2247 1217 2310 (slalutatelfam.
1230 2249 1362 2276 dicentes.
1375 2248 1429 2275 Pax
1445 2248 1508 2275 huic
1528 2248 1620 2276 domui
1634 2249 1666 2276 Et
1687 2250 1709 2275 si
1733 2247 1815 2276 fuerit

1034 2291 1133 2310 omusr
1157 2292 1172 2310 a

1034 2291 1111 2310 omus
1126 2291 1172 2310 Illa

1004 1465 1031 1491 8.
1053 1464 1181 1491 Infirmos
1194 1468 1299 1505 curate,

1005 1504 1127 1527 mortuos
1138 1507 1224 1528 SUSCI-

517 2339 715 2369 VARIANTES
730 2338 923 2368 LECTIONES
941 2338 1074 2367 CODICIS
1090 2338 1144 2367 MS.
1161 2339 1189 2367 S.
1212 2339 1466 2368 GERMANENSIS.

195 2389 207 2435 ς
223 2387 300 2435 ipdas
309 2387 418 2420 Zelotes,
432 2390 458 2413 et
469 2387 552 2413 Simon
566 2387 590 2424 “.

195 2423 207 2435 Ἰ

195 2451 208 2467 ⁸
225 2423 374 2476 iiitraverltis
383 2457 389 2475 :

196 2482 209 2497 ⁸
225 2489 288 2538 quae
303 2483 432 2514 perierunt

196 2513 208 2529 '
241 2514 355 2539 aemonia

1049 2385 1058 2401 ⁸
1076 2386 1100 2410 in
1112 2386 1224 2411 manibus
1236 2387 1325 2412 vestris
1337 2394 1342 2411 :

1048 2417 1058 2449 ’ξ
1077 2421 1117 2442 aut
1127 2417 1254 2443 castellum
1265 2418 1426 2449 intraveritis,

1048 2448 1394 2485 ξψωψμψμηᾳω

1049 2479 1059 2495 ο
1076 2479 1134 2505 huic
1145 2479 1237 2507 domui.
1248 2481 1280 2508 Et
1290 2482 1312 2507 si
1323 2482 1399 2507 fuerit
1411 2482 1496 2507 domus

841 2564 1025 2593 BLANCHINI
1039 2564 1155 2594 NOTE.

206 2619 220 2633 ⁸
237 2614 309 2642 Nihil
323 2614 411 2641 simile
425 2613 546 2648 reperire
565 2613 640 2649 potui
663 2614 734 2642 inter
747 2614 884 2642 variantes
909 2614 964 2641 lec-

169 2650 260 2678 tiones
278 2650 387 2678 Graxcas
413 2655 459 2677 aut
482 2649 590 2677 Latinas
612 2650 680 2677 Novi
709 2650 893 2682 Testamenti;
915 2649 962 2676 sed

172 2694 258 2720 neque
271 2686 342 2718 apud
357 2685 535 2720 Augustinum
550 2707 556 2718 ,
573 2686 618 2720 qui
635 2686 702 2713 libro
717 2686 835 2713 secundo
846 2686 879 2713 de
893 2686 963 2713 (Jon-

171 2729 252 2748 sensu
267 2721 500 2756 Evangelistarum
516 2721 582 2749 dicit
604 2722 705 2749 Lucam
729 2730 782 2748 non
807 2721 964 2756 discrepare

172 2765 188 2784 a
205 2757 328 2794 Matthato
350 2756 377 2794 in
401 2756 556 2794 nominibus
569 2757 779 2794 Apostolorum.
798 2756 850 2794 nisi
875 2758 900 2784 in
916 2765 965 2784 tto—

171 2792 245 2821 mine
259 2792 338 2820 ludat
359 2791 469 2826 Jacobi,
485 2791 563 2828 quem
591 2791 732 2821 Matthatus
747 2792 905 2831 Thaddwum
918 2800 965 2828 ap-

1018 2615 1116 2650 pellat;
1144 2614 1267 2642 nonnulli
1294 2619 1384 2642 autem
1409 2614 1519 2643 codices
1542 2615 1643 2643 habent
1669 2615 1815 2643 Lebbmum.

1018 2650 1094 2678 Unde
1109 2657 1173 2685 ergo
1186 2651 1337 2677 derivatum
1351 2651 1387 2678 sit
1409 2651 1435 2678 in
1452 2651 1573 2679 codicem
1589 2652 1750 2680 Sun-Germ.
1768 2659 1817 2678 no-

1018 2694 1079 2713 men
1092 2686 1163 2713 istud
1176 2685 1260 2713 Judas
1273 2685 1391 2718 Zeloles.
1408 2688 1497 2714 minus
1509 2687 1599 2714 adhuc
1614 2687 1677 2713 mihi
1693 2690 1818 2721 comper-

1018 2726 1085 2750 tum.
1103 2722 1257 2749 Praesertim
1273 2730 1333 2750 cum
1357 2723 1449 2750 Simon
1459 2723 1566 2750 dicatur
1581 2722 1680 2749 Zelotes
1692 2722 1757 2750 Luc.
1772 2730 1798 2751 vt
1808 2741 1816 2757 ,

1019 2758 1064 2785 15.
1076 2765 1129 2785 ttou
1145 2757 1227 2786 Judas
1238 2758 1337 2794 aliquis
1349 2767 1365 2787 e
1379 2767 1492 2792 numero
1505 2759 1718 2798 djscipulot‘uin..

208 2864 246 2900 (α)
266 2864 389 2896 Addunt,
401 2869 435 2900 et,
448 2868 477 2893 ut
486 2863 547 2891 cod.
557 2863 634 2892 Cant.
658 2865 709 2892 καὶ.
722 2877 758 2885 --
768 2862 805 2899 (b)
817 2863 865 2891 llic
884 2869 993 2899 quoque
1007 2862 1114 2891 additur
1129 2867 1162 2896 et,
1177 2861 1256 2890 etiam
1279 2861 1306 2889 in
1329 2861 1391 2890 cod.
1405 2860 1473 2888 Cant
1499 2861 1551 2890 ναὶ.
1565 2875 1599 2881 -—
1615 2860 1650 2897 (ε)
1664 2861 1708 2890 fta
1716 2865 1744 2889 et
1757 2861 1819 2890 cod.

170 2898 251 2931 Cattt.
264 2901 368 2937 μισθοῦ.
