4048 6188
462 304 568 365 199

856 416 1091 474 CODEX
1120 413 1667 473 VERCELLENSIS.

1298 524 1396 566 vos
1417 509 1469 563 in
1491 505 1709 563 concili-

1299 582 1368 643 is,
1392 589 1446 635 et
1466 578 1704 649 ﬂagella-

1296 653 1386 707 18.
1430 651 1563 705 bunt
1593 664 1730 704 vos:
1763 656 1821 704 et
1846 661 1943 703 an-

1298 731 1351 778 te
1375 736 1530 791 reges
1558 730 1610 774 et
1638 734 1795 791 prae-

1298 790 1546 862 sidesta)
1572 790 1785 847 stabitis
1808 790 1848 861 -ι-

1298 873 1520 934 propter
1550 878 1656 929 me,
1689 863 1745 916 iit

1302 934 1673 991 testimonium

1300 1006 1432 1072 illis,
1458 1015 1511 1061 et
1532 1003 1803 1075 gentibus.

1300 1077 1389 1133 19.
1429 1075 1566 1132 Cum
1588 1084 1771 1130 autem
1794 1084 1905 1131 tra-

1298 1148 1432 1204 dent
1463 1162 1583 1214 vos,
1611 1146 1744 1201 noli-

1300 1229 1353 1275 te
1374 1219 1615 1289 cogitare
1641 1216 1758 1289 quit

1298 1288 1594 1361 loquamini
1619 1306 1633 1342 :
1658 1288 1759 1361 da-

1298 1359 1444 1417 bitur
1470 1359 1626 1414 vobis
1655 1359 1710 1412 in

1300 1432 1389 1487 illa
1421 1433 1579 1495 hora,
1609 1428 1740 1501 quid

1298 1501 1617 1575 loquamini.

1295 1572 1391 1629 2οζ
1428 1573 1544 1629 Νοη
1577 1572 1723 1627 enim
1748 1586 1846 1627 vos

1298 1646 1432 1701 estis
1460 1644 1550 1715 qui
1567 1642 1754 1715 loqui-

1300 1715 1456 1796 mitti,
1478 1713 1581 1770 sed
1604 1713 1851 1796 Spiritus

1300 1788 1477 1844 Patris
1500 1788 1701 1853 vestri,

1301 1859 1391 1940 qui
1424 1856 1659 1940 loquitur

460 515 643 586 digna,
672 512 854 569 veniet

462 602 567 658 pax
593 593 774 642 vestra
799 598 889 658 su-

462 654 565 729 per
589 672 753 729 eam_:
786 654 833 709 si
862 661 1043 711 autem

462 726 570 785 non
597 726 760 783 fuerit

461 800 643 870 digna.
675 813 778 869 pax
808 812 938 854 ves-

461 881 543 927 tra
570 870 637 926 ad
664 885 760 925 vos
784 884 867 925 re-

461 950 725 997 vertetur.

462 1012 554 1069 14.
595 1012 666 1069 Ει
694 1011 1023 1082 quicumque

461 1101 570 1141 non
600 1098 823 1153 recepe-

461 1156 535 1212 rit
560 1170 661 1210 vos
688 1168 885 1224 neque,

461 1226 696 1283 audierit
722 1241 839 1281 ser-

461 1313 652 1355 mones
682 1306 898 1352 νθειτοε
930 1311 945 1347 ε

461 1377 727 1427 exeuntes
756 1367 887 1422 foris

462 1442 531 1498 de
555 1441 718 1496 domo
742 1438 829 1493 vel
854 1435 987 1493 civi-

461 1522 593 1580 tate,
625 1510 866 1567 excutite

460 1583 741 1656 pulverem
767 1581 837 1636 de

461 1654 694 1725 pedibus
722 1666 846 1708 ves-

459 1734 768 1854 it'ifoAmen
790 1793 917 1849 dico
942 1805 1036 1848 vo-

461 1868 547 1924 bis
576 1885 592 1926 :
624 1865 952 1923 Tolerabili-

461 1955 528 1996 us
556 1939 660 1996 erit
688 1947 867 1994 terrae
1300 1931 1354 1985 in
1385 1930 1557 1983 vobis.

459 2010 822 2066 Sodomorum
1298 2000 1389 2056 21.
1432 1999 1633 2055 Tradet
1658 2008 1841 2055 autem

460 2090 517 2137 et
539 2080 867 2138 Gomorrae-
1301 2073 1470 2127 frater
1483 2070 1703 2126 fratrem

1302 2144 1357 2199 in
1385 2152 1637 2207 mortem,
1665 2152 1720 2196 et

1298 2213 1461 2270 Pater
1486 2213 1657 2267 ﬁlium
1690 2230 1703 2268 :
1728 2222 1784 2268 et

1299 2286 1584 2355 insurgent
1613 2283 1689 2339 ﬁli

1299 2357 1353 2411 iit
1388 2362 1665 2427 parentes,

1298 2436 1355 2483 et
1379 2437 1557 2483 morte
1587 2440 1684 2481 COS

1297 2498 1391 2552 22.
1434 2496 1689 2552 adiicient
1714 2513 1729 2551 :
1757 2506 1812 2552 et

1299 2569 1456 2625 eritis
1476 2566 1603 2623 odio
1632 2582 1751 2621 om-

1301 2641 1461 2695 nibus
1490 2639 1740 2709 gentibus

1301 2720 1521 2781 propter
1546 2723 1746 2790 nomen

1300 2796 1480 2837 meum
1513 2797 1526 2833 :
1553 2795 1645 2847 qut
1666 2794 1761 2833 au-

1302 2862 1411 2907 tem
1444 2864 1695 2920 perseve-

1300 2922 1503 2979 raverit
1536 2934 1707 2979 usoue

1299 2994 1367 3049 ad
1403 2994 1590 3057 ﬁnem,
1622 2991 1713 3046 hic

1298 3065 1483 3120 salvus
1509 3064 1632 3120 erit.

1296 3136 1389 3191 25.
1428 3136 1565 3191 Cum
1599 3140 1778 3191 autem

884 3254 1117 3313 CODEX
1145 3250 1618 3310 CORBEIENSIS.

458 3354 621 3426 digna
641 3350 872 3426 ,__veuiet
909 3364 1014 3419 pax
1041 3353 1221 3402 vestra
1250 3359 1416 3426 super
1454 3359 1575 3399 eam
1606 3362 1621 3399 :
1649 3342 1714 3426 si
1740 3350 1923 3426 autem
1952 3358 2058 3426 non

460 3414 844 3492 fuéritdigna,
888 3414 991 3491 pax
1020 3428 1203 3492 vestra
1250 3416 1317 3470 ad
1358 3430 1456 3471 vos
1484 3422 1809 3492 revertetur.
1850 3414 1917 3469 Et
1943 3416 2061 3486 qui—

460 3484 736 3569 quumque
762 3484 869 3548 non
889 3484 917 3523 ’ί
948 3489 1217 3569 receperit
1244 3503 1363 3569 vos:
1392 3502 1570 3556 neque
1584 3484 1829 3569 ‘audierit
1855 3484 2064 3569 sermo-

460 3556 557 3624 iies
584 3556 798 3623 vestros
826 3583 838 3618 :
874 3556 1137 3618 exeuntes
1164 3560 1309 3614 foras
1339 3561 1359 3589 ³
1386 3568 1537 3613 extra
1566 3556 1786 3612 domum
1818 3558 1902 3612 vel
1930 3558 2065 3613 civi—

460 3648 650 3706 tatem,
675 3634 1215 3732 excut'i'telpulverem
1244 3631 1311 3686 de
1338 3629 1566 3732 pegib‘us
1592 3628 1854 3732 vestris".
1888 3627 2063 3684 Amen

466 3711 578 3732 .Is--
609 3710 762 3732 _.-L:..
789 3726 800 3732 -
882 3722 909 3732 η
938 3720 1025 3732 Α-..
1053 3705 1082 3732 ,ἒ
1112 3704 1192 3732 :ng
1217 3704 1318 3732 Λ-ἱσ
1437 3715 1468 3732 Α
1511 3715 1665 3732 η-ιηηη
1687 3715 1716 3732 n
1790 3714 2063 3732 -ηηπυηκιη

460 3711 583 3766 dico
609 3699 765 3765 vobis
789 3726 801 3760 :
832 3699 1195 3761 Tolerabilius
1215 3704 1321 3757 erit
1341 3699 1365 3732 "
1395 3700 1665 3756 Sodomae
1686 3709 1740 3755 et
1766 3699 2063 3757 Gomorrae

462 3782 516 3836 in
544 3780 633 3835 die
670 3777 859 3849 jndicii
880 3818 897 3843 ,
948 3790 1108 3849 quam
1159 3774 1255 3849 illi_
1281 3772 1512 3827 civitati.
1550 3772 1703 3849 _Ecce
1734 3771 1754 3801 ⁵
1782 3770 1937 3849 mitto
1967 3788 2062 3827 vos

462 3853 605 3906 sicut
632 3841 762 3904 oves
788 3849 809 3878 °
838 3841 981 3901 inter
1005 3846 1183 3914 lupos.
1218 3844 1402 3898 Estote
1430 3842 1724 3914 prudentes
1766 3841 1905 3895 sicut
1950 3859 2064 3897 ser-

463 3928 781 3994 pentes,4e‘t_
823 3912 1096 3994 simplices
1128 3916 1165 3989 »⁷
1211 3924 1277 3994 ut_
1293 3915 1603 3994 columbae.
1644 3912 1841 3994 Cavete
1877 3925 2059 3994 autem

463 3983 533 4048 ab
562 3983 888 4046 hominibus.
917 3983 1157 4042 Tradeut
1195 3986 1339 4039 enim
1372 3998 1467 4037 vos
1498 3984 1548 4036 in
1595 3983 1874 4045 conciliis,
1916 3996 1972 4039 et
2004 3985 2060 4039 in

463 4062 752 4135 synagogis
789 4055 1288 4135 sui_s_f_lagellabunt
1319 4070 1416 4109 vos
1434 4071 1455 4135 ,ε
1494 4064 1548 4108 et
1576 4054 1751 4135 8ante
1773 4056 2061 4135 praesides

462 4125 519 4191 ei
545 4125 704 4204 reges
730 4143 754 4171 °
786 4125 1249 4204 stabitis'propter
1278 4141 1367 4180 me
1388 4166 1403 4191 ,
1433 4125 1484 4179 in
1515 4125 1881 4204 testimonium
1917 4126 2061 4204 ipso-

464 4196 637 4271 rum:
661 4214 715 4260 et
744 4202 1004 4275 gentium.
1052 4198 1227 4275 Quum
1263 4196 2060 4275 autem_tradent_vos,_nolite

463 4266 679 4332 solliciti
722 4266 843 4331 esse
881 4270 1154 4344 quomodo
1181 4277 1273 4323 aut
1297 4267 1423 4344 quid
1464 4266 1809 4344 loqua_m_ini__:
1844 4268 2061 4344 dabitur

462 4350 607 4403 enim
637 4346 789 4401 vobis
816 4346 871 4400 in
901 4338 998 4399 illa
1040 4343 1169 4395 liora
1192 4383 1206 4407 ,
1238 4339 1364 4410 quid
1410 4339 1721 4410 loquamini.
1755 4338 1869 4410 Non
1914 4340 2059 4394 enini

462 4434 559 4475 vos
587 4419 720 4474 estis
760 4417 853 4488 qui
896 4413 1207 4488 loquimini,
1250 4409 1345 4488 sed
1377 4409 2057 4488 Spiritus_Patris.vestri,

461 4492 553 4562 qui
584 4480 818 4559 loquitur
863 4488 914 4542 in
945 4480 1116 4541 vobis.
1150 4482 1350 4562 Tradet
1384 4485 1404 4514 θ
1437 4482 1578 4562 enim
1625 4481 1813 4562 frater
1834 4480 2057 4562 fratrem

462 4552 530 4617 ad
559 4552 810 4627 mortem,
863 4569 919 4613 et
974 4566 1127 4626 pater
1176 4554 1345 4608 ﬁlium
1384 4561 1509 4627 :_et_
1538 4552 1821 4622 insurgent
1872 4553 1967 4627 filii
2006 4553 2061 4609 in

462 4641 751 4706 parentes,
795 4623 865 4706 et
916 4623 1189 4682 "'morte
1229 4642 1323 4681 eos
1369 4623 1607 4679 afﬁcieut
1651 4638 1665 4676 :
1716 4635 1771 4678 et
1820 4625 1973 4706 eritis
2016 4628 2055 4657 “

462 4697 650 4761 odium
690 4697 945 4759 omnibus
983 4708 1218 4770 propter
1249 4710 1456 4770 nomen
1498 4710 1677 4770 meum
1708 4712 1723 4748 :
1755 4697 1846 4770 qui
1877 4707 2057 4770 autem

463 4773 891 4846 perseveraverit
917 4766 1166 4844 usque‘in
1196 4769 1379 4833 ﬁnem,
1409 4766 1497 4821 hic
1524 4767 1704 4821 salvus
1729 4767 1854 4821 erit.
1883 4768 2057 4834 Quum

460 2168 617 2208 orum
646 2153 700 2208 in
727 2149 816 2206 die

455 2223 646 2294 judicii
667 2264 682 2288 ,
707 2234 869 2294 quam

460 2293 543 2350 illi
568 2293 805 2350 civitati.

462 2364 551 2421 16.
593 2365 739 2420 Ecce
763 2376 865 2433 ego
890 2360 1048 2417 mitto

457 2448 558 2492 vos
584 2436 727 2490 sicut
747 2448 883 2489 oves

459 2508 513 2563 in
546 2506 727 2562 medio
754 2505 841 2559 lu-

460 2593 674 2649 porum.
707 2576 897 2649 E_stote

460 2646 868 2730 ergopruden-

460 2727 544 2777 tes
572 2727 716 2776 sicut
737 2732 854 2773 ser-

461 2797 763 2864 pentes,_et
784 2787 916 2842 sim-

498 2862 633 2918 lices
658 2861 801 2916 sicut
822 2872 918 2913 co-

484 2932 699 2989 umbae.

462 3007 551 3062 17.
595 3000 875 3058 Attendite
902 2997 1057 3055 vobis

459 3077 530 3133 ab
565 3074 895 3130 hominibus.

459 3146 699 3205 Tradent
726 3144 873 3203 enim

996 259 1267 360 ausast:
1306 294 1649 355 VERCELL.
1684 291 2135 353 EVANGELIUM
2176 292 2319 351 CUM
2363 293 2590 353 vanus
2617 292 2777 353 con.
2815 290 3216 351 COLLATUM.

3666 291 3772 350 200

2590 411 2826 471 CODEX
2867 408 3318 471 VERONENSIS.

2166 507 2350 584 digna,
2384 523 2489 580 pax
2509 517 2690 565 vestra
2997 522 3097 584 vos
3124 501 3442 584 in_concili-
3511 572 3523 584 .

2167 576 2348 636 veniet
2376 576 2466 636 su-
3001 578 3071 640 is.
3100 584 3156 633 et
3182 576 3234 630 in
3265 576 3557 646 synagogis

2166 666 2267 722 per
2294 666 2416 722 eam
2443 670 2455 705 :
2487 651 2531 705 si
2558 659 2741 706 autem
3001 648 3115 722 suis
3135 646 3385 722 flagella-

2166 718 2275 778 non
2298 721 2463 779 fuerit
2486 721 2670 793 digna,
3004 720 3092 775 18.
3134 718 3269 773 bunt
3292 730 3391 772 vos
3419 734 3432 773 :
3465 724 3521 773 et
3544 725 3675 788 aput

2167 808 2273 864 pax
2306 804 2485 849 vestra
3003 806 3162 864 reges
3182 798 3242 864 et
3260 803 3414 864 prae:

2166 858 2234 919 ad
2264 879 2361 919 vos
2386 880 2465 921 re-
3005 858 3151 917 sides
3176 858 3491 932 (a)'stabitis
3516 860 3559 931 οξ·

2168 944 2432 1015 vertetur.
2471 1006 2483 1015 _
3006 942 3235 1015 propter
3256 946 3364 1014 me,
3397 932 3450 986 in

2166 1007 2257 1061 M.
2298 1006 2369 1061 Et
2393 1006 2724 1077 quicumque
3004 1003 3377 1077 testimonium

2166 1092 2277 1149 non
2304 1075 2532 1149 recépe-
2635 1075 2647 1077 ⁷
3003 1075 3219 1149 i_ll_is,.et
3244 1075 3517 1145 gentibus.

3006 1147 3093 1203 19.
3134 1144 3269 1201 Cum
3302 1156 3481 1201 autem
3512 1154 3617 1202 tra-

3004 1218 3138 1274 dent
3163 1232 3283 1284 vos,
3316 1218 3451 1273 noli-

3007 1298 3059 1345 te
3087 1289 3331 1361 cogitare
3353 1289 3483 1361 quid

3005 1359 3306 1431 loquamini
3333 1381 3345 1413 :
3371 1359 3473 1415 da-

3004 1431 3151 1488 bitur
3175 1432 3321 1488 enim
3355 1432 3507 1487 vobis
3535 1432 3589 1488 in

3005 1504 3098 1558 illa
3122 1503 3278 1568 liora,
3309 1502 3439 1575 quid

3005 1574 3322 1644 loquamini.

3004 1646 3096 1702 20.
3138 1646 3254 1701 Νοη
3280 1645 3425 1702 enim
3456 1662 3553 1704 vos

3006 1718 3142 1773 estis
3168 1717 3258 1786 qui
3285 1717 3465 1789 loqui-

3005 1789 3159 1855 mini,
3193 1789 3288 1843 sed
3320 1790 3554 1857 Spiritus

3004 1858 3183 1914 Patris
3208 1862 3412 1924 vestri,

3005 1929 3245 2001 loquitur
3266 1931 3320 1985 in
3350 1931 3525 1988 vobis.

3001 2000 3094 2056 21.
3138 2000 3340 2058 Tradet
3366 2012 3548 2061 autem

3005 2072 3174 2129 frater
3196 2074 3419 2130 fratrem

3006 2145 3060 2199 in
3092 2154 3347 2210 mortem,
3371 2156 3428 2201 et

3005 2215 3166 2271 Pater
3191 2216 3361 2271 ﬁlium
3388 2234 3401 2271 :
3430 2227 3488 2273 et

3005 2286 3286 2357 insurgent
3315 2287 3391 2343 ﬁli

3005 2358 3059 2413 in
3091 2367 3348 2429 parentes
3368 2399 3383 2422 ,

3005 2438 3061 2483 ει
3087 2438 3262 2484 morte
3288 2444 3383 2483 €08

3002 2499 3092 2553 22.
3134 2498 3383 2554 adﬁcient
3418 2517 3432 2554 :
3466 2509 3520 2555 et

3003 2571 3154 2626 eritis
3181 2570 3306 2625 odio
3333 2572 3511 2626 omni-

3006 2642 3108 2697 bus
3132 2640 3447 2697 hominibus

3007 2722 3227 2783 propter
3255 2728 3453 2768 nomen

3009 2798 3191 2839 meum
3222 2800 3236 2837 :
3268 2784 3359 2855 qui

3008 2864 3191 2910 autem
3220 2870 3478 2925 perseve«

3009 2926 3216 2981 raberit
3243 2941 3415 2993 usque

2166 1148 2276 1203 rint
2297 1162 2414 1216 vos,
2438 1148 2618 1219 neque

2165 1219 2436 1275 audierint
2456 1236 2573 1275 ser—

2166 1306 2357 1345 mones
2384 1302 2596 1347 VCSll'OS
2626 1308 2639 1343 ε

2166 1370 2435 1417 exeuntes
2461 1362 2606 1417 foras

2166 1432 2235 1487 de
2262 1433 2424 1488 domo
2456 1433 2544 1487 illa
2578 1432 2665 1486 vel

2167 1504 2410 1569 civitate,
2443 1502 2679 1559 excutite

2166 1576 2450 1645 pulverem
2479 1575 2548 1631 de

2168 1645 2400 1717 pedibus
2419 1660 2541 1702 ves-

2170 1717 2285 1772 tris.

2164 1787 2255 1844 15.
2295 1790 2467 1844 Amen
2498 1786 2621 1844 dico
2642 1802 2738 1845 vo-

2165 1859 2250 1915 bis
2276 1858 2647 1929 :ﬁTolerabili-

2166 1945 2233 1984 us
2261 1930 2369 1985 erit
2395 1940 2574 1987 terrae

2169 2001 2530 2058 Sodomorum

2167 2081 2222 2128 et
2246 2072 2539 2129 Gomorre-

2167 2158 2321 2198 orum
2355 2144 2407 2199 in
2439 2144 2527 2199 die

2163 2215 2378 2284 judicii,
2410 2229 2572 2285 quam

2167 2286 2249 2341 illi
2275 2286 2501 2341 civitati.

2169 2358 2258 2411 16.
2302 2358 2442 2413 Ecce
2470 2372 2570 2426 ego
2601 2359 2755 2413 mitto

2167 2443 2266 2483 vos
2296 2430 2437 2483 sicut
2463 2442 2594 2484 oves

2168 2498 2221 2555 in
2255 2498 2434 2555 medio
2462 2499 2550 2554 lu-

2172 2586 2382 2640 porum.
2417 2572 2603 2626 Estote

2168 2656 2298 2710 ergo
2329 2642 2566 2712 pruden-

2171 2720 2255 2767 tes
2284 2714 2426 2768 sicut
2455 2727 2573 2768 ser-

2168 2793 2385 2853 pentes,
2416 2793 2473 2839 et
2500 2784 2633 2838 sim-

2208 2853 2343 2908 liccs
2372 2855 2513 2909 sicut
2536 2868 2632 2909 co-

2194 2924 2406 2981 umbae.

2172 2996 2261 3050 17.
2303 2995 2373 3051 Ει
2402 2996 2683 3053 adtendite
2715 2997 2868 3055 vobis

2171 3066 2241 3120 ab
2274 3067 2610 3124 hominibus.

2171 3137 2409 3195 Tradent
2433 3141 2576 3197 enim

3013 2997 3068 3052 in
3092 2997 3251 3052 linem
3270 3038 3286 3064 ,
3320 2996 3411 3052 hic

3012 3067 3195 3124 salvus
3216 3069 3339 3124 erit.

3009 3138 3105 3194 23.
3147 3138 3281 3195 Cum
3303 3146 3483 3195 autem

2632 3256 2866 3313 CODEX
2906 3256 3303 3316 BRIXIANUS.

2168 3349 2329 3420 digna
2358 3351 2540 3407 veniet
2583 3366 2687 3421 pax
2718 3360 2899 3407 vestra
2944 3366 3108 3421 super
3148 3367 3291 3408 eam.
3343 3351 3389 3406 si
3435 3363 3614 3408 autem
3662 3368 3767 3408 non

2170 3421 2330 3476 fuerit
2361 3422 2541 3492 digna.
2589 3438 2692 3491 pax
2738 3433 2916 3496 vestra
2957 3421 3025 3477 ad
3063 3438 3159 3478 vos
3188 3432 3510 3496 revertetur.
3560 3424 3625 3478 Et
3651 3426 3772 3496 qui—

2164 3506 2397 3562 cumque
2439 3510 2545 3547 non
2572 3494 2844 3560 receperit
2869 3508 2987 3550 vos.
3030 3510 3204 3563 neque
3227 3494 3769 3551 audieritsermoiies

2164 3575 2379 3619 vestros
2416 3574 2679 3621 exeuntes
2703 3565 2732 3604 ι)
2757 3564 2908 3620 foras
2934 3565 3001 3619 de
3030 3566 3191 3621 domo
3218 3566 3303 3621 vel
3342 3565 3407 3621 de
3431 3566 3653 3621 civitate
3682 3567 3770 3622 illa

2165 3637 2405 3691 excutite
2450 3636 2725 3706 pulverem
2772 3636 2841 3691 de
2882 3636 3112 3707 pedibus
3160 3637 3377 3691 vestris.
3424 3639 3597 3691 Amen
3646 3638 3769 3693 dico

2164 3708 2338 3761 vobis.
2366 3707 2728 3763 Tolerabilius
2760 3708 2884 3761 erit.
2936 3716 3115 3764 terrae
3140 3707 3519 3763 Sodomorum.
3567 3717 3622 3763 et
3659 3707 3771 3765 Go-

2166 3794 2525 3834 morreorum.
2556 3779 2608 3832 in
2638 3778 2929 3847 diejudicii
2960 3794 3120 3847 quam
3150 3779 3224 3833 illi
3250 3779 3482 3833 civitati.

2240 3850 2378 3904 Ecce
2406 3865 2524 3919 ego.
2552 3851 2707 3905 mitto
2734 3866 2829 3904 vos
2856 3850 2991 3904 sicut
3032 3864 3164 3905 oves
3194 3850 3248 3904 in
3282 3850 3461 3905 medio
3492 3850 3765 3920 luporum.

2166 3920 2351 3975 Estote
2390 3922 2686 3992 prudentes
2728 3920 2869 3976 sicut
2899 3929 3187 3992 serpentes
3210 3931 3267 3977 et
3310 3922 3586 3992 simplices
3626 3924 3766 3976 sicut

2167 3991 2473 4047 columbae.
2501 3992 2700 4047 Cavete
2715 4002 2895 4047 autem
2923 4004 2943 4030 ο
2972 4007 3067 4047 vos
3088 3994 3156 4046 ab
3177 3991 3261 4047 liis
3283 3993 3612 4048 hominibus.
3636 3992 3769 4047 Tra-

2164 4063 2290 4118 dent
2320 4064 2466 4118 enim
2499 4079 2593 4119 vos
2624 4064 2676 4118 in
2705 4064 2982 4125 eciiciliis,
3015 4064 3154 4135 etin
3203 4065 3492 4135 synugugis
3520 4066 3633 4119 suis
3674 4064 3770 4118 ﬁa-

2163 4135 2441 4204 gellabunt
2468 4150 2584 4191 vos.
2619 4144 2674 4190 et
2711 4146 2837 4191 ante
2877 4134 3152 4204 praesides
3200 4142 3255 4191 et
3304 4150 3464 4206 reges
3508 4136 3765 4190 ducimini

2168 4216 2388 4275 propter
2411 4221 2498 4261 me
2520 4208 2572 4260 in
2599 4206 2967 4261 tesﬁmonium
2997 4206 3107 4260 illis
3130 4214 3187 4260 et
3212 4205 3483 4277 gentibus.
3510 4205 3642 4260 Cum
3672 4222 3771 4277 aus

2166 4287 2274 4348 tem
2300 4277 2622 4332 tradiderint
2642 4279 2948 4334 vos.‘nolite
2970 4278 3209 4348 cogitare
3226 4276 3505 4348 quomodo
3527 4289 3617 4329 aut
3639 4276 3768 4346 quid

2168 4347 2462 4417 loquamini
2493 4349 2709 4404 dabitur
2734 4350 2879 4404 enim
2909 4347 3063 4403 vobis
3088 4348 3141 4402 in
3169 4347 3771 4418 illa’hora.quidloqua-

2170 4420 2321 4473 ntini.
2366 4418 2486 4475 Non
2512 4420 2655 4475 enim
2676 4436 2771 4475 vos
2800 4420 2929 4475 estis
2948 4422 3039 4490 qui
3063 4419 3369 4489 loquimini.
3410 4420 3504 4474 sed
3534 4418 3773 4490 Spiritus

2168 4490 2344 4563 l’atris
2355 4492 2520 4547 vestri
2535 4494 2622 4562 qui
2644 4492 2893 4563 loquetur
2916 4489 2975 4545 in
2991 4490 3585 4563 vobis.Tradetautem.
3602 4489 3774 4563 frater

2168 4560 2390 4617 fratrem
2423 4564 2476 4617 in
2504 4560 2760 4619 mortem.
2791 4572 2842 4618 et
2872 4562 3031 4617 Pater
3059 4562 3249 4616 lilium.
3282 4572 3338 4617 et
3364 4562 3647 4631 insurgent
3675 4560 3771 4614 lilii

2169 4633 2219 4686 in
2242 4642 2516 4704 parentes.
2540 4643 2595 4689 et
2610 4647 2787 4690 morte
2814 4648 2911 4689 eos
2941 4633 3218 4704 adiicient.
3243 4643 3294 4688 et
3317 4633 3467 4689 eritis
3503 4632 3630 4687 odio
3654 4647 3773 4704 oni-

2167 4702 2325 4759 nibus
2350 4719 2569 4776 propter
2585 4721 2779 4762 nomen
2800 4719 2979 4760 meum
3006 4703 3104 4776 qui
3129 4713 3309 4759 autem
3332 4702 3777 4774 perseveraverit

2167 4774 2360 4847 usque
2385 4774 2647 4833 in’ﬁnem
2697 4776 2786 4833 hic
2811 4778 2989 4831 salvus
3028 4774 3155 4831 erit.
3194 4776 3331 4832 Cum
3359 4784 3539 4832 autem
3588 4789 3777 4844 perse-

1173 4882 1568 4942 VARIANTES
1592 4882 1977 4944 LECTIONES
2014 4887 2285 4948 CODICIS
2314 4893 2422 4949 MS.
2452 4893 2511 4949 S.
2554 4889 3069 4949 GERMANENSIS.

531 4986 549 5017 ι
583 4984 952 5046 receperint...,
972 4977 1227 5046 audierint

529 5048 552 5080 ³
583 5046 649 5096 de
670 5043 813 5095 domo
835 5043 916 5094 vel
938 5043 1139 5094 eivitate

530 5111 554 5143 ³
586 5110 637 5158 in
654 5108 986 5158 testimonium
1009 5105 1123 5156 illis.

529 5172 553 5205 δ
587 5178 755 5222 terrae
776 5166 1100 5218 Sodomorum
1124 5174 1177 5218 et
1198 5165 1606 5219 Gomorraeorum

528 5235 685 5283 ltesto

530 5246 554 5329 ζ
584 5246 822 5349 iens:th
844 5290 1085 5349 luporum.
1112 5289 1280 5340 Estote
1302 5303 1506 5349 ergo....

527 5361 550 5394 "
584 5360 709 5411 sicut
732 5351 1009 5409 columbae.
1034 5351 1291 5404 Attendite
1314 5351 1452 5404 vobis

2232 4982 2255 5013 ⁸
2288 4991 2404 5033 ante
2426 4996 2581 5045 reges
2603 4992 2657 5035 et
2680 4982 2933 5045 praesides
2952 4981 3143 5045 stabilis
3178 4987 3378 5044 propter
3401 4992 3579 5031 nomen
3604 4994 3775 5045 meum

2170 5046 2300 5110 iu....
2328 5045 2427 5096 illis
2458 5041 2513 5098 et
2534 5041 2785 5110 gentibus.
2812 5044 2933 5096 Cum
2967 5041 3256 5096 tradiderint
3268 5041 3447 5095 autem
3468 5058 3580 5105 vos,
3615 5041 3778 5094 nolite

2168 5109 2538 5221 w§ilaalilgm....
2563 5172 2616 5222 in
2640 5178 2849 5223 mortem

2230 5234 2278 5265 ιο
2310 5234 2455 5285 morti

2234 5296 2277 5328 “
2312 5295 2423 5348 odio
2443 5298 2672 5349 omnibus
2695 5295 2973 5349 horninibus

1818 5433 2186 5495 BLANCHINI
2222 5438 2455 5498 ΝΟΤΑΕ.

538 5548 567 5579 ι
603 5538 698 5597 lita
718 5550 803 5598 est
834 5553 943 5597 vox
973 5544 1166 5593 autent.

2245 5552 2268 5581 ο
2309 5541 2499 5599 vocula
2525 5541 2616 5599 illa
2640 5558 2726 5598 vos
2754 5539 2968 5599 videtur
2989 5537 3084 5597 lita
3111 5538 3180 5596 ab
3203 5536 3543 5611 exscriptore
3563 5534 3775 5594 duabus

535 5608 906 5693 b_C_ypriauus
957 5608 1088 5681 legit
1130 5606 1338 5665 stabilis
1395 5614 1454 5663 ut
1499 5604 1609 5664 duo
1658 5620 1792 5665 mss.
1847 5606 2068 5666 codices
2170 5611 2383 5672 lineolis
2407 5615 2564 5687 quasi
2589 5614 2874 5674 abundans
2902 5614 2959 5671 in
2988 5622 3159 5670 textu.

468 5690 665 5741 nostri.

543 5797 623 5874 (a)
658 5796 737 5856 ita
765 5805 821 5855 et
839 5794 963 5855 cod.
983 5797 1141 5855 Cant.
1174 5792 1268 5855 Gr.
1296 5804 1354 5854 et
1376 5793 1869 5871 ιδιρταθήσεσθε.
