4048 6188
256 278 363 335 9.0l

659 388 889 447 CODEX
925 389 1464 450 VERCELLENSIS.

264 489 662 552 persequantur
1099 484 1305 551 nebris,
1338 485 1502 543 dicite

262 566 365 606 vos
393 553 448 607 in
476 552 662 609 civita-
1099 557 1153 611 in
1188 556 1387 612 lumine
1418 573 1432 609 :
1465 566 1521 613 et

266 633 382 698 tem
406 623 592 698 istam,
620 622 711 698 ΐιι-Δ
753 694 763 698 Α
1099 627 1242 698 quod
1271 627 1325 681 in
1355 642 1485 683 aure

260 694 383 767 gite
404 694 458 767 in
486 694 661 767 aliam.
691 694 774 765 (a)
1099 694 1348 763 audistis,
1377 713 1531 767 prae-

262 763 428 831 Quod
453 764 497 819 si
526 764 576 819 in
605 763 760 821 alte?
1101 768 1277 824 dicate
1301 763 1467 838 super

257 851 381 918 ram
416 849 738 918 persequen-
1098 838 1191 895 28.
1206 910 1217 918 _
1234 847 1392 895 tecta.
1419 839 1489 895 Et
1510 838 1650 896 noli-

259 917 351 979 tur
376 921 496 979 vos,
522 905 695 979 fugite
1102 920 1155 965 te
1182 910 1373 965 timere
1403 925 1521 979 eos,

257 977 318 1050 in
343 977 527 1050 aliam.
560 977 606 1047 f
691 1048 698 1050 Α
728 1048 737 1050 _
1102 981 1192 1050 qui
1223 981 1483 1036 occidunt

260 1048 437 1103 Amen
464 1048 593 1104 dico
617 1048 790 1117 vobis,

260 1135 371 1175 non
401 1134 649 1175 consum.

261 1191 484 1246 mabitis
514 1190 651 1245 civi-

263 1272 407 1317 tates
422 1261 670 1327 Istrahel,

260 1333 443 1388 donec
468 1332 651 1387 veniat

261 1405 413 1458 ﬁlius
442 1404 694 1459 hominis.

1101 1066 1334 1121 corpus;
1366 1052 1604 1107 animam

1102 1131 1280 1178 autem
1308 1139 1414 1177 non
1442 1137 1566 1193 pos-

1104 1203 1231 1249 sunt
1258 1193 1473 1250 occide-

1104 1279 1163 1319 re
1188 1282 1202 1315 :
1236 1264 1333 1319 sed
1364 1265 1544 1335 potius

1102 1350 1228 1391 eum
1259 1335 1445 1391 timete
1460 1377 1475 1403 ,

1103 1406 1195 1476 qui
1225 1414 1406 1475 potest
1444 1445 1459 1460 .
1506 1444 1520 1458 .
1566 1448 1578 1460 .
1627 1445 1639 1457 .

258 1474 360 1530 24.
400 1473 516 1530 Νοη
541 1484 626 1529 est
651 1472 891 1546 discipu—
1109 1472 1253 1531 fuam
1286 1484 1359 1531 et.
1409 1516 1421 1529 .
1466 1516 1479 1531 .
1531 1516 1543 1529 .

262 1546 354 1601 lus
382 1561 543 1616 supra
573 1560 693 1601 ma—
1108 1561 1211 1617 pus
1240 1547 1470 1617 perdere
1496 1547 1548 1603 in

264 1617 521 1688 sistrum,
545 1630 726 1685 neque
1107 1618 1437 1742 gehennam.

264 1702 462 1742 servus
491 1702 658 1742 super
1145 1688 1199 1742 9.
1241 1688 1431 1742 Nonne

263 1702 462 1743 servus
491 1702 658 1757 super
808 1756 819 1757 ί
1107 1688 1199 1744 29.
1241 1688 1431 1744 Nonne
1456 1688 1563 1743 duo
1592 1702 1714 1755 pas-

261 1758 365 1814 25.
386 1756 666 1814 dominum
684 1757 781 1828 (ὁ).
798 1756 1041 1815 Satisest
1110 1773 1262 1817 seres
1287 1774 1409 1815 asse
1432 1774 1525 1815 ve-

265 1830 658 1911 d_iscipu|o,.ut
682 1830 756 1885 sit
1118 1871 1131 1885 .
1168 1870 1185 1887 .
1218 1869 1234 1886 .
1267 1839 1326 1885 nt
1353 1847 1383 1911 :_
1399 1838 1456 1886 et
1480 1844 1620 1886 unus

264 1902 418 1956 sicut
445 1902 650 1971 magis-
1120 1942 1131 1955 .
1170 1941 1183 1954 .
1222 1942 1234 1954 .
1273 1942 1287 1955 .
1322 1940 1337 1955 .
1372 1902 1417 1955 is
1444 1916 1550 1957 non
1580 1917 1669 1956 ca-

266 1980 358 2027 ter
384 1971 533 2041 ejus;
564 1981 619 2042 et
639 1986 761 2027 ser-
1119 2013 1133 2028 .
1169 2013 1182 2027 .
1221 2013 1234 2025 .
1271 2008 1286 2026 .
1309 1986 1473 2042 super
1503 1980 1617 2027 ter-

262 2058 371 2099 vus
401 2044 543 2099 sicut
570 2041 829 2099 dominus
1117 2082 1132 2098 .
1171 2084 1183 2097 .
1219 2058 1292 2098 .m
1324 2041 1445 2099 sine
1472 2056 1572 2097 vo-

260 2113 407 2184 ejns.
437 2114 495 2184 Si
518 2129 613 2182 pa-
1118 2153 1132 2167 .
1171 2154 1183 2167 .
1218 2156 1232 2169 .
1266 2155 1280 2167 .
1309 2122 1417 2169 tate
1444 2114 1620 2184 Patris

264 2181 411 2240 trem
447 2181 647 2240 ramm-
1114 2184 1205 2241 50.
1249 2222 1264 2238 .
1302 2225 1316 2241 .
1355 2228 1366 2238 .
1405 2224 1419 2238 .
1446 2183 1649 2255 tri?(c)
1675 2181 1773 2240 sed
1797 2191 1855 2240 et

268 2271 338 2311 as
362 2255 649 2312 Beelzebul
1115 2256 1295 2327 capilli
1318 2256 1517 2327 capitis

266 2334 648 2383 vocaverunt:
1120 2365 1135 2380 .
1271 2368 1286 2383 .
1313 2325 1381 2382 tri
1402 2326 1445 2397 ’ί-
1474 2340 1662 2383 nume-

314 2406 814 2469 uantomag...
1122 2405 1635 2455 .....suntom-

311 2477 493 2552 potest
532 2508 559 2552 .-
589 2508 631 2552 ί.
654 2507 668 2521 .
710 2482 776 2523 os
1117 2468 1208 2524 51.
1252 2482 1372 2525 nes.
1405 2466 1585 2525 Nolite
1610 2482 1703 2525 er-

266 2540 363 2596 26.
405 2539 559 2610 ejus?
588 2538 668 2594 Ne
694 2552 828 2611 ergo
1124 2579 1139 2594 .
1175 2578 1190 2592 .
1223 2578 1238 2593 .
1276 2578 1288 2591 .
1327 2579 1343 2594 .
1374 2577 1387 2594 .
1410 2554 1562 2611 mere
1591 2556 1605 2593 :
1635 2538 1775 2594 mul-

270 2612 568 2667 timueritis
598 2624 717 2665 eos.
1119 2626 1136 2642 ο
1169 2648 1183 2664 .
1220 2649 1237 2664 .
1272 2648 1288 2666 .
1320 2648 1335 2664 .
1360 2610 1557 2665 melio-

269 2681 419 2738 Nihil
451 2682 600 2737 enim
628 2695 789 2752 oper-
1119 2719 1136 2736 .
1168 2720 1182 2734 .
1216 2716 1233 2735 .
1275 2722 1290 2737 .
1328 2720 1341 2734 .
1381 2718 1395 2733 .
1430 2715 1444 2732 .
1479 2692 1669 2752 passe-

273 2750 708 2822 tumest,quod
1122 2791 1138 2806 .
1217 2789 1232 2803 .
1312 2790 1327 2804 .
1409 2789 1425 2804 .
1484 2750 1521 2804 ⁷.
1606 2791 1620 2804 .

273 2838 784 2880 ηοηῐενθ....
1122 2859 1617 2876 ......

275 2892 669 2960 bitur;oecul-
1123 2908 1137 2922 ·
1218 2928 1233 2946 .
1314 2930 1328 2945 .
1410 2930 1426 2947 .
1504 2930 1519 2946 .
1603 2930 1615 2944 .

276 2964 829 3035 tum,quodn.._.

276 3037 372 3090 27.
412 3033 639 3092 scietur.
671 3033 827 3103 Quod
1124 3072 1140 3089 .
1223 3073 1240 3091 .
1316 3072 1333 3089 .
1415 3074 1430 3088 .
1511 3071 1525 3087 .
1603 3070 1618 3088 .

279 3106 760 3164 dicovobis...

716 3217 952 3277 CODEX
973 3215 1455 3275 CORBEIENSIS.

281 3325 464 3373 autem
505 3323 906 3387 persequentur
946 3326 1041 3387 vos
1085 3312 1138 3366 in
1180 3311 1402 3367 civitate
1440 3312 1578 3377 ista,
1623 3311 1789 3387 fugite
1818 3311 1888 3387 _in

283 3329 464 3373 autem
505 3329 578 3387 pe
709 3329 906 3370 uentur
946 3329 1041 3366 vos
1085 3329 1138 3366 tn
1180 3329 1402 3367 curuare
1440 3329 1578 3377 lSla,
1623 3329 1789 3383 rugue
1830 3329 1888 3367 in

283 3388 468 3444 aliam.
496 3396 524 3425 ι
550 3329 708 3453 0m
750 3386 796 3440 si
843 3385 898 3438 in
936 3384 1099 3439 aliam
1131 3391 1526 3454 persequentur
1562 3382 1892 3454 vos,il'ugit_e

287 3461 345 3514 in
370 3452 619 3514 alteram.
653 3459 828 3511 Amen
857 3455 981 3510 dico
1003 3455 1180 3519 vobis,
1212 3452 1323 3509 non
1346 3452 1893 3509 consummabilis’ci-

285 3531 489 3585 vitates
524 3527 726 3593 Israel,
754 3526 931 3581 donec
958 3525 1141 3580 veniat
1182 3523 1325 3579 ﬁlius
1370 3526 1625 3580 hominis.
1654 3524 1771 3578 Non
1810 3530 1895 3579 est

286 3600 595 3670 discipulus
625 3598 1289 3670 superniagistrumtnec
1315 3610 1516 3670 servus
1530 3610 1692 3666 super
1722 3595 1896 3670 domi-

291 3687 422 3728 num
443 3666 629 3726 suum.
666 3671 680 3699 ¹
709 3666 929 3724 Sufﬁcit
956 3666 1246 3736 discipulo,
1280 3676 1337 3721 ut
1374 3668 1445 3721 sit
1473 3666 1615 3722 sicut
1641 3667 1897 3735 magister

292 3743 446 3811 ejus;
471 3752 529 3797 et
551 3744 573 3773 ⁸
601 3755 782 3802 servo.
813 3748 873 3811 ut
901 3738 972 3792 sit
997 3739 1137 3792 sicut
1157 3736 1412 3793 dominus
1436 3737 1572 3806 ejus.
1605 3736 1661 3791 Si
1690 3747 1896 3811 patrem

296 3806 536 3868 familias
579 3810 863 3867 Beelzebul
905 3818 1235 3864 vocaverunt
1276 3824 1289 3862 :
1338 3816 1541 3878 quanto
1590 3808 1762 3877 magis
1802 3806 1900 3860 do-

297 3883 560 3939 mesticos
590 3882 738 3953 ejus?
763 3879 848 3953 Ne
872 3894 1000 3953 ergo
1023 3878 1315 3953 timueritis
1332 3894 1449 3934 eos.
1484 3878 1628 3953 Nihil
1649 3886 1733 3933 est
1753 3878 1901 3953 enim

298 3964 551 4025 opertum
575 3994 591 4019 ,
619 3946 778 4025 :quod
816 3966 921 4025 nou
936 3946 976 3980 "
1006 3949 1399 4025 reveletur_;_et_
1421 3950 1720 4025 occultum,
1757 3946 1903 4025 quod

299 4018 407 4081 non
424 4018 858 4080 ‘manil'estetur.
885 4020 1041 4089 Quod
1062 4020 1184 4075 dico
1210 4020 1362 4075 vobis
1385 4020 1441 4074 in
1464 4018 1905 4084 teuehris,dicite

301 4098 357 4153 in
396 4095 602 4151 lumine
644 4112 657 4146 :
706 4102 761 4149 et
806 4091 951 4163 quod
1002 4093 1054 4145 iu
1100 4106 1233 4163 aure
1272 4091 1292 4121 ⁵
1337 4090 1553 4156 auditis,
1596 4089 1907 4163 praedicate

303 4182 469 4238 super
522 4160 839 4238 tectanEt'
868 4163 1036 4219 nolite
1094 4160 1287 4217 timere
1337 4176 1471 4228 eos,
1517 4160 1609 4232 qui
1654 4160 1908 4238 occidunt

306 4230 537 4307 corpus;
633 4235 869 4289 animam
951 4242 1131 4307 autem
1223 4248 1329 4289 non
1399 4230 1645 4307 possunt
1686 4230 1903 4307 occide-

308 4324 370 4365 re
403 4302 420 4363 Ξ
449 4310 470 4339 ⁶
509 4309 701 4364 timete
725 4321 854 4375 ergo
893 4304 1061 4374 magis
1113 4318 1260 4369 eum,
1320 4306 1411 4374 qui
1460 4311 1641 4375 p0te_st
1686 4311 1741 4357 et
1794 4302 1910 4375 ani-

310 4396 454 4434 mam
505 4388 559 4434 et
587 4372 1059 4447 corpus'perde're
1099 4376 1152 4428 in
1186 4372 1512 4447 gehennam.
1562 4372 1751 4429 Nonne
1798 4372 1911 4447 duo

312 4465 564 4521 passeres
606 4443 729 4521 asse
763 4443 1033 4521 vacneunt
1058 4454 1155 4521 :_et
1177 4459 1316 4521 unus
1342 4461 1410 4500 ex
1436 4445 1543 4521 illis
1574 4459 1681 4521 non
1712 4443 1907 4521 cade_t_'

313 4513 367 4576 in
394 4532 597 4577 terram
626 4520 745 4575 sine
776 4519 1051 4572 voluntate
1080 4515 1253 4570 Patris
1284 4515 1485 4583 vestri,
1528 4515 1619 4582 qui
1652 4516 1704 4569 in
1730 4513 1907 4583 ,coelis

313 4594 436 4649 est?
462 4590 561 4648 sed
587 4600 643 4644 et
665 4589 844 4659 capilli
871 4588 1065 4659 capitis
1087 4600 1277 4640 omnes
1294 4582 1602 4659 8numerati
1625 4596 1769 4641 sunt.
1795 4582 1904 4659 No-

318 4665 410 4718 lite
438 4677 572 4732 ergo
602 4655 795 4716 timere
819 4676 832 4712 :
855 4662 876 4692 θ
904 4655 1088 4732 multis
1128 4656 1437 4732 passeribus
1474 4656 1731 4732 meliores
1771 4655 1907 4732 estis

318 4749 431 4791 vos.
462 4726 653 4790 omnis
680 4744 812 4803 ergo
834 4731 1026 4801 quime
1041 4727 1323 4784 confessus
1349 4726 1514 4783 fuerit
1534 4727 1577 4757 ¹⁰
1602 4742 1788 4783 coram
1810 4726 1908 4781 bo-

1214 275 1665 337 EVANGELIUM
1700 277 2072 337 SECUNDUM
2112 278 2551 338 ΜΔΤΊῚΙιΕυΜ.

3437 289 3546 343 202

2383 396 2612 454 CODEX
2640 396 3095 456 VERONENSIS.

2790 493 2873 546 bis
2902 492 2953 547 in
2988 491 3224 548 tenebris
3243 531 3258 557 ,

2789 564 2953 619 dicite
2985 563 3037 619 in
3069 564 3272 619 lumine
3299 574 3313 613 :

2788 644 2843 688 et
2867 634 3014 704 quod
3040 636 3093 689 in
3119 647 3251 690 aure

2789 705 2989 776 auditis
3005 746 3020 770 ,
3053 705 3363 776 praedicat_e

2792 774 2883 830 28.
2925 773 3091 845 super
3118 786 3278 834 tecta.
3309 773 3379 828 Et

2794 846 2964 902 nolite
2996 848 3188 904 timere

2793 930 2890 972 eos
2903 961 2917 985 ,
2952 916 3044 988 qui
3072 919 3211 973 occi-

1960 496 2353 572 persequentur

1960 575 2057 614 νος
2088 576 2139 614 111
2172 571 2330 615 istam

1960 631 2234 686 civitatem
2258 672 2273 699 ,
2302 632 2385 688 fu-

2000 702 2071 756 ite
2100 702 2154 775 in
2182 703 2374 775 aliam.
2408 701 2483 775 (a)

2001 716 2071 756 tte
2100 718 2154 756 in
2186 716 2278 757 ana

1961 716 2118 838 δηθά
2148 772 2196 828 si
2220 773 2278 829 in

1963 842 2126 898 aliam
2154 858 2482 917 persequen-

1966 922 2052 985 tur
2072 928 2168 970 vos
2184 956 2198 978 .
2224 916 2391 985 fugite

1965 984 2020 1057 in
2049 985 2230 1057 aliam.
2264 984 2305 1057 f
2794 988 2929 1042 dunt
2954 984 3152 1057 corpus
3171 1031 3186 1056 ,

1968 1054 2139 1111 Amen
2168 1054 2292 1113 dico
2796 1060 3031 1113 animam
3054 1054 3152 1113 au-

1966 1126 2153 1193 vobis,
2181 1142 2287 1201 non
2309 1142 2441 1185 cou-
2800 1140 2907 1183 tem
2940 1143 3046 1183 non
3080 1144 3202 1201 pos-

1967 1199 2308 1254 summahitis

1967 1268 2221 1324 civitates
2246 1269 2408 1325 Istra-

1970 1338 2057 1395 hel
2074 1380 2091 1407 ,
2119 1339 2292 1394 donec
2318 1356 2409 1397 ve-

1970 1411 2086 1463 niat
2115 1410 2257 1466 filius
2287 1411 2389 1467 ho~

1971 1480 2153 1535 minis.

1970 1551 2063 1607 94.
2105 1550 2221 1607 Non
2254 1560 2338 1608 est
2367 1554 2453 1609 di-

1973 1622 2214 1704 scipulus
2246 1638 2411 1695 super

1977 1703 2295 1764 magistrum
2312 1736 2327 1761 ,
2360 1710 2453 1751 nec

1976 1778 2085 1834 que
2110 1779 2301 1820 servus
2329 1782 2425 1821 su-

1977 1848 2077 1921 rer
2104 1834 2383 1921 seminum
2402 1836 2515 1921 μ)-

1976 1905 2071 1961 25.
2110 1904 2254 1961 Satis
2280 1916 2363 1962 est
2383 1904 2462 1963 di-

1978 1976 2189 2045 scipulo
2214 2017 2229 2042 ,
2261 1986 2319 2032 ut
2346 1979 2417 2034 sit

1978 2046 2120 2119 sicut
2148 2049 2405 2119 magister

1979 2116 2135 2187 ejus;
2168 2128 2223 2173 et
2243 2116 2412 2177 servo
2436 2119 2579 2177 sicut

1979 2186 2234 2264 dominus
2260 2190 2399 2264 ejus,

1980 2256 2038 2314 Si
2070 2256 2303 2315 natrem'
2322 2257 2405 2315 la-

1981 2330 2165 2385 mitias
2192 2330 2450 2388 Velzebul

1977 2400 2319 2474 vocaberunt
2346 2421 2359 2455 :
2392 2416 2568 2474 quan-

1984 2479 2053 2543 to;
2073 2472 2245 2543 magis
2270 2472 2466 2529 dome-

1985 2540 2081 2596 26.
2122 2540 2290 2623 sticos
2315 2543 2477 2623 ejus?
2504 2542 2585 2597 Ne

1981 2625 2120 2681 ergo
2152 2611 2437 2667 timueritis

1986 2695 2084 2736 €08
2092 2720 2105 2733 .

1988 2750 2137 2807 Nihil
2162 2751 2309 2809 enim
2331 2766 2493 2824 cper-

1992 2830 2139 2894 tum,
2166 2824 2311 2894 quod
2342 2840 2451 2879 non
2482 2838 2573 2879 re-

1992 2892 2264 2950 velabitur
2278 2936 2293 2962 ,
2327 2904 2383 2949 et
2412 2909 2506 2951 oc-

1993 2964 2199 3020 cultum
2220 3005 2237 3031 ,
2266 2965 2415 3035 quod

1994 3050 2103 3090 non
2137 3038 2362 3092 scietur.
2832 3048 2922 3090 me
2948 3048 3133 3090 coram
3161 3035 3263 3091 ho-

1994 3106 2087 3159 27.
2123 3106 2281 3175 Quod
2312 3106 2436 3163 dico
2460 3121 2557 3164 vo—
2833 3104 3105 3174 minibus,
3136 3108 3307 3164 conli-

2462 3221 2703 3279 CODEX
2735 3219 3134 3279 BRIXIANUS.

1990 3324 2229 3384 quentur
2248 3330 2343 3372 vos
2366 3316 2421 3371 in
2446 3315 2667 3371 civitate
2688 3313 2716 3352 ι)
2741 3314 2923 3384 istam.
2954 3314 3120 3383 fugite
3141 3315 3195 3370 in
3220 3316 3402 3370 aliam.
3422 3316 3594 3373 Anien

1991 3383 2120 3441 dico
2153 3388 2307 3442 vobis
2338 3402 2445 3441 non
2470 3383 2919 3443 consummabitis
2943 3386 3190 3442 civitates
3218 3387 3268 3443 ls
3293 3398 3315 3425 ο
3337 3390 3472 3444 rael.
3498 3390 3597 3443 do-

1994 3472 2095 3513 nec
2122 3459 2305 3513 veniat
2336 3459 2483 3513 ﬁlius
2508 3458 2768 3511 hominis.

2068 3528 2185 3582 Non
2222 3536 2309 3599 est
2340 3528 2647 3599 discipulus
2683 3542 2848 3599 super
2886 3528 3225 3599 magistrum.
3269 3542 3371 3583 nec
3394 3542 3599 3599 servus

1997 3613 2164 3667 super
2205 3597 2494 3653 dominum
2523 3613 2701 3651 suum.
2731 3598 2949 3654 Sufﬁcit
2974 3597 3242 3668 discipulo
3270 3607 3330 3651 ut
3359 3598 3430 3652 sit
3458 3601 3600 3653 sicut

1998 3668 2258 3738 magister
2279 3672 2397 3731 eius
2426 3678 2482 3723 et
2506 3682 2665 3723 servo
2690 3670 2831 3723 sicut
2854 3668 3107 3724 dominus
3135 3668 3273 3737 ejus.
3301 3669 3357 3723 Si
3388 3680 3597 3738 patrem

1998 3737 2238 3809 familias
2268 3738 2554 3795 Beelzebul
2585 3747 2914 3793 vocaverunt
2938 3749 3140 3809 quanto
3171 3740 3345 3809 magis
3379 3737 3601 3795 domes—

2000 3810 2139 3865 ticos
2158 3808 2277 3879 ejus
2297 3809 2374 3865 Ne
2398 3825 2529 3880 ergo
2552 3809 2842 3864 timueritis
2868 3808 2983 3865 eos.
3010 3810 3151 3865 Nihil
3176 3819 3258 3863 cst
3274 3808 3422 3864 enim
3445 3825 3602 3879 oper-

2002 3888 2118 3935 tum
2158 3880 2304 3950 quod
2356 3896 2462 3935 non
2504 3881 2851 3935 revelabitur.
2892 3890 2947 3935 et
2986 3881 3260 3935 occultum
3304 3881 3449 3950 quod
3492 3895 3600 3935 non

2003 3950 2225 4006 scietur.
2244 3951 2401 4019 Quod
2426 3951 2550 4006 dico
2572 3951 2725 4006 vobis
2749 3952 2803 4005 in
2829 3952 3089 4006 tenebris.
3114 3951 3277 4006 dicite
3298 3952 3352 4005 in
3375 3951 3600 4006 lumine.

2004 4022 2228 4092 etquod
2274 4021 2330 4077 in
2358 4037 2489 4077 aure
2527 4021 2745 4077 auditis.
2786 4021 3101 4091 praedicate
3139 4036 3301 4091 super
3336 4030 3497 4077 teeta.
3541 4023 3604 4076 Et

2007 4093 2177 4148 nolite
2193 4094 2385 4149 timere
2412 4107 2509 4147 cos
2528 4094 2618 4163 qui
2640 4093 2896 4148 occidunt
2914 4108 3132 4163 corpus.
3163 4092 3399 4147 animam
3421 4100 3604 4147 autem

2008 4178 2115 4218 non
2146 4173 2372 4233 possunt
2398 4164 2669 4219 occidere.
2695 4164 2791 4218 sed
2822 4164 3003 4233 potius
3024 4164 3212 4219 timete
3240 4178 3362 4218 eum
3390 4163 3482 4233 qui
3508 4178 3604 4233 po:

2010 4244 2116 4289 test
2144 4230 2200 4290 et
2224 4237 2459 4290 animam
2480 4245 2535 4289 et
2562 4249 2762 4303 corpus
2775 4230 3005 4304 perdere
3032 4235 3085 4289 in
3103 4230 3430 4304 gehennam.
3459 4230 3605 4290 Non:

2013 4320 2108 4377 ue_
2134 4305 2273 4361 duos
2302 4320 2557 4377 passeres
2587 4319 2710 4360 asse
2734 4305 2989 4377 veniunt.
3013 4312 3070 4358 ct
3094 4320 3232 4377 unu_s
3262 4319 3338 4377 exp
3360 4304 3466 4359 illis
3498 4320 3606 4361 non

2012 4375 2173 4431 cadet
2229 4374 2395 4446 super
2438 4384 2659 4431 terram.
2712 4376 2831 4431 sine
2876 4375 3160 4430 voluntate
3196 4374 3373 4429 Patris
3417 4378 3622 4433 vestri..

2013 4448 2183 4502 vestri
2205 4445 2385 4503 autem
2414 4455 2470 4501 ct
2496 4445 2679 4516 capilli
2702 4446 2895 4515 capitis
2918 4458 3110 4500 omnes
3149 4446 3418 4501 numerati
3459 4458 3606 4502 sunt.

2013 4516 2215 4589 Nolite
2239 4533 2371 4589 ergo
2418 4515 2610 4573 timere
2638 4517 2826 4589 multis
2856 4516 3172 4589 passeribus
3194 4515 3449 4572 meliores
3475 4518 3610 4573 estis

2011 4603 2128 4643 vos.
2183 4585 2374 4644 Omnis
2417 4604 2547 4657 ergo
2565 4588 2657 4658 qui
2680 4602 2767 4643 me
2795 4585 3078 4643 confessus
3099 4586 3265 4645 fuerit
3289 4601 3474 4644 coram
3503 4590 3600 4643 ho—

2014 4659 2274 4715 minibus.
2319 4660 2493 4716 conti-

2802 1209 2929 1254 sunt
2955 1200 3204 1258 occidere
3234 1221 3247 1258 :

2803 1270 2897 1324 sed
2928 1270 3109 1339 potius

2806 1356 2929 1395 eum
2958 1342 3144 1397 timete
3157 1383 3173 1408 ,

2804 1411 2895 1481 qui
2928 1422 3107 1480 potest
3135 1414 3253 1469 ani-

2807 1497 2952 1554 mam
2985 1491 3038 1537 et
3061 1498 3263 1554 corpus

2880 1552 3039 1608 rdere
3062 1554 3114 1608 in
3141 1552 3237 1625 έθ-

2830 1638 3071 1678 tenuam.

2809 1693 2900 1749 29.
2942 1693 3136 1751 Nonne
3163 1696 3272 1752 duo

2808 1778 3065 1836 passeres
3090 1780 3215 1823 asse

2809 1835 3038 1891 veniunt
3062 1854 3075 1889 :
3105 1848 3159 1892 et
3183 1853 3322 1894 unus

2811 1920 2879 1960 ex
2909 1906 3019 1962 illis
3044 1922 3149 1963 non

2812 1975 2959 2033 cadit
2988 1994 3154 2048 super
3185 1988 3295 2037 ter-

2812 2061 2931 2101 ram
2956 2049 3075 2103 sine
3108 2051 3299 2105 volun-

2815 2125 2929 2173 tate
2960 2118 3136 2173 Patris
3165 2135 3257 2176 ve-

2814 2190 2933 2258 stri,
2972 2190 3066 2258 qui
3097 2192 3260 2247 estin

2819 2256 2911 2313 50.
2953 2256 3160 2333 caelis?
3189 2262 3261 2333 (c)
3284 2265 3381 2320 sed

2822 2337 2879 2384 ct
2897 2330 3079 2399 capilli
3112 2330 3307 2400 capitis

2822 2403 2986 2454 vestri
3019 2400 3060 2469 -ι-
3086 2404 3356 2458 numerati

2822 2480 2950 2523 sunt
2978 2484 3187 2525 omnes.

2824 2539 2917 2594 51.
2957 2538 3137 2596 Nolite
3162 2556 3296 2608 ergo

2828 2610 3021 2666 timere
3052 2627 3065 2663 :
3096 2612 3270 2668 multo

2826 2694 2924 2735 vos
2945 2681 3208 2738 meliores

2828 2752 2963 2823 estis
2994 2766 3179 2823 passe-

2830 2821 3005 2876 ribus.

2831 2891 2923 2948 52.
2947 2892 3155 2967 prunis
3174 2909 3306 2967 ergo
3325 2897 3418 2967 qui

2831 2963 3179 3021 conﬁtebitur

1019 4829 1414 4890 VARIANTES
1439 4825 2129 4901 LECTIONES_CODICIS
2156 4825 2271 4884 MS.
2298 4826 2359 4883 S.
2399 4823 2902 4884 GERMANENSIS.
2992 4826 3007 4841 "

386 4931 665 4981 ‘satisest

385 4995 409 5025 ³
443 4998 499 5044 et
518 5004 695 5042 servus
708 4990 835 5042 sicut

390 5056 413 5089 ³
443 5052 768 5115 revelabitur,
787 5064 955 5116 neque

390 5117 414 5147 δ
446 5118 644 5166 sciatur.

394 5180 416 5211 ³
448 5179 723 5241 audieritis,

2085 4919 2111 5015 ς
2142 4920 2417 5015 Ξεξοφῆω
2439 4932 2553 4972 eum
2575 4920 2750 4972 timete
2802 4974 2812 4980 έ

2088 4994 2105 5015 τ
2140 4994 2294 5046 super

2088 5044 2111 5111 9
2142 5046 2441 5111 dinumerati
2663 5104 2695 5111 η
2900 5102 2931 5111 Α,
3154 5100 3165 5111 η

2028 5126 2061 5180 μ
2089 5108 2306 5180 {multo
2322 5109 2560 5180 enimnvos
2578 5104 2818 5180 meliores
2980 5100 3279 5165 passeribus.
3309 5100 3345 5155 '-

2032 5170 2142 5229 ειιο
2164 5168 2333 5231 fuerit,
2358 5168 2629 5221 conﬁtebor
2644 5173 2697 5218 et
2721 5178 2820 5229 ego
2845 5177 2962 5217 eum

1670 5253 2039 5314 BLANCBINI
2073 5252 2306 5313 NOTAE.

408 5366 437 5395 ι
473 5355 833 5413 Consentium
873 5353 1063 5411 Graeca
1107 5352 1439 5481 exemelaria
1483 5366 1592 5409 non
1624 5365 1831 5423 pauca,
1878 5360 1935 5433 et

408 5428 596 5481 innulla
621 5427 814 5481 Latina
841 5424 1231 5481 vetustissima.
1309 5424 1397 5481 ide
1426 5424 1604 5481 Lucae
1640 5423 1933 5481 Bruttensrs

1309 5424 1397 5481 ide
1426 5424 1604 5481 Lucae
1626 5421 1933 5491 ‘Brugensis

334 5498 613 5556 variantes
634 5499 897 5557 lectiones
926 5496 1062 5554 Novi
1086 5496 1420 5554 Testamenti
1438 5498 1493 5553 in
1518 5510 1641 5566 cap.
1675 5509 1713 5550 ι
1741 5492 1932 5551 Matth.

334 5428 596 5485 nonnth
621 5427 814 5483 Latina
841 5424 1231 5482 vetustissima.

2105 5347 2136 5389 ι’
2161 5348 2338 5405 littera
2365 5363 2417 5403 m
2442 5354 2626 5404 notata
2665 5354 2752 5404 est
2776 5345 2939 5405 litura
2958 5345 3028 5405 ab
3052 5345 3405 5418 exscriptore.
3466 5384 3478 5412 .

2113 5430 2136 5459 ο
2176 5428 2443 5492 expuncta
2467 5428 2552 5477 est
2579 5419 2759 5477 littera
2783 5418 2842 5476 ά.
3452 5426 3485 5488 ε’

414 5616 495 5690 (a)
522 5615 778 5681 Addunt,
804 5615 943 5690 quod
965 5614 1010 5669 si
1041 5620 1147 5670 etc.
1180 5626 1402 5690 usque,“
1424 5611 1479 5665 in
1530 5608 1711 5690 quam.
1753 5607 1822 5690 ﬁt
1855 5605 1902 5690 it:

2007 5602 2090 5690 ad.
2119 5600 2277 5685 (lant.
2311 5599 2570 5690 Graecus,
2598 5601 2682 5656 ἐὰν
3193 5595 3632 5690 dicitnec-9.13901:

341 5669 554 5764 ςνεδριίτέ
576 5669 962 5764 Egregium,
988 5669 1121 5764 cum,
1140 5669 1333 5740 eodem
1362 5669 1827 5764 Cant.gLa.t.T(b)
1865 5677 1902 5764 Ρ

2016 5674 2318 5744 Dominum,
2340 5672 2494 5731 deest
2509 5688 2677 5727 suum.
2698 5670 2767 5726 Et
2786 5670 2857 5729 ita
2880 5669 2935 5724 in
2958 5669 3343 5726 Cod.Caut.-—
3370 5669 3443 5743 (c)
3471 5669 3545 5727 lta
3575 5683 3633 5729 et

344 5756 467 5819 ἰού.
502 5761 658 5819 Cant.
848 5760 937 5813 καὶ
962 5756 1015 5812 αἱ
1040 5764 1226 5833 τρῖχες
1246 5764 1337 5817 τῆς
1361 5774 1415 5811 κα

872 5846 1331 5931 ΡΑΤειοικΧΙΙ.

1418 5753 1574 5830 γαλῆς
1614 5748 1776 5826 ὑμῶν.
1809 5748 1841 5810 ε
1864 5748 2030 5809 Luca.

3150 5836 3191 5896 7

2472 5910 2559 5925 ιι..
2645 5916 2710 5921 ην-
