2024 3094
440 184 557 213 CODEX
575 181 845 211 VERCELLENSlS.

658 236 702 257 tur
715 237 759 257 me
766 250 773 261 ,
789 236 844 256 non

657 270 699 293 est
712 273 756 293 me
771 264 879 299 dignus.

658 301 702 328 59.
724 301 775 334 Qui
795 302 893 327 invene
913 318 920 325 .
944 317 951 324 .
975 317 981 324 .

242 270 287 297 55.
308 269 387 296 Patre
402 274 463 295 meo
473 288 481 300 ,
494 266 540 302 ‘qui

242 309 285 333 est
299 304 326 332 in
339 303 420 332 caelis
434 312 440 330 :

242 340 294 374 Qui
307 344 397 367 autem
410 345 459 366 ne-
613 338 617 343 '
658 337 787 374 animam,
810 356 816 361 .
840 355 846 361 .
869 354 876 361 .
900 341 944 374 ._r-

242 369 400 411 gwaveritrme
417 410 422 411 γ
659 371 703 399 det
718 371 793 411 ill_am_
808 379 815 397 :
833 373 860 397 et
871 369 917 405 qui

243 406 335 438 coram
351 410 437 437 homi-
661 406 794 442 perdideri
812 427 817 433 .
841 426 848 432 .
872 425 878 431 .
902 424 910 432 .
932 424 939 432 .
962 423 970 430 .
992 422 999 430 .

245 446 340 478 nibus,
356 444 563 480 negaboetego
660 443 751 470 anima
772 460 780 467 .
803 462 809 467 .
832 459 839 467 .
862 461 868 468 .
892 460 899 468 .
922 460 928 467 .

245 489 306 509 eum
320 488 414 508 coram
659 485 703 505 am
717 485 749 512 pl‘
770 497 776 503 .
801 497 807 504 .
830 497 837 504 .
860 497 867 503 .
890 496 896 502 .
921 496 927 502 .

660 521 716 545 me,
731 512 851 539 inreniet

660 549 704 576 40.
725 555 796 575 eam.
808 547 858 580 Qui
867 546 933 574 reci-

660 584 700 619 pit
709 591 769 615 vos,
785 590 830 610 me
841 590 884 619 re-

660 618 726 654 cipit
744 629 751 647 ς
763 624 790 646 et
804 618 850 653 qui
857 625 906 654 rre-

661 653 726 690 cipit
739 661 793 687 mc,
809 653 878 681 reci-

660 691 786 730 piteum,
801 696 835 724 qu
857 709 863 715 .
887 707 894 715 .

662 725 746 752 misit.

662 761 707 788 41.
729 760 782 794 Qui
804 759 900 795 recipit
920 778 927 787 .
951 777 959 786 .

661 796 772 831 phetam
788 796 815 823 in
837 815 843 822 .
866 815 874 823 .
896 813 903 821 .

661 832 732 859 mine
745 838 796 866 pro
817 851 853 866 .j.
877 849 884 857 .

244 517 326 544 Patre
340 523 401 543 meo
411 537 419 549 ,
434 515 480 551 qui

244 556 287 579 est
300 552 327 579 in
342 551 435 579 caelis.

244 586 291 615 54.
311 586 400 614 Nolite
412 586 527 614 arbitra-

245 630 275 650 re
291 622 353 656 quia
364 622 425 649 veni

246 658 355 685 mittere
369 664 462 692 pacem

246 693 273 720 in
289 698 386 720 terram
404 701 410 718 :
425 699 479 719 non

246 728 308 755 veni
324 734 417 763 pacem

246 762 356 791 mittere
366 783 374 796 ,
389 762 436 798 sed
450 762 506 798 gla-

245 799 291 826 55.
312 798 397 826 dium.
411 797 480 825 Veni

246 834 319 862 enim
331 841 441 869 separa-

248 889 255 896 .
273 890 279 896 .
297 889 303 896 .
323 889 329 895 .
396 889 402 895 .
420 889 427 896 .
442 868 491 896 ad-
662 872 716 899 tae,
730 864 883 894 mercedem

249 924 255 932 .
272 925 280 933 .
297 923 304 931 .
321 925 328 931 .
348 925 354 931 .
373 924 380 931 .
399 909 522 939 .patrem
661 902 821 939 prophetae,
833 908 880 928 ac-

248 959 254 967 .
273 960 279 968 .
298 960 305 966 .
323 960 329 966 .
348 959 355 966 .
374 960 382 967 .
444 939 496 967 tili-
662 936 763 972 cipiet:
778 936 812 973 (c)
828 941 855 964 et
869 936 915 972 qui
930 944 973 964 re-

248 995 255 1003 .
271 995 278 1002 .
295 995 302 1002 .
320 975 470 1002 .adversus
661 973 726 1008 cipit
738 974 840 1007 justum

246 1015 361 1038 matrem
375 1012 451 1048 suam
461 1031 468 1042 ,
661 1008 688 1048 in
700 1008 808 1048 nomine

659 1044 925 1078 justi,mer....

248 1087 498 1109 ......susso-
661 1079 868 1114 demjus...

245 1124 320 1144 crum
334 1124 410 1144 suam
424 1125 430 1143 :
660 1114 751 1149 cipiet.
764 1114 785 1149 ἰ-

244 1151 289 1180 36.
310 1157 337 1179 et
351 1151 451 1179 inimici
467 1151 516 1178 ho-
658 1149 704 1177 4‘2.
725 1150 758 1177 Et
780 1149 826 1184 qui

244 1187 469 1219 minis.domes-
661 1205 668 1213 .
708 1205 715 1211 .
761 1204 768 1211 .
813 1204 820 1212 .
869 1204 875 1210 .
922 1203 930 1211 .
976 1204 982 1211 .
1028 1202 1036 1209 .

244 1221 375 1256 ticiejus.
661 1240 716 1247 ..
764 1240 772 1247 .
815 1239 823 1247 .
870 1241 877 1248 .
922 1240 929 1246 .
975 1238 983 1247 .
1027 1236 1036 1245 .

243 1258 288 1285 57.
309 1257 359 1291 Qui
373 1256 575 1292 diligitpatrem
659 1274 668 1282 .
709 1275 716 1282 .
764 1276 770 1282 .
818 1276 824 1282 .
871 1275 877 1281 .
923 1277 929 1283 .
975 1275 981 1281 .
1029 1274 1036 1280 .

243 1297 291 1319 θυι
304 1297 416 1319 matrem
660 1311 667 1318 .
708 1312 714 1317 .
762 1312 768 1317 .
814 1311 820 1318 .
867 1310 875 1318 ο
920 1312 927 1318 .
976 1310 983 1318 .
1028 1309 1035 1317 ι

243 1328 385 1361 plusquam
401 1333 444 1353 me
453 1346 459 1358 ,

241 1370 296 1390 non
311 1367 353 1390 est
366 1369 409 1389 me
423 1361 481 1396 dig-

241 1405 293 1425 nus
310 1405 317 1431 ;
335 1396 372 1432 (b)
389 1401 416 1424 et
429 1394 474 1431 qui
489 1394 530 1423 di-

242 1433 301 1468 ligit
315 1432 399 1459 lilium

241 1467 287 1496 aut
304 1468 386 1495 tiliam
402 1467 461 1502 plus

240 1511 321 1539 quam
335 1510 379 1539 me
390 1524 397 1535 ,
414 1509 467 1529 non

239 1537 282 1566 ést
297 1546 340 1566 me
350 1538 458 1573 dignus.
472 1537 492 1572 -ι-

238 1641 329 1678 stiam,
345 1648 373 1672 et
384 1643 474 1679 sequi-
692 1642 718 1669 l.
742 1641 776 1668 Et
786 1641 887 1669 factum
901 1645 960 1674 est,

453 1689 568 1718 CODEX
587 1688 820 1717 CORBEIENSIS.

237 1726 371 1760 minibus,
392 1731 419 1754 et
438 1734 488 1761 ego
508 1725 658 1752 conﬁtebor
671 1733 733 1753 eum
750 1732 840 1752 coram
854 1724 935 1752 Patre
949 1731 1010 1761 meo
1024 1745 1032 1758 ,

237 1763 282 1797 qui
295 1767 337 1790 est
350 1762 377 1789 in
390 1760 473 1789 coelis
488 1770 493 1787 :
506 1761 552 1796 qui
565 1764 654 1788 autem
669 1761 810 1795 negaverit
823 1768 866 1797 me
876 1767 967 1788 coram
983 1760 1033 1787 ho-

236 1796 370 1830 minibus,
383 1798 391 1813 ¹
406 1803 433 1825 et
454 1805 505 1832 ego
528 1796 631 1831 negabo
655 1804 717 1823 eum
739 1804 831 1824 coram
851 1796 930 1824 Patre
951 1803 1030 1832 meo,

235 1834 281 1868 qui
296 1839 338 1861 est
350 1833 377 1860 iu
392 1831 486 1861 coelis’.
501 1832 589 1860 Nolite
603 1837 696 1867 putare
708 1833 768 1867 quia
784 1832 845 1859 veni
861 1839 953 1867 pacem
968 1831 1032 1868 mit:

236 1866 293 1895 fere
308 1876 389 1903 super
404 1873 502 1895 terram
526 1877 532 1894 :
553 1875 606 1895 non
631 1868 690 1895 veni
714 1875 808 1901 pacem
829 1866 955 1900 mittere,
981 1866 1029 1894 sed

235 1903 365 1937 gladium.
379 1903 445 1930 Veni
457 1903 527 1931 enim
540 1904 549 1918 ’
560 1903 681 1930 dividere
692 1903 773 1930 ﬁlium
785 1903 915 1930 adversus
925 1907 1029 1937 patrem

235 1945 314 1965 suum
326 1959 335 1972 ,
350 1943 377 1965 et
391 1939 471 1965 tiliam
483 1939 612 1965 adversus
624 1942 736 1965 matrem
752 1946 827 1965 suam
840 1959 846 1967 .
860 1938 870 1954 ³
883 1943 909 1965 et
920 1945 1028 1965 Sacrum

237 1973 368 2001 adversus
390 1981 487 2000 nurum
501 1981 576 2000 suam
594 1982 600 1999 :
616 1979 642 2000 et
656 1973 757 2000 inimici
773 1973 904 2005 hominis,
921 1973 1030 2000 domes—

236 2008 283 2036 tici
294 2009 361 2044 ejus.
370 2008 516 2043 Qui‘amat
528 2013 629 2043 patrem
640 2013 687 2035 aut
698 2013 810 2035 matrem
824 2016 905 2043 super
917 2016 1028 2039 menon

236 2049 276 2071 est
287 2052 330 2071 tne
342 2044 437 2080 dignus
453 2053 459 2071 :
476 2049 503 2071 et
516 2044 561 2079 qui
576 2049 647 2080 autat
664 2044 746 2071 lilium
761 2048 807 2070 aut
830 2045 911 2071 tiliam
923 2044 933 2059 ⁸
947 2051 1029 2079 super

235 2087 289 2113 me,
299 2087 351 2108 non
361 2085 403 2107 est
413 2087 456 2107 me
464 2080 570 2114 dignus.
579 2079 613 2106 Et
624 2079 669 2114 qui
684 2087 737 2106 non
749 2079 759 2095 θ
774 2080 910 2114 acceperit
920 2087 1027 2107 crucem

234 2120 322 2150 suam,
337 2121 364 2143 et
379 2120 509 2150 sequutus
534 2122 577 2142 me
593 2115 689 2148 fuerit,
713 2123 766 2142 non
788 2121 829 2142 est
850 2123 894 2142 me
917 2116 1025 2149 dignus.

235 2149 285 2186 Qui
297 2151 307 2166 ⁷
322 2149 520 2178 amatanitnam
533 2157 619 2184 suam,
633 2151 727 2185 perdet
741 2150 813 2178 illatn
828 2161 837 2177 :
855 2154 883 2178 et
905 2152 950 2186 qui
968 2159 1028 2184 per-

235 2185 336 2228 diderit
348 2187 464 2228 animam
476 2194 552 2213 suam
569 2190 678 2228 propter
699 2194 752 2220 me,
769 2186 911 2228 inveniet8
940 2186 1024 2228 illam.

234 2218 285 2256 Qui
298 2222 410 2256 suscipit
422 2230 481 2254 vos,
499 2230 541 2249 me
554 2218 667 2256 suscipit
682 2231 688 2248 :
710 2218 749 2250 et'
763 2223 807 2257 qui
835 2230 877 2249 tne
900 2222 1024 2256 suscipit,

233 2257 348 2291 suscipit
361 2265 435 2290 eum,
452 2258 496 2292 qni
511 2266 554 2285 me
567 2257 650 2284 misit.
669 2258 719 2290 Qui
734 2257 847 2291 suscipit
864 2257 1024 2292 prophetam

187 2298 190 2301 ί
232 2292 260 2319 in
276 2293 385 2320 nomine
397 2293 554 2327 prophetae,
572 2293 723 2320 mercedem
739 2293 886 2328 prophetae
900 2292 1025 2327 accipiet:

232 2333 260 2355 et
273 2328 319 2363 qui
335 2329 539 2362 recipitjustum
553 2329 577 2355 in
590 2328 785 2363 nominejusli,
797 2329 951 2356 mercedem
961 2329 1026 2363 justi

232 2363 356 2398 accipiet.
373 2364 407 2391 Et
416 2363 599 2398 quiquumque
611 2368 702 2397 potum
715 2364 822 2391 dederit
836 2364 881 2392 uni
896 2373 928 2392 ex
943 2364 1025 2391 mmi-

231 2399 283 2425 mis
294 2400 352 2426 istis
364 2400 475 2427 calicem
488 2406 572 2433 aquae
586 2398 699 2434 frigidae
727 2403 831 2427 tantum
859 2400 885 2427 iu
914 2399 1025 2426 nomine

231 2440 313 2460 meo:
338 2442 417 2462 amen
444 2434 505 2462 dico
528 2434 605 2462 vobis
617 2433 632 2468 ,⁷
651 2441 704 2461 non
719 2434 729 2451 ⁵
750 2433 843 2469 perdet
871 2435 1025 2463 mercedem

230 2473 317 2496 suam.

230 2534 231 2537 η
265 2502 312 2530 XI.
324 2503 359 2531 Et
377 2504 475 2533 factum
496 2511 547 2534 est.

659 1365 763 1388 tantum
775 1361 801 1387 in
818 1369 869 1388 tto-

659 1396 733 1423 mine
742 1396 859 1431 discipu-

657 1431 675 1458 li
693 1440 699 1458 ε
712 1439 791 1459 amen

657 1466 719 1494 dico
732 1467 820 1499 vobis,
832 1467 895 1502 quia
906 1466 946 1502 (ά)

659 1510 713 1529 non
725 1502 822 1537 perivit

657 1545 762 1566 merces
777 1539 836 1573 ejus
847 1537 879 1573 1-.

523 124 660 157 EUSEBII
673 110 844 153 VERCELL.
866 118 1091 151 EVANGELIIN
1110 119 1181 149 CUM
1194 117 1308 149 VARIlS
1321 118 1400 149 COD.
1414 118 1615 150 COLLATUM.‘

1063 353 1066 356 .
1087 336 1129 358 est
1143 332 1170 358 in
1185 331 1268 358 caelis
1281 340 1287 357 :

1830 119 1882 152 ΞΜ

1297 175 1413 205 consx
1423 163 1649 206 VEROIiENSlS.

1503 231 1592 258 suam,
1606 228 1633 251 et
1646 226 1756 252 secutus

1503 259 1585 287 fuerit
1600 268 1658 291 me,
1675 267 1729 287 non

1503 300 1545 322 est
1557 303 1599 322 me
1611 295 1717 330 dignus.

1503 332 1547 359 59.
1570 331 1620 364 Qui
1633 331 1737 358 invenit

1503 367 1619 392 animam
1636 374 1724 399 suam,

1501 401 1596 436 perdet
1608 402 1680 428 illam
1695 410 1700 428 :

1502 442 1530 464 et
1542 436 1586 471 qui
1603 436 1728 471 perdide-

1504 473 1536 499 rit
1548 473 1666 499 animam
1681 480 1755 500 suam

1505 513 1615 543 propter
1629 515 1682 541 me,
1697 509 1739 535 itt-

1504 544 1596 571 veniet
1610 550 1681 571 eam.

1504 577 1551 606 40.
1572 579 1624 612 Qui
1639 578 1737 614 recipit

1505 621 1564 648 vos,
1582 621 1626 641 me
1638 614 1733 649 recipit
1749 623 1756 641 :

1505 654 1533 676 et
1546 650 1592 683 qui
1606 657 1651 677 me
1665 650 1736 676 reci-

1506 685 1554 719 pit,
1572 685 1670 719 recipit
1685 692 1756 718 eum,

1504 721 1549 754 qui
1561 728 1605 747 me
1620 720 1703 747 misit.

1505 756 1550 782 ιι.
1573 755 1623 789 Qui
1640 756 1735 790 recipit

1505 791 1661 825 prophetam
1677 792 1703 818 in

1505 826 1614 853 nomine
1631 826 1746 861 prophe-

1506 867 1556 893 tae,
1571 862 1725 889 mercedem

1505 897 1655 932 prophetae
1672 897 1742 924 acci-

1506 933 1561 967 piet
1580 942 1586 960 :
1605 932 1641 968 (ο)
1657 938 1683 960 et
1693 933 1740 968 qui

1506 968 1601 1002 recipit
1614 968 1717 1001 jnstutn

1505 1003 1533 1030 in
1549 1004 1658 1030 nomine
1670 1004 1735 1038 justi
1746 1023 1754 1036 ,

1505 1039 1659 1066 mercedem
1679 1039 1744 1073 justi

1505 1074 1631 1108 accipiet.
1646 1074 1666 1109 -ι-

1506 1109 1550 1136 42.
1573 1110 1607 1136 Et
1618 1111 1773 1145 quicunque

1506 1149 1600 1178 potum
1609 1145 1722 1173 .dederit

1507 1181 1551 1207 uni
1563 1188 1595 1207 ex
1611 1181 1732 1208 minimis

1086 224 1166 252 tehor
1176 228 1204 251 et
1217 230 1267 259 ego

1086 260 1131 301 53.
1153 267 1215 287 eum
1229 261 1321 301 coram
1331 259 1384 287 Pa-

1087 299 1130 323 tre
1144 303 1215 327 meo,
1228 299 1273 330 qui

1086 365 1138 398 Qui
1154 370 1243 393 autem

1087 401 1229 436 negaberit

1088 443 1133 464 me
1147 444 1239 464 coram
1255 436 1305 464 ho-

1088 472 1218 505 minibus,
1232 471 1338 508 negabo

1088 512 1116 536 et
1128 515 1178 543 ego
1189 515 1250 535 eum

1088 550 1180 571 coram
1196 543 1275 571 Patre

1089 586 1162 611 meo,
1177 578 1223 613 qui
1235 583 1275 606 est
1287 578 1314 605 in

1089 614 1184 641 caelis.

1089 649 1135 677 54.
1155 648 1245 677 Nolite
1254 648 1383 676 arbitrari

1090 684 1153 720 quia
1168 684 1229 712 veni
1248 684 1311 711 mit-

1091 726 1148 747 tere
1161 727 1254 754 pacetn
1267 720 1294 746 in

1091 760 1190 783 terram
1206 764 1211 780 ἒ
1224 762 1277 782 11011

1090 791 1152 818 veni
1166 798 1258 825 pacem

1090 827 1207 856 mittere,
1223 825 1270 852 sed

1090 862 1134 889 55.
1156 861 1284 896 gladium.
1302 861 1369 888 Veni

1091 898 1163 924 enim
1180 904 1307 931 separare
1322 896 1361 931 (α)

1091 932 1176 959 ﬁlium
1190 932 1210 966 4,-
1225 932 1356 959 adversus

1093 973 1197 1002 patretn
1211 975 1287 994 suttm
1303 988 1309 999 ,

1093 1008 1120 1030 et
1135 1003 1216 1029 iiliam
1230 1003 1361 1030 adversus

1093 1043 1207 1065 matrem
1222 1045 1311 1070 suam,
1343 1056 1348 1060 -

1091 1080 1119 1102 et
1131 1081 1229 1101 nurum
1243 1073 1373 1101 adversus

1090 1116 1198 1136 socrum
1211 1116 1288 1136 suum
1302 1117 1308 1135 τ

1090 1144 1136 1172 56.
1157 1149 1185 1171 et
1198 1144 1301 1172 inimici
1312 1143 1397 1171 homi-

1090 1180 1142 1211 nis,
1160 1180 1315 1207 domestici.

1091 1216 1160 1249 ejus.

1090 1252 1134 1278 37.
1155 1250 1206 1283 Qui
1221 1250 1309 1285 diligit

1090 1292 1206 1320 patrem,
1222 1291 1267 1313 aut
1281 1293 1339 1312 ma-

1089 1326 1158 1349 trem
1174 1322 1231 1356 plus
1246 1329 1325 1356 quant

1089 1366 1144 1390 tne,
1159 1365 1210 1383 uon
1223 1361 1265 1384 cst

1089 1400 1132 1419 me
1145 1392 1241 1426 dignus
1259 1401 1264 1418 :
1282 1392 1319 1426 (b)

1089 1432 1115 1454 et
1130 1428 1173 1462 qui
1191 1432 1263 1454 amat

1089 1463 1173 1489 ﬁlium
1188 1467 1232 1489 aut
1248 1462 1331 1489 tiliam

1088 1505 1165 1526 suam
1181 1498 1242 1532 plus
1256 1504 1336 1532 quam

1087 1541 1143 1567 me,
1160 1531 1216 1561 non
1230 1531 1273 1560 est
1287 1539 1331 1560 me
1346 1531 1386 1561 di-

1087 1569 1133 1597 58.
1154 1576 1223 1603 gnns
1236 1567 1267 1604 τ.

1087 1605 1122 1632 Ει
1135 1605 1180 1640 qui
1196 1612 1249 1631 non

1087 1640 1226 1675 acceperit
1239 1646 1348 1668 crucem

1319 1687 1436 1715 CODEX
1450 1686 1647 1714 BRleANUS.

1086 1724 1163 1751 tebor
1186 1728 1213 1751 et
1229 1724 1363 1758 egoillum
1388 1732 1477 1750 coram
1502 1723 1581 1750 Patre
1598 1729 1659 1758 meo
1677 1721 1723 1758 qui
1747 1722 1773 1758 in
1800 1720 1883 1748 caelis

1085 1764 1136 1787 cst.
1153 1760 1197 1795 qui
1212 1756 1301 1787 anlem
1328 1760 1522 1795 negaveritme
1537 1766 1627 1785 coram
1654 1756 1811 1795 hominibus
1837 1764 1883 1795 tte-

1084 1795 1153 1831 gabo
1163 1792 1189 1822 et
1201 1804 1250 1830 ego
1270 1803 1330 1822 eum
1347 1792 1438 1822 coram
1464 1794 1542 1831 Patre
1563 1801 1623 1831 meo
1634 1793 1677 1829 qui
1690 1792 1731 1820 est
1746 1792 1771 1818 in
1786 1792 1880 1819 caelis.

1120 1831 1210 1858 Nolite
1220 1829 1353 1858 arbitrari
1378 1831 1440 1865 quia
1462 1829 1523 1856 \‘eni
1548 1830 1657 1856 mittere
1679 1834 1770 1865 pacem
1799 1834 1882 1865 super

1084 1871 1196 1893 terram.
1215 1875 1268 1893 non
1285 1867 1344 1894 veni
1360 1863 1450 1900 pacem
1473 1866 1580 1892 mittere
1593 1865 1639 1891 sed
1661 1863 1789 1899 gladium.
1814 1863 1881 1890 Veni

1083 1903 1156 1929 enim
1169 1910 1294 1936 separare
1311 1902 1445 1928 hominem
1463 1901 1594 1928 adversus
1611 1905 1715 1936 patrem
1738 1905 1827 1936 suum.
1841 1902 1882 1936 _ct

1082 1938 1165 1964 tiliam
1182 1933 1310 1964 adversus
1324 1942 1435 1964 matrem
1448 1944 1535 1964 suam.
1550 1940 1576 1963 et
1591 1933 1692 1962 iiiimici
1702 1934 1820 1961 hominis
1832 1933 1882 1961 do-

1081 1973 1188 2000 mestici
1200 1973 1269 2006 ejus.

1118 2010 1167 2041 Qui
1184 2009 1270 2043 diligit
1298 2013 1400 2042 patrctn
1428 2012 1473 2034 aut
1496 2012 1611 2034 matrem
1636 2006 1696 2043 plus
1722 2012 1881 2043 quamdtne.

1083 2052 1135 2070 non
1151 2050 1189 2070 cst
1205 2041 1247 2071 me
1259 2041 1363 2079 dignus.
1381 2043 1419 2078 (b)
1434 2048 1461 2070 et
1475 2043 1519 2077 qni
1534 2042 1715 2079 diiigitiilitim
1731 2045 1779 2079 aut
1799 2041 1881 2068 ﬁliam

1082 2080 1140 2113 plus
1155 2087 1233 2114 quam
1250 2077 1301 2106 me.
1320 2087 1372 2105 non
1387 2077 1429 2106 cst
1450 2087 1491 2105 tne
1503 2079 1608 2113 dignus.
1622 2077 1642 2113 ’ξ-
1655 2077 1688 2104 Et
1698 2077 1742 2111 qui
1766 2084 1818 2104 n0n
1832 2083 1880 2114 ac-

1081 2111 1146 2148 cipit
1165 2111 1279 2142 'cruccm
1298 2122 1372 2141 suam
1397 2119 1423 2141 et
1446 2111 1567 2148 sequitur
1592 2111 1645 2140 me.
1660 2120 1713 2140 non
1727 2117 1770 2140 est
1779 2120 1822 2139 me
1835 2111 1881 2139 di—

1080 2147 1159 2185 gnus.
1174 2152 1223 2183 Qui
1249 2151 1350 2177 invenit
1373 2147 1490 2176 animum
1505 2157 1579 2176 suam
1599 2147 1779 2185 pcrdetillam
1792 2153 1819 2174 et
1832 2148 1880 2181 qui

1084 2183 1233 2220 perdiderit
1251 2187 1368 2213 animam
1385 2193 1458 2213 suam
1476 2190 1586 2219 propter
1602 2192 1645 2211 me
1660 2183 1778 2220 inveniet
1793 2191 1866 2220 eam.

1117 2222 1167 2254 Qui
1183 2223 1280 2256 recipit
1300 2230 1357 2248 vos.
1376 2230 1417 2247 me
1434 2221 1531 2255 recipit
1545 2225 1572 2247 et
1592 2220 1636 2255 qui
1660 2227 1703 2256 nte
1718 2219 1817 2256 recipit
1836 2226 1882 2245 re-

1080 2257 1147 2291 cipit
1162 2266 1221 2284 ctum
1237 2254 1281 2291 qui
1295 2266 1337 2283 mc
1350 2257 1434 2283 misit.
1449 2254 1498 2289 Qui
1511 2254 1607 2289 recipit
1618 2254 1777 2290 prophetam
1792 2255 1817 2291 in
1828 2261 1881 2291 no-

1081 2289 1154 2333 mine
1170 2289 1318 2333 prophetae
1330 2292 1488 2333 mercedem
1497 2289 1644 2333 prophetae
1658 2291 1783 2333 accipiet.
1801 2289 1837 2331 (ς)
1852 2294 1880 2333 et

1079 2324 1348 2398 qttia'cizipijustmn
1366 2329 1391 2354 in
1417 2324 1527 2354 nomine
1547 2324 1612 2362 justi
1633 2324 1788 2354 mercedem
1806 2324 1880 2360 justi

1079 2369 1204 2398 acelptel.
1773 2396 1778 2398 _
1815 2396 1821 2398 _
1854 2396 1859 2398 .

1079 2369 1204 2398 acelptel.

1117 2396 1150 2426 Et
1163 2396 1316 2434 quicunque
1339 2403 1430 2431 potum
1445 2398 1552 2425 dederit
1564 2398 1609 2425 uni
1626 2405 1659 2425 cx
1676 2396 1794 2434 minimis
1811 2396 1877 2434 istis

1079 2431 1191 2462 calicem
1214 2431 1298 2469 aquae
1313 2435 1436 2468 frigidae.
1462 2438 1566 2460 tantum
1581 2434 1607 2460 in
1622 2434 1732 2460 nomine
1750 2431 1880 2467 discipuli

1078 2477 1158 2497 amen
1171 2471 1230 2497 dico
1245 2470 1330 2497 vobis.
1349 2478 1400 2497 non
1419 2469 1514 2504 perdet
1529 2469 1683 2497 mercedem
1696 2475 1783 2496 suam.

1117 2506 1150 2532 Et
1173 2506 1270 2532 factum
1292 2510 1343 2533 est.

1506 1216 1564 1243 istis
1577 1216 1689 1243 calicem

1505 1258 1591 1285 aquae
1604 1250 1716 1285 frigidae

1505 1290 1608 1313 tantum
1622 1286 1648 1312 in
1662 1294 1710 1313 no-

1504 1322 1577 1350 mine
1590 1328 1651 1349 meo
1666 1329 1673 1348 :

1504 1364 1585 1385 amen
1598 1357 1659 1384 dico
1674 1363 1721 1384 vo-

1503 1392 1556 1425 bis,
1565 1392 1633 1428 quia
1646 1391 1686 1428 (d)
1700 1399 1754 1420 non

1504 1427 1604 1462 peribit
1615 1435 1721 1456 merces

1503 1470 1562 1491 sua.
1575 1462 1597 1498 -ξ-

1603 1553 1718 1584 CAPUT
1732 1547 1779 1583 Xl.

1539 1637 1554 1665 1
1561 1655 1568 1663 .
1587 1636 1624 1664 Et
1634 1636 1735 1665 factum
1750 1640 1809 1670 est,

579 2552 776 2581 VARIANTES
788 2550 979 2582 BECTIONES
991 2548 1130 2581 CODICIS
1145 2553 1202 2581 MS.
1223 2553 1252 2581 S.
1270 2551 1525 2581 GERMANENSIS.

257 2598 266 2613 ¹
284 2596 380 2628 negabo
392 2599 419 2622 et
430 2603 477 2629 ego
489 2604 545 2623 eum

255 2629 266 2644 ¹
282 2634 400 2660 separare

254 2660 265 2676 ³
282 2658 395 2685 θιύυιιυε
407 2658 524 2684 adversus
535 2666 633 2685 socrum
644 2668 712 2687 suam
725 2669 730 2686 Ζ

254 2690 265 2706 δ
281 2691 401 2722 diligit...
413 2690 539 2722 plusquam

252 2721 263 2737 '
280 2721 407 2754 plusquam

1108 2599 1118 2614 ⁸
1135 2599 1252 2631 accipit...
1263 2602 1290 2624 et
1298 2600 1412 2631 sequitur
1422 2605 1472 2630 me,

1108 2631 1118 2646 ⁷
1136 2631 1230 2656 invenit

1107 2661 1119 2694 ξ
1136 2668 1199 2687 eam.
1210 2661 1259 2694 Qui
1270 2660 1417 2694 recipitisic
1424 2660 1606 2694 coaequatur)

1108 2692 1119 2708 '
1136 2693 1228 2724 peribit
1238 2692 1336 2719 merces
1347 2692 1409 2724 ejus.

215 2826 244 2850 et
256 2786 352 2850 ﬁliis
361 2788 461 2859 εἱεξοᾶ.
473 2787 551 2828 Cant.
564 2789 629 2830 υἱὸγ,
642 2796 658 2816 e
672 2788 754 2830 Luca.
768 2805 804 2811 —-
815 2790 855 2826 (b)
870 2754 1231 2834 ἕζὲῗῗῗὶῗξθὲῗτυῇὐθ
1254 2791 1287 2820 ad
1313 2799 1353 2819 me
1366 2792 1460 2829 dignus
1473 2814 1481 2826 ,
1496 2791 1595 2821 desunt
1607 2791 1634 2819 in
1655 2791 1716 2819 co‘d.
1728 2791 1808 2819 Cant.
1824 2791 1874 2819 Gr.

219 2857 234 2859 Α
311 2843 317 2849 .
333 2837 368 2843 -
456 2832 513 2858 me,
530 2829 554 2852 et
568 2833 611 2859 qua
625 2830 733 2859 νείφει,
749 2831 814 2859 etc..
829 2834 917 2859 usque
932 2826 987 2859 ad,
1002 2832 1110 2859 accipiet
1120 2849 1127 2859 ,
1142 2827 1242 2856 desunt
1264 2828 1291 2855 in
1305 2827 1383 2856 Cant.
1398 2828 1445 2857 Gr.
1463 2834 1490 2857 et
1502 2828 1561 2857 Lat.
1578 2843 1614 2849 —
1628 2827 1669 2859 id)
1696 2827 1735 2855 ita
1757 2831 1785 2856 et
1808 2827 1874 2855 cod.

311 2837 368 2866 .‘—
379 2826 513 2866 (cinge,
530 2826 611 2866 ecqui
625 2826 733 2866 ricipit,
749 2831 814 2866 etc..
829 2834 917 2862 usque
932 2826 987 2861 ad,
1002 2828 1127 2866 accipiet,
1142 2826 1242 2856 desunt
1264 2828 1291 2855 in
1305 2827 1383 2856 Cant.
1394 2826 1445 2857 'Gr.
1463 2834 1490 2857 et
1502 2828 1561 2857 Lat.
1578 2843 1614 2849 —
1628 2827 1669 2864 (ά)
1696 2827 1735 2855 ita
1757 2831 1785 2856 et
1808 2827 1875 2855 cod.

213 2857 292 2886 CIIII.
309 2859 339 2886 σὺ
360 2857 394 2893 μῆ
406 2857 539 2892 Ἲᾶπὸλητᾳι
557 2857 785 2897 ὄμισθόςάὐλι-οῡ.
