4048 6188
373 288 476 348 209

764 412 995 472 CODEX
1025 414 1563 474 VERCELLENSIS.

368 504 465 561 23.
510 503 583 559 Et
608 514 663 559 tu
698 506 938 578 Caphar—
1204 510 1296 565 27.
1339 511 1525 566 Omnia
1564 508 1695 565 mihi

370 591 539 630 naum
554 617 569 641 ,
599 593 753 631 num-
1204 582 1400 637 tradita
1442 591 1567 636 sunt

372 648 505 717 quid
534 661 698 717 usque
721 650 772 703 in
1204 667 1234 707 a
1265 652 1426 707 Patre
1454 667 1601 708 meo.

372 718 582 772 caelum
611 720 759 773 exal-
1203 733 1258 778 et
1281 739 1439 777 nemo
1469 739 1566 779 no-

371 788 613 861 laveris?
638 788 831 861 (Aa)aut
852 790 893 860 -ξ-
1202 796 1276 849 vit
1300 794 1490 850 Filium
1513 837 1529 861 ,

367 873 546 927 usque
570 859 621 913 in
651 859 821 916 infer-
870 859 876 860 “
1205 866 1307 919 nisi
1335 865 1497 921 Pater
1516 859 1544 919 ἐ
1583 880 1678 921 ne—

366 945 496 1006 num
518 928 751 1006 descenf
773 1002 785 1006 _
1204 952 1307 1006 que
1334 936 1549 991 Patrem

367 1000 487 1076 des.
511 1001 671 1076 Quia,
694 1004 741 1057 si
772 1002 827 1057 in
1204 1000 1323 1076 quis
1352 1007 1501 1061 novit
1520 1051 1535 1074 ,

368 1070 624 1143 Sodomis
646 1071 758 1130 fac—
1203 1070 1306 1132 nisi
1340 1070 1540 1143 Filius,

368 1151 457 1197 tae
479 1142 707 1198 fuissent
1204 1156 1260 1202 et
1287 1149 1371 1203 cui
1396 1142 1582 1205 volue-

366 1214 617 1277 virtutes,
644 1231 790 1285 quae
1205 1219 1277 1273 rit
1305 1219 1472 1274 Filius
1520 1239 1605 1277 re—

368 1284 545 1340 factae
569 1284 696 1340 sunt
1199 1289 1404 1344 velare.

369 1355 429 1410 in
460 1365 531 1419 te,
559 1354 733 1415 lortae
1199 1359 1291 1416 ‘28.
1333 1360 1527 1418 Venite
1549 1365 1617 1421 ad
1646 1380 1735 1422 me

370 1428 702 1504 mansissent
722 1445 813 1485 us—
1201 1445 1417 1504 omnes,
1448 1435 1540 1504 qui

368 1513 474 1568 que
494 1496 793 1571 inibodier-
1204 1496 1495 1571 laboratis,

370 1584 495 1623 num
531 1568 701 1625 diem.
1207 1583 1261 1628 et
1292 1568 1502 1630 onerati

367 1640 462 1695 24.
503 1639 711 1697 Tamen
743 1642 865 1700 dico
891 1658 989 1701 vo—

370 1712 476 1777 bis,
506 1713 635 1780 quia
653 1721 833 1771 terrae

371 1782 737 1839 Sodomorum

371 1853 656 1909 remissius
683 1856 791 1910 erit

375 1925 431 1979 in
458 1924 547 1978 die
574 1925 759 1994 judicii
779 1968 796 1995 ,

371 2010 533 2063 quam
579 1997 750 2052 vobis.

370 2068 467 2119 25.
509 2065 568 2119 ln
595 2067 697 2141 illo
723 2078 970 2141 tempore

372 2137 716 2205 respondens

375 2207 534 2262 Jesus
560 2210 694 2264 dixit
719 2229 732 2265 :
764 2211 907 2267 Con-

1206 1644 1340 1699 estis
1358 1686 1373 1709 ,
1395 1655 1449 1719 et
1465 1661 1573 1719 ego

1207 1728 1304 1770 vos
1328 1715 1508 1770 reﬁci-

1206 1785 1298 1869 29.
1339 1801 1447 1840 am.
1480 1790 1682 1847 Tollite

1206 1872 1392 1927 Jugum
1420 1873 1535 1915 me-

1212 1944 1301 1982 um
1336 1944 1502 1997 super

1212 2014 1326 2064 vos,
1357 2008 1411 2053 et
1438 1999 1601 2057 disci-

1212 2078 1327 2143 tca
1356 2084 1443 2124 me
1466 2113 1481 2138 ,
1504 2074 1633 2143 quia

1214 2141 1363 2195 mitis
1385 2141 1528 2208 sum,

1214 2221 1271 2265 et
1297 2210 1516 2268 humilis

1114 2296 1119 2301 '
1214 2281 1377 2337 corde
1402 2299 1415 2334 :
1444 2292 1501 2338 et
1526 2287 1606 2343 in-

1215 2354 1444 2408 venietis
1464 2370 1557 2411 re-

377 2278 537 2333 ﬁteor
567 2280 690 2346 tibi,
723 2280 829 2337 Pa-

375 2358 485 2412 ter,
511 2351 739 2406 Domine
766 2367 890 2410 cae-

377 2419 417 2474 li
440 2428 498 2493 et
521 2430 717 2493 terrae,
1216 2426 1398 2493 quiem
1428 2428 1547 2480 ani-

376 2491 502 2560 quia
536 2492 767 2549 abscon—
1216 2491 1320 2549 mis
1342 2497 1557 2553 vestris.

378 2562 510 2617 disti
538 2562 676 2641 haec
1218 2566 1307 2620 50.
1348 2565 1543 2635 Jugum
1576 2569 1722 2625 enim

381 2647 410 2684 a
439 2635 703 2702 sapienti-
1219 2650 1403 2691 meum
1430 2651 1554 2692 sua-

379 2702 486 2774 bus
512 2746 527 2765 ,
562 2713 621 2758 et
648 2721 774 2774 prn-
1220 2722 1287 2761 ve
1308 2715 1413 2773 est,
1446 2719 1500 2763 et
1530 2724 1669 2765 onus

380 2773 686 2841 dentibus,
1221 2793 1401 2835 meum
1432 2780 1553 2835 leve

380 2854 435 2899 et
462 2846 707 2902 revelas-
1420 2850 1648 2907 CAPUT
1673 2849 1792 2907 XII.

384 2916 423 2969 ti
448 2931 511 2971 ea
539 2932 732 2986 parvu-
1294 2921 1349 2975 1.
1390 2930 1492 2976 est.
1520 2923 1575 2977 ln
1603 2923 1698 2978 illo

385 2986 479 3040 26.
517 2987 605 3061 lis.
640 2990 968 3061 ltafPater:
1223 3000 1470 3061 tempore
1512 3034 1524 3046 .
1571 3030 1587 3048 .
1631 3034 1645 3048 .
1690 3030 1706 3048 .
1752 3036 1767 3049 .

387 3058 640 3127 quoniam
732 3058 739 3061 ⁷
1225 3062 1266 3117 it
1288 3058 1447 3118 Jesus
1488 3103 1501 3119 .
1550 3106 1563 3119 .
1608 3102 1624 3118 .
1668 3106 1684 3121 .
1732 3105 1745 3118 .
1790 3102 1804 3116 .
1851 3102 1864 3117 .

389 3128 471 3209 sic
498 3129 534 3183 l.
579 3172 595 3185 .
643 3171 657 3187 .
693 3135 860 3205 tpla—
1223 3148 1290 3216 c'o
1332 3174 1345 3186 .
1392 3174 1404 3187 .
1449 3174 1481 3217 ..

389 3209 552 3254 citum
590 3218 688 3260 an.
1226 3214 1292 3260 tis
1322 3204 1365 3261 +
1393 3223 1406 3258 :
1431 3205 1679 3261 dlSClDlll

388 3200 552 3254 citum
590 3218 688 3260 an.
744 3200 761 3205 “
1226 3206 1292 3260 tis
1322 3204 1365 3276 ἐν
1393 3223 1406 3258 :
1431 3200 1679 3277 discipuli

389 3276 444 3325 te
473 3280 547 3328 te.
1224 3286 1403 3331 autem
1427 3276 1546 3345 ejus

825 3390 1058 3448 CODEX
1082 3390 1553 3448 CORBEIENSIS.

392 3476 463 3531 Et
505 3480 993 3553 _tu_Capharnaum
1019 3525 1035 3549 ,
1074 3484 1090 3515 ¹
1144 3483 1401 3553 numquid
1435 3498 1607 3552 usque
1652 3482 1719 3537 ad
1769 3483 1981 3539 coelum

397 3549 720 3625 exaltaberis
740 3552 962 3625 Iusque
986 3555 1054 3609 ad
1095 3549 1360 3609 infernum
1401 3549 1721 3609 descendes.
1751 3555 1906 3621 Quia,
1939 3556 1985 3609 si

398 3619 452 3693 in
485 3619 736 3677 Sodomis
767 3619 940 3679 factae
971 3635 1156 3680 essent
1183 3627 1409 3679 virtutes
1435 3665 1448 3686 .
1482 3641 1620 3693 quae
1658 3619 1833 3680 factae
1863 3634 1989 3679 sunt

397 3690 451 3744 in
488 3704 561 3758 te,
592 3696 611 3724 ²
640 3694 868 3750 forsitan
898 3697 1229 3751 mansissent
1252 3710 1421 3764 nsque
1450 3690 1508 3750 in
1530 3696 1673 3750 hunc
1694 3696 1855 3750 diem.
1885 3696 1989 3750 Ve-

396 3771 699 3837 rumtamen
730 3766 856 3821 dico
875 3768 1051 3835 vobis,
1080 3768 1202 3837 quia
1232 3767 1252 3797 ³
1285 3768 1554 3821 Sodomae
1576 3767 1857 3821 remissius
1884 3767 1989 3821 erit

400 3833 457 3885 in
489 3832 784 3908 die_jndicii
814 3879 827 3901 ,
861 3832 1222 3908 quam'vobis.
1270 3839 1325 3891 ln
1358 3838 1448 3891 illo
1481 3847 1725 3907 tempore
1751 3837 1771 3867 ⁸
1802 3839 1876 3891 ait
1902 3837 1992 3892 Je-

398 3918 495 3957 sus
527 3920 541 3956 :
572 3906 893 3962 Conﬁtebor’
924 3910 1017 3963 tibi
1046 3951 1059 3973 ,
1088 3908 1234 3963 Deus
1257 3950 1271 3972 ,
1320 3910 1481 3962 Pater
1510 3910 1645 3962 coeli
1675 3917 1727 3962 et
1772 3918 1946 3962 terrae
1973 3950 1988 3973 ,

398 3976 524 4049 quia
555 3978 888 4033 abscondisti
940 3980 1073 4034 haec
1110 3995 1139 4032 a
1189 3980 1561 4047 sapientibus,
1613 3991 1667 4033 et
1716 3979 1994 4049 prudenti-

401 4048 545 4119 bus,
572 4059 627 4103 et
658 4051 913 4103 revelasti
959 4066 1020 4105 ea
1068 4052 1327 4118 parvulis.
1358 4049 1431 4102 lla
1482 4050 1643 4103 Pater
1676 4068 1687 4102 :
1717 4051 1840 4119 quia
1870 4050 1889 4079 ⁸
1918 4051 1996 4104 sic

405 4118 501 4170 tibi
544 4121 766 4188 placuit.
814 4121 1005 4175 Omnia
1050 4121 1178 4173 mihi
1212 4121 1562 4174 traditavsunt
1601 4136 1627 4171 a
1658 4118 1816 4174 Patre
1857 4134 1999 4173 meo.

406 4188 471 4261 iit
500 4206 661 4244 nemo
686 4192 707 4222 ‘
727 4193 1003 4261 cognoscit
1026 4191 1216 4256 lilium,
1241 4192 1341 4245 nisi
1371 4191 1534 4244 Pater
1558 4208 1571 4244 :
1599 4206 1773 4259 neque
1791 4191 2000 4261 Patrem

407 4260 425 4288 τ
457 4262 744 4329 cognoscit
784 4260 905 4331 quis
930 4306 945 4329 ,
973 4264 1074 4316 nisi
1125 4263 1295 4316 Filius
1323 4303 1336 4327 ,
1382 4271 1435 4315 et
1463 4263 1547 4314 cui
1579 4263 1811 4315 voluerit
1837 4260 2004 4315 Filius

408 4332 873 4388 revelare.Vetiite
895 4335 958 4388 ad
975 4350 1062 4387 me
1079 4347 1289 4396 omnes,
1306 4332 1394 4401 qui
1412 4333 1686 4397 laboratis,
1708 4342 1762 4386 et
1789 4334 1998 4386 onerati

406 4402 562 4465 estis,
594 4411 649 4456 et
677 4420 777 4475 ego
800 4419 896 4458 vos
924 4405 1185 4459 reﬁciam.
1237 4404 1433 4457 Tollite
1467 4403 1653 4471 jugum
1696 4418 1876 4475 meum
1908 4418 1997 4475 su-

410 4487 509 4539 per
530 4488 647 4539 vos,
673 4473 730 4528 et
754 4475 946 4529 discite
985 4492 1011 4527 a
1046 4491 1160 4540 me,
1191 4476 1314 4544 quia
1348 4475 1492 4527 ruitis
1527 4490 1667 4539 sum,
1699 4484 1753 4527 et
1781 4473 2001 4544 humilis

406 4544 579 4598 corde
613 4560 627 4599 :
654 4556 709 4599 et
740 4547 1024 4601 invenietis
1068 4543 1310 4614 requiem
1363 4544 1643 4597 animabus
1667 4543 1880 4598 vestris.
1908 4543 2004 4597 Ju-

407 4628 537 4683 gum
562 4618 707 4668 enim
738 4633 914 4670 meum
946 4632 1110 4670 suave
1132 4624 1216 4669 est
1242 4656 1256 4679 ,
1288 4624 1342 4669 et
1369 4630 1507 4669 onus
1559 4630 1739 4668 meum
1771 4615 1887 4668 leve
1905 4615 1947 4667 ⁸.

487 4684 602 4739 XII.
645 4687 698 4740 In
732 4696 975 4754 tempore
1000 4688 1093 4741 illo
1114 4687 1245 4739 abiit
1268 4686 1426 4741 .Iesus
1452 4689 1472 4719 θ
1494 4685 1772 4741 sabbathis
1798 4700 1894 4755 per
1919 4698 2005 4739 se-

408 4766 593 4826 getem
620 4775 632 4811 :
662 4758 910 4828 discipuli
940 4768 1119 4813 autem
1148 4758 1266 4827 ejus

1364 295 1818 358 EVANGELIUM
1844 296 2216 359 SECUNDUM
2246 302 2684 365 MATTHIEUM.

3550 311 3659 368 210

2494 420 2729 479 CODEX
2768 421 3219 483 VERONENSIS.

2065 509 2157 587 25.
2183 510 2372 587 _vobis.
2404 512 2473 568 Et
2501 522 2556 569 tu
2898 518 3059 574 Pater
3091 536 3104 571 :
3136 517 3393 587 quoniam

2066 580 2443 652 Capharnaum
2461 626 2476 653 ,
2899 589 3094 645 sicfuit
3117 580 3285 645 bene-

2067 653 2326 722 numquid
2362 669 2452 709 us-
2898 660 3157 722 placitum
3185 671 3312 717 ante
3340 667 3415 715 te.

2066 739 2173 793 que
2198 724 2263 779 ad
2291 726 2498 781 caelum
2898 724 2989 785 27.
3031 730 3223 785 Omnia
3254 730 3386 785 mihi
3417 741 3531 786 tra-

2068 796 2440 869 exaltaberis?
2467 797 2545 869 (a)
2900 802 3012 857 dita
3042 813 3167 857 sunt
3186 818 3217 857 a
3240 801 3401 858 Patre

2069 865 2412 937 aut-lausque
2477 865 2487 869 ’
2902 888 3044 928 meo.

2070 936 2124 990 in
2157 935 2429 992 infernum
2902 944 2971 999 Et
2999 958 3158 998 nemo
3181 944 3331 998 novit

2069 1006 2364 1063 discendis.
2902 1014 3125 1075 Filium.
3156 1016 3259 1069 nisi
3290 1014 3449 1071 Pater
3475 1031 3490 1069 :

2067 1077 2234 1157 Quia,
2265 1080 2310 1157 si
2350 1080 2403 1157 in
2904 1101 3079 1156 neque
3117 1085 3336 1141 Patrem

2070 1148 2522 1225 Sodomisiactae
2906 1148 3027 1225 quis
3057 1158 3223 1223 novit,
3261 1158 3365 1211 nisi

2070 1219 2342 1293 fuissenti(
2366 1222 2448 1276 hic
2481 1225 2595 1293 fue-
2908 1219 3109 1289 Filius.
3136 1236 3189 1281 et
3210 1219 3303 1282 cui
3333 1227 3525 1282 volue-

2069 1301 2186 1343 runt
2208 1292 2396 1345 omissa
2423 1292 2489 1349 ab
2507 1314 2603 1351 an-
2905 1298 2999 1351 28.
3041 1300 3111 1353 rit
3136 1297 3303 1353 Filius
3320 1300 3585 1355 revelare.

2070 1361 2293 1425 tiquario
2322 1378 2431 1417 ver-
2907 1368 3100 1423 Venite
3122 1369 3189 1423 ad
3214 1385 3300 1425 me

2907 1454 3121 1504 omnes,
3152 1440 3245 1509 qui

2908 1509 3185 1576 laboratis,
3218 1520 3274 1565 et

2907 1584 3116 1636 onerati
3146 1582 3278 1636 estis
3292 1620 3310 1647 ,

2909 1662 2965 1707 et
2994 1667 3098 1721 ego
3120 1651 3357 1706 reﬁciam

2906 1723 2997 1778 29.
3030 1737 3146 1777 vos.
3181 1722 3376 1777 Tollite

2905 1795 3090 1863 iugum
3117 1808 3299 1847 meum

2910 1879 3072 1933 super
3098 1879 3214 1929 vos,
3238 1871 3295 1917 et

2910 1935 3105 1990 discite
3128 1950 3160 1988 a
3187 1948 3296 2001 me,

2910 2007 3031 2075 quia
3066 2005 3214 2059 mitis

2911 2073 3052 2141 sum,
3087 2084 3143 2129 et
3168 2073 3387 2129 humilis

2912 2146 3106 2201 corde:
3138 2155 3194 2201 et
3220 2146 3305 2199 in-

2912 2217 3143 2272 venietis
3168 2231 3255 2272 re-

2912 2290 3093 2358 quiem
3120 2287 3316 2358 animis

2912 2357 3001 2416 50.
3046 2359 3257 2413 vestris.
3286 2357 3478 2427 Jugum

2914 2431 3056 2484 enim
3084 2443 3261 2480 meum
3448 2450 3449 2453 η

2912 2499 3079 2553 suabe
3105 2508 3211 2562 est,
3243 2505 3297 2552 et

2914 2569 3090 2624 bonus
3118 2582 3299 2623 meum

2070 1431 2156 1495 ba,
2186 1433 2357 1486 virtu-

2071 1509 2155 1558 tes
2179 1545 2194 1568 ,
2223 1518 2363 1572 quae
2384 1505 2458 1558 fa-

2070 1582 2193 1645 ctae
2218 1584 2343 1629 sunt
2370 1574 2388 1645 )
2414 1577 2467 1631 in

2071 1653 2147 1710 te,
2173 1643 2309 1699 forte
2333 1643 2482 1702 man-

2072 1716 2274 1786 sissent
2300 1731 2468 1786 usque
2498 1720 2552 1774 in

2075 1785 2395 1841 hodiernum
2425 1788 2593 1845 diem.
2648 1818 2655 1823 -

2072 1855 2165 1909 24.
2202 1856 2375 1912 Amen
2406 1860 2530 1916 dico

2074 1928 2231 1982 vobis
2251 1969 2265 1994 ,
2302 1930 2425 1996 quia

2078 2006 2255 2053 terrae
2276 1999 2452 2055 Sodo-

2077 2083 2290 2124 morum
2322 2073 2514 2127 remis-

2078 2141 2191 2195 sius
2215 2141 2316 2195 erit
2354 2143 2405 2196 in

2078 2211 2168 2266 die
2205 2211 2390 2280 judicii
2420 2256 2436 2282 ,

2117 2297 2237 2336 uam
2267 2284 2436 2339 vobis.

2118 2354 2172 2407 5.
2214 2352 2273 2407 In
2298 2354 2393 2410 illo
2415 2364 2553 2411 tem-

2080 2437 2212 2494 pore
2232 2440 2456 2494 respon-

2080 2493 2217 2549 dens
2246 2493 2402 2549 JeSus
2437 2496 2519 2551 di-

2080 2565 2159 2617 xit
2183 2581 2195 2615 :
2222 2563 2459 2621 Conﬁte-

2081 2647 2144 2687 or
2168 2634 2294 2698 tibi,
2321 2634 2423 2689 Pa-
2916 2640 3035 2696 leve
3065 2646 3168 2694 est.

2086 2714 2166 2758 ter
2179 2745 2195 2770 ,
2230 2705 2456 2762 Domine

2085 2774 2227 2860 Degis
2249 2777 2389 2831 caeli
2474 2849 2487 2860 ,
3095 2800 3324 2859 CAPUT
3360 2800 3477 2857 ΧΠ.

2084 2853 2139 2900 et
2167 2853 2373 2915 terrae,
2398 2853 2522 2919 quia
3104 2853 3210 2859 ""
3241 2853 3270 2859 '
3292 2853 3315 2857 “
3365 2853 3373 2857 ’

2084 2916 2418 2998 abscondisti
2956 2921 3009 2975 1.
3039 2918 3097 2973 1n
3110 2917 3212 2998 ‘il_l_o
3236 2925 3373 2971 tem-

2085 2986 2221 3042 haec
2244 3003 2274 3042 a
2304 2991 2517 3058 sapien—
2920 3004 3051 3058 pore
3076 2987 3209 3041 abiit

2087 3058 2250 3132 tibus,
2281 3068 2336 3115 et
2357 3077 2487 3132 pru-

2087 3128 2374 3209 dentibus,
2405 3142 2463 3187 et
2921 3134 2989 3209 ῑξε
3011 3131 3089 3209 (Ρ)
3106 3128 3305 3209 gibt)?"

2087 3202 2338 3273 revelasti
2367 3217 2429 3257 ea
2922 3204 2990 3258 tis
3020 3201 3061 3273 ιι-
3089 3220 3102 3256 :
3135 3201 3303 3255 disci-

2087 3270 2180 3327 26.
2228 3274 2486 3343 parvolis.
2530 3274 2608 3329 Ita
2920 3270 3045 3345 puli
3062 3281 3245 3328 autem

2557 3391 2789 3448 CODEX
2829 3391 3221 3448 BRIXIANUS.

2163 3482 2229 3535 Et
2261 3491 2315 3536 tu
2338 3480 2714 3559 C_ap_lia‘rnaum
2747 3501 2884 3559 quae
2914 3480 3085 3559 usque
3107 3484 3191 3559 _ad_
3206 3484 3415 3559 caelum
3430 3478 3679 3559 exallaia

2092 3567 2152 3607 es
2178 3567 2348 3621 usque
2373 3549 2429 3607 in
2450 3552 2716 3609 infernum
2747 3549 3064 3610 descendas.
3094 3555 3231 3621 Quia
3269 3556 3312 3608 si
3344 3554 3398 3606 in
3427 3549 3682 3621 Sodomis

2093 3620 2269 3677 factae
2300 3623 2527 3678 fuissent
2552 3627 2781 3680 virtutes
2810 3642 2947 3694 quae
2979 3620 3153 3679 factae
3179 3633 3305 3678 sunt
3349 3625 3401 3676 in
3435 3632 3507 3675 te.
3541 3620 3681 3672 forte

2094 3695 2424 3771 mansissent
2474 3710 2643 3771 usque
2667 3698 2717 3750 in
2745 3697 3067 3771 hodiernum
3093 3695 3258 3750 diem.
3289 3695 3681 3771 Verumtamen

2094 3766 2214 3819 dico
2241 3766 2395 3818 vobis
2425 3767 2548 3833 quia
2574 3779 2749 3821 terrae
2777 3767 3160 3821 Sodomorum.
3195 3765 3476 3819 remissius
3502 3765 3608 3833 erit
3628 3765 3683 3813 in

2098 3837 2187 3913 die
2221 3836 2411 3913 judicii
2440 3832 2623 3913 quam
2650 3838 2765 3913 tibi.
2804 3838 3009 3913 ln__i_llo_
3050 3848 3294 3913 tempore
3330 3832 3685 3913 respondens

2100 3903 2257 3961 Jesus
2302 3903 2789 3963 dixit—Conlitebor
2838 3909 2932 3962 tibi
2982 3903 3596 3963 Pater’Domine'caeli
3634 3909 3690 3955 et

2105 3988 2303 4054 terrae.
2332 3978 2425 4047 qui
2452 3978 2480 4015 δ
2509 3980 2841 4054 abscondisti
2875 3979 3067 4054 bacca
3100 3979 3433 4054 sapientibus
3460 3985 3512 4030 et
3565 3988 3688 4054 pru-

2105 4048 2391 4127 dentibus._
2410 4058 2465 4103 et
2488 4052 2737 4127 revelasti
2762 4066 2822 4104 ea
2847 4050 3213 4127 parvulisrlta
3246 4048 3689 4127 Paterqu‘oni‘a‘m

2107 4123 2184 4173 sic
2215 4120 2541 4186 complacuit
2564 4122 2615 4174 in
2642 4114 2932 4190 conspectu
2966 4130 3077 4175 tuo.
3109 4121 3297 4174 Omnia
3333 4118 3465 4172 mihi
3492 4114 3690 4190 tradita

2107 4199 2233 4245 sunt
2256 4206 2283 4242 a
2308 4190 2474 4266 Patre
2499 4207 2642 4266 meo.
2670 4192 2737 4245 Et
2761 4188 2919 4266 nemo
2954 4190 3351 4266 nov_it__Filium.
3377 4190 3479 4266 nisi
3509 4188 3685 4266 Pater.

2109 4276 2286 4337 rleque
2307 4260 2522 4337 Patrem
2553 4262 2673 4337 qu_i_s
2714 4263 2887 4337 novit._
2917 4264 3021 4317 nisi
3053 4261 3242 4315 Filius.
3278 4271 3331 4314 et
3350 4261 3448 4337 c_ui_
3463 4258 3697 4337 voluerit

2110 4331 2278 4386 Filius
2308 4333 2575 4387 revelare.
2611 4333 2801 4387 Venite
2823 4332 2890 4387 ad
2917 4349 3006 4387 me
3056 4346 3245 4385 omnes
3292 4332 3386 4400 qui
3438 4331 3694 4400 laboratis

2108 4412 2163 4479 et
2189 4403 2396 4479 onerati
2421 4404 2575 4468 estis,
2626 4411 2680 4457 et
2706 4419 2809 4472 ego
2833 4419 2927 4458 vos
2958 4396 3540 4479 requiescerefaciam.
3570 4396 3699 4479 Tol-

2108 4473 2203 4551 lite
2228 4474 2414 4541 jugum
2434 4489 2610 4551 meum
2635 4490 2804 4551 super
2833 4490 2960 4551 vos,
2990 4484 3045 4528 et
3065 4474 3257 4551 discite
3279 4488 3314 4551 _a
3342 4488 3426 4551 me
3454 4472 3699 4551 quianti-

2113 4545 2180 4597 tis
2202 4558 2340 4597 sum.
2399 4553 2454 4598 et
2502 4544 2719 4599 humilis
2775 4544 2957 4599 corde.
3003 4556 3055 4597 et
3114 4544 3398 4598 invenietis
3454 4544 3698 4610 requiem

2112 4614 2393 4667 animabus
2440 4618 2653 4668 vestris.
2719 4615 2913 4684 Jugum
2967 4616 3109 4668 enim
3138 4630 3315 4669 meum
3346 4627 3506 4684 sua_ve
3537 4617 3701 4684 estet

2113 4698 2252 4764 on_u_s
2277 4699 2457 4764 meum
2490 4686 2605 4740 leve
2632 4696 2734 4741 eSt.
2768 4678 2826 4740 In
2855 4687 2948 4764 iiio
2977 4696 3217 4764 iempore
3243 4686 3394 4764 abiit.
3424 4682 3581 4735 Jesus
3622 4678 3700 4749 (ὁ)

2115 4754 2351 4809 sabbatis
2385 4755 2427 4825 ει-
2448 4772 2543 4826 per
2572 4766 2805 4827 segetes.
2859 4754 3106 4827 discipuli
3134 4767 3314 4813 autem
3346 4754 3464 4821 ejus

2951 3075 3075 3116 esus
3102 3074 3199 3129 per
3214 3070 3380 3129 sege-

1127 4869 1525 4926 VARIANTES
1556 4867 1943 4926 LECTIONES
1979 4867 2248 4927 CODICIS
2279 4868 2393 4926 MS.
2423 4869 2480 4926 S.
2525 4871 3029 4928 GERMANENSIS.

482 4964 499 4992 ί
534 4975 664 5025 quae
687 4975 845 5025 usque
872 4964 923 5012 in
944 4960 1135 5011 coelum
1152 4960 1480 5025 exaltaberis,
1505 4973 1664 5023 usque
1689 4960 1740 5009 in
1764 4960 1790 4989 ⁸

478 5026 501 5055 ²
532 5023 661 5073 forte
684 5023 980 5074 mansissent
1001 5024 1049 5071 in
1073 5024 1360 5074 hodiernum
1382 5023 1515 5073 diem

482 5088 505 5119 ³
538 5095 704 5136 terrae
730 5088 1051 5137 Sodomorum

482 5149 505 5179 δ
536 5151 845 5212 respondens
863 5148 890 5197 ,Ι
897 5161 1013 5212 esus
1031 5148 1158 5198 dixit
1171 5162 1189 5212 _:
1209 5144 1456 5212 Conﬁteor
1479 5148 1568 5198 tibi
1592 5145 1758 5209 Pater,
1781 5144 2011 5208 Domine,

487 5212 508 5242 ⁸
540 5210 769 5274 queniatn
792 5212 865 5261 sic
887 5211 979 5261 fuit
1000 5210 1364 5274 beneplaeitum
1387 5217 1503 5261 ante
1524 5216 1596 5260 te.

2184 4959 2205 4990 ⁸
2239 4961 2373 5012 novit

2181 5023 2203 5115 ζ
2237 5025 2347 5134 qutis
2369 5025 2562 5075 novit...
2588 5031 2640 5073 et
2660 5026 2702 5073 si
2718 5025 2797 5073 cui

2238 5098 2294 5134 es
2320 5120 2334 5133 .

2181 5098 2203 5177 ζ
2355 5150 2560 5208 segetes
2576 5144 2826 5196 sabbathis

1798 5313 2167 5372 BLANCHINI
2202 5313 2433 5372 NOTIE.

507 5452 532 5481 ι
558 5443 705 5498 Hanc
729 5442 1022 5497 lectionem
1048 5435 1249 5493 codicis
1270 5433 1799 5491 San-Germanensis
1825 5434 2030 5503 reperit

2132 5433 2327 5504 duplex
2348 5431 2722 5504 intelligentia,
2736 5439 2846 5504 etc.
2878 5429 3113 5487 Consule
3124 5428 3367 5501 ejusdem
3388 5425 3728 5494 Comment.,

432 5516 494 5571 S.
529 5514 924 5579 Hieronymus,
945 5510 1081 5587 dicit
1104 5508 1246 5563 enim
1281 5524 1295 5563 :
1327 5503 1394 5560 In
1436 5505 1599 5559 altero
1629 5506 1909 5587 exemplari
1948 5521 2031 5558 re—
2110 5502 2228 5587 libi.
2263 5520 2322 5587 ii,
2356 5505 2412 5558 in
2443 5502 2565 5574 cap.
2598 5519 2677 5583 χι.
2705 5502 2893 5559 Matth.

470 5587 659 5640 erimus
690 5602 704 5638 :
733 5592 789 5637 et
819 5592 904 5645 tu,
938 5579 1352 5649 Capharnaum,
1412 5590 1543 5649 qua:_
1591 5592 1761 5649 usque
1824 5579 2031 5649 ἰπὶ-ρω-

448 5672 543 5713 um
574 5656 809 5713 exaltata
832 5644 923 5717 es,
958 5644 1129 5721 usque
1154 5648 1221 5704 ad
1271 5644 1480 5703 inferna
1512 5646 1829 5702 descendes.
1862 5644 1931 5699 Et
1960 5653 2035 5699 est

2207 5573 2235 5613 δ
2265 5575 2374 5631 Sic.

507 5794 590 5864 (a)
632 5791 884 5856 Addunt,
915 5797 1023 5842 aut.
1054 5786 1124 5841 Et
1151 5785 1220 5840 ita
1243 5784 1368 5840 cod.
1399 5781 1555 5838 Cant.
1588 5783 1705 5837 Lat.
1736 5793 1787 5837 et
1812 5783 1905 5837 Gr.
1939 5782 1989 5839 ἤ.
2031 5779 2178 5850 --(b)
2224 5778 2299 5833 Ita
2330 5786 2383 5831 et
2410 5786 2585 5831 textus
2614 5776 2832 5830 Grtrcns
2856 5813 2871 5839 ,
2896 5780 3003 5831 τοῖς
3029 5772 3275 5829 σάϐϐασι.
