4048 6188
798 414 1031 480 coosx
1055 412 1599 486 VERCEILBNSIS.

406 517 711 574 esurientes
1248 551 1262 566 .
1345 551 1357 564 .
1438 549 1454 566 .
1535 549 1550 565 .
1630 549 1644 563 .
1727 547 1743 564 .
1821 546 1834 561 .
1918 547 1930 561 .

408 598 752 658 coeperunt,
1249 624 1276 658 .A
1332 621 1454 658 _._.
1538 626 1552 640 .
1633 620 1647 636 .
1725 617 1741 636 .
1822 617 1835 633 .
1919 618 1930 632 .

412 651 649 716 evellere
674 657 794 728 spi-A
1332 652 1462 706 Dico
1493 659 1672 706 autem
1694 663 1788 728 vo-

407 747 526 796 cas,
556 740 611 794 et
638 722 866 784 mandu-
1248 724 1353 796 bis,
1381 738 1451 790 qu
1559 722 1761 796 templo

409 803 464 856 2.
507 793 652 856 care.
677 796 797 926 far
837 836 851 852 .
899 836 912 850 .
960 833 974 849 .
1021 835 1036 850 .
1085 833 1099 848 .
1248 793 1422 862 major
1451 803 1534 848 est
1562 793 1670 846 hic.

415 883 599 926 autem
622 871 671 925 vi
715 885 812 925 en-
1249 865 1303 918 7.
1335 865 1392 920 Si
1422 864 1566 918 enim
1595 862 1670 918 sci

415 883 599 928 autem
622 862 812 926 viden-
1249 865 1303 918 7.
1335 865 1392 920 Si
1422 864 1566 918 enim
1595 862 1762 918 scire-

411 954 494 999 tes
535 984 548 997 .
596 981 609 995 .
656 982 669 996 .
716 979 730 996 .
777 979 791 994 .
836 977 852 993 .
901 977 914 990 .
961 934 1154 1007 ,dixe-
1251 935 1357 1007 tis,
1381 933 1511 1007 quid
1540 930 1781 989 estzﬂi-

408 1021 540 1068 runt
579 1052 592 1066 .
638 1051 653 1067 .
699 1050 713 1065 .
759 1049 772 1066 .
821 1048 837 1066 .
880 1048 894 1062 .
963 1003 973 1007 ’
1250 1003 1605 1060 sericordiam

1251 1076 1394 1137 volo,
1428 1084 1484 1129 et
1502 1088 1611 1129 non

410 1081 671 1151 Discipuli
696 1083 789 1155 tui
1251 1081 1480 1155 volo-,Aet

1251 1143 1576 1202 sacriﬁcium
1599 1161 1612 1199 :

410 1155 615 1209 faciunt
649 1151 793 1222 quod

415 1240 524 1281 non
555 1226 682 1288 licet
723 1261 736 1275 .
782 1261 798 1277 .
847 1263 858 1275 .
1254 1231 1548 1288 numquam

412 1311 540 1352 cere
570 1286 765 1352 s'abba-
1253 1286 1610 1368 condemnas-

412 1368 467 1423 3.
514 1367 582 1419 tis
615 1405 630 1419 .
678 1405 691 1418 .
737 1406 752 1421 .
797 1406 811 1419 .
856 1403 870 1418 .
923 1405 936 1418 .
979 1401 994 1417 .
1254 1367 1386 1412 setis
1418 1367 1678 1411 innocen-

413 1453 473 1492 se
499 1437 635 1490 dixit
662 1437 741 1490 eis
768 1453 780 1489 :
1253 1423 2017 1496 8.tes.Dominusestenim(c)

414 1507 537 1580 Non,
560 1506 765 1580 legistis
1255 1499 1464 1580 sabbati
1495 1497 1642 1580 ιιι...

414 1579 543 1648 quid
573 1569 697 1631 le'cit
719 1577 824 1646 Da—
1256 1569 1327 1648 ho
1357 1608 1370 1621 .
1401 1607 1415 1621 .
1437 1569 1539 1623 inis
1559 1605 1589 1648 ι.
1703 1605 1718 1621 .
1753 1607 1767 1621 .

416 1638 528 1713 vid,
560 1663 680 1701 cum
702 1640 838 1718 esu-
1257 1639 1316 1696 9.
1351 1679 1364 1692 .
1386 1679 1399 1692 .
1425 1680 1439 1694 .
1467 1677 1481 1692 .
1507 1679 1518 1691 .
1543 1638 1610 1696 de
1633 1646 1749 1718 tra-

417 1717 1111 1782 r..itipse....,
1263 1717 1672 1765 .......venit

418 1791 510 1858 qui
544 1804 667 1843 cum
701 1789 795 1844 illo
1263 1820 1347 1858 .1.
1368 1817 1381 1833 .
1404 1820 1417 1833 .
1444 1819 1457 1833 .
1476 1820 1490 1835 .
1514 1819 1528 1834 .
1557 1793 1680 1850 gam

419 1851 474 1913 ι.
517 1869 670 1914 erant
702 1877 713 1911 :
746 1870 972 1930 quomo-
1263 1851 1350 1907 10.
1371 1889 1385 1904 .
1415 1891 1428 1905 .
1451 1891 1463 1904 .
1595 1888 1609 1904 .
1636 1890 1649 1904 .
1679 1863 1890 1930 eeo-em

421 1931 492 2004 do
523 1932 716 2004 intrav.
1265 1963 1278 1976 .
1303 1962 1314 1974 .
1341 1962 1354 1976 .
1382 1936 1472 1976 mo
1496 1921 1576 2004 (ψ
1606 1928 1724 1982 erat
1754 1919 1793 1989 -ι-
1822 1918 1892 1980 ibi

423 2003 474 2054 in
529 1997 846 2054 domum'D.
895 2035 910 2050 .
951 2039 969 2065 ,
1265 2031 1278 2046 .
1307 2030 1320 2045 .
1343 2031 1356 2044 .
1387 2008 1514 2047 num
1536 1992 1641 2074 ba-

419 2081 474 2146 et
495 2085 683 2146 partes
719 2083 919 2141 propo-
952 2061 962 2065 ’
1265 2101 1280 2117 .
1300 2099 1314 2146 _.
1335 2103 1350 2146 ._
1370 2077 1472 2146 .‘a.
1495 2102 1508 2116 .
1535 2061 1701 2129 idam,

421 2140 634 2196 sitionis
673 2140 827 2197 m’an—
1261 2144 1315 2189 et
1338 2140 1449 2190 inte
1478 2170 1492 2186 .
1517 2174 1529 2188 .
1551 2171 1563 2186 .
1590 2173 1602 2187 .
1626 2172 1638 2186 .

419 2212 915 2280 ducavit,qn..s
1267 2243 1280 2258 .
1361 2241 1375 2257 .
1460 2243 1472 2257 .
1557 2243 1567 2256 .
1652 2243 1665 2257 .
1746 2241 1760 2257 .
1842 2240 1856 2255 .

423 2297 532 2336 non
559 2281 776 2335 licebat.
821 2318 837 2334 .
1269 2314 1282 2326 .
1365 2310 1382 2328 .
1462 2315 1473 2327 .
1557 2315 1571 2328 .
1651 2312 1667 2326 .
1748 2311 1762 2326 .
1845 2313 1856 2326 .

429 2393 440 2404 .
490 2393 502 2406 .
547 2351 844 2410 manduca-
1265 2344 1508 2400 sabbatis
1535 2358 1692 2400 cura-

428 2465 440 2476 .
486 2465 499 2477 .
547 2463 560 2476 .
607 2461 623 2477 .
667 2461 682 2475 .
729 2462 742 2475 .
787 2423 872 2486 his
892 2420 982 2491 qui
1266 2419 1370 2471 re?
1401 2425 1457 2468 ut
1477 2430 1699 2471 accusa-

423 2509 546 2550 cum
569 2493 664 2547 illo
691 2500 869 2566 erant,
1266 2497 1557 2566 ζςηεευτη·
1601 2563 1609 2566 _
1746 2553 1782 2566 ..

427 2566 528 2618 nisi
560 2578 704 2618 sace.
751 2602 766 2618 .
811 2602 826 2617 .
855 2553 886 2618 ⁷.
931 2602 944 2616 .
991 2603 1006 2616 .
1267 2557 1355 2610 Η.
1379 2554 1498 2624 lpse
1525 2563 1703 2612 autem
1730 2553 1812 2616 di-

428 2633 573 2688 bus?
1265 2627 1344 2681 xit
1374 2627 1517 2680 illis:
1548 2625 1682 2693 Quis

427 2705 484 2762 5.
525 2702 632 2758 Aut
664 2716 791 2756 non.
837 2738 853 2755 .
897 2737 913 2754 .
957 2740 970 2753 .
1015 2737 1030 2754 .
1075 2739 1089 2755 .
1133 2738 1150 2755 .
1266 2697 1548 2774 _....obis,
1578 2694 1793 2774 quiba-

429 2775 1022 2829 tisin.......'
1265 2766 1759 2830 b......m,etsi

426 2845 580 2900 sabb.
626 2883 640 2897 .
686 2881 700 2896 .
745 2843 768 2899 .’
805 2880 822 2895 .
867 2879 883 2896 .
924 2879 940 2894 .
985 2878 1000 2894 .
1044 2877 1061 2895 .
1264 2835 1523 2890 ceciderit
1552 2835 1606 2893 in

435 2956 447 2968 .
529 2953 544 2966 .
626 2954 639 2968 .
721 2955 734 2968 .
813 2951 829 2968 .
909 2951 924 2968 .
1003 2949 1023 2968 .
1101 2949 1116 2965 .
1266 2906 1474 2962 foveam
1501 2903 1696 2964 sabba-

433 3026 446 3039 .
525 3021 541 3038 .
623 3025 635 3038 .
718 3024 730 3037 .
813 3023 827 3037 .
908 3021 922 3038 .
1004 2980 1020 3037 .
1101 3019 1115 3035 .
1265 2983 1666 3045 ιο,ιιοιιῐθηεέ

526 3096 538 3108 ο
622 3099 633 3110 ο
717 3094 732 3109 ο
813 3094 827 3110 ο
905 3093 924 3110 ο
1005 3093 1020 3109 ο
1102 3093 1115 3106 Ι

864 3161 1102 3234 CDDEX
1129 3156 1608 3219 CORBEIENSIS.

947 293 1224 357 eusseu
1262 290 1599 368 νειιεειι..
1651 287 2005 352 ενΑΝεειι

2129 288 2273 351 CUM
2305 285 2536 351 ὟΔΒΙΙΒ
2575 285 2731 346 σοι).
2769 283 3164 346 (τοιιιτυιι.

3595 283 3704 339 ἓῑὲ

2544 407 2777 465 CODEX
2817 404 3268 463 VEBONENSIS.

2111 501 2230 570 ejus
2259 499 2566 556 esurientes
2942 499 3226 570 sabbatum

2113 569 2416 641 coeperunt
2943 569 3170 634 violant,
3199 577 3257 641 et

2113 640 2318 697 vellere
2349 642 2549 710 spicas,
2945 641 3064 695 sine
3092 640 3323 694 crimine

2113 722 2170 768 et
2195 709 2544 768 manducare.
2947 710 3000 766 6.
3034 709 3203 765 sunt?
3233 709 3365 764 Dico

2113 783 2169 838 2.
2199 783 2474 837 Pharisaei
2948 789 3125 836 autem
3154 781 3330 845 vobis,

2115 863 2296 908 autem
2329 852 2574 909 videntes
2596 851 2672 922 (α)
2946 853 3070 923 quia
3103 849 3330 923 sabbato

2118 925 2262 990 illos,
2293 923 2334 994 σι-
2359 923 2511 978 dixe-
2610 921 2613 922 ⁷
2656 921 2660 922 “
2949 921 3122 994 major
3147 931 3232 994 est
3259 921 3365 994 hic.

2116 1004 2242 1050 runt
2265 991 2354 1049 ei:
2381 994 2521 1050 Ecce
2948 995 3003 1048 7.
3033 991 3088 1047 Si
3120 993 3264 1048 enim
3295 991 3404 1046 sei.

2117 1065 2363 1134 discipuli
2393 1065 2469 1118 tui
2949 1064 3103 1128 retis,
3133 1065 3260 1132 quid
3291 1071 3420 1125 est;

2117 1135 2321 1190 faciunt
2341 1134 2486 1203 quod
2949 1134 3378 1189 Misericordiam

2118 1221 2227 1261 non
2260 1206 2386 1261 licet
2418 1207 2496 1260 eis
2524 1273 2532 1275 4
2948 1205 3096 1268 volo,
3119 1219 3285 1275 quam

2117 1276 2301 1332 facere
2326 1273 2583 1330 sabbatis.
2945 1273 3270 1331 sacriﬁcium
3300 1291 3313 1328 :

2155 1348 2208 1402 5.
2239 1348 2323 1404 Ad
2350 1347 2465 1412 ipse
2490 1345 2626 1404 dixit
2947 1362 3239 1415 numquam
3270 1359 3400 1400 con-

2119 1419 2198 1474 eis
2225 1436 2237 1472 :
2267 1418 2381 1472 Non
2413 1417 2491 1472 le-
2948 1417 3309 1473 demnassetis

2157 1490 2271 1543 istis
2296 1488 2422 1558 quid
2494 1556 2503 1558 Α
2951 1488 3296 1543 innocentes.

2143 1556 2330 1615 ’ecerif
2342 1556 2531 1624 David,
2951 1560 3003 1614 8.
3035 1559 3295 1613 Dominus
3323 1566 3408 1613 est

2121 1643 2244 1684 cum
2275 1628 2512 1685 esuriret
2952 1631 3096 1684 enim
3130 1629 3204 1698 (c)
3233 1629 3357 1683 sab-

2956 1701 3063 1755 bati
3094 1699 3235 1754 illius
3261 1698 3522 1754 hominis.

2957 1771 3013 1829 9.
3048 1770 3114 1825 Et
3143 1771 3267 1825 inde
3292 1772 3563 1825 transiens

2959 1842 3106 1896 venit
3131 1842 3183 1894 in
3216 1855 3542 1912 synagogam

2955 1911 3043 1968 10.
3075 1927 3284 1967 eorum.
3311 1913 3379 1966 Et

2124 1701 2261 1770 ipse,
2291 1708 2346 1756 et
2365 1700 2456 1769 qui

2122 1787 2245 1826 cum
2279 1773 2368 1825 illo
2408 1777 2592 1832 erant:

2123 1840 2178 1897 4.
2211 1837 2485 1912 quomodo
2513 1841 2594 1896 in-

2124 1911 2309 1967 troivit
2338 1913 2390 1966 in
2413 1911 2510 1965 do-

2123 1998 2270 2038 mum
2299 1983 2415 2048 Dei,
2953 1998 3080 2038 ecce
3105 1983 3265 2037 homo
3288 1982 3372 2051 (ά)

2125 2066 2181 2108 et
2206 2068 2374 2125 panes
2402 2068 2528 2124 pro-
2953 2064 3071 2108 erat
3097 2053 3140 2124 1-
3168 2069 3386 2125 manum

2126 2124 2410 2194 positionis
2433 2139 2584 2180 man—
2959 2125 3160 2179 habens
3195 2124 3424 2190 aridam,

2126 2195 2366 2266 ducabit,
2394 2194 2473 2266 (ὁ)
2957 2205 3013 2249 et
3042 2196 3339 2266 interrogate

2127 2265 2272 2337 quod
2303 2265 2344 2336 ι
2374 2265 2480 2322 non
2961 2266 3088 2320 bant
3111 2279 3254 2337 etim,
3281 2265 3459 2326 dicen.

2131 2335 2328 2391 licebat
2359 2337 2438 2391 eis
2960 2345 3042 2391 tes
3067 2354 3079 2389 :
3109 2335 3167 2391 Si
3193 2335 3320 2390 licet

2130 2407 2482 2472 manducare,
2960 2406 3200 2461 sabbatis
3229 2410 3464 2465 curare?

2129 2493 2306 2547 neque
2337 2477 2420 2531 his
2960 2487 3017 2532 ut
3045 2489 3367 2534 accusarent

2128 2550 2222 2620 qui
2251 2563 2371 2603 cum
2403 2547 2497 2620 illo

2128 2619 2307 2684 erant,
2338 2619 2443 2674 nisi

2130 2691 2262 2745 solis
2290 2685 2666 2754 sacerdotibus
2689 2687 2713 2743 i

2129 2761 2185 2816 5.
2219 2764 2322 2815 Aut
2345 2775 2451 2814 non
2483 2759 2563 2815 le-

2128 2832 2286 2900 giSliS
2397 2831 2475 2900 le:

2134 2898 2216 2965 _e,
2251 2898 2371 2970 quia
2399 2899 2526 2955 sab-

2128 2917 2267 3027 gatis
2297 2971 2526 3026 sacerdo

2167 2973 2267 3025 atis
2297 2971 2550 3026 sacerdo—

2133 3052 2213 3097 tcs
2243 3041 2294 3097 in
2327 3037 2534 3112 templo

2959 2550 3047 2603 Η.
3078 2563 3224 2620 eum.
3257 2549 3376 2620 Ipse

2959 2628 3136 2673 autem
3164 2618 3300 2675 dixit

2957 2689 3098 2744 illis:
3129 2690 3262 2757 Quis
3291 2708 3359 2748 ex

2959 2761 3137 2824 vobis,
3169 2761 3241 2831 (ε)
3274 2762 3438 2819 habet

2957 2845 3115 2903 ovetn
3143 2847 3323 2896 unam,
3352 2843 3406 2887 et
3434 2833 3506 2903 (Γ)

2964 2902 3223 2985 ceciderit
3247 2904 3300 2985 in
3326 2903 3368 2985 -ι-
3398 2902 3476 2957 ισ-

2966 2971 3122 3030 beam
3151 2971 3386 3029 sabbatis

2966 3057 3052 3108 ea,
3083 3058 3188 3098 non
3217 3045 3419 3100 tenebit

2593 3152 2824 3224 consx
2865 3153 3256 3213 BRIXIANUS.

427 3260 444 3290 ¹
500 3257 819 3314 esuriebant
885 3265 941 3319 et
1005 3250 1532 3324 cocperunt_spicas
1593 3246 1841 3324 evellere
1869 3288 1922 3324 _,__
1963 3257 2020 3302 et
2122 3249 2460 3324 esurientes,
2492 3256 2790 3324 coeperunt
2834 3248 3032 3324 vellere
3081 3251 3254 3318 spicas
3291 3259 3346 3306 et
3371 3251 3719 3324 manducare.

428 3331 773 3384 manducare.
810 3317 1084 3382 Pharisaei
1109 3317 1298 3376 'autem
1327 3322 1346 3351 ¹
1379 3317 1501 3374 cum
1555 3319 1819 3372 vidissent
1869 3317 2013 3384 illos,

424 3401 680 3454 dixerunt
723 3400 771 3452 ei
824 3416 837 3452 :
882 3396 1021 3454 Ecce
1066 3392 1316 3461 diSCipuli
1363 3392 1439 3446 lui
1487 3389 1690 3444 faciunt
1730 3388 2014 3461 quodnon

427 3473 553 3526 licet
609 3470 652 3523 ³.
698 3469 855 3524 Jesus
901 3481 1032 3523 vero
1091 3459 1423 3532 respondens
1470 3462 1542 3516 ait
1585 3461 1692 3514 illis
1726 3477 1738 3532 _:
1773 3459 1890 3532 Non
1939 3460 2015 3513 lc-

423 3542 577 3610 gistis
628 3541 751 3611 quid
803 3538 997 3594 fecerit
1051 3529 1242 3602 David,
1275 3533 1295 3564 ³⁸
1337 3532 1554 3611 quando
1595 3529 2010 3611 estirissetipse,

422 3603 476 3668 Et
505 3612 622 3688 _qni
645 3603 786 3668 'cu'm
832 3627 896 3666 eo
929 3618 1083 3665 erant
1117 3605 1435 3688 :_qnoniotlo
1476 3603 1692 3688 intravit
1726 3603 2016 3656 indomum

423 3684 519 3739 Dei
541 3674 564 3747 ,’
608 3674 662 3738 ct
712 3698 880 3752 panes
922 3674 1318 3754 _pr0po_sitionis
1433 3674 1662 3754 ediditt
1711 3688 1848 3742 quos
1908 3689 2015 3754 non

423 3745 622 3824 licebat
666 3745 727 3824 ei
763 3745 1374 3824 'mand'ucarc,‘_neq_ue
1437 3745 1514 3799 eis
1570 3745 1668 3824 qui
1732 3759 1887 3824 curm
1921 3745 2014 3797 illo

417 3813 593 3887 erant,
625 3821 724 3880 nisi
750 3817 882 3876 solis
904 3813 1311 3875 sacerdotibus?
1328 3823 1420 3870 aut
1439 3830 1544 3869 non
1570 3813 1775 3887 legistis
1793 3815 1851 3887 in
1877 3815 2012 3887 lege,

421 3882 676 3964 quoniam
718 3892 998 3964 sabbalhis
1027 3887 1415 3964 sacerdotesjn
1448 3882 1650 3964 templo
1691 3882 2015 3964 sabbathntn

419 3954 642 4028 violant,
667 3973 721 4018 et
752 3964 867 4018 sine
891 3961 1118 4016 Crimine
1146 3958 1311 4013 sunt?
1341 3957 1469 4010 Dico
1493 3955 1512 3984 ⁸
1534 3956 1675 4028 enim
1697 3954 1867 4028 vobis,
1891 3955 2015 4028 quia

419 4034 596 4108 majus
614 4023 701 4108 9:51
724 4042 749 4068 α
776 4032 882 4108 hic,
901 4047 1058 4108 quam
1091 4029 1375 4108 templum.
1402 4028 1457 4082 Si
1473 4027 1626 4108 enirn
1644 4023 2017 4105 sciretis,tiuid

417 4105 437 4138 ⁷
469 4096 541 4161 sit
567 4124 578 4158 :
609 4096 1030 4160 Misericordiam
1060 4096 1222 4164 volo;
1263 4113 1422 4168 quam
1454 4096 1774 4168 sacrificium
1799 4112 1838 4168 :_
1861 4111 2017 4150 num-

417 4191 576 4248 quam
604 4173 1069 4248 condemnassetis
1101 4165 1436 4248 innocentes.
1470 4165 1725 4248 Dominus
1756 4165 2019 4248 enimest

413 4237 662 4302 sabbathi
695 4245 831 4300 ﬁlius
860 4241 1116 4298 hominis.
1170 4240 1236 4294 Et
1281 4237 1303 4269 ⁸
1328 4237 1454 4294 inde
1492 4237 1756 4292 transiens
1783 4238 1929 4292 venit
1960 4237 2014 4291 in

413 4331 740 4389 synagogam
772 4316 1034 4389 ipsorum.
1089 4312 1153 4368 Et
1177 4314 1204 4389 ’_
1228 4324 1355 4368 ecce
1396 4318 1511 4389 erat
1561 4307 1634 4384 ibi
1665 4307 1880 4389 quidam
1915 4306 2010 4364 ha-

414 4379 812 4454 b'enswmvanum'
826 4383 1029 4440 aridam
1060 4425 1076 4452 ,
1106 4392 1160 4438 et
1191 4379 1593 4451 interrogabant
1630 4394 1752 4434 eum
1774 4421 1789 4444 ,
1821 4379 2007 4454 dicen:

414 4450 531 4518 tes:
564 4458 621 4516 Si
651 4459 774 4513 licet
806 4450 1081 4511 sahbathis
1109 4456 1339 4508 curare?
1366 4450 1419 4508 ut
1452 4460 1771 4506 aet-usarent
1795 4465 1937 4506 eum.
1966 4450 2008 4482 ³ο

412 4521 568 4586 Jesus
596 4538 776 4586 autem
804 4529 878 4582 ait
910 4525 1052 4580 illis:
1110 4524 1241 4592 Quis
1280 4523 1348 4577 de
1377 4521 1528 4576 vobis
1555 4520 1717 4576 homo
1739 4562 1753 4585 ,
1804 4521 2008 4576 habens

410 4617 589 4669 ovem,
619 4602 666 4660 si
693 4597 949 4657 ceciderit
974 4595 1237 4654 sabbatho
1264 4593 1318 4650 in
1348 4593 1581 4658 foveam,
1613 4607 1793 4648 nonne
1815 4607 2009 4662 appre-

2125 3320 2397 3375 Pharisaei
2453 3328 2631 3372 autem
2681 3319 2925 3373 videntes
2963 3321 3214 3390 dixerunt
3255 3324 3324 3376 ei.
3378 3321 3518 3377 Ecce
3559 3323 3722 3377 disci-

2124 3393 2229 3460 puli
2276 3393 2348 3445 tui
2401 3390 2602 3444 faciunt
2653 3390 2792 3458 quod
2833 3407 2937 3445 non
2967 3391 3088 3446 licet
3132 3391 3308 3447 facere
3360 3395 3411 3446 in
3469 3393 3713 3448 sabbato.

2119 3463 2200 3518 Ad
2257 3463 2347 3518 ille
2401 3461 2536 3515 dixit
2589 3462 2668 3516 eis
2706 3461 2821 3516 Non
2885 3461 3092 3531 legistis
3151 3463 3277 3532 quid
3357 3464 3483 3518 fecit
3552 3464 3719 3519 David

2164 3533 2339 3587 nando
2380 3533 2570 3588 esuriit
2627 3532 2742 3601 ipse
2793 3545 2844 3588 et
2895 3534 2982 3602 qni
3033 3549 3156 3588 cum
3184 3550 3251 3588 eo
3277 3543 3430 3588 erant
3491 3550 3720 3604 quomo-

2125 3550 2339 3656 3nanao
2380 3550 2570 3588 esuriit
2627 3550 2742 3601 ipse
2793 3550 2844 3588 et
2895 3550 2982 3602 qtn
3033 3550 3156 3588 cum
3184 3550 3251 3588 eo
3277 3550 3430 3588 erant
3491 3550 3718 3604 quomo-

2164 3621 2195 3658 o
2224 3604 2506 3658 intrabitin
2537 3604 2754 3658 domum
2785 3604 2874 3657 Dei
2895 3613 2952 3656 et
2973 3619 3138 3672 panes
3162 3607 3542 3674 pr0posittonis
3563 3620 3718 3659 man-

2123 3675 2359 3729 ducavit.
2416 3691 2551 3742 quos
2581 3690 2685 3728 non
2717 3675 2909 3727 licebat
2935 3683 2982 3728 el
3015 3677 3361 3732 manducare.
3427 3691 3598 3744 neque
3631 3677 3715 3731 bis

2123 3748 2213 3815 qni
2247 3761 2366 3799 cum
2396 3746 2486 3799 illo
2517 3757 2672 3801 erant
2719 3746 2817 3798 nisi
2851 3746 2982 3798 solis
3012 3746 3404 3800 sacerdotibus.
3451 3749 3558 3800 Aut
3607 3762 3715 3802 non

2122 3817 2327 3886 legistis
2374 3819 2425 3870 in
2475 3817 2590 3885 lege
2643 3817 2766 3884 quia
2813 3817 3051 3869 Sabbatis
3082 3819 3389 3872 sacerdotes
3419 3817 3472 3870 in
3513 3820 3716 3886 templo

2122 3888 2401 3940 sabbatum
2426 3887 2648 3940 violant.
2691 3897 2743 3940 et
2776 3888 2891 3941 sine
2917 3887 3140 3942 crimine
3168 3895 3313 3942 sunt.
3352 3888 3480 3942 Dico
3533 3901 3713 3942 autem

2129 3959 2278 4012 vobis
2305 3959 2428 4028 quia
2473 3957 2884 4028 templogniajor
2911 3967 2992 4011 est
3023 3957 3127 4012 hic.
3179 3959 3233 4014 Si
3281 3970 3459 4012 autem
3501 3959 3715 4013 sciretis

2122 4028 2248 4097 quid
2275 4027 2357 4081 est
2387 4027 2806 4084 Misericordiam
2832 4028 2955 4082 volo
3004 4043 3163 4097 quam
3200 4029 3520 4083 sacriﬁcium
3562 4046 3717 4082 num-

2117 4114 2277 4168 quam
2307 4100 2768 4154 condemnassetis
2805 4097 3138 4154 innocentes.
3175 4099 3435 4155 Dominus
3459 4111 3540 4153 est
3567 4102 3714 4156 enim

2120 4173 2285 4224 etiam
2315 4170 2521 4224 sabbati
2569 4171 2709 4224 (ilius
2740 4170 2992 4226 hominis.
3027 4173 3092 4225 Et
3123 4172 3390 4224 transiens
3417 4171 3542 4226 inde
3569 4173 3715 4225 venit

2120 4240 2172 4294 in
2204 4255 2528 4312 synagogam
2555 4256 2740 4296 eorum
2771 4238 2840 4294 Et
2889 4255 3034 4312 ecce.
3095 4240 3258 4312 homo
3299 4240 3378 4311 (ά)
3405 4250 3521 4294 erat
3548 4240 3602 4312 j-
3641 4242 3714 4296 ibi

2117 4311 2336 4366 manum
2360 4313 2562 4367 habens
2588 4312 2814 4366 aridam.
2848 4318 2902 4366 et
2929 4311 3336 4382 interrogabant
3374 4327 3496 4365 eum
3526 4311 3715 4366 dicen-

2121 4391 2222 4438 tes.
2278 4383 2332 4438 Si
2381 4383 2501 4438 licel
2536 4383 2776 4438 sabbatis
2821 4397 3030 4438 curare.
3087 4393 3143 4437 nt
3191 4391 3511 4436 accusarent
3563 4399 3710 4436 enm.

2118 4449 2237 4523 ipse
2284 4461 2464 4508 autem
2497 4453 2738 4508 dixiteis
2763 4454 2895 4522 Quis
2933 4463 3015 4523 est
3061 4468 3126 4507 ex
3189 4454 3341 4507 vobis
3393 4453 3555 4506 homo
3617 4456 3710 4523 qui

2117 4519 2280 4579 habet
2324 4540 2478 4580 ovem
2512 4539 2672 4578 unam
2711 4534 2766 4578 et
2788 4519 2857 4580 'si
2897 4539 2928 4580 c
2961 4522 2988 4562 δ
3024 4524 3249 4580 eciderit
3274 4524 3512 4580 sabbatis
3540 4525 3594 4578 in
3620 4519 3708 4583 Io-

2115 4609 2291 4648 veam.
2344 4610 2520 4650 nonne
2551 4595 2750 4651 tenebit

1122 4705 1514 4762 VARIANTES
1551 4703 1934 4762 LECTIONES
1971 4705 2244 4764 CODICIS
2271 4707 2377 4764 MS.
2412 4708 2469 4765 S.
2503 4707 3011 4765 GERMANENSIS.

472 4809 490 4838 ι
528 4808 808 4856 esurientes
831 4805 1104 4866 coeperunt
1125 4799 1314 4852 vellere
1335 4801 1510 4862 spicas,

466 4869 489 4898 ⁶
523 4869 747 4917 videntes
771 4881 876 4923 eos,

468 4928 492 5019 ξ
524 4929 779 5036 gignere
803 4921 1068 4978 sabbatbis.
1092 4927 1156 4976 Αι
1175 4925 1282 4987 ipse
1305 4921 1432 4972 dixit
1453 4922 1529 4972 eis
1551 4937 1561 4970 :

2165 4799 2188 4832 ⁸
2222 4802 2465 4850 transiens
2487 4801 2600 4850 inde
2623 4801 2828 4851 Jesus...
2856 4814 3025 4850 eorum

2166 4863 2188 4896 ⁹
2225 4873 2343 4914 ecce
2369 4864 2516 4915 homo
2541 4869 2647 4912 erat
2672 4865 2740 4913 ibi
2765 4873 2958 4913 manum
2985 4865 3172 4913 habens

2171 4923 2213 4954 ιο
2229 4922 2339 4986 Ipse
2357 4932 2521 4988 autem
2537 4925 2665 4976 dixit
2686 4927 2805 4974 illis:
2823 4927 2940 4985 Quis
2964 4939 3023 4976 ex
3051 4927 3188 4976 vobis
3205 4926 3350 4978 homo
3366 4926 3516 4976 habet
3535 4937 3706 4988 ovem,

2106 4989 2160 5048 et
2182 4988 2225 5048 si
2248 4985 2483 5036 occiderit
2510 4989 2556 5035 in
2596 4988 2784 5038 foveam
2823 4988 3059 5038 sabbatho
3078 5023 3092 5048 ,
3119 5001 3280 5038 noune
3304 4990 3496 5038 tenebit
3517 5001 3623 5038 eam
3655 4985 3709 5040 et

2104 5045 2290 5116 levabit
2323 5050 2466 5101 eam?
2491 5049 2683 5109 Quanto
2707 5050 2862 5114 magis
2897 5045 3174 5102 meliorest
3202 5049 3348 5102 homo
3370 5051 3496 5104 ove?
3530 5060 3626 5102 etc.
3655 5059 3711 5101 ut

2101 5108 2154 5168 in
2187 5108 2332 5186 Vulg.

1753 5251 2125 5339 DLANCﬂlNi
2161 5252 2391 5322 NOTIE.

475 5358 501 5388 η
523 5349 684 5406 Notat
709 5347 848 5404 idem
885 5346 1242 5418 Hieronymus
1264 5346 1582 5418 particulam
1604 5347 1689 5402 hic
1710 5324 2014 5418 legendum,
2037 5324 2062 5339 ’
2103 5333 2228 5418 nam
2251 5350 2425 5417 templi
2454 5358 2639 5406 teneat.

399 5428 457 5491 9t
483 5421 798 5488 adverbium
824 5436 838 5476 :
868 5416 990 5491 Hic,
1019 5416 1210 5491 inquit,
1240 5416 1664 5491 haupt-pham,
1695 5416 1785 5491 sed
1809 5419 1993 5491 adver-
2173 5417 2200 5460 δ
2229 5416 2439 5482 Extrita
2460 5431 2545 5479 est
2570 5440 2621 5479 a.

398 5485 537 5544 bium
577 5491 676 5545 loci
703 5485 776 5545 est
802 5532 815 5557 ,
845 5489 983 5562 quod
1014 5485 1180 5560 maior
1207 5485 1393 5559 templo
1428 5485 1493 5546 ait
1518 5485 1660 5557 locus
1700 5485 1790 5560 qui
1815 5485 1994 5554 Domi-

466 5051 495 5118 '_
523 5049 848 5118 manducavit,
969 5112 980 5118 _
1090 5111 1103 5118 _
1125 5111 1136 5118 .
1206 5111 1220 5118 _
1371 5109 1382 5118 _
1527 5113 1537 5118 _
1566 5106 1614 5118 Η

464 5112 496 5205 ⁷⁸
524 5118 695 5226 (autem
721 5106 875 5174 vobis,
899 5112 1019 5209 quia.
1036 5111 1272 5162 sabbatho
1291 5109 1442 5194 major
1467 5113 1544 5187 est
1565 5106 1645 5186 hic

467 5624 735 5750 3a)CAddit
755 5628 894 5684 illos.
923 5628 994 5684 Et
1019 5627 1089 5684 ita
1116 5626 1238 5685 cod.
1264 5625 1419 5684 Cant.
1453 5625 1748 5709 (113106;:El
1774 5627 1909 5683 forte
1938 5627 2100 5710 etiam
2120 5627 2354 5714 Vercell.
2383 5629 2652 5688 habebant
2679 5630 2928 5688 eamdem
2975 5631 3307 5698 Lectionem.
3335 5660 3408 5676 —
3435 5630 3513 5706 (ι)
3537 5631 3612 5689 Ιιιι
3639 5640 3698 5690 et

506 5735 519 5750 .
595 5703 709 5750 ant.
742 5695 858 5750 LM.
893 5709 946 5750 et
976 5699 1067 5750 Gr.
1100 5729 1170 5744 -—
1190 5699 1263 5750 (ci
1291 5700 1431 5750 Ante
1455 5697 1648 5750 sabbati
1672 5737 1688 5750 .
1719 5697 1873 5750 deest
1897 5710 2070 5750 etiam.
2119 5699 2185 5750 Et
2216 5711 2286 5750 tta
2317 5717 2366 5750 ιιι
2398 5703 2520 5750 cod.
2550 5701 2706 5750 Cant.
2731 5731 2803 5744 —-
2832 5701 2912 5750 (di
2947 5699 3162 5750 Addunt
3186 5746 3197 5750 -
3230 5713 3339 5750 erat
3365 5746 3378 5750 _
3409 5713 3468 5750 ut
3517 5713 3696 5750 textus

385 5695 519 5754 cod.
551 5695 709 5751 Cant.
742 5695 858 5751 Lat.
893 5709 946 5752 et
976 5699 1067 5756 Gr.
1100 5729 1170 5744 -—
1190 5699 1263 5770 (c)
1291 5700 1431 5755 Ante
1455 5697 1688 5759 sabbati.
1719 5697 1873 5752 deest
1897 5700 2070 5753 etiam.
2119 5695 2286 5754 Et‘ita
2317 5704 2366 5755 in
2398 5703 2520 5756 cod.
2550 5701 2706 5757 Cant.
2731 5731 2803 5744 —-
2832 5701 2912 5773 (ά)
2945 5695 3162 5760 Addunt
3185 5746 3199 5770 ,
3230 5713 3339 5759 erat
3363 5746 3379 5772 ,
3409 5695 3468 5760 ιιί
3491 5695 3696 5760 ἰθιιιιε

395 5767 620 5823 Graecus
659 5762 740 5826 ἦν.
764 5793 835 5808 -
859 5765 934 5839 (ρ)
959 5767 1036 5825 ita
1065 5779 1120 5826 et
1147 5770 1271 5839 god.
1303 5766 1462 5834 Cant.
1489 5766 1628 5840 ἔχει.
1651 5794 1724 5810 -
1749 5769 1820 5842 (0
1849 5771 2008 5830 Deest
2030 5771 2078 5826 si
2104 5806 2118 5825 .
2147 5809 2176 5830 ..
2193 5807 2207 5824 .
2231 5787 2291 5828 ea
2315 5812 2330 5840 ,
2363 5779 2422 5830 ut
2441 5772 2494 5833 in
2520 5771 2644 5830 cod.
2669 5771 2827 5830 Cant.
