2024 3094
157 143 212 172 318

358 197 474 228 CODBX
485 197 752 229 VERCELLENSIS.

157 244 198 271 bit
212 251 276 271 eam
290 249 316 271 et
331 243 368 279 le-
571 248 625 278 tus,
642 244 668 271 in
680 252 733 279 quo

155 279 204 307 12.
218 279 294 306 vavit
302 278 432 315 {Quanto
572 280 643 308 bene
655 278 746 315 placu-

155 315 246 350 magis
259 314 354 354 melior
572 316 594 342 it
608 315 647 351 (ὁ)
657 314 752 357 anima
767 323 829 345 mea

155 355 201 378 est
216 350 298 377 homo
310 348 376 385 ovr‘l7
572 350 674 378 Ponam
687 356 811 385 spiritum

156 385 252 420 Itaque
263 385 327 413 licet
339 384 401 420 sab-
573 393 661 413 meum
673 384 719 413 sur-

156 440 165 447 .
177 440 185 448 .
202 419 254 462 atis
269 419 381 448 benefa-
574 428 709 462 peream,
721 426 749 450 et

156 455 243 483 cere?
366 490 370 491 7
571 455 703 491 judicium

153 492 200 519 15.
215 510 223 518 .
233 510 240 517 .
255 509 262 518 .
272 510 279 518 .
291 510 299 517 .
308 510 315 517 .
324 511 335 527 7.
345 510 353 519 .
365 490 453 522 bomi-
572 490 698 527 gentibus
711 492 760 520 ad-

155 547 164 555 .
175 547 182 554 .
195 546 202 553 .
214 547 221 553 .
231 546 239 554 .
251 525 350 554 stende
573 525 716 555 nuntiavit.

155 582 164 589 .
175 582 181 589 .
192 583 199 589 .
210 582 218 589 .
234 569 297 589 num
312 566 397 592 tuam.
572 562 616 590 19.
632 562 690 590 Non
708 571 774 591 con-

156 618 165 625 .
178 617 185 624 .
196 618 203 626 .
215 617 223 625 .
232 617 239 625 .
250 617 257 624 .
269 616 276 623 .
287 615 294 623 .
310 597 398 624 tendit
572 597 674 631 tendet,
690 606 735 626 ne-

155 652 165 659 .
174 652 181 660 .
192 653 199 660 .
209 653 217 659 .
229 652 253 660 ..
269 640 294 659 tn
307 639 397 666 suam,
572 640 624 667 que
636 634 738 661 clama-

157 689 164 696 .
176 688 185 696 .
200 688 206 695 .
219 689 226 695 .
237 687 245 694 .
261 667 338 695 tituta
573 668 622 700 vit.
637 676 725 703 neque

156 725 164 731 .
175 724 181 730 .
193 723 200 730 .
210 723 218 731 .
233 703 302 731 sicut
314 707 343 730 et
572 703 665 732 audiet
677 704 726 732 ali-

153 739 251 766 altera.
414 772 423 773 7
437 772 441 773 7
572 739 632 773 quis
646 739 672 766 in
690 740 747 773 pla-

154 775 198 802 tt.
214 774 248 801 Et
261 777 397 802 exeuntes
412 772 483 802 Pba—
575 772 627 802 teis
641 772 735 803 vocem

151 809 243 843 risaei,
259 809 350 845 consi-
573 809 618 845 20.
633 809 708 845 ejus:
725 810 826 840 harun-

151 845 219 873 lium
235 844 370 874 faciebant
572 844 662 872 dinem
676 853 756 880 quas-

151 880 284 908 adversus
298 887 373 913 eum,
573 886 658 907 satam
675 888 728 909 non

150 920 183 943 nt
196 923 257 943 eum
272 914 369 950 perde-
571 915 692 943 confrin-

150 951 198 979 15.
214 955 284 979 rent.
297 950 379 978 Jesus
387 953 481 980 autem
570 955 625 983 get,
642 956 669 978 et.
682 951 767 981 linum

149 986 243 1014 sciens
255 993 362 1014 secces-
572 986 706 1020 fumigan-

148 1022 186 1049 sit
200 1021 282 1049 inde:
296 1026 324 1049 et
337 1029 381 1053 δε·
570 1025 625 1048 tem
641 1028 693 1049 non
707 1030 756 1050 ex-

149 1057 305 1092 quebantur
571 1057 684 1092 tinguet,
699 1058 748 1085 do-

149 1091 213 1120 éum
228 1091 318 1124 multi,
331 1096 359 1120 et
571 1091 621 1119 nec
637 1092 717 1121 eiciat

149 1128 256 1155 curavit
267 1134 324 1156 eos.
339 1126 382 1163 (a)
572 1128 598 1154 in
607 1128 717 1163 victoria

149 1163 251 1190 Omnes
266 1167 355 1191 autem

150 1206 222 1233 quos
236 1198 338 1226 curavit
352 1198 372 1233 1-

150 1234 195 1261 16.
213 1233 410 1269 praecepiteis,

150 1277 186 1296 ne
197 1268 318 1310 divulga-

150 1308 213 1332 rent
228 1304 316 1331 illum.

151 1340 196 1367 t7.
213 1339 251 1367 Ut
265 1339 427 1380 adimplere-

152 1381 194 1402 tur
210 1374 288 1409 quod
301 1375 357 1402 dic-

152 1415 208 1437 tum
224 1414 269 1437 est
283 1417 333 1445 per
344 1409 379 1440 E-

151 1448 238 1472 seiam
251 1444 369 1480 prophe-

152 1485 220 1513 tam,
234 1480 369 1509 dieentem
380 1488 391 1508 :

153 1515 199 1543 t8.
215 1515 288 1544 Ecce
297 1523 362 1550 puer

155 1558 242 1583 meus,
256 1558 336 1585 quem

154 1585 234 1621 elegi,
251 1586 336 1614 dilec-

571 1162 702 1197 judicium
716 1172 723 1191 ε

572 1198 617 1225 21.
633 1202 660 1225 et
671 1199 698 1226 in
715 1199 802 1228 nomi-

571 1241 606 1261 nc
618 1233 676 1268 ejus
691 1242 755 1269 gen-

570 1273 611 1304 tes
622 1275 717 1304 spera-

571 1303 647 1331 bunL

568 1339 614 1365 22.
629 1339 705 1366 Tunc
721 1339 830 1368 oblatus

569 1379 611 1401 est
622 1375 646 1401 ei
660 1375 739 1402 homo
749 1375 814 1404 dae-

571 1410 691 1436 monium
706 1410 755 1437 ha-

570 1444 648 1477 bens,
663 1452 770 1478 caecus.

571 1485 599 1507 et
613 1485 714 1513 mutus,
730 1485 758 1509 et
769 1488 817 1510 cu-

570 1516 640 1542 ravit
653 1523 715 1543 eum
727 1517 763 1543 ita

571 1555 599 1586 ut
614 1550 782 1586 loqueretur,

570 1585 617 1614 25.
634 1591 661 1614 et
675 1586 790 1615 videret.
807 1586 842 1614 Et

368 1643 486 1672 CODEX
500 1643 735 1673 CORBEIENSlS.

155 1690 278 1718 hendens
291 1690 409 1718 elevabit
422 1690 492 1718 illam
505 1691 516 1717 ?
539 1691 672 1724 Quantum
687 1698 752 1725 ergo
767 1690 857 1718 differt
871 1690 952 1718 homo

154 1727 191 1754 ab
203 1734 253 1754 ove
264 1726 277 1753 2
292 1726 385 1761 Itaque
395 1726 459 1753 licet
473 1725 612 1754 sabbathis
625 1727 785 1754 benefacere
797 1731 863 1757 .~aut
877 1733 928 1753 non
941 1726 953 1753 ?

155 1762 233 1788 Tunc
246 1762 283 1789 ait
306 1762 339 1789 ad
360 1761 518 1789 hominem:
543 1761 654 1795 Porrige
676 1769 784 1789 manum
810 1766 893 1788 tuam.
917 1762 952 1789 Et

156 1797 296 1830 extendit,
319 1798 326 1812 ‘
344 1801 372 1825 et
396 1796 464 1824 facta
487 1802 529 1823 est
543 1798 614 1824 sicut
626 1797 722 1824 altera.
745 1797 801 1824 Ει¹
823 1802 952 1824 exeuntes

155 1833 218 1859 inde
232 1832 374 1864 Pharisazi.
391 1832 532 1859 consilium
549 1834 670 1859 fecerunt
684 1832 814 1860 adversus
829 1840 889 1859 eum
903 1852 910 1864 ,
924 1836 953 1859 ut

157 1867 167 1882 ³
183 1868 326 1902 perderent
342 1867 428 1894 illum.
438 1866 448 1882 ⁸
462 1867 521 1901 Quo
536 1867 645 1902 cognito
657 1868 736 1895 Jesus
750 1867 862 1895 secessit
873 1868 951 1894 inde:

156 1908 184 1930 et
198 1903 283 1931 secuti
297 1908 360 1931 sunt
373 1910 435 1930 eum
451 1903 526 1929 multi
539 1922 547 1935 ,
562 1907 591 1930 et
612 1903 622 1918 ¹¹
642 1904 746 1930 curavit
763 1903 833 1930 illos.
853 1902 955 1930 Omnes

155 1943 247 1966 autem
276 1946 345 1973 quos
367 1938 471 1973 curavit
494 1939 674 1965 comminatus
702 1943 744 1965 est
769 1939 819 1969 eis.
844 1945 877 1965 ne
891 1945 953 1966 eum

156 1972 374 2003 manifestarent.
409 1972 445 2002 Ut
481 1973 639 2007 impleretur
670 1974 742 2008 quod
776 1973 877 2001 dictum
913 1978 956 2000 est

155 2017 205 2044 per
230 2009 336 2036 Esaiam
375 2008 554 2044 prophetam,
592 2009 726 2036 dicentem
754 2017 760 2035 :
785 2009 854 2036 Ecce
889 2016 957 2044 puer

157 2043 236 2072 incus
249 2065 256 2075 ,
271 2052 352 2078 quem
368 2044 437 2078 elegi
452 2064 461 2077 ,
482 2043 599 2071 dilectus
614 2044 624 2060 ⁸
637 2052 718 2078 quem
733 2044 851 2079 suscepit
867 2045 956 2071 anima

159 2088 230 2106 mea.
246 2080 350 2107 Ponam
363 2080 487 2114 spiritum
502 2087 591 2107 meum
604 2087 686 2114 super
697 2088 770 2113 eum,
787 2085 814 2107 et
826 2079 957 2114 judicium

159 2115 287 2148 gentibus
299 2115 480 2143 adnuntiabit.
503 2115 560 2142 Non
575 2116 721 2142 contendet
734 2136 741 2148 ,
758 2120 844 2148 neque
857 2115 958 2142 clama—

158 2150 208 2183 bit,
224 2157 311 2184 neque
325 2150 418 2178 audiet
429 2150 438 2165 ⁷
459 2150 602 2185 quisquam
618 2158 710 2178 vocem
726 2150 785 2184 ejus
800 2151 827 2177 in
844 2151 955 2184 plateis:

159 2186 295 2213 calamum
313 2190 469 2220 quassatum
485 2193 537 2212 non
549 2185 711 2220 confringet,
732 2191 758 2213 et
774 2186 856 2213 linum
879 2186 959 2213 fumi-

158 2228 227 2256 gans
242 2228 296 2252 non
310 2222 460 2256 extinguet,
477 2221 487 2236 ⁸
505 2221 593 2248 donec
608 2225 689 2255 ponat
708 2220 838 2255 judicium
853 2221 886 2248 ad
902 2222 959 2247 vin-

159 2255 276 2288 centium
293 2276 299 2282 .
315 2261 344 2283 et
357 2255 508 2284 in'nmnine
521 2256 579 2290 ejus
593 2261 686 2290 gentes
701 2257 858 2289 Sperabunt.
883 2256 960 2283 Tunc

158 2292 267 2319 oblazus
273 2296 315 2319 est
326 2292 353 2319 ei
362 2293 372 2308 ⁹
386 2292 467 2319 homo
475 2292 584 2326 quidam
594 2292 764 2318 daemonium
775 2292 888 2323 habens,
899 2299 959 2318 cae-

159 2334 221 2359 cus,
229 2327 326 2354 surdus
339 2331 366 2354 et
379 2332 478 2359 mutus,
496 2331 524 2354 et
533 2327 638 2354 sanavit
652 2327 726 2354 illum
739 2328 775 2354 ita
790 2331 819 2354 ut
833 2327 853 2343 ¹⁰
863 2326 961 2354 surdus

159 2362 277 2396 audiret,
291 2367 319 2391 et
332 2362 447 2396 videret,
462 2365 489 2390 et
498 2362 664 2398 loqueretur.
680 2362 729 2403 Et\

648 142 874 173 EVANGELIUH
892 143 1080 174 SECUNDUM
1098 142 1317 173 MATTHIEUM.

1749 145 1802 177 Ωιι

1225 200 1340 228 CODEX
1360 200 1588 230 VERONENSIS.

1007 253 1066 282 eam
1075 250 1109 282 7et
1123 245 1245 272 levabit?
1424 249 1503 282 elegi,
1520 248 1633 276 dilectus

1008 281 1053 308 12.
1067 281 1269 318 Quant07magis
1424 281 1509 315 meus,
1528 284 1552 310 in
1570 292 1622 318 quo

1008 318 1105 354 melior
1125 322 1165 343 est
1180 317 1261 344 homo
1423 319 1492 345 bene
1504 317 1602 353 placuit
1618 319 1657 354 (ὁ)

1007 352 1074 389 ove?
1090 352 1180 389 Itaque
1423 352 1510 380 anima
1527 362 1583 380 mea
1599 354 1630 389 1‘.

1008 387 1070 414 licet
1087 387 1206 423 sabbatis
1425 390 1525 416 Ponam
1541 387 1663 423 spiritum

1007 423 1051 459 εὖ.
1066 422 1244 450 benefacere?
1424 432 1512 451 meum
1531 422 1611 459 super

1006 457 1083 484 Tttnc
1423 467 1496 492 eum,
1511 465 1539 487 et

1008 494 1044 519 ait
1063 493 1180 519 homini:
1199 493 1252 520 Ex-

1007 528 1086 554 tende
1103 536 1212 555 manuni

1007 568 1091 590 luant.
1107 563 1139 590 Et
1150 568 1244 592 exten-

1422 495 1555 529 judicium

1423 530 1549 564 gentibus
1561 529 1669 558 adnun-

1425 565 1469 593 l9.
1492 565 1578 592 tiabit.
1594 565 1654 593 Non

1006 599 1046 626 dit
1061 606 1169 626 manum
1183 606 1271 633 suam,

1006 638 1034 661 et
1048 634 1172 661 restituta

1006 673 1048 696 est
1062 668 1088 696 ei
1100 668 1170 696 sicut

1006 704 1101 731 altera.

1422 601 1581 633 contendet.
1593 608 1639 629 ne-

1421 643 1474 671 que
1485 636 1625 668 clamabit,

1421 679 1509 706 neque
1522 672 1614 698 audiet

1422 707 1520 741 aliquis
1534 707 1560 733 in
1572 707 1629 741 pla-

1008 739 1052 766 M.
1065 739 1098 766 Et
1110 744 1241 767 exeuntes
1422 739 1475 768 teis
1488 739 1582 769 vocem

1006 774 1148 811 Phariszei,
1157 782 1229 811 con-
1421 777 1467 805 20.
1480 777 1538 811 ejus
1552 786 1559 803 :

1006 810 1097 837 silium
1112 809 1248 839 faciebant
1422 809 1533 839 arundi-

1007 846 1135 873 adversus
1149 853 1221 880 eum,

1007 884 1036 907 ut
1049 888 1110 908 eum
1123 888 1183 915 per-

1006 916 1111 943 derent.

1006 950 1050 978 45.
1063 951 1143 979 Jesus
1155 955 1245 979 autem

1004 987 1094 1014 sciens
1109 987 1223 1014 secessit

1003 1021 1084 1049 inde:

1003 1056 1039 1084 Et
1053 1057 1235 1092 sequebantur

1003 1099 1065 1120 eum
1079 1093 1155 1120 multi
1168 1114 1175 1126 ,
1191 1098 1218 1121 et

1424 855 1484 874 nem
1501 851 1655 882 quassatam

1422 890 1476 910 non
1490 883 1657 918 confringet,

1422 924 1449 946 et
1465 919 1549 945 linum
1561 918 1602 945 fu-

1421 954 1566 989 migantem

1420 997 1474 1016 non
1489 989 1640 1024 extinguet.

1421 1025 1508 1052 donec
1524 1025 1603 1052 eiciat

1420 1060 1559 1087 victoriam
1571 1060 1605 1087 ad

1419 1095 1465 1122 2f.
1485 1095 1638 1130 judicium:
1659 1099 1686 1122 et

1002 1129 1106 1155 caravit
1121 1134 1177 1155 eos.
1196 1129 1233 1164 (a)
1250 1128 1315 1157 Om-
1421 1131 1448 1158 in
1457 1128 1567 1158 nomine

1004 1170 1052 1191 nes
1066 1167 1155 1201 autem
1167 1171 1235 1199 quos
1420 1166 1479 1200 ejus
1491 1171 1586 1201 gentes
1599 1173 1661 1201 spe-

1002 1198 1132 1234 curavit-j-
1145 1198 1222 1234 prae-
1420 1198 1528 1227 rabunt.

1003 1233 1047 1261 18.
1056 1233 1128 1268 cepit
1138 1233 1188 1267 eis,
1419 1235 1464 1262 22.
1485 1235 1561 1262 Tunc

1002 1276 1038 1296 ne
1049 1269 1156 1303 pervul~
1418 1270 1526 1297 oblatus

1003 1308 1098 1339 garent
1113 1303 1162 1339 il:
1216 1338 1219 1339 7
1419 1310 1461 1332 est
1471 1306 1494 1332 ei
1511 1305 1593 1332 homo

1004 1337 1046 1366 i7'
1059 1339 1123 1366 lum.
1139 1337 1175 1366 Ut
1189 1338 1238 1366 ad-
1420 1340 1593 1367 daemonium

1002 1374 1160 1408 impleretur
1218 1391 1233 1403 .

1003 1409 1074 1444 quod
1088 1409 1190 1436 dictum

1003 1448 1046 1472 est
1055 1451 1103 1479 per
1116 1445 1177 1471 Esc-

1003 1479 1057 1507 iam
1073 1479 1191 1514 prophe-

1421 1375 1534 1408 habens,
1549 1376 1621 1403 cae-‘

1422 1417 1480 1443 CUS,
1495 1415 1522 1437 et
1535 1416 1625 1438 mulus

1420 1449 1448 1473 et
1460 1445 1569 1479 surdus,
1584 1451 1612 1473 et

1420 1481 1525 1507 curavit
1539 1488 1601 1508 eum

1422 1516 1460 1542 ita
1473 1520 1503 1543 ut
1515 1516 1554 1542 lo-

1421 1555 1560 1584 queretur,
1576 1555 1604 1579 et

1421 1586 1537 1620 videret,
1552 1591 1580 1621 et

1234 1643 1351 1672 CODEX
1370 1642 1564 1671 BRIXIANUS.

1003 1697 1073 1717 eam.
1082 1689 1215 1717 etlevabit
1221 1689 1255 1717 de
1265 1689 1352 1717 fovea.
1360 1690 1467 1724 Quanto
1474 1690 1557 1725 magis
1565 1688 1661 1716 melior
1668 1692 1711 1725 est
1721 1688 1804 1725 homo

1006 1732 1066 1752 ove.
1079 1725 1171 1760 Itaque
1181 1725 1243 1752 licet
1259 1724 1378 1752 sabbatis
1387 1725 1555 1752 benefacere.
1568 1725 1644 1752 Tunc
1653 1724 1690 1751 ait
1700 1724 1803 1752 homini

1006 1760 1128 1787 Extende
1140 1768 1248 1787 manum
1263 1765 1346 1787 tuam.
1362 1760 1396 1787 Et
1408 1761 1539 1787 extendit.
1555 1765 1582 1787 et
1595 1761 1662 1787 facta
1675 1764 1717 1786 est
1736 1765 1803 1786 sana

1005 1797 1075 1823 sicut
1089 1800 1115 1822 et
1127 1796 1222 1822 altera.
1238 1796 1269 1822 Et
1279 1800 1408 1823 exeuntes
1423 1796 1485 1822 inde
1495 1795 1643 1821 Pharisaei.
1659 1795 1802 1821 consilium

1005 1831 1128 1858 fecerunt
1140 1830 1269 1858 adversus
1283 1838 1345 1857 eum
1359 1836 1387 1857 ut
1401 1831 1544 1866 perderent
1557 1837 1630 1858 eum.
1651 1829 1730 1857 Jesus
1754 1837 1803 1856 au-

1006 1871 1058 1894 tem
1074 1866 1174 1893 sciens.
1190 1866 1303 1893 secessit
1316 1866 1387 1893 inde.

1042 1912 1075 1939 Et
1086 1917 1193 1939 secatae
1206 1916 1334 1939 suntcum
1350 1911 1443 1939 turbae
1459 1912 1569 1939 multae.
1584 1915 1612 1938 et
1625 1911 1806 1938 comminatus

1006 1952 1048 1976 est
1062 1947 1101 1974 eis
1117 1955 1150 1974 ne
1166 1947 1370 1974 manifestarent
1384 1955 1455 1974 eum.
1476 1946 1508 1975 Ut
1518 1947 1721 1981 adimpleretur.
1733 1944 1806 1980 quod

1007 1984 1109 2010 dictum
1123 1988 1164 2010 est
1175 1991 1222 2017 per
1229 1982 1334 2009 Esaiam
1348 1982 1732 2017 prophetamdicentetndicce
1741 1989 1807 2016 puer

1008 2026 1084 2046 meus
1096 2015 1181 2053 quem'
1191 2018 1269 2053 elegi.
1290 2015 1406 2045 dilectus
1430 2025 1505 2044 mens
1521 2018 1546 2044 in
1562 2026 1615 2052 quo
1640 2015 1710 2044 bene
1731 2024 1807 2053 com—

1009 2054 1226 2089 placuitanimae
1241 2061 1327 2080 meae.
1345 2053 1446 2080 Ponam
1459 2053 1590 2089 spiritum
1605 2060 1696 2089 meum
1723 2059 1807 2087 super

1009 2061 1226 2089 placuttantmae
1241 2061 1327 2080 meae.
1345 2061 1470 2080 ronams
1493 2061 1582 2080 tritum
1607 2061 1696 2079 meum
1723 2061 1807 2087 supcr-

1009 2097 1081 2117 enm.
1107 2089 1277 2123 etjudiciutn
1305 2088 1431 2124 gentibus
1454 2061 1634 2116 agnuntiabit.
1654 2087 1718 2124 7N0n
1742 2095 1809 2124 con-

1010 2125 1102 2152 tendet
1118 2132 1204 2159 nequc
1222 2123 1358 2151 clamabit.
1386 2131 1475 2156 neque
1499 2124 1590 2150 audiet
1612 2123 1756 2157 quisquam
1780 2123 1808 2149 in

1011 2160 1107 2194 plateis
1123 2167 1216 2186 vocem
1230 2159 1299 2194 ejus.
1314 2159 1490 2186 harundinem
1502 2163 1656 2193 quassatam
1672 2165 1808 2194 noncon-

1010 2193 1117 2230 fringet.
1133 2201 1159 2222 et
1172 2193 1254 2223 linum
1267 2194 1441 2229 fumigantcm
1458 2202 1511 2221 non
1538 2195 1690 2230 extinguet.
1720 2193 1809 2221 donec

1010 2229 1090 2258 eiciat
1104 2231 1129 2257 in
1144 2230 1281 2258 victoriam
1293 2230 1434 2264 judicium.
1452 2229 1514 2257 etin
1525 2230 1634 2256 nomine
1646 2229 1704 2265 ejus
1712 2234 1807 2267 gentes

1011 2266 1166 2300 sperabunt.

1048 2311 1124 2339 Tunc
1144 2311 1251 2339 oblatus
1279 2315 1319 2338 est
1348 2310 1373 2338 ei
1400 2310 1483 2339 homo
1510 2310 1682 2339 daemonium
1705 2308 1808 2336 habens

1012 2354 1110 2409 caecas
1125 2351 1151 2374 et
1164 2349 1254 2373 mutus
1269 2350 1295 2373 et
1308 2353 1341 2373 cu
1357 2351 1370 2364 "
1388 2346 1458 2375 ravit
1473 2354 1546 2375 eum.
1562 2347 1598 2374 ita
1613 2350 1642 2373 ut
1652 2345 1809 2379 loqueretur

1013 2387 1039 2410 et
1049 2390 1075 2410 vt
1095 2387 1162 2410 eret.

1004 1519 1069 1547 tam,
1081 1515 1235 1542 dicentem:

1004 1550 1049 1577 18.
1071 1550 1140 1577 Ecce
1152 1557 1217 1584 puer

1005 1592 1090 1618 meus,
1105 1592 1185 1620 quem

520 2451 719 2481 VARlANTES
740 2450 931 2480 LECTIONES
944 2448 1076 2479 CODICIS
1094 2449 1149 2478 MS.
1164 2449 1183 2478 S
1202 2449 1454 2479 GERMANENSIS.

195 2501 203 2516 '
223 2504 250 2526 et
260 2500 376 2525 restituta

194 2532 205 2547 ’
224 2535 349 2556 exeuntes
360 2529 517 2555 Pharisaei...
530 2529 652 2555 faciebant

198 2563 208 2578 ³
226 2568 282 2586 eum
293 2562 435 2592 perderent.

197 2594 209 2608 λ
227 2591 299 2617 Iesus
309 2596 393 2617 autem
404 2593 514 2616 sciens...
525 2594 552 2616 et
562 2591 739 2622 sequebantur.

199 2624 210 2639 ⁸
226 2625 319 2648 curavit
342 2629 387 2654 eos
399 2629 494 2647 omnes.
507 2622 538 2647 Et
551 2619 680 2654 praecepit
691 2623 728 2647 eis
747 2628 780 2647 ne
792 2619 965 2653 provulgarent

168 2661 234 2680 eum.
248 2654 279 2680 Ut
291 2653 470 2685 adimpleretur
554 2653 557 2654 ⁷
646 2653 649 2654 ⁷
881 2658 889 2665 ιη

1046 2496 1057 2511 θ
1073 2503 1154 2528 meus,
1167 2497 1192 2520 in
1203 2503 1252 2528 quo
1262 2497 1328 2521 bene
1341 2493 1592 2528 complacuitanlntae
1602 2497 1684 2517 meae.

1045 2528 1055 2559 '7’
1075 2523 1163 2558 aliquis
1173 2528 1197 2551 in
1210 2523 1298 2559 plateis
1310 2523 1631 2559 vocem-ejus._tit‘undinem
1644 2526 1781 2559 quassatam

1045 2558 1056 2573 ⁸
1073 2552 1152 2582 donec
1164 2552 1245 2587 ejiciat
1257 2558 1381 2581 victoriam
1397 2552 1430 2580 ad
1436 2554 1553 2586 judicium
1565 2555 1579 2574 Β
1652 2552 1660 2555 ’
1708 2585 1712 2587 7
1732 2552 1733 2555 “
1772 2552 1777 2562 '

1045 2589 1056 2604 θ
1074 2588 1145 2612 homo
1157 2585 1342 2611 daemonium...
1356 2585 1445 2610 caecus
1458 2589 1483 2610 et
1492 2589 1585 2617 mutus,
1597 2589 1622 2611 et
1633 2585 1725 2610 curavit
1737 2591 1793 2609 eum

1048 2619 1070 2634 ¹⁰
1088 2622 1169 2643 mutus
1179 2618 1332 2649 loqueretur,
1346 2620 1372 2642 et
1383 2617 1489 2642 videret.
1502 2616 1533 2642 Et
1544 2616 1677 2649 stupebant
1689 2619 1713 2640 tu
1726 2621 1782 2648 eum

845 2690 1028 2729 BLANCHINI
1047 2689 1161 2718 ΝΟΤΛΕ.

212 2748 223 2762 ³
235 2745 338 2772 abrasac
353 2748 416 2772 sunt
428 2743 534 2778 penitus
548 2742 609 2770 duae
620 2742 728 2770 litterae.

1014 2738 1107 2801 (1.1375.
1121 2737 1257 2766 Hilarius:
1283 2736 1371 2766 Donec
1384 2746 1442 2765 cum
1457 2737 1544 2772 ejiciat
1567 2735 1699 2764 victoriam
1718 2736 1753 2764 ad
1767 2736 1814 2773 ja-

1034 2782 1119 2801 ιειιιηι.

1034 2782 1119 2801 mum.

216 2837 243 2870 ιι)
256 2835 400 2864 Adduntur
411 2833 494 2862 verba
505 2854 512 2867 .
529 2841 615 2870 omnes
630 2837 714 2860 autem
727 2853 734 2866 ,
750 2841 812 2868 quos
824 2833 940 2867 curavit,
954 2841 956 2845 ‘

1012 2833 1036 2861 in
1049 2832 1109 2861 cod.
1134 2833 1211 2861 Cant.
1226 2832 1286 2860 Lat.
1309 2835 1336 2860 et
1350 2831 1397 2859 Gr.
1409 2831 1509 2859 πάντας
1531 2828 1559 2857 δὲ
1573 2828 1617 2860 οὓς
1635 2829 1819 2868 ἆθεράπιυσεν.

256 2871 296 2901 ιη
306 2875 335 2900 et
346 2874 436 2901 textus
447 2870 559 2899 Graecus
572 2870 587 2899 ἦ
600 2869 677 2905 ψυχή
691 2875 764 2905 μον.’
