4048 6188
385 238 493 293 2l5
753 223 762 228 ”
920 235 1189 295 EUSEBll
1227 234 1566 292 VERCELL.
1608 231 2057 291 EVANGELIUM
2095 233 2239 291 CUM
2282 234 2509 294 unus
2545 235 2702 294 con.
2743 235 3137 295 COLLATUM.
3571 232 3682 288 216

2519 351 2750 408 CODEX
2789 350 3246 409 VERONENSIS.

790 351 1023 410 CODEX
1061 349 1602 408 VERCELLENSIS.

401 445 695 515 stupebant
721 460 808 499 om
821 473 843 485 -
1242 443 1332 499 28.
1377 443 1574 515 vestri:
1588 441 1644 515 Si
1667 450 1846 496 autem

403 513 727 581 nis'turbae,
753 523 809 571 et
1242 515 1295 568 in
1333 513 1525 583 spiritu
1547 513 1641 567 Dei
1671 526 1773 582 ego

400 588 654 643 dicebant
684 605 696 638 :
731 585 895 642 Num-
1240 584 1378 640 eicio
1416 584 1636 638 daemo—

403 657 532 727 quid
563 656 651 710 hic
672 666 754 711 est
780 656 845 709 ﬁ-
1242 657 1351 720 nia,
1383 656 1566 727 utique
1595 653 1791 725 adpro-

405 726 510 782 lius
545 727 750 782 David?
1241 728 1406 795 piavit
1436 726 1489 780 in
1516 740 1612 780 vos

399 800 492 853 24.
523 797 797 853 Pharisaei
825 814 918 854 au—
1238 812 1463 867 regnum
1487 796 1603 851 Dei.

406 879 514 924 tem
543 868 768 924 audien.
1238 865 1329 922 29'.
1372 870 1479 922 Aut
1503 865 1775 936 quomodo

401 948 505 1004 tes,
535 938 823 995 dixerunt:
1240 947 1423 1008 potest
1443 939 1562 1007 quis
1587 937 1668 993 in-

404 1010 505 1064 Hic
544 1024 649 1062 non
678 1010 807 1065 eicit
1240 1017 1387 1064 trare
1419 1011 1471 1062 in
1502 1009 1603 1062 do-

406 1080 686 1134 daemonia
1193 1105 1197 1110 ι
1240 1095 1385 1133 mum
1422 1079 1597 1144 fortis,

403 1153 505 1223 nisi
540 1151 591 1223 in
625 1151 701 1223 (a)
730 1153 951 1209 Beelze—
1238 1159 1295 1223 et
1325 1163 1450 1223 vasa
1481 1149 1600 1223 ejus

407 1222 498 1275 bul
528 1220 568 1290 δι’
600 1220 899 1292 principem
1238 1221 1504 1292 diripere,
1520 1220 1620 1273 uisi

407 1291 841 1349 daemoniorum.
1242 1292 1391 1361 prius
1422 1291 1681 1359 alligave-

408 1364 497 1416 25.
528 1361 682 1418 Jesus
709 1376 887 1424 autem
920 1370 1024 1426 sci-
1243 1360 1314 1417 ﬁt
1341 1360 1577 1415 fortem?
1607 1371 1660 1416 el

405 1448 504 1487 ens
532 1435 815 1501 cogitatio-
1241 1441 1368 1486 tunc
1391 1431 1612 1486 domum

410 1519 507 1557 nes
537 1519 747 1571 eorum,
1240 1501 1385 1557 illius
1410 1501 1599 1572 diripi-

407 1573 544 1628 dixit
574 1575 656 1631 eis
689 1595 701 1630 :
735 1577 864 1635 0m-
1239 1572 1331 1628 '50.
1375 1583 1448 1628 et.
1469 1573 1572 1638 Qui
1601 1586 1709 1628 non

411 1661 536 1699 nem
560 1661 785 1715 regnum

408 1716 643 1772 divisum
683 1733 811 1774 con-

411 1799 492 1840 tra
525 1802 605 1851 se,
636 1788 848 1847 desola-

1241 1653 1326 1698 est
1353 1658 1589 1706 mecum,

1240 1725 1429 1795 εοηιτει
1467 1729 1552 1767 me
1582 1724 1666 1769 εει
1695 1732 1712 1767 ,⁸

1241 1794 1299 1840 et
1322 1794 1411 1854 qui
1437 1799 1542 1838 non
1566 1799 1696 1839 con-

410 1857 556 1911 bitur
583 1875 596 1912 :
621 1868 676 1912 et
701 1876 819 1916 om-
1241 1865 1429 1926 gregat
1448 1870 1683 1922 mecum,

412 1930 496 1982 nis
517 1928 740 1998 civitas,
1243 1927 1555 1998 dispargit_.
1602 1966 1617 1981 .
1661 1963 1679 1981 .
1723 1965 1739 1981 .
1782 1965 1799 1984 .
1844 1967 1857 1979 .

413 1999 498 2052 vel
528 1995 832 2057 domus'di-
1241 1995 1347 2053 '51.
1376 1997 1479 2051 deo
1506 1995 1629 2052 dico
1658 2011 1725 2053 vo
1766 2034 1781 2051 .
1828 2035 1840 2049 .
1876 2014 1889 2050 :

412 2069 528 2122 visa
549 2080 740 2126 contra
1242 2067 1416 2123 Omne
1460 2082 1525 2136 pe
1567 2107 1580 2120 .

1246 2147 1360 2192 tum
1387 2146 1443 2192 et
1469 2137 1724 2206 blasphe-

1246 2210 1356 2263 mia
1382 2212 1626 2263 remitte-

1249 2288 1335 2333 tur
1359 2278 1690 2334 hominibus.

1247 2349 1339 2422 32.
1382 2350 1450 2422 Et
1473 2350 1798 2422 quicumque

1248 2421 1449 2475 dixerit
1479 2436 1599 2476 ver-

1249 2493 1378 2545 bum
1408 2500 1596 2545 contra

1251 2561 1419 2616 lilium
1449 2561 1623 2616 homi-

412 2154 497 2202 se,
528 2156 638 2194 non
661 2144 844 2198 stavit.

412 2209 506 2264 26.
545 2211 600 2266 Si
631 2212 860 2271 Satanas
881 2214 980 2272 Sa-

414 2291 576 2336 tanan
608 2283 757 2352 eicit,

414 2354 702 2407 adversum

416 2436 476 2476 se
505 2422 710 2478 divisus
737 2434 822 2480 est
852 2444 865 2477 :

415 2493 689 2560 quomodo
711 2512 802 2550 er-

415 2577 486 2631 go
509 2567 669 2635 stavit
692 2581 813 2635 reg-

420 2648 554 2686 num
577 2634 738 2702 ejus?
762 2633 778 2635 ⁷
1251 2634 1358 2697 nis,
1389 2633 1650 2687 remitter

416 2702 511 2758 27.
553 2704 707 2768 Quod
739 2703 785 2759 si
828 2718 929 2828 ego
980 2704 1036 2759 in
1077 2704 1179 2760 Be-
1252 2711 1341 2756 tur
1369 2702 1418 2755 ei
1449 2719 1462 2754 :
1488 2704 1582 2770 qui
1611 2711 1792 2757 autem

421 2773 635 2828 elzebul
665 2775 804 2828 eicio
835 2775 850 2828 ί
896 2777 914 2828 l
1252 2771 1451 2826 dixerit
1476 2781 1664 2826 contra

421 2773 635 2828 elzebul
665 2775 804 2831 eicio
835 2771 914 2844 (ὖ)
1252 2771 1451 2844 dixerit
1476 2781 1664 2826 contra

417 2844 704 2915 daemonia
732 2845 795 2915 -j-,
829 2842 902 2899 li?
1255 2842 1519 2915 Spiritum,
1551 2851 1820 2908 sanctum,

418 2914 479 2986 lii
499 2916 664 2986 vestri
694 2914 756 2986 in
778 2930 889 2986 quo
1251 2927 1366 2967 non
1383 2914 1630 2986 remitte-

417 2985 661 3040 eiciunt?
692 2982 818 3041 Ideo
1250 2992 1340 3038 tur
1366 2982 1439 3049 ei,
1468 2997 1569 3038 nec
1601 2985 1654 3039 in

419 3054 522 3124 ipsi
543 3055 745 3126 judicis
772 3065 934 3113 erunt
1061 3116 1066 3121 ,
1250 3053 1356 3110 hoc
1381 3053 1632 3122 saeculo,
1657 3069 1755 3110 ue-

850 3169 1080 3227 CODEX
1119 3168 1588 3227 CORBEIENSIS.

423 3260 760 3333 mirabantur
781 3277 970 3317 omnes
999 3262 1204 3329 turbae,
1229 3272 1283 3318 et
1308 3263 1561 3318 dicebant
1599 3280 1612 3317 :
1643 3262 1907 3333 Numquid
1932 3263 2020 3318 hic

426 3341 511 3386 est
532 3332 668 3386 [ilius
687 3333 850 3388 David
865 3334 887 3387 ?
900 3334 1171 3388 Pharisaei
1190 3342 1368 3389 autem
1385 3335 1402 3365 ¹
1418 3334 1700 3389 audientes
1731 3332 1852 3399 hoc,
1869 3334 2022 3389 dixe-

425 3412 580 3474 runt:
606 3402 814 3474 Hicnon
843 3403 988 3472 ejicit
1005 3404 1290 3459 daemonia
1316 3405 1418 3459 nisi
1443 3406 1493 3458 in
1513 3407 1532 3435 ²
1555 3405 1854 3460 Beelzebub
1875 3406 2021 3474 prin-

424 3473 598 3540 cipem
631 3473 1100 3529 daemoniorum.’
1118 3474 1320 3530 Videns
1344 3484 1523 3530 autem
1551 3475 1711 3531 Jesus
1739 3473 2019 3546 cogitatio-

423 3557 521 3597 nes
571 3558 790 3610 eorum,
845 3547 987 3599 dixit
1016 3546 1082 3599 ἰε
1123 3546 1296 3600 Omne
1339 3561 1563 3615 regnum
1604 3546 1840 3601 divisum
1872 3548 1892 3578 ⁸
1921 3548 2015 3600 ad—

422 3629 637 3668 versum
670 3629 754 3676 se.
777 3616 1105 3671 destituetur
1137 3634 1150 3670 :
1184 3627 1237 3670 et
1264 3619 1440 3671 omnis
1466 3619 1675 3683 civitas,
1707 3617 1791 3672 vel
1823 3618 2015 3672 dotnus

422 3683 941 3757 divisa‘adversum
973 3702 1052 3748 se,
1079 3702 1184 3740 non
1231 3688 1412 3741 stabit.
1438 3689 1457 3718 "
1512 3689 1568 3743 Si
1605 3703 1734 3757 ergo
1787 3688 2014 3744 Satanas

424 3753 681 3827 Satanam
703 3756 882 3823 ejicit,
912 3757 1200 3811 adversum
1230 3772 1290 3811 se
1317 3758 1523 3812 divisus
1564 3753 1693 3812 est':
1743 3761 2016 3827 quomodo

425 3838 560 3897 ergo
582 3825 744 3897 stabit
767 3842 986 3896 regnum
1016 3827 1174 3895 ejus?
1203 3827 1361 3894 Quod
1384 3831 1428 3881 si
1451 3843 1552 3897 ego
1581 3830 1632 3882 in
1660 3830 1680 3859 ⁸
1705 3825 2014 3884 Beelzebub

427 3894 590 3967 ejicio
634 3894 918 3967 daemonia
947 3937 962 3962 ,
1025 3894 1120 3951 ﬁlii
1161 3899 1328 3952 vestri
1373 3899 1427 3952 in
1457 3894 1586 3965 .quo
1626 3901 1646 3931 ο
1670 3899 1888 3967 ejicient
1919 3899 1942 3951 i
1971 3900 2013 3930 ¹⁰

423 3963 662 4038 [deoque
696 3965 909 4035 judices
933 3978 1095 4023 erunt
1145 3969 1332 4023 vestri.
1385 3969 1441 4022 Si
1488 3963 1667 4022 autem
1699 3963 1775 4022 'in
1823 3970 2012 4038 Spiritu

428 4033 526 4089 Dei
564 4051 664 4104 ego
692 4033 850 4106 ejicio
894 4039 1202 4102 daemonia,
1257 4040 1439 4107 utique
1484 4033 1937 4108 adpropinquavit
1969 4041 2009 4072 “

425 4120 593 4180 super
620 4122 715 4180 vos
739 4123 963 4180 regnum
993 4109 1226 4180 Dei.Aut
1247 4110 1519 4177 quomodo
1548 4119 1724 4179 potest
1748 4112 1789 4142 ¹²
1821 4111 2014 4180 aliquis

426 4176 655 4249 introire
680 4179 732 4231 in
751 4176 982 4249 domum
1016 4179 1192 4245 fortis,
1223 4176 1279 4234 et
1303 4194 1428 4233 vasa
1459 4176 1576 4248 ejus
1603 4181 1875 4249 diripere,
1912 4176 2013 4236 nisi

425 4247 576 4326 prius
605 4248 652 4326 ᾖ
670 4247 974 4326 alligaverit
1029 4250 1204 4318 ipsum
1257 4249 1491 4305 fortem?
1518 4261 1598 4326 _et
1639 4247 1752 4326 tum
1791 4252 2011 4306 domum

425 4316 574 4369 illius
602 4316 836 4387 diripiet.
866 4321 966 4386 Qui
993 4316 1101 4375 non
1133 4331 1218 4375 est
1255 4335 1487 4389 mecum,
1515 4321 1559 4352 “
1587 4322 1873 4376 adversum
1927 4339 2014 4377 me

427 4397 512 4467 est
545 4390 750 4467 :et‘qui
781 4405 888 4467 non
913 4402 1205 4462 congregat
1228 4407 1438 4467 mecum
1466 4433 1480 4456 ,
1515 4392 1559 4467 “f
1611 4395 1833 4467 spargit.
1888 4392 2013 4448 [deo

427 4458 552 4510 dico
574 4457 730 4532 vobis
760 4476 784 4532 :7
802 4461 975 4532 Omne
1003 4457 1279 4531 peccatum
1311 4472 1367 4517 et
1390 4457 1728 4532 blasphemia
1741 4457 1801 4495 ’¹⁶
1828 4468 2014 4518 remit-

426 4535 616 4602 tuntur
644 4529 983 4602 hominibus;
1005 4529 1108 4600 qui
1136 4541 1315 4588 autem
1352 4534 1403 4588 in
1431 4529 1691 4602 Spiritum
1747 4535 1837 4590 Dei
1902 4536 2014 4589 bla-

422 4597 790 4675 sphemaverit
805 4615 909 4653 non
928 4597 1222 4675 remittitur
1238 4606 1309 4659 ei.
1330 4602 1398 4658 Et
1417 4597 1785 4675 quiquumque
1813 4605 2012 4660 dixerit

425 4669 649 4741 verbum
679 4669 940 4725 adversus
984 4673 1151 4727 lilium
1200 4669 1477 4741 hominis',
1529 4669 1837 4730 remittetur
1889 4677 2008 4731 illi:

426 4740 518 4806 qui
549 4750 726 4814 autem
757 4741 956 4814 dixerit
982 4751 1168 4797 contra
1198 4740 1469 4814 Spiritum
1500 4758 1777 4813 sanctum,
1827 4762 1934 4801 non
1969 4748 2009 4778 ⁸⁷

427 4811 722 4868 remittitur
741 4813 813 4882 ei,
843 4828 1019 4885 neque
1046 4814 1101 4868 in
1133 4811 1503 4879 hoc—saeculo,
1523 4832 1617 4871 ne-

2092 441 2323 497 audiret.

2092 513 2183 569 23.
2228 513 2292 567 Et
2317 514 2608 584 stupebant

2093 598 2286 638 omnes
2309 585 2518 652 turbae,

2096 665 2151 707 et
2178 654 2432 709 dicebant
2459 675 2471 708 :

2094 724 2360 793 Numquid
2401 726 2491 781 hic

2096 805 2180 850 est
2207 795 2349 850 ﬁlius

2098 865 2262 920 David
2287 867 2311 918 ἲ

2093 937 2185 991 24.
2219 934 2493 990 Pharisaei

2097 1019 2276 1061 autem
2303 1006 2524 1061 audien-

2100 1089 2202 1144 tes,
2234 1078 2483 1132 dixerunt
2508 1095 2520 1130 :

2098 1149 2198 1202 llic
2215 1163 2322 1202 non
2350 1149 2426 1202 ei-

2097 1220 2174 1274 cit
2202 1219 2492 1273 daemones

2100 1291 2202 1343 nisi
2234 1290 2284 1360 in
2319 1287 2399 1360 (a)
2423 1289 2608 1345 Belze-

2101 1360 2190 1413 hul
2221 1359 2262 1429 οξ·
2292 1359 2587 1428 principem

2101 1432 2530 1486 daemoniorum.

2098 1500 2189 1556 25.
2222 1500 2379 1556 Jesus
2408 1510 2586 1556 autent

2100 1572 2281 1626 sciens
2309 1572 2596 1640 cogitatio-

2104 1657 2200 1697 nes
2226 1657 2435 1706 eorum,
2465 1643 2602 1698 dixit

2104 1715 2184 1768 eis
2209 1731 2223 1769 :
2252 1712 2427 1767 Omne
2448 1729 2670 1784 regnum

2105 1784 2335 1838 divisum
2365 1793 2553 1838 contra

2101 1870 2181 1920 se,
2205 1853 2571 1935 desolabitur:

2099 1936 2156 1980 et
2177 1926 2354 1978 omnis
2381 1926 2516 1978 civi-

2103 2007 2207 2058 tas,
2231 1997 2315 2049 vel
2344 1995 2536 2051 domus

2101 2066 2271 2121 divisa
2294 2076 2483 2120 contra

2103 2151 2182 2202 se,
2213 2151 2317 2190 non
2337 2137 2519 2192 stabit.

2102 2206 2195 2261 26.
2239 2206 2294 2261 Si
2325 2206 2468 2261 enim
2494 2206 2595 2263 Sa-

2103 2287 2257 2332 tanas
2280 2277 2513 2333 Satanan

2104 2348 2250 2412 eicit,
2276 2348 2535 2405 adversus

2106 2433 2167 2473 se
2187 2419 2392 2473 divisus
2419 2430 2531 2475 cst:

2105 2489 2380 2560 quomodo
2409 2504 2540 2560 ergo

2105 2561 2271 2615 Stabit
2299 2575 2522 2628 regnum

2104 2628 2197 2684 27.
2241 2631 2394 2699 ejus?
2418 2631 2572 2697 Quod

2107 2702 2154 2756 si
2178 2717 2278 2770 ego
2309 2703 2362 2755 in
2397 2701 2514 2756 Bel-

2107 2771 2264 2825 zebul
2292 2771 2428 2826 eicio
2445 2772 2527 2842 (ὁ)

2109 2842 2396 2896 daemonia
2426 2841 2468 2912 ἰ·
2498 2841 2514 2910 ,

2109 2912 2186 2968 ﬁli
2217 2914 2382 2966 vestri
2409 2912 2461 2966 in
2489 2925 2597 2982 quo

2110 2983 2345 3039 eiciunt?
2375 2983 2503 3038 ldeo

2113 3054 2215 3124 ipsi
2243 3053 2454 3125 judices

2919 451 3082 498 erunt
3106 445 3294 499 vestri.

2918 515 3008 569 28.
3052 514 3112 569 Si
3136 526 3314 569 autem
3338 515 3392 570 in

2921 584 3116 654 spiritu
3139 584 3231 641 Dei

2921 655 3059 710 eicio
3083 655 3392 722 daemonia,

2922 726 3106 795 utique
3129 727 3453 796 adpripiavit

2921 796 2975 851 in
3001 811 3096 850 vos
3118 813 3343 866 regnum
3368 799 3483 854 Dei.

2919 867 3010 922 29.
3054 870 3159 922 Aut
3180 869 3453 936 quomodo

2923 947 3101 1007 potest
3126 941 3246 1008 quis
3273 940 3356 993 in-

2925 1019 3069 1062 trare
3100 1009 3150 1062 in
3174 1010 3395 1064 domum

2923 1079 3098 1142 tortis,
3131 1089 3188 1135 et
3218 1095 3348 1134 vasa

2922 1150 3041 1215 ejus
3065 1151 3323 1221 diripere.

2922 1221 3025 1274 nisi
3052 1222 3200 1289 prius
3223 1223 3400 1287 ipsum

2924 1291 3226 1360 alligaberit
3251 1292 3362 1346 for-

2930 1363 3082 1416 tem?
3111 1372 3166 1417 et
3194 1371 3320 1416 tunc

2933 1431 3152 1487 domum
3181 1434 3323 1488 illius
3344 1431 3582 1500 diripiet.

2930 1504 3024 1559 50.
3062 1503 3163 1571 Qui
3195 1519 3302 1559 non
3326 1514 3409 1558 est
3435 1517 3550 1558 me-

2932 1589 3078 1640 cum,
3110 1583 3299 1629 contra
3327 1589 3415 1629 me

2935 1655 3017 1698 est
3039 1661 3055 1698 :
3077 1654 3132 1699 et
3151 1645 3243 1715 qui
3273 1660 3380 1700 non

2941 1726 3236 1785 congregat
3265 1729 3476 1771 mecum

2944 1785 3225 1858 dispargit-

2939 1857 3027 1911 5l.
3070 1856 3197 1912 Ideo
3226 1857 3349 1912 dico
3371 1856 3558 1912 vobis:

2939 1927 3114 1982 Omne
3141 1939 3420 1998 peccatum

2940 2009 2996 2053 et
3023 1997 3356 2067 blasphemia
3387 2013 3473 2054 re-

2941 2070 3184 2124 mittetur
3215 2069 3445 2124 homini-

2939 2139 3072 2210 bus;
3097 2140 3186 2210 qui
3215 2149 3396 2194 autem

2942 2210 2995 2265 in
3027 2209 3291 2278 Spiritum
3319 2225 3449 2264 san-

2940 2290 3086 2334 ctum
3109 2280 3457 2350 blasphema-

2939 2351 3083 2406 berit
3115 2366 3218 2405 non
3249 2351 3442 2404 remit-

2942 2429 3086 2492 tetur
3115 2422 3190 2475 illi
3213 2429 3522 2492 peccatum.

2940 2491 3030 2546 52.
3071 2492 3137 2545 Et
3161 2491 3489 2562 quicumque

2942 2562 3140 2616 dixerit
3167 2562 3394 2616 verbum

2943 2640 3132 2688 contra
3165 2632 3331 2686 lilium
3361 2631 3462 2684 ho-

2944 2703 3134 2769 minis,
3166 2703 3473 2758 remittetur

2945 2775 3028 2828 ei:
3063 2773 3156 2843 qui
3185 2783 3366 2828 autem
3388 2771 3475 2843 di-

2945 2841 3096 2898 xerit
3113 2855 3301 2899 contra
3319 2841 3491 2911 Spiri-

2949 2924 3062 2968 tum
3086 2925 3361 2978 sanctum,
3391 2926 3498 2967 non

2950 2985 3258 3040 remittetur
3280 2987 3352 3047 ei,
3372 2998 3466 3037 nec

2950 3070 3056 3125 que
3084 3056 3138 3111 in
3165 3055 3268 3112 hoc
3298 3054 3535 3120 saeculo,

2589 3167 2820 3224 CODEX
2850 3168 3248 3227 BRlXIANUS.

2197 3260 2266 3316 Et
2294 3261 2582 3330 stupebant
2605 3275 2797 3332 omnes
2849 3261 3038 3317 turbae
3059 3271 3114 3318 et
3142 3262 3414 3318 dicebant.
3445 3261 3713 3332 Numquid

2126 3331 2216 3387 llic
2241 3341 2324 3386 est
2345 3332 2484 3386 ﬁlius
2509 3331 2703 3386 David.

2197 3403 2473 3458 Pharisaei
2500 3413 2677 3457 autem
2699 3402 3006 3458 audientes.
3040 3405 3311 3459 dixerunt.
3337 3403 3434 3458 Hic
3454 3420 3560 3458 non
3589 3402 3717 3458 eicit

2122 3473 2426 3529 daemonia.
2468 3475 2569 3528 nisi
2610 3475 2663 3527 in
2706 3474 3011 3530 Beelzebul.
3053 3476 3354 3544 principem
3397 3474 3716 3530 daemonio-

2126 3561 2265 3599 rum.
2317 3544 2474 3600 Jesus
2534 3552 2716 3599 autem
2807 3546 2985 3599 sciens
3073 3546 3428 3614 cogitationes
3500 3560 3710 3600 eorum.

2117 3616 2254 3671 dixit
2324 3617 2402 3670 eis
2471 3615 2644 3670 Omne
2715 3630 2937 3684 regnum
2988 3616 3219 3670 divisum
3289 3617 3572 3671 adversum
3623 3631 3714 3668 se-

2117 3689 2316 3754 ipsum.
2387 3686 2742 3741 desolabitur.
2801 3695 2856 3740 et
2908 3688 3084 3740 omnis
3137 3689 3328 3741 civitas
3391 3688 3474 3741 vel
3522 3687 3718 3740 domus

2116 3756 2286 3811 divisa
2339 3757 2597 3810 adversus
2645 3772 2723 3809 se.
2775 3771 2879 3810 non
2922 3758 3106 3812 stabit.
3161 3759 3226 3812 Et
3267 3759 3313 3811 si
3363 3757 3594 3811 Satanas
3619 3757 3717 3810 Sa-

2119 3837 2280 3881 tanan
2325 3829 2477 3882 eicit.
2526 3827 2784 3880 adversus
2815 3830 3167 3896 semetipsum
3217 3829 3424 3882 divisus
3453 3838 3538 3882 est
3581 3843 3714 3896 quo-

2118 3899 2280 3953 modo
2302 3912 2430 3968 ergo
2460 3897 2626 3951 stabit
2656 3911 2878 3966 regnum
2907 3898 3043 3964 ejus.
3072 3899 3224 3965 Quod
3255 3900 3302 3952 si
3339 3913 3440 3968 ego
3472 3900 3523 3952 in
3557 3898 3708 3952 Beel-

2117 3969 2269 4023 zebul
2293 3970 2430 4023 eicio
2464 3968 2538 4038 (b)
2566 3967 2867 4022 daemonia.
2889 3968 2931 4038 -ι-
2956 3969 3053 4022 lilii
3079 3970 3242 4024 vestri
3285 3971 3336 4022 in
3378 3967 3484 4038 quo
3514 3971 3718 4023 eiciunt

2117 4039 2263 4093 Ideo.
2290 4040 2390 4108 ipsi
2417 4039 2631 4106 judices
2666 4048 2825 4093 erunt
2851 4042 3035 4094 vestri.
3067 4040 3123 4094 Si
3170 4051 3348 4095 autem
3381 4055 3480 4109 ego
3523 4044 3573 4093 in
3604 4041 3721 4107 spi-

2117 4112 2222 4164 ritu
2266 4111 2358 4164 Dei
2389 4112 2526 4180 eicio
2552 4109 2854 4163 daemonia.
2889 4112 3074 4179 utique
3108 4112 3384 4180 praevenit
3413 4113 3462 4163 in
3507 4126 3600 4163 vos
3629 4125 3718 4164 re—

2115 4196 2281 4251 gnum
2306 4181 2444 4251 Dei.
2489 4179 2596 4233 Aut
2625 4181 2895 4251 quomodo
2926 4179 3124 4251 potest.
3167 4182 3287 4248 quis
3311 4183 3512 4235 intrare
3541 4183 3592 4233 in
3621 4181 3718 4233 do-

2118 4249 2262 4305 mum
2296 4249 2449 4304 fortis
2476 4259 2533 4304 et
2557 4250 2815 4319 vasaejus
2848 4250 3106 4319 diripere.
3129 4252 3229 4305 nisi
3247 4253 3393 4320 prius
3420 4253 3720 4321 alligaverit

2118 4321 2312 4376 fortem
2342 4329 2398 4375 et
2428 4331 2553 4375 tunc
2585 4323 2803 4374 doinqu
2831 4321 2950 4389 ejus
2973 4322 3193 4391 diripiet
3221 4324 3322 4388 Qui
3355 4336 3458 4376 non
3490 4332 3572 4376 est
3604 4338 3717 4376 me-

2117 4407 2261 4446 cum.
2305 4404 2492 4445 contra
2546 4407 2632 4445 me
2679 4401 2781 4446 est.
2815 4402 2869 4445 et
2916 4393 3005 4461 qui
3040 4409 3145 4446 non
3185 4402 3476 4462 congregat
3506 4407 3720 4447 mecum

2117 4465 2340 4532 spargit.
2368 4463 2494 4516 Ideo
2526 4463 2646 4515 dico
2678 4461 2830 4515 vobis
2860 4462 3034 4517 Omne
3067 4461 3345 4530 peccatum
3377 4461 3431 4516 et
3463 4463 3724 4531 blasphe-

2118 4535 2247 4587 mia.
2285 4533 2593 4587 remittetur
2621 4532 2951 4586 hominihus.
2987 4534 3219 4602 Spiritus
3251 4542 3430 4587 autem
3464 4534 3723 4602 blasphe—

2119 4604 2221 4658 mia
2249 4619 2354 4658 non
2390 4604 2699 4657 remittetur
2719 4602 3048 4657 hominibus.
3084 4605 3146 4657 Et
3174 4603 3498 4673 quicumque
3524 4604 3727 4658 dixerit

2118 4675 2339 4728 verbum
2363 4673 2623 4728 adversus
2646 4672 2815 4727 lilium
2849 4673 3109 4728 hominis.
3149 4672 3458 4729 remittetur
3505 4676 3576 4729 ei.
3626 4675 3722 4742 qui

2117 4757 2296 4799 autem
2328 4744 2526 4799 dixerit
2556 4744 2819 4798 adversus
2860 4744 3122 4813 Spiritum
3171 4756 3439 4802 sanetum.
3488 4760 3594 4801 non
3636 4760 3726 4800 re-

2118 4818 2361 4871 mittetur
2389 4815 2462 4872 ei.
2495 4827 2670 4884 neque
2701 4815 2752 4866 in
2786 4814 2890 4870 hoc
2928 4815 3150 4871 sacculo

1106 4905 1503 4964 VARIANTES
1541 4906 1930 4964 LECTlONES
1966 4905 2230 4964 CODlCIS
2271 4907 2384 4963 MS.
2426 4905 2484 4962 S.
2526 4904 3044 4963 GERMANENSIS.

489 4996 508 5026 ι
545 4993 821 5050 audientes.
843 4997 1079 5050 dixerunt
1103 5015 1112 5048 :

488 5059 512 5090 ι
547 5037 823 5107 ῐὲἑῖὶέιῖὖί

485 5125 511 5156 ι
540 5116 715 5167 Sciens

483 5185 510 5217 δ
544 5181 656 5229 eis:

485 5249 509 5279 ο
540 5247 709 5293 contra
731 5253 788 5292 se
812 5241 1114 5293 desolabitur
1140 5258 1151 5293 :

483 5308 506 5338 °
538 5311 707 5355 contra

482 5371 502 5400 ⁷
542 5365 594 5414 Si
618 5366 752 5414 enim

482 5432 505 5462 ο
537 5425 803 5477 Beelzebul

478 5494 502 5524 ο
537 5488 770 5551 ejiciunt?

2192 5000 2236 5070 ἓξ
2271 4997 2544 5070 Ιειεοίρδί.,
2579 5059 2588 5069 .
2712 5058 2758 5070 ..

2191 5062 2234 5091 ιι
2256 5058 2554 5132 adproPiavit
2575 5059 2627 5107 in
2651 5058 2788 5109 vobis

2190 5121 2235 5152 ¹²
2269 5133 2381 5169 ants
2405 5125 2592 5169 intrare

2191 5134 2235 5152 ¹¹¹
2269 5134 2381 5182 quts
2405 5134 2592 5169 inu'are

2190 5182 2236 5214 ⁸³
2267 5182 2544 5243 alligaverit
2564 5181 2774 5233 fortem?

2187 5244 2233 5274 “
2265 5251 2433 5294 contra

2183 5306 2229 5369 ‘P
2262 5306 2522 5369 dispargit.

2181 5368 2228 5399 ιθ
2261 5363 2579 5418 remittuntur
2593 5364 2886 5418 hominibus.
2906 5363 2968 5416 Et
2988 5364 3286 5429 quicumque
3303 5365 3489 5417 dixerit
3511 5366 3722 5418 verbum

2117 5438 2284 5480 contra

2179 5493 2222 5524 ⁸⁷
2259 5491 2542 5542 remittetur

1756 5595 2124 5650 BLANCHINI
2162 5595 2396 5650 NOTIE.

483 5691 560 5761 (a)
585 5690 787 5746 Textus
808 5689 1030 5748 Graecus
1057 5690 1434 5762 Βιελζεϐούλ,υι
1457 5688 1630 5748 codex
1648 5593 2014 5757 Vergellﬁgitl:

2162 5595 2396 5654 NOTJE.

2141 5706 2246 5747 non
2271 5691 2506 5762 geminat
2521 5687 2720 5760 e.-—(b)
2744 5687 2818 5744 Ita
2839 5695 2896 5744 et
2919 5694 3102 5746 textus
3116 5685 3431 5759 Graecus,r&
3458 5684 3714 5761 δαιμόνια.
