4048 6188
282 324 394 380 217

1261 320 1711 379 EVANGELIUM
1750 317 2122 377 SECUNDUM
2162 319 2597 379 MATTHEUM.

671 435 901 493 CODEX
953 436 1499 495 VERCELLENSIS.

280 548 393 602 qne
426 533 484 588 in
513 531 710 587 futuro.

282 601 383 661 33.
428 607 539 659 Aut
567 604 720 658 facite
752 642 766 655 .
804 641 818 655 .
857 643 869 657 .
895 601 993 658 bo-

290 716 306 729 .
352 713 367 728 .
404 690 502 728 .m
537 675 762 740 bonam,

284 755 349 800 et
378 744 581 800 fructus
602 744 717 813 ejus

280 817 463 874 bonos
492 835 503 868 :
536 824 629 870 aut
654 814 786 870 faci-

284 899 344 942 le
372 887 625 942 arborem
655 902 771 941 ma-

283 958 421 1022 lam,
457 968 512 1012 et
539 957 748 1011 fructus

286 1029 409 1099 ejus
438 1029 648 1083 malos:
678 1044 747 1085 ex

290 1100 467 1155 fructu
512 1102 659 1154 enim

287 1172 456 1225 arbor
471 1184 699 1241 cognos-

289 1251 468 1296 cetur.

289 1313 389 1368 54.
433 1312 720 1383 Progenies
759 1313 909 1383 vipe-

290 1399 497 1446 rarum,
524 1399 755 1452 quomo-

292 1455 367 1509 do
395 1456 617 1524 potestis
645 1455 742 1509 ho-

293 1540 363 1579 na
387 1525 552 1594 loqui,
572 1540 696 1579 cum

295 1597 415 1650 sitis
438 1596 601 1649 mali?
632 1596 710 1651 Ex
737 1612 794 1652 a—

290 1666 587 1721 bundantia

290 1738 439 1793 enim
468 1736 650 1791 cordis

289 1824 357 1863 os
384 1809 640 1878 loquitur.

289 1880 389 1935 35.
431 1879 612 1933 Bonus
633 1879 795 1935 homo

291 1949 367 2005 de
394 1950 539 2005 bono
573 1950 725 2003 then-

291 2035 457 2075 sauro
478 2022 614 2075 bona
649 2037 771 2088 pro-

292 2090 433 2146 feret
467 2110 479 2144 :
510 2102 565 2147 et
595 2094 770 2148 malus

294 2162 462 2217 homo
480 2161 548 2217 de
576 2163 716 2216 malo

295 2232 595 2288 thensauro

295 2305 439 2375 mala
466 2302 694 2375 profert.

292 2373 390 2428 56.
434 2373 564 2429 Dico
589 2382 769 2430 autem
796 2389 890 2429 vo-

295 2444 405 2511 bis,
433 2446 689 2515 quoniam

292 2530 460 2570 omne
474 2517 695 2571 verbum

294 2590 554 2651 Otiosum,
582 2588 726 2655 quod

1122 532 1485 589 demnabitur.

1122 603 1213 659 38.
1252 603 1406 658 Tunc
1443 598 1739 670 responde-

1124 682 1251 728 runt
1279 674 1326 728 ei
1348 671 1565 743 quidam

1124 745 1454 805 Scribarum.

1124 825 1179 871 et
1204 815 1644 880 Pharisaeorum,

1125 886 1368 941 dicentes
1394 904 1407 939 :
1443 886 1555 939 Ma-

1125 958 1311 1029 gister,
1341 956 1493 1037 volu-

1128 1044 1245 1083 mus
1272 1037 1377 1082 ate
1402 1040 1615 1097 Signum

1128 1101 1823 1154 59.........au-

1128 1180 1236 1225 tem
1262 1184 1483 1238 respon-

1128 1241 1263 1296 dens
1290 1241 1363 1295 ait
1395 1240 1499 1294 illis
1522 1256 1536 1291 :

1129 1311 1417 1367 Generatio
1447 1324 1559 1364 ma-

1129 1382 1178 1436 la
1202 1391 1257 1437 et
1285 1381 1525 1435 adultera
1552 1380 1659 1450 sig-

1129 1469 1258 1508 nttm
1284 1452 1496 1522 quaerit
1519 1468 1533 1505 :
1566 1461 1622 1506 et

1127 1525 1339 1593 signum
1365 1537 1471 1577 non

1128 1594 1345 1649 dabitur
1365 1594 1435 1658 ei,
1466 1593 1550 1647 ni-

1128 1667 1174 1721 si
1197 1666 1407 1735 signum
1427 1663 1518 1718 Jo-

1131 1752 1231 1791 nae
1262 1735 1565 1805 Pmphetze.

1132 1810 1223 1864 ἆυ.
1263 1806 1413 1861 Sicut
1440 1808 1583 1861 enim
1609 1806 1689 1861 fu-

1131 1878 1171 1932 it
1198 1877 1364 1933 Jonas
1395 1877 1447 1930 in
1472 1892 1603 1932 ven-

1131 1957 1211 2003 tre
1232 1950 1335 2003 ceti
1360 1948 1532 2002 tribus

1128 2018 1343 2084 diebus;
1368 2027 1424 2073 et
1453 2019 1621 2074 tribus

1131 2090 1413 2144 noctibus:
1458 2091 1527 2143 ita

1129 2163 1232 2232 erit
1264 2159 1340 2232 (α)
1378 2169 1432 2214 et
1456 2160 1497 2232 -ι-
1526 2160 1694 2215 Filius

1130 2231 1366 2287 hominis
1398 2233 1447 2285 in
1474 2231 1602 2287 ’cor-

1129 2302 1199 2357 de
1224 2309 1403 2356 terrae
1428 2305 1522 2357 tri-

1130 2374 1231 2428 bus
1253 2374 1463 2439 diebus,
1495 2383 1551 2429 et

1131 2445 1303 2501 tribus
1334 2445 1509 2499 nocti-

1128 2512 1219 2568 41.
1264 2516 1385 2569 bus.
1426 2515 1534 2570 Viri
1564 2515 1658 2571 Ni-

1129 2587 1343 2641 nevitac
1371 2602 1551 2640 resur—

2415 436 2649 494 CODEX
2690 437 3147 497 VERONENSIS.

1987 544 2167 600 neque
2189 530 2242 584 in
2274 530 2475 587 futuro.

1987 602 2076 658 55.
2118 602 2226 656 Aut
2239 601 2396 658 facile

1986 673 2236 727 arborem
2265 672 2482 739 bonam,

1988 754 2043 798 et
2068 743 2299 798 fructum
2328 743 2447 814 ejus

1988 816 2189 869 bonum
2216 835 2228 868 :
2254 825 2345 868 aut
2367 814 2445 869 fa-

1989 886 2096 940 cite
2126 887 2375 941 arborem
2404 900 2520 941 ma-

1990 957 2094 1011 lam
2120 997 2135 1023 ,
2166 968 2220 1011 et
2248 957 2479 1011 fructum

1989 1028 2106 1097 ejus
2135 1028 2331 1081 malum
2361 1047 2374 1082 :
2407 1043 2531 1083 nam

1991 1113 2055 1153 ex
2088 1097 2266 1152 fructu
2296 1099 2458 1155 arbor

1991 1170 2359 1239 cognoscitur.

1990 1241 2078 1295 3i.
2099 1240 2392 1311 Progenies
2422 1241 2573 1310 vipe-

1991 1327 2171 1366 rarum
2195 1353 2209 1377 ,
2245 1313 2516 1380 quomodo

2030 1385 2219 1437 otestis
2249 1383 2387 1437 bona

2015 1454 2137 1523 oqui
2167 1496 2181 1517 ,
2210 1469 2331 1508 cum
2362 1455 2479 1510 sitis

1993 1524 2163 1578 mali?
2190 1525 2275 1579 Ex
2308 1525 2480 1580 abun-

1992 1595 2173 1651 dantia
2205 1596 2347 1650 enim
2376 1612 2497 1651 cor—

1991 1665 2076 1720 dis
2106 1682 2168 1720 os
2195 1668 2451 1735 loquitur.

1991 1737 2083 1793 35.
2117 1738 2298 1792 Bonus
2323 1740 2465 1793 enim
2495 1738 2589 1794 lto-

1992 1823 2081 1863 mo
2102 1808 2170 1863 de
2194 1810 2335 1863 bono

1994 1879 2287 1933 thensauro
2317 1880 2520 1949 profert

1995 1951 2136 2005 bona
2168 1968 2181 2004 :
2206 1960 2261 2005 et
2290 1953 2459 2006 malus

1992 2020 2159 2076 homo
2189 2022 2257 2076 de
2287 2024 2432 2076 malo

1994 2094 2287 2147 thensauro
2309 2093 2517 2164 profert

1994 2165 2156 2218 mala.

1991 2234 2083 2288 56.
2126 2238 2296 2290 Amen
2325 2236 2447 2292 dico
2478 2250 2575 2293 vo-

1994 2306 2078 2361 bis
2096 2349 2110 2368 ,
2139 2306 2393 2377 quoniam

1993 2391 2153 2433 omne
2182 2378 2403 2432 verbum

1994 2450 2228 2503 otiosum
2251 2488 2267 2516 ,
2301 2449 2443 2517 quod

1994 2520 2156 2574 loculi
2188 2518 2392 2572 fuerint

1997 2589 2245 2643 homines
2270 2629 2284 2652 ,
2317 2587 2549 2644 reddent

2821 536 2889 590 de
2908 536 3113 590 Scribis
3136 576 3152 601 ,
3177 544 3232 590 et

2821 604 3117 673 Farisa'eis,

2821 677 3065 731 dicentes
3089 693 3103 731 :

2818 747 3090 819 Magister,
3114 761 3209 803 vo-

2818 817 2996 872 lumus
3018 818 3218 889 aliquid

2819 904 2847 943 a
2883 898 2934 944 te
2964 889 3177 959 signum

2819 960 3021 1015 videre.

2817 1030 2908 1086 59.
2948 1029 3105 1085 Jesus
3132 1039 3311 1087 autem

2816 1101 3153 1171 respondens
3181 1104 3255 1158 ait

2820 1173 2926 1227 illis
2960 1190 2973 1226 :
3004 1172 3300 1229 Generatio

2820 1244 2965 1298 mala
3000 1254 3053 1298 et
3083 1244 3325 1299 adultera

2823 1316 3034 1384 signum
3062 1316 3278 1385 quaerit
3313 1336 3327 1371 :

2822 1395 2878 1440 et
2905 1388 3118 1453 signum
3148 1401 3254 1441 non

2820 1457 3035 1510 dabitur
3064 1456 3116 1511 ei
3138 1498 3153 1521 ,
3187 1458 3288 1513 nisi

2820 1529 3031 1596 signum
3054 1527 3224 1582 Jonae

2818 1598 3144 1667 l’ropltetae.

2818 1668 2906 1722 40.
2950 1670 3100 1724 Sicut
3119 1671 3263 1726 enim

2817 1737 2917 1793 fuit
2938 1738 3108 1796 Jonas

2818 1810 2873 1865 in
2897 1821 3084 1867 ventre

2818 1883 2923 1937 ceti
2952 1883 3124 1939 tribus

2820 1953 3010 2007 diebus
3031 1996 3045 2019 ,
3073 1966 3132 2010 et

2822 2024 2997 2078 tribus
3028 2028 3204 2081 nocti-

2822 2094 2958 2170 bus:
2976 2096 3073 2170 sic
3089 2100 3193 2153 erit
3214 2097 3291 2170 (a)

2824 2174 2877 2220 et
2907 2166 2947 2237 -ι-
2976 2165 3144 2223 Filius

2827 2237 3065 2292 hominis
3087 2240 3141 2294 in

2826 2308 2992 2363 corde
3013 2319 3191 2365 terrae

2830 2380 3006 2433 lribus
3032 2379 3222 2435 diebus

2828 2457 2883 2517 et
2905 2449 3077 2503 tribus
3101 2450 3273 2505 nocti-

2825 2519 2950 2573 bus.

2824 2589 2914 2643 M.
2950 2591 3059 2645 Viri
3084 2591 3366 2648 Ninevitae

3468 317 3578 373 218

296 2658 460 2712 locuti
489 2658 689 2712 fuerint

296 2727 582 2792 homines,
607 2728 733 2782 red-

294 2799 425 2853 dent
456 2798 529 2853 de
550 2813 621 2853 eo
650 2814 739 2853 ra-

296 2869 500 2924 tionem
526 2870 582 2923 in
605 2869 694 2923 die

294 2942 385 3021 37:
423 2940 636 3023 judicii.
669 2939 845 2996 Unus-

294 3026 524 3081 quisque
548 3026 693 3066 etum

296 3097 363 3136 ex
394 3081 580 3135 verbis
608 3096 697 3136 su-

296 3154 345 3206 is
369 3151 679 3221 jnstiﬁcabi-

295 3232 405 3291 tur,
438 3233 530 3278 aut
554 3238 683 3279 con-

1129 2665 1263 2725 gent
1283 2658 1335 2710 in
1366 2656 1512 2724 judi-

1130 2729 1216 2781 cio
1238 2743 1357 2783 cum
1389 2742 1552 2797 gene-

1130 2798 1341 2853 ratione
1369 2798 1469 2852 ista
1496 2839 1511 2866 ,

1129 2878 1183 2923 et
1208 2868 1468 2923 condem-

1132 2940 1337 2995 nabunt
1362 2955 1481 2995 eam
1513 2960 1525 2996 :

1130 3011 1253 3081 quia
1287 3013 1570 3080 paeniten—

1132 3085 1259 3136 tiam
1291 3094 1519 3152 egerunt

1132 3152 1185 3207 in
1220 3153 1495 3222 praedica-

1132 3224 1278 3279 tione
1300 3224 1473 3280 Jonas.

719 3339 949 3397 CODEX
989 3339 1463 3397 CORBEIENSIS.

292 3450 402 3506 que
452 3435 507 3489 in
556 3434 755 3491 futuro.
805 3438 911 3491 Aut
964 3434 1121 3491 facite
1198 3437 1447 3491 arborem
1539 3436 1758 3499 bonam,
1836 3445 1891 3491 et

292 3508 533 3561 fructum
587 3507 702 3576 ejus
747 3508 947 3562 bonum
995 3525 1007 3559 :
1066 3514 1160 3561 aut
1189 3507 1346 3562 facite
1374 3508 1625 3561 arborem
1668 3507 1889 3572 malam,

294 3587 355 3631 et
380 3577 606 3631 fructum
631 3577 751 3648 ejus
796 3579 995 3632 malmn
1024 3595 1037 3631 :
1069 3594 1134 3633 ex
1163 3577 1336 3631 fructu
1370 3580 1385 3608 ί
1415 3580 1559 3632 enim
1600 3578 1775 3631 onmis
1803 3593 1892 3632 ar-

293 3648 400 3703 bor
427 3650 757 3715 agnascitur.
808 3650 1101 3718 Progenies
1131 3649 1460 3716 viperarum,
1494 3648 1768 3717 quomodo
1796 3664 1893 3716 po-

295 3719 453 3773 testis
480 3722 616 3773 bona
642 3720 808 3789 laqni,
835 3735 1001 3789 quum
1026 3719 1141 3774 sitis
1166 3720 1325 3773 mali?
1354 3722 1373 3750 ²
1395 3719 1528 3773 Nam
1542 3734 1605 3774 ex
1622 3719 1899 3773 abundan-

295 3790 372 3861 tia
416 3790 598 3861 cordis
645 3796 1011 3861 unusquisque
1054 3792 1288 3861 loquitur
1331 3790 1399 3844 de
1449 3806 1543 3845 ore
1587 3804 1687 3845 suo
1738 3790 1897 3843 mala.

292 3860 480 3915 Bonus
510 3860 673 3914 homo
699 3860 768 3916 de
797 3863 938 3915 bono
985 3860 1238 3915 thesauro
1272 3861 1475 3928 profert
1499 3862 1672 3916 bona:
1704 3870 1760 3915 et
1786 3875 1899 3915 ma-

293 3930 379 3985 lus
402 3932 569 3986 homo
595 3932 663 3985 de
686 3932 829 3985 malo
859 3932 1111 3985 thesauro
1142 3932 1343 4000 profert
1370 3934 1530 3988 mala.
1560 3932 1692 3986 Dico
1718 3942 1899 3985 autem

291 4003 474 4068 vobis,
504 4005 762 4072 quoniam
788 4016 951 4056 omne
976 4004 1201 4056 verbum
1227 4004 1483 4069 otiosum,
1515 4002 1657 4072 quod
1692 4002 1899 4070 loquuti

293 4072 499 4128 fuerint
527 4072 797 4137 homines,
829 4073 1059 4127 reddent
1089 4072 1109 4103 ³
1140 4074 1207 4127 de
1233 4087 1299 4126 eo
1327 4073 1589 4128 rationem
1622 4076 1673 4126 in
1701 4072 1787 4126 die
1810 4073 1898 4139 ju~

293 4144 445 4197 dicii.
480 4144 500 4175 ⁸
537 4146 612 4196 lix
644 4142 825 4198 verbis
854 4144 998 4197 enim
1028 4144 1132 4197 tuis
1160 4143 1570 4211 justilicaheris,
1603 4153 1655 4197 et
1683 4159 1749 4197 ex
1780 4159 1900 4196 ver-

293 4213 381 4268 bis
407 4215 516 4268 tuis
540 4214 1013 4268 condemnaberis.
1038 4215 1191 4268 Tunc
1218 4215 1616 4282 reSponderunt
1638 4216 1658 4245 ⁸
1683 4215 1752 4267 illi
1783 4215 1899 4283 qui-

294 4284 420 4338 dam
452 4301 517 4340 ex
568 4284 776 4339 Scribis
802 4284 1241 4350 Pharisaeorum,
1291 4284 1571 4339 dicentes:
1624 4285 1898 4354 Magister,

296 4357 547 4409 volumus
573 4374 601 4407 a
628 4366 681 4410 te
711 4356 921 4424 signum
951 4354 1155 4409 videre.
1186 4364 1206 4393 θ
1236 4357 1300 4409 At
1332 4355 1420 4409 ille
1464 4356 1797 4425 respondens
1827 4356 1902 4409 ait

295 4426 438 4479 illis:
474 4426 770 4481 Generatio
801 4426 939 4479 mala
969 4436 1024 4480 et
1045 4427 1292 4480 adultera
1322 4427 1532 4493 signum
1563 4430 1775 4494 quaerit
1804 4444 1817 4479 :
1848 4435 1903 4481 et

294 4497 511 4565 signum
538 4510 645 4549 nun
670 4495 892 4565 dabitur
913 4498 982 4561 ei,
1013 4496 1112 4549 nisi
1135 4498 1345 4565 signum
1374 4496 1546 4550 Jonae
1569 4496 1897 4565 Prophetae.

292 4566 454 4621 Sicut
479 4569 626 4621 cnim
656 4564 760 4621 fuit
783 4566 948 4621 Jonas
981 4569 1030 4621 in
1057 4564 1249 4621 ventre
1274 4567 1380 4619 ceti
1410 4568 1578 4621 tribus
1608 4568 1821 4634 diebus,
1846 4577 1901 4622 et

292 4639 472 4691 tribus
502 4636 751 4693 noctibus
780 4653 793 4701 ;
825 4638 903 4692 sic
926 4638 944 4668 ⁷
975 4649 1027 4692 et
1059 4637 1227 4692 Filius
1256 4637 1490 4692 hominis
1526 4639 1626 4692 erit
1657 4640 1706 4690 in
1739 4639 1902 4694 corde

291 4716 475 4763 terrae
505 4707 675 4763 tribus
700 4709 909 4772 diebus,
941 4718 995 4762 et
1024 4708 1194 4762 tribus
1224 4709 1491 4762 noctibus.
1524 4709 1635 4763 Viri
1685 4710 1706 4739 ⁸
1752 4708 1902 4763 Nini-

293 4781 419 4833 vita:
470 4789 699 4848 surgent
740 4778 793 4832 in
837 4778 1043 4848 judicio
1085 4780 1249 4834 cum9
1296 4780 1398 4833 hac
1418 4781 1789 4849 generatione,
1844 4789 1917 4834 et'

294 4850 636 4904 damnabunt
680 4850 828 4922 illam
870 4866 884 4904 :
931 4851 1053 4920 quia
1104 4850 1495 4922 poenitentiam
1555 4860 1785 4921 egerunt
1845 4851 1900 4906 in

295 4922 701 4991 praedicatione
742 4920 933 4977 Jonae.

1993 2660 2109 2729 ejus
2142 2660 2407 2714 rationem

1996 2732 2048 2785 in
2078 2732 2165 2784 die
2191 2729 2401 2799 judicii.

1994 2802 2084 2856 '57.
2128 2800 2510 2872 Unusquisque

1998 2873 2143 2929 enim
2171 2873 2351 2927 verbis

1996 2945 2109 2998 suis
2126 2943 2535 3012 iustificabitur,

1996 3024 2053 3069 et
2074 3016 2256 3069 verbis
2282 3016 2395 3068 suis

1996 3085 2471 3140 condemnabitur.

1996 3156 2087 3211 58.
2128 3156 2279 3210 Tunc
2295 3155 2543 3212 adierunt

1996 3242 2119 3283 eum
2146 3226 2363 3298 quidam

2826 2672 3053 2730 surgent
3078 2663 3128 2717 in
3154 2661 3235 2731 ju-

2828 2732 2973 2787 dicio
2999 2748 3119 2787 cum
3143 2748 3236 2803 ge—

2825 2804 3107 2859 neratione
3136 2806 3209 2859 is-

2824 2882 2878 2927 ta
2895 2915 2910 2939 ,
2941 2884 2995 2929 et
3024 2876 3284 2930 condem-

2826 2946 3031 2999 nabunt
3056 2961 3176 3000 eam
3210 2962 3225 3000 :

2825 3017 2948 3085 quia
2974 3018 3249 3085 paeniten-

2828 3088 2959 3141 tiam
2990 3096 3218 3155 egerunt

2829 3157 2882 3211 in
2909 3158 3263 3224 praedicatio'

2830 3243 2951 3283 nem
2976 3228 3167 3285 Jonae.

2456 3341 2689 3399 CODEX
2726 3343 3124 3399 BRIXIANUS.

1993 3450 2171 3507 neque
2232 3436 2286 3490 in
2320 3436 2539 3507 futuro.
2578 3436 2681 3490 Aut
2746 3436 2905 3490 facite
2954 3438 3203 3491 arborem
3262 3435 3482 3507 bonam.
3539 3443 3597 3488 et

1994 3506 2224 3561 fructum
2281 3506 2399 3575 ejus
2451 3508 2673 3563 bonum.
2718 3515 2809 3561 aut
2855 3507 3015 3561 facite
3068 3508 3320 3561 arborem
3370 3506 3588 3560 malam.

1996 3586 2053 3633 et
2074 3577 2310 3639 fructum
2342 3579 2461 3645 ejus
2492 3580 2712 3630 malum.
2746 3593 2809 3631 ex
2838 3576 3013 3630 fructu
3040 3576 3181 3629 enim
3205 3575 3367 3629 arbor
3406 3575 3595 3645 dinos-

2001 3650 2161 3703 citur.
2214 3644 2513 3717 Progenies
2545 3647 2848 3715 viperarum
2882 3646 3155 3715 quomodo
3184 3644 3592 3717 potestisbnna

2003 3720 2149 3787 loqui
2181 3734 2302 3773 cum
2335 3716 2452 3772 Sitis
2480 3718 2607 3771 mali
2656 3718 2732 3771 Ex
2758 3718 3093 3771 abundantia
3125 3718 3269 3771 enim
3298 3716 3502 3770 cordis.
3531 3731 3595 3787 os

2006 3785 2266 3859 loquitur.
2305 3788 2486 3842 Bonus
2520 3789 2681 3843 homo
2725 3790 2795 3843 de
2838 3790 2981 3843 bono
3024 3793 3318 3859 thensauro
3352 3796 3377 3823 ιι
3418 3785 3598 3840 cordis

2005 3857 2209 3930 profert
2237 3861 2397 3914 bona.
2440 3872 2492 3913 et
2534 3861 2705 3913 malus
2748 3859 2932 3913 homo.
2979 3860 3047 3913 de
3101 3859 3241 3913 malo
3281 3857 3594 3911 thensauro.

2004 3932 2206 4001 profert
2264 3931 2427 3985 mala.
2469 3932 2595 3985 Dico
2644 3940 2823 3984 autem
2885 3931 3059 3983 vobis.
3110 3932 3367 3998 quoniam
3433 3942 3598 4001 omne

2003 3997 2488 4057 verbum-Otiosum
2506 4001 2647 4071 quod
2673 4003 2833 4056 locuti
2860 4001 3061 4056 fuerint
3083 3997 3329 4054 homines
3368 3997 3599 4071 reddent

2004 4074 2071 4128 de
2097 4088 2163 4127 eo
2192 4074 2457 4128 rationem
2510 4070 2561 4126 in
2590 4074 2679 4127 dic
2707 4071 2915 4140 judicii.
2971 4073 3045 4126 Ex
3091 4071 3269 4126 verbis
3298 4070 3445 4140 enim
3490 4071 3596 4123 tuis

1998 4143 2233 4214 justiﬁca
2262 4142 2290 4181 1)
2322 4143 2485 4198 veris.
2516 4154 2569 4198 et
2596 4159 2660 4198 ex
2685 4139 2861 4197 verbis
2884 4144 2989 4196 tuis
3019 4144 3319 4214 condenma
3369 4139 3397 4178 ι»
3428 4140 3592 4214 veris.

2077 4215 2225 4270 Tunc
2252 4215 2652 4284 responderunt
2679 4216 2728 4269 ei
2759 4215 3000 4283 quidam.
3043 4214 3111 4267 de
3138 4212 3342 4284 Scribis
3373 4220 3427 4264 et
3453 4210 3597 4264 Pha-

2008 4287 2224 4340 risaeis.
2254 4283 2519 4341 dicentes.
2551 4285 2822 4353 Magister.
2856 4284 3108 4338 volumus
3139 4300 3165 4333 a
3191 4295 3241 4336 te
3272 4283 3483 4353 signum
3516 4284 3598 4333 vi—

2004 4356 2157 4411 dere.
2203 4357 2363 4413 Jesus
2405 4366 2585 4410 autem
2629 4351 2966 4423 respondens
3016 4358 3093 4408 ait
3144 4353 3270 4407 illis.
3304 4351 3599 4407 Generatio

2004 4428 2163 4481 mala.
2213 4438 2268 4482 et
2319 4428 2587 4481 adultera.
2631 4427 2840 4495 signum
2884 4425 3096 4494 quaerit.
3128 4434 3183 4478 et
3226 4424 3441 4491 signum
3492 4437 3597 4495 non

2003 4498 2219 4553 dabitur
2242 4500 2313 4552 ei.
2348 4498 2451 4552 nisi
2481 4493 2697 4568 signum
2721 4493 3239 4568 Jonae’PrOphctae.
3276 4496 3428 4549 Sicut
3453 4493 3596 4568 enim

2007 4568 2105 4621 fuit
2129 4568 2317 4623 Jonas.
2344 4570 2395 4621 in
2439 4564 2629 4622 ven'tre
2660 4578 2680 4605 ο
2707 4568 2867 4622 coeti.
2902 4567 3074 4620 tribus
3099 4565 3294 4620 diebus
3333 4575 3386 4619 et
3418 4564 3594 4617 tribus

2005 4639 2274 4693 noctibus.
2306 4638 2385 4693 sic
2412 4640 2509 4693 erit
2538 4638 2706 4693 Filius
2738 4637 2973 4691 hominis
2996 4639 3047 4691 in
3078 4636 3244 4691 corde
3275 4644 3454 4690 terrae
3502 4632 3595 4684 tri-

2004 4708 2104 4763 bus
2134 4710 2324 4765 diebus
2352 4719 2406 4764 et
2438 4710 2610 4764 tribus
2634 4710 2904 4763 noctibus.
2942 4708 3051 4762 Viri
3072 4708 3346 4763 Ninivitae
3373 4710 3599 4769 surgent

2004 4780 2061 4835 in
2089 4781 2313 4850 judicio.
2346 4796 2466 4835 eum
2497 4780 2847 4849 generatione
2898 4779 3020 4835 ista.
3070 4790 3122 4834 et
3159 4774 3600 4850 condemnabunt

2004 4844 2144 4977 3am.
2204 4852 2329 4924 quia
2376 4844 2762 4923 paenitentiam
2791 4860 3038 4922 egerunt.
3096 4850 3149 4903 in
3196 4844 3598 4916 praedicatione

2039 4936 2198 4977 onae.

2039 4936 2198 4978 onae.

978 5032 1380 5091 VARIANTES
1418 5031 1803 5089 LECTIONES
1841 5033 2106 5093 CODICIS
2147 5038 2259 5095 MS.
2303 5039 2362 5094 S.
2404 5034 2913 5094 GERMANENSIS.

360 5128 378 5158 ¹
418 5129 550 5176 enim
570 5129 715 5178 arbor
735 5131 1082 5189 cognoscemr.

359 5191 384 5282 ζ
416 5187 817 5302 goagndantia'
827 5190 958 5240 enim
983 5189 1146 5241 cordis
1163 5201 1220 5239 os
1242 5188 1472 5254 loquitur.
1498 5187 1680 5251 Bonus,
1703 5196 1798 5240 etc.

359 5311 399 5377 δέ
418 5264 753 5377 ﬁrmisque
778 5316 923 5377 enim
936 5324 999 5362 ex
1024 5313 1189 5364 verbis
1208 5314 1325 5375 suis,
1342 5312 1706 5377 justiﬁcabitur,
1725 5316 1809 5364 aut
1828 5324 1892 5363 ex

290 5375 468 5425 verbis
486 5375 586 5424 suis
606 5375 1027 5426 condemuabitur.

2063 5129 2085 5191 ἕ
2119 5130 2179 5191 ad
2202 5129 2230 5178 J
2236 5143 2375 5180 esum
2398 5131 2591 5191 quidam
2616 5129 2680 5179 de
2702 5128 2889 5177 Scribis
2910 5131 2962 5176 et
2984 5124 3283 5181 Pharisaeis,

2067 5190 2089 5220 °
2122 5190 2269 5241 Jesus
2289 5190 2452 5241 autem

2061 5252 2081 5282 ’⁷
2119 5254 2214 5301 erit
2237 5261 2289 5303 et

2058 5313 2081 5344 ⁸
2111 5312 2371 5364 Ninevitae

2060 5376 2081 5406 ⁹
2115 5380 2440 5439 generatione
2466 5378 2574 5441 ista,
2603 5380 2656 5429 et
2677 5376 3069 5429 condemnabunt
3092 5387 3232 5426 eam:

1633 5482 2000 5541 BLANCHINI
2036 5482 2269 5541 NOTE.

282 5585 432 5705 “1:8
421 5574 692 5702 lamenta
722 5574 813 5634 illa
838 5576 1011 5633 cordis
1040 5574 1235 5633 abrasa
1280 5584 1407 5644 est,
1438 5575 1536 5634 sed
1566 5575 1746 5633 adhuc
1767 5590 1881 5633 ma-

329 5666 341 5703 l
496 5686 511 5701 .

367 5784 453 5856 (a)
480 5784 702 5842 Addunt
745 5790 833 5853 et,
864 5791 925 5841 ut
947 5783 1071 5841 cod.
1101 5782 1260 5841 Cant.
1288 5785 1368 5839 καί
1392 5820 1407 5849 ,

2060 5574 2087 5613 δ
2117 5591 2147 5629 υ
2176 5591 2275 5646 pro
2310 5576 2339 5629 b
2371 5584 2647 5648 usurpata.

2062 5656 2085 5684 ο
2118 5664 2150 5701 ο
2181 5648 2235 5703 in
2260 5649 2387 5704 coeti
2413 5658 2497 5705 est
2527 5649 2743 5705 abrasa.
