2024 3094
219 151 272 180 ΞΗ

412 208 526 237 ΟΟΒΕΣ
554 207 822 237 VEBCELLENSIS.

221 254 330 291 Eteece
337 255 398 291 plus
409 255 452 291 hic
636 263 664 282 ra
679 254 764 291 magis
779 261 858 291 quam

221 298 302 325 qttam
317 290 409 318 Jenas.
425 290 475 319 Sa-
637 290 735 324 priora.
752 290 796 317 Sic
813 290 866 317 erit

222 326 267 354 42.
288 326 322 354 ba
333 326 433 361 Regina
636 325 805 360 generationi

221 363 303 389 austri
315 369 405 389 resur-
638 362 699 388 huic
715 361 857 394 pessimae.

194 397 199 401 '
222 397 303 431 getin
324 404 438 432 genera-
636 396 682 424 46.
703 397 768 424 llae.
792 417 798 423 .
822 416 829 423 .
853 403 955 432 .oqua.
970 415 978 424 .

223 435 294 459 tione
309 431 357 459 ista
372 434 397 460 in
638 436 673 460 te.
692 453 699 459 .
716 439 741 459 a.
765 452 773 459 .
795 452 803 460 .
825 452 832 458 .
846 431 928 460 urbas
941 452 949 465 ,

219 468 343 502 judicio,
360 474 385 495 ct
400 477 465 497 con-
637 474 679 495 ec.
702 487 708 494 -
731 488 738 495 .
761 488 768 495 ι
789 486 798 494 -
819 471 905 496 Inan

223 503 360 530 damnabit
371 512 430 532 eam
445 515 451 533 :

223 539 285 573 quia
300 540 373 566 venit
389 540 423 568 ab

224 575 326 601 ultimis
340 576 425 609 parti-

224 610 273 636 bus
283 614 374 637 terrae
387 618 431 638 au-

224 645 283 672 dire
294 647 423 679 sapienti-

225 688 267 707 ant
284 681 436 710 Solomonis
446 704 453 715 ,

227 721 254 743 et
269 724 331 743 eCCe
344 717 404 751 plus
417 719 459 746 hic

227 760 306 785 qttam
322 752 462 781 Solomon.

227 788 271 814 45.
294 788 358 814 Cum
371 795 461 816 autettt
476 790 525 818 im-

226 823 342 850 mundus
357 824 470 858 spiritus

226 859 322 885 exierit
335 859 368 885 ab
383 860 429 886 lto-

227 894 312 926 mine,
329 895 419 922 ambu-

227 929 263 956 lat
280 937 326 964 per
339 930 397 957 loca

225 965 302 992 arida
319 973 444 999 quzerens

637 504 697 538 ejus
709 508 736 531 et
748 503 846 531 fratres

637 539 745 566 stabant
757 538 821 567 foris
829 558 838 573 ,

638 580 782 608 querentes

642 609 716 645 loqui
732 617 793 638 cum
810 616 854 638 eo.

640 644 685 672 47.
709 645 781 673 Dixit
791 649 883 674 autem

641 688 710 708 unus
726 681 764 708 illi
779 690 785 709 :
801 688 865 710 ecce

640 721 727 744 mater
738 721 798 750 tua.
812 721 840 744 et

639 751 736 779 fratres
752 752 789 781 tui

640 792 714 815 stant
725 787 791 816 foris

640 828 804 857 quaerentes

640 862 667 885 te
680 858 784 886 videre.

639 892 686 920 48.
708 893 885 929 Respondens

640 934 730 957 autem
742 929 821 958 .lesus
832 951 839 964 ,
851 931 893 959 di-

642 965 684 991 xit
698 965 757 999 illi,
776 966 821 999 qui
834 973 877 997 se-

226 1001 346 1035 requiem
357 1021 365 1034 ,
377 1006 405 1029 et
640 1006 702 1027 eum
715 1001 842 1035 loqueba-

225 1034 271 1063 44.
293 1043 346 1063 non
367 1036 478 1066 invenit.
494 1037 570 1069 Tunc
641 1039 685 1062 ῑυΓ
701 1045 707 1063 ε
720 1034 785 1070 Οὐαὶ
800 1041 843 1065 εδῑ

226 1071 291 1098 dicit
306 1080 313 1098 :
329 1071 432 1100 Rever-
642 1076 730 1099 mater
740 1079 800 1099 mea
813 1093 822 1106 ,

227 1111 268 1133 tar
279 1107 305 1134 in
316 1106 427 1135 domum

198 1149 203 1154 ’
226 1148 314 1169 meam
327 1164 334 1176 ,
352 1143 424 1171 unde

226 1177 319 1205 exiiet.
339 1177 373 1205 Et
385 1179 498 1209 veniens

642 1111 689 1142 aut
703 1108 749 1142 qui
764 1112 828 1135 sunt

641 1141 739 1170 fratres
754 1142 829 1171 mei?

640 1177 687 1205 49.
710 1198 716 1205 .
741 1178 913 1211 .extendens

640 1220 748 1240 manum
764 1214 798 1241 ad

640 1248 786 1284 discipulos

640 1290 721 1318 suos,
736 1284 805 1313 dixit
821 1294 827 1313 :

641 1318 713 1347 Ecce
726 1325 813 1348 mater

641 1361 702 1381 mea
714 1375 721 1387 ,
733 1360 760 1382 et
775 1355 873 1385 fratres

640 1390 686 1417 50.
708 1390 771 1431 mei.
787 1390 915 1453 (Picum-

640 1432 693 1453 aue
706 1432 779 1453 entm
805 1434 867 1453 ece-

640 1432 693 1460 que
706 1425 779 1453 enim
794 1425 867 1456 fece-

640 1461 677 1487 rit
691 1461 816 1488 volunta-

641 1500 695 1523 tem
709 1496 798 1524 Patris
810 1497 862 1527 mei
871 1518 878 1531 ,

641 1532 688 1566 qui
703 1531 729 1558 in
745 1532 827 1561 caelis
837 1538 891 1567 est.

640 1567 699 1602 ipse
715 1574 792 1595 meus
808 1568 861 1599 fra-

642 1608 694 1636 ter,
710 1607 738 1630 et
751 1610 840 1638 soror,

641 1643 668 1665 et
683 1643 768 1666 mater
783 1643 834 1667 est.

226 1212 328 1241 invenit
342 1221 440 1242 vacan~

226 1252 280 1275 tem
291 1268 299 1282 ,
313 1253 340 1276 et
355 1257 432 1277 mun~

225 1283 316 1310 datam
326 1305 333 1316 ,
348 1289 377 1312 et
388 1293 434 1312 or-

208 1320 212 1323 ‘
225 1318 272 1345 45.
293 1324 393 1346 natam.
410 1320 487 1349 Tunc

226 1354 315 1386 vadit,
328 1358 355 1381 ct
370 1355 450 1383 adsu-

226 1389 276 1416 mit
285 1397 378 1417 secum
394 1390 451 1420 IIII.

225 1425 337 1459 spiritus
352 1425 420 1454 alios
431 1426 527 1463 nequi-

225 1467 287 1496 ores
302 1467 381 1495 quam
392 1468 440 1496 se;

225 1499 254 1522 et
266 1495 400 1524 intrantes

226 1530 349 1558 habitant
362 1532 389 1559 in
401 1540 433 1561 ea
447 1542 455 1562 :

224 1571 252 1593 et
267 1566 335 1594 fiunt
348 1568 439 1597 novis-

223 1601 293 1629 sima
310 1603 398 1630 homi-

224 1637 266 1665 nis
277 1637 350 1666 illius
365 1639 442 1674 pejo-

436 1705 804 1737 CODEXCORBEIENSIS.

225 1757 258 1784 Et
268 1764 332 1784 ecce
343 1758 482 1792 plusquam
492 1758 500 1773 ¹
510 1757 593 1785 Jonas
606 1757 659 1784 hic.
671 1756 770 1791 Regina
780 1756 881 1784 austri’
891 1761 1017 1792 exaurget

223 1793 249 1819 in
257 1792 359 1828 judicio
365 1801 425 1820 cum
435 1793 484 1820 hac
491 1795 666 1828 generatione
675 1814 683 1825 ,
693 1798 721 1819 et
727 1792 864 1819 damnabit
872 1799 930 1819 eam
940 1801 946 1818 :
955 1793 1016 1826 quia

223 1829 297 1855 venit
310 1828 336 1855 in
351 1829 447 1856 linibus
462 1834 549 1856 terrae
561 1828 655 1855 audire
669 1828 826 1863 sapientiam
843 1828 995 1856 Salomonis
1008 1849 1015 1860 ,

223 1868 250 1890 et
261 1871 324 1891 ecce
341 1864 401 1897 plus
412 1872 491 1899 quam
503 1864 632 1893 Salomon
648 1863 703 1890 hic.
728 1863 815 1899 Quum
831 1868 925 1899 autem
936 1863 1017 1897 spiri-

223 1903 265 1925 ttts
280 1899 435 1926 immundus
448 1900 544 1927 exierit
565 1900 599 1925 ab
615 1899 738 1929 homine,
761 1898 772 1914 ³
789 1898 956 1933 perambulat
969 1906 1017 1932 per

223 1934 283 1961 loca
298 1934 371 1961 arida
388 1940 414 1961 ct
429 1934 538 1962 deserta
557 1935 568 1950 ⁵
583 1934 740 1961 desiderans
755 1934 894 1968 requiem,
910 1939 937 1960 et
962 1941 1016 1961 non

221 1968 373 1996 inveniens.
390 1970 466 1997 Tunc
480 1970 546 1997 dicit
563 1979 569 1996 :
586 1970 716 1996 Revertar
730 1969 755 1995 in
770 1969 780 1985 '
794 1969 903 1995 domum
916 1976 1015 2000 meam.

222 2005 294 2032 unde
302 2005 384 2033 exivi.
404 2006 437 2032 Et
453 2007 562 2033 veniens
585 2004 608 2032 si
629 2005 639 2020 ⁸
662 2005 795 2031 invenerit
810 2008 951 2031 vacantem
965 2024 971 2032 .
989 2009 1016 2031 et

222 2041 387 2068 mundatam.
403 2041 414 2057 ⁷
425 2041 500 2068 Tunc
527 2040 625 2073 vadet,
640 2044 667 2067 et
688 2045 808 2067 assutnet
823 2044 927 2073 septem
948 2039 1017 2066 alios

221 2076 331 2111 spiritus
347 2076 491 2111 nequiores
505 2084 534 2103 se
547 2076 620 2109 ipso;
635 2074 994 2111 itttrantesVltabitabuntﬂibi
1008 2083 1015 2102 :

222 2117 249 2138 et
262 2111 329 2138 ﬁunt
344 2113 492 2139 novissima
508 2111 624 2138 hominis
637 2111 709 2137 illius
737 2110 857 2146 pejora,“
870 2110 1014 2144 prioribus.

222 2146 267 2173 Sic
281 2147 332 2174 erit
344 2152 371 2174 et
381 2147 548 2182 generatinni
564 2147 624 2173 huic
635 2145 780 2181 pessimae.
798 2147 808 2162 '
828 2145 968 2182 Loquente
982 2152 1017 2182 eo

221 2181 255 2208 ad
272 2182 363 2208 tttrhas
373 2180 459 2215 ,Vccce
471 2187 557 2209 mater
573 2180 644 2209 illius
659 2186 686 2209 et
700 2181 796 2209 fratres
811 2181 920 2208 stabant
937 2180 1017 2213 foris,

223 2217 245 2233 ¹⁰
257 2217 444 2245 desiderantes
468 2217 541 2252 loqui
565 2225 626 2245 cttm
653 2224 695 2244 eo.
724 2218 760 2244 At
781 2217 825 2244 ille
850 2216 1017 2250 respondens

221 2252 289 2279 dixit
301 2252 340 2279 eis
355 2254 400 2287 qui
412 2261 503 2280 secum
515 2252 780 2288 loquebantur:th
791 2258 833 2280 est
847 2256 933 2279 mater
944 2259 1016 2288 mea,

223 2289 244 2304 “
256 2293 301 2314 aut
313 2286 437 2322 qui’sunt
448 2289 543 2316 fratres
552 2286 621 2316 'mei?
631 2288 818 2315 Etextendens
828 2295 937 2314 manum
947 2287 970 2303 “
983 2286 1016 2313 ad

221 2323 370 2358 discipulos
383 2331 447 2350 suos
459 2344 467 2357 ,
487 2324 573 2351 dixit:
590 2324 659 2351 Ecce
671 2327 758 2350 mater
779 2330 854 2354 mea,
876 2330 904 2349 et.
919 2323 1017 2349 fratres

222 2358 285 2387 mei.
293 2357 486 2394 Quiqnumque
497 2360 569 2386 ettim
581 2359 846 2386 feceritvoluntatem
858 2358 944 2385 Patris
952 2357 1015 2390 mei.

222 2395 267 2429 qui
282 2395 309 2422 in
319 2395 404 2423 coelis
418 2399 480 2429 est,
498 2394 519 2411 ¹³
532 2394 576 2422 hic
592 2394 657 2421 mihi
681 2399 708 2421 et
732 2394 827 2426 frater,
840 2399 868 2421 et
887 2400 975 2427 soror,
990 2397 1018 2420 et

223 2435 309 2457 mater
320 2435 371 2459 est.

470 149 605 180 EUSEBII
626 149 795 179 VERCELL.
817 149 1042 180 EVANGELIUM
1068 150 1141 182 CUM
1168 152 1278 183 VARIIS
1295 151 1374 180 COD.
1393 151 1590 182 COLLATUM.

1280 210 1399 240 CODEX
1419 209 1643 241 VBRONENSIS.

1476 258 1526 285 lius
1542 259 1632 293 pejora
1648 265 1704 286 ma-

1480 295 1520 329 gis
1535 302 1613 328 quant

1482 329 1581 363 priora.
1597 329 1641 356 Sic

1481 365 1533 391 erit
1548 364 1715 399 generationi

1483 399 1544 426 huic
1558 400 1698 433 pessimae.

1482 436 1525 462 46.
1550 436 1612 461 lla-c
1623 443 1655 461 eo
1666 436 1708 462 lo-

1482 475 1581 505 quente
1595 471 1627 497 ad
1643 475 1701 497 tur-

1483 506 1530 532 bas
1540 527 1547 537 ,
1563 513 1625 533 ecce
1640 511 1726 534 mater

1482 542 1539 574 ejus
1555 546 1581 568 et
1597 542 1691 568 fratres

1482 577 1590 604 stabant
1607 576 1689 608 foris.

1482 619 1644 647 quat-rentes
1659 612 1698 639 lo-

1481 648 1528 682 qui
1542 655 1605 675 cum
1619 655 1662 677 eo.

1518 683 1563 710 47.
1579 683 1652 710 Dixit
1665 687 1755 712 autem
1770 683 1796 713 ei

1482 718 1590 754 quidam
1609 727 1616 745 :
1627 726 1692 747 ecce

1485 758 1571 781 mater
1588 759 1644 787 tua,
1655 759 1684 782 et

1484 789 1581 817 fratres
1596 790 1634 817 tui
1649 789 1714 817 foris

1484 829 1556 852 stant
1569 831 1731 859 quaerentes

1488 860 1560 894 loqui
1571 865 1670 887 tecum.

1484 896 1529 923 48.
1544 895 1585 923 Ad
1605 895 1663 930 ipse

1486 938 1598 965 reSpon-

1486 966 1564 999 dens,
1580 966 1681 996 dicenti

1486 1001 1547 1034 sibi,
1560 1001 1598 1028 ait
1615 1010 1621 1028 :
1638 1003 1714 1037 Quae

1486 1042 1528 1064 est
1541 1037 1607 1065 mibi
1620 1043 1708 1067 mater

1486 1079 1557 1104 mea,
1573 1077 1601 1100 et
1616 1073 1712 1103 fratres

1488 1108 1534 1135 L9.
1557 1109 1609 1135 mei
1621 1109 1634 1136 ?

1489 1143 1524 1170 Et
1539 1148 1633 1171 exten-

1487 1178 1555 1206 dens
1570 1187 1678 1208 manum

1488 1213 1514 1241 in
1531 1214 1678 1250 discipulos

1486 1256 1559 1281 suos,
1576 1249 1657 1277 dixit:

1485 1284 1554 1312 Ecce
1567 1289 1653 1313 mater

1486 1328 1556 1353 utea,
1568 1324 1596 1347 et
1613 1322 1709 1349 fratres

1486 1355 1532 1383 50.
1560 1356 1624 1383 mei.
1641 1356 1770 1390 Quicum-

1485 1398 1538 1426 que
1553 1392 1623 1418 enint
1638 1392 1710 1420 fece-

1486 1426 1522 1453 rit
1534 1426 1701 1456 voluntatem

1488 1461 1575 1488 Patris
1588 1463 1654 1494 mei,

1487 1497 1533 1531 qtti
1546 1497 1573 1523 in
1587 1498 1672 1525 caelis

1489 1536 1542 1565 est,
1555 1533 1613 1565 ipse
1628 1540 1704 1562 meus

1488 1572 1515 1594 et
1528 1568 1618 1601 frater,
1635 1574 1662 1596 et

1489 1610 1577 1637 soror,
1592 1608 1620 1631 et
1633 1608 1720 1632 mater

1488 1643 1541 1667 88L

1066 257 1100 285 Et
1114 264 1177 285 ecce
1189 258 1248 292 plus

1066 292 1112 320 hic
1126 300 1206 327 quam
1220 293 1313 321 Jonas.

1066 328 1110 355 Ω.
1133 328 1237 363 Regina
1249 329 1334 357 austri

1066 368 1190 399 resurget
1204 364 1230 391 in

1064 399 1166 434 judicio
1186 407 1248 428 cum

1067 435 1244 469 generatione

1067 470 1118 497 ista
1126 490 1134 503 ,
1150 474 1178 497 et
1189 478 1256 498 con-

1068 505 1205 535 demnabit
1218 514 1278 535 eam
1294 515 1302 533 :

1067 541 1129 576 quia
1141 541 1215 569 venit

1067 577 1101 603 ab
1116 577 1218 603 ultimis

1068 612 1188 646 partibus
1198 617 1286 640 terrae

1068 646 1163 682 audire
1172 648 1338 682 sapientiam

1068 681 1223 710 Solomonis
1234 704 1243 715 ,

1069 722 1096 745 et
1109 725 1173 745 ecce
1188 719 1247 752 plus

1069 753 1113 780 hic
1128 761 1207 788 quam
1221 754 1271 781 So-

1069 789 1172 816 lomon.

1070 825 1115 852 l5.
1136 823 1203 851 Cum
1217 829 1308 853 autem

1070 859 1226 887 immundus
1241 861 1295 895 spi-

1070 895 1138 922 ritus
1154 895 1250 923 exierit

1070 931 1104 957 ab
1119 931 1228 958 nomine
1239 951 1246 963 ,

1070 965 1191 1001 ambulat
1206 974 1254 1001 per

1071 1000 1131 1028 loca
1145 1000 1221 1030 arida
1236 1005 1264 1029 et

1070 1036 1177 1064 deserta
1190 1043 1323 1071 quaerens

1070 1073 1190 1107 requiem
1200 1092 1207 1104 ,
1220 1077 1248 1107 et
1261 1079 1314 1101 non

1069 1106 1115 1134 44.
1137 1106 1264 1135 inveniet.
1279 1107 1355 1137 Tunc

1070 1142 1137 1169 dicit
1151 1151 1160 1169 :
1176 1143 1307 1171 Revertar

1071 1178 1097 1204 in
1115 1177 1241 1211 domum,
1256 1186 1306 1206 un-

1070 1212 1105 1240 de
1119 1214 1200 1241 exivi.
1215 1214 1248 1241 Et

1070 1249 1183 1276 veniens
1193 1249 1216 1276 si
1232 1250 1307 1277 inve-

1071 1285 1143 1321 nerit
1157 1289 1297 1321 vacentem
1308 1309 1316 1321 ,

1071 1320 1160 1354 scopis
1173 1319 1328 1350 mandatam
1340 1343 1347 1354 ,

1071 1355 1117 1382 45.
1139 1359 1166 1382 et
1176 1360 1310 1385 ornatam.
1326 1358 1403 1387 Tunc

1071 1390 1145 1417 vadit
1154 1411 1162 1423 ,
1177 1394 1206 1417 et
1219 1390 1336 1422 adsumit

1071 1432 1163 1452 secum
1172 1426 1238 1463 alios
1246 1433 1308 1463 sep-

1072 1464 1126 1487 tem
1139 1461 1250 1495 spiritus

1072 1498 1217 1531 nequiores
1230 1505 1310 1531 quam

1071 1538 1118 1562 se;
1134 1536 1161 1558 et
1173 1532 1305 1562 intrantes

1072 1566 1192 1594 habitant
1206 1567 1232 1594 in
1248 1576 1281 1596 eo
1297 1578 1304 1597 :

1072 1606 1100 1629 et
1113 1602 1182 1629 fiuttt
1197 1604 1314 1632 novissi-

1072 1645 1115 1664 ma
1133 1637 1249 1666 hominis
1262 1640 1292 1667 il-

1309 1705 1424 1735 CODEX
1443 1706 1640 1736 BRIXIANUS.

1073 1756 1105 1784 Et
1126 1764 1189 1784 erce
1212 1756 1352 1791 plusquam
1367 1757 1434 1784 .lona
1447 1757 1501 1784 hic.
1518 1756 1619 1792 Regina
1631 1756 1726 1784 austri.
1738 1761 1831 1792 surget
1842 1757 1867 1784 in

1067 1792 1180 1826 judicio.
1194 1799 1255 1818 eum
1267 1794 1441 1826 generatione
1456 1792 1505 1820 ista
1520 1796 1547 1820 et
1560 1791 1706 1819 condemna
1717 1796 1729 1810 ἰ
1745 1791 1782 1819 vit
1796 1799 1868 1819 eam.

1068 1828 1130 1862 quia
1155 1827 1226 1855 venit
1240 1836 1254 1853 a
1272 1828 1370 1855 finibus
1386 1832 1482 1855 terrae.
1499 1828 1592 1855 audire
1611 1827 1767 1863 sapientiam
1792 1827 1869 1855 Salo-

1069 1863 1166 1890 monis.
1183 1867 1210 1890 et
1233 1871 1297 1890 ecce
1314 1864 1372 1897 plus
1386 1863 1531 1891 Salomone
1547 1863 1600 1891 ltic.

1103 1899 1169 1925 Cum
1182 1903 1273 1925 autem
1289 1899 1433 1925 inmundus
1451 1899 1561 1934 spiritus
1588 1899 1684 1926 exierit
1704 1898 1737 1925 ab
1759 1898 1871 1930 homine

1068 1934 1257 1969 amhulatper
1282 1934 1338 1960 loca
1351 1934 1437 1961 arida.
1466 1941 1598 1969 quaerens
1626 1934 1747 1969 requiem
1772 1938 1868 1969 etnon

1069 1969 1182 1996 invenit.
1198 1968 1274 1996 Tunc
1283 1969 1356 1996 dicit.
1370 1968 1499 1996 Revertar
1514 1971 1540 1996 in
1563 1968 1673 1997 domum
1687 1977 1784 1997 meam.
1799 1968 1871 1996 unde

1068 2004 1148 2032 exivi.
1169 2005 1199 2031 Et
1222 2004 1333 2031 veniens
1357 2005 1459 2046 invenit
1472 2010 1618 2046 vacantem
1637 2006 1727 2046 scopis
1747 2005 1870 2046 _ntuttda-

1069 2044 1134 2066 tam.
1157 2044 1184 2066 et
1208 2046 1342 2067 ornatam.
1358 2040 1434 2067 Tunc
1450 2040 1523 2067 vadit
1546 2045 1573 2067 et
1587 2040 1705 2067 adsmuit
1729 2040 1796 2067 alios
1809 2047 1871 2074 sep-

1070 2079 1123 2101 tem
1138 2075 1257 2110 spiritus.
1276 2076 1354 2110 nequi
1366 2074 1381 2094 δ
1397 2076 1480 2102 tiores
1496 2085 1536 2103 se.
1554 2081 1581 2102 et
1594 2077 1724 2103 intrantes
1750 2076 1872 2102 habitant

1070 2110 1116 2146 ibi.
1131 2116 1157 2137 et
1174 2110 1240 2137 fiunt
1254 2111 1398 2138 novissima
1412 2111 1529 2138 hominis
1547 2111 1630 2138 illius.
1655 2112 1748 2146 pejora
1774 2110 1872 2144 priori-‘-

1070 2145 1130 2172 btts.
1149 2146 1193 2173 Sic
1204 2146 1256 2173 erit
1269 2152 1293 2173 et
1310 2147 1475 2179 generationi
1490 2146 1553 2173 huic
1569 2145 1714 2181 pessimae.
1728 2146 1822 2173 Adhuc
1838 2153 1873 2172 eo

1070 2181 1194 2217 laquente
1201 2181 1233 2208 ad
1246 2182 1347 2208 turbas.
1359 2187 1516 2209 eccetttater
1526 2182 1585 2217 ejus
1601 2188 1626 2209 et
1642 2181 1748 2209 fratres.
1763 2181 1872 2209 stabant

1069 2216 1134 2243 foris
1140 2221 1300 2253 quaerentes
1309 2217 1379 2251 loqui
1387 2217 1421 2244 ei.
1429 2217 1592 2244 Dixitautem
1600 2217 1624 2244 ei
1631 2218 1739 2253 quidam
1747 2224 1810 2243 ecce
1819 2224 1872 2242 ma-

1070 2256 1110 2288 ter
1118 2257 1171 2288 tua.
1181 2256 1207 2278 et
1215 2252 1311 2279 fratres
1319 2253 1435 2279 lui.foris
1442 2258 1513 2279 stant
1520 2257 1681 2288 quaerentes
1689 2253 1761 2286 loqui
1770 2256 1871 2279 tecum.

1069 2286 1109 2314 Ad
1118 2287 1164 2314 ille
1174 2288 1351 2321 respondens,
1361 2288 1501 2315 aitdicenti
1515 2286 1576 2315 sibi.
1586 2288 1643 2321 Que
1654 2293 1695 2315 est
1711 2291 1797 2314 mater
1813 2294 1873 2314 mea

1069 2327 1094 2349 et
1110 2322 1155 2357 qui
1166 2327 1228 2349 sunt
1240 2323 1336 2350 fratres
1355 2323 1417 2350 mei.
1448 2323 1479 2350 Et
1500 2324 1649 2350 extendens
1665 2331 1772 2350 manum
1794 2329 1872 2348 suam

1069 2365 1149 2392 super
1157 2357 1306 2393 discipulos
1317 2365 1380 2385 suos
1387 2359 1464 2386 dixit.
1475 2359 1543 2386 Ecce
1557 2364 1643 2386 mater
1657 2366 1715 2386 mea
1730 2363 1757 2384 et
1772 2357 1873 2393 fratres

1069 2393 1133 2421 ntei.
1144 2392 1312 2428 Quicumque
1323 2393 1394 2421 enim
1416 2394 1508 2421 fecerit
1527 2395 1694 2422 voluntatem
1711 2393 1798 2420 Patris
1818 2392 1873 2420 mei

1069 2430 1113 2464 qui
1123 2430 1149 2456 in
1156 2429 1238 2457 caelis
1247 2433 1289 2457 est
1303 2428 1362 2464 ipse
1370 2437 1446 2457 nteus
1460 2429 1544 2458 frater
1556 2434 1584 2458 et
1596 2437 1674 2457 soror
1684 2434 1712 2457 et
1722 2434 1808 2457 mater
1818 2432 1870 2456 est.

559 2497 760 2529 VABIANTES
778 2495 972 2535 LECTIONES
989 2495 1122 2525 CODICIS
1142 2497 1197 2531 MS.
1219 2497 1249 2527 S.
1269 2496 1526 2533 GERMANENSIS.

253 2557 263 2574 ί
281 2557 343 2583 Iona
353 2557 393 2582 hic
405 2561 451 2583 est.
761 2586 771 2588 Α
793 2586 806 2588 ,,
861 2585 864 2588 .

254 2590 265 2605 ¹
282 2591 399 2620 surget...
413 2588 468 2618 ista,
481 2591 508 2613 et
518 2588 721 2614 condemnabit...
732 2593 747 2612 a
758 2586 847 2613 finibus

255 2620 266 2637 ³
283 2620 391 2644 ambulat

254 2651 266 2667 δ
300 2656 406 2675 uaerens
417 2649 541 2680 requiem,
555 2653 583 2675 et
594 2656 643 2674 non
654 2650 758 2675 invenit.

254 2682 266 2698 ³
282 2658 388 2706 domum.
403 2680 468 2706 unde

256 2687 266 2698 ·
282 2687 388 2711 domum,
403 2687 468 2706 uuae

256 2713 267 2728 ⁶
284 2713 378 2738 invenit
389 2714 528 2742 vacantem,
539 2711 619 2742 scopis
630 2710 776 2741 mandatam,
790 2714 815 2736 et
825 2712 947 2735 ornatam.

255 2744 265 2760 "
283 2743 353 2769 'l‘unc
362 2743 439 2774 vadit,
452 2745 478 2767 et
485 2739 590 2766 adsumit
597 2748 711 2767 secum...
720 2739 853 2773 nequiores
862 2746 936 2772 quam
942 2745 979 2766 se.
989 2739 1022 2765 Et

1072 2554 1191 2578 intrantes
1202 2554 1346 2579 habitabant
1358 2554 1382 2578 iu
1394 2560 1452 2579 eum
1465 2561 1470 2578 :

1103 2584 1114 2617 ξ’
1129 2585 1291 2617 Quisquam
1304 2586 1393 2617 priora.

1102 2615 1112 2631 ’
1129 2613 1197 2640 Haéc
1210 2613 1327 2647 lo'qucnt'e
1338 2616 1368 2641 ad

1105 2646 1126 2679 ﬁ?
1143 2645 1295 2679 quaerentes
1306 2647 1386 2679 loqui,
1397 2650 1456 2678 etc.,
1468 2649 1494 2677 ut
1510 2645 1612 2678 Vulgata
1623 2651 1699 2677 usque
1710 2645 1804 2672 dicenti
1813 2645 1873 2670 sibi.

1055 2702 1058 2705 λ
1105 2676 1126 2693 ¹¹
1146 2676 1172 2702 et
1183 2677 1271 2702 fratres
1283 2679 1333 2703 mei

1105 2709 1127 2741 ff
1145 2709 1168 2741 in
1182 2709 1308 2741 discipulis
1318 2709 1379 2741 suis,

1104 2739 1128 2760 η
1144 2740 1198 2770 ipse
1210 2739 1281 2765 meus
1296 2739 1383 2770 frater",

886 2805 1070 2841 BLANCHINI
1090 2806 1206 2836 NOTAE.

270 2861 283 2875 ι
298 2855 485 2885 condemnauit.
500 2864 515 2884 υ
528 2862 578 2892 pro
591 2855 606 2883 ὁ
617 2857 755 2892 usurpata.

269 2895 284 2921 ρ
297 2892 317 2920 ti
331 2892 357 2930 in
370 2887 541 2932 ηιφιίεὶοηοζ
556 2892 604 2920 lita
623 2895 664 2920 est
678 2887 694 2919 ἑ
709 2888 818 2919 librario
833 2887 930 2917 lineola
955 2892 1117 2917 transversa.
