2024 3094
130 152 186 182 Sil

330 211 444 240 CODEX
468 211 739 241 VERGELLENSIS.

225 260 341 288 CAPUT
354 259 419 287 Xlll.

133 297 206 324 1.Εο
215 295 512 332 die(a)exiit-l-Jesus(b)

133 337 165 360 et
181 332 296 360 sedebat
310 339 352 358 se-

552 315 560 323 ο
600 314 608 323 ο
647 313 655 322 ο
695 313 702 321 ι
744 312 752 321 ο
791 313 798 320 ι
838 311 845 320 ι
885 310 894 320 a

551 332 579 359 6.
602 329 742 358 habebam
756 327 829 366 radi-

128 368 161 395 2.
185 375 232 395 cus
244 374 326 394 mare.
340 366 372 394 Et
552 374 623 399 cem,
636 369 775 394 aruerunt.

130 407 312 438 congregatae
551 402 579 438 7.
608 398 666 438 Alia
682 406 771 438 autem
784 398 857 428 ceci-

131 436 301 466 suntturbae
551 437 649 465 derunt
660 436 689 464 in
704 436 760 471 spi-

130 475 167 502 ad
182 482 242 502 eum
252 495 260 507 ,
276 473 313 500 ita
326 477 356 500 ut
551 480 601 500 nas
618 481 625 499 :
640 476 667 500 et
678 478 775 499 creve-

132 511 163 537 in
180 505 313 537 navicula.
338 529 345 536 .
551 512 616 536 runt
626 505 731 542 spinae,

130 545 295 573 ascenderet
307 565 314 577 ,
550 547 579 572 et
590 543 741 571 sulfucave-

129 586 162 608 et
173 588 269 608 omnes
280 584 337 607 tur—
551 579 578 607 8.
607 583 671 606 runt
681 586 722 605 ea.
738 576 797 606 Alia

130 616 186 645 hae
201 616 309 644 stabant
551 622 618 642 vero
631 613 738 642 cecide-

134 673 142 680 .
184 671 193 679 .
233 671 241 679 .
282 671 288 678 .
329 671 335 678 .
378 671 385 678 .
424 672 431 680 .
473 672 481 680 .
550 650 723 677 runtinter-

170 688 200 716 5.
220 690 298 715 cutus
312 690 355 715 est
367 686 402 715 ad
550 692 609 712 ram
622 686 721 713 bonam
735 692 743 711 τ

130 730 184 751 eos
202 722 268 750 mul.
289 740 297 748 .
319 742 326 750 .
349 742 356 750 .
380 742 387 750 .
411 742 418 750 .
551 725 579 748 et
593 720 694 748 dabant
708 719 780 748 fruc—

131 758 247 793 parttbo.
270 777 277 785 .
299 777 308 786 .
395 779 401 785 .
552 755 772 791 tum.quaedam

131 792 201 822 cens
215 801 222 819 :
549 792 740 821 centesimum.

550 827 617 854 aliut
630 826 687 854 LX.
700 826 767 853 aliut

550 862 578 889 9.
605 859 689 889 xxx.
705 861 772 895 Quia
787 861 834 897 ha-

551 897 595 925 bet
611 905 700 930 aures,
717 904 767 924 au-

131 829 206 870 Ecce
218 828 285 871 esiit
299 829 346 871 qui

130 869 250 892 seminat
265 869 349 892 sami-

131 900 163 928 4.
185 907 262 927 nare.
277 900 384 928 Etcum

133 936 268 976 seminat.
278 943 363 976 quae-
551 933 599 976 10..
771 953 779 960 .
803 955 810 961 .
832 933 867 964 Et
889 943 934 965 ac-

131 973 199 998 dam
211 967 317 998 cecide-
551 967 679 996 cedentes
692 967 747 995 dis-

131 1010 199 1045 runt
209 1001 290 1036 secus
551 1004 646 1045 cipuli_
658 1003 718 1045 eius
728 1003 773 1045 di-

552 1043 650 1066 xerunt
662 1038 687 1066 ei
704 1047 711 1065 :
726 1038 798 1073 Qua-

552 1082 582 1102 re
596 1074 623 1102 in
641 1074 757 1110 parabo-

555 1129 561 1135 .
623 1130 630 1137 .
659 1110 779 1145 loqueris

553 1144 586 1173 ad
599 1152 647 1173 eos
659 1144 671 1172 ?

553 1180 598 1217 11.
625 1181 667 1217 Ad
683 1181 741 1217 ipse
754 1188 867 1217 respon-

553 1188 598 1208 u.
625 1188 691 1209 11111
711 1188 759 1209 sei

552 1216 620 1244 dens
631 1216 668 1243 ait
682 1188 736 1245 iiiis
751 1225 759 1244 :

552 1251 622 1286 Quia
635 1252 711 1279 vobis
730 1253 774 1280 da-

553 1291 608 1314 tum
624 1291 666 1315 est
678 1295 740 1315 nos-
755 1287 758 1291 ”

552 1330 582 1350 se
597 1322 754 1358 mysterium

553 1359 630 1393 regni
647 1365 656 1384 :
673 1358 726 1385 illis
742 1366 789 1386 au-

554 1398 608 1421 tem
622 1401 677 1420 ll0ll
692 1398 734 1421 εει

553 1429 598 1465 12.
626 1428 729 1465 datum.
746 1429 797 1465 Qui
808 1429 880 1458 enim

554 1463 644 1498 habet,
654 1463 762 1493 davitut‘

552 1500 588 1533 ei,
603 1504 632 1527 et
642 1499 761 1527 abunda-

552 1536 590 1569 vit
603 1544 610 1562 :
625 1536 669 1571 qui
684 1540 773 1563 autem

552 1567 604 1599 non
617 1567 738 1610 habet,“
745 1571 816 1608 quod
825 1570 962 1611 hebetau-

345 1641 465 1670 CODEX
478 1639 716 1681 gOllBElENSIS.

170 1698 241 1727 XIII.
256 1699 286 1727 In
298 1698 342 1728 illa
361 1698 406 1727 die
420 1700 429 1715 ⁸
443 1705 570 1734 egressus
596 1702 638 1726 est
657 1698 754 1732 Iesus.
780 1702 807 1727 et
820 1698 934 1728 sedebat

131 1735 212 1770 juxta
222 1742 305 1762 mare.
322 1734 356 1762 Et
370 1738 548 1770 congregatae
557 1738 622 1761 sunt
640 1734 673 1761 ad
688 1742 749 1761 eum
763 1735 849 1762 tut-ba:
862 1735 932 1762 mul-

134 1776 192 1801 tae.
203 1771 214 1786 '
228 1770 263 1797 ita
283 1776 312 1797 ut
323 1770 483 1800 ascenderet
498 1770 524 1797 in
550 1776 647 1797 navem
662 1773 690 1796 et
712 1770 748 1796 ihi
763 1770 887 1802 sederet.
903 1776 931 1798 et

131 1806 223 1833 omnis
236 1805 314 1833 turba
326 1806 351 1834 in
364 1806 456 1834 littore
469 1805 559 1833 stabat
572 1814 579 1832 :
595 1809 623 1832 et
633 1805 761 1840 loquutus
780 1809 822 1832 est
839 1805 871 1832 ad
883 1814 931 1834 eos

131 1843 216 1868 multa
228 1842 254 1869 in
272 1842 409 1875 parabolis
419 1861 426 1873 ,
442 1840 534 1868 dicens
550 1850 557 1867 :
574 1840 647 1868 Exiit
657 1839 677 1855 ³⁷
690 1842 837 1868 seminator
849 1841 930 1868 senti-

130 1884 199 1904 ιιιιέ
210 1884 303 1904 semen
316 1884 406 1904 suum.
419 1877 451 1904 Et
462 1876 526 1904 dum
538 1876 666 1906 seminat.
677 1875 808 1910 quaedam
825 1877 932 1904 cecide-

128 1915 197 1940 runt
209 1919 288 1939 secus
300 1912 386 1943 viam.
399 1917 428 1940 et
441 1916 573 1939 venerunt
599 1911 722 1939 volucres
744 1911 828 1944 coeli,
843 1917 870 1939 et
884 1919 931 1939 co-

128 1948 276 1975 mederunt
298 1955 341 1975 ea.
354 1947 365 1963 δ
376 1948 435 1976 Alia
452 1954 516 1979 vero
542 1946 700 1974 ceciderunt
716 1954 797 1979 super
818 1952 928 1982 petrosa

129 1983 190 2009 loca
206 1983 253 2011 ubi
280 1991 335 2010 non
355 1988 414 2010 erat
441 1984 549 2018 copiosa
568 1986 639 2009 terra
669 1991 675 2008 :
701 1986 728 2009 et
749 1983 760 1999 ⁸
786 1982 929 2012 confestim

129 2023 194 2045 nata
219 2023 291 2046 sunt.
316 2018 382 2046 Orto
410 2017 500 2046 autem
525 2017 584 2045 sole
612 2022 766 2045 aestuantes
801 2023 930 2046 aruerunt

131 1042 205 1069 viam
215 1062 223 1075 ,
235 1046 262 1069 et
277 1048 360 1071 vene-

131 1082 198 1105 runt
213 1077 316 1114 volucr.
337 1095 346 1113 ρ
369 1096 378 1114 .
393 1097 403 1114 ,

132 1117 162 1140 et
174 1110 300 1140 comede-

131 1152 404 1176 runtea......

134 1346 142 1352 Ι
182 1346 190 1353 ο
232 1345 239 1352 ι
281 1346 287 1353 ι
328 1344 336 1352 ο
375 1345 382 1353 ι
422 1345 429 1352 ι
470 1345 477 1353 ι

134 1521 477 1532 ..ο-οι..

129 2061 164 2081 eo
192 2054 266 2088 quod
292 2062 346 2082 non
374 2053 506 2082 haberent
529 2053 658 2080 radicem.
680 2053 739 2080 Alia
771 2059 861 2081 autem
885 2061 931 2081 ce-

128 2089 257 2116 ciderunt
284 2089 312 2117 in
335 2089 420 2123 spinis
447 2099 455 2116 :
481 2093 509 2116 et
533 2088 544 2104 ⁸
575 2088 756 2116 ascenderunt
788 2089 931 2124 spiua:,et

129 2123 335 2153 “locaverunt
348 2124 403 2151 illa.
419 2124 478 2152 Alia
494 2128 583 2151 autem
599 2123 757 2152 ceciderunt
780 2123 809 2151 in
830 2130 929 2153 terram

131 2160 231 2187 bonam
248 2169 255 2187 :
272 2165 301 2188 et
330 2161 339 2176 ⁷
357 2160 472 2188 ederunt
482 2159 610 2193 fructum,
628 2159 699 2186 aliud
710 2160 902 2192 centesimum,
919 2161 930 2177 ⁸

127 2195 202 2223 aliud
214 2195 430 2230 sexagesimum.
444 2195 517 2222 aliud
533 2202 598 2222 vero
612 2194 786 2222 tricesimum.
809 2195 861 2229 Qui
883 2196 931 2222 ba-

127 2229 174 2257 bet
186 2238 270 2258 aures
282 2229 304 2263 1,
326 2231 426 2259 audiat.
437 2230 471 2258 Et
483 2230 645 2260 accedentes
664 2231 788 2265 discipuli
803 2231 930 2258 dixerunt

127 2265 173 2292 ei:
190 2265 282 2300 Quare
304 2266 331 2294 in
351 2266 487 2301 parabolis
509 2266 627 2301 loqueris
647 2265 681 2301 ad
694 2267 764 2293 eos?
783 2266 804 2287 ¹⁰
827 2266 931 2299 Quibus

128 2302 301 2336 respondens
320 2300 359 2329 ait
373 2311 379 2328 :
395 2301 528 2335 Quoniam
547 2300 624 2337 vobis
644 2300 737 2334 datum
758 2305 799 2329 est
823 2302 844 2317 “
859 2301 930 2329 scire

127 2343 230 2364 arcana
244 2337 292 2366 Dei
306 2346 315 2365 :
329 2337 384 2366 illis
393 2341 483 2365 autem
496 2344 550 2370 non
565 2340 608 2365 est
618 2336 723 2364 datum.
734 2336 784 2370 Qui
798 2338 871 2364 enim
884 2337 932 2365 ha-

128 2370 185 2406 bet,
198 2372 308 2400 dabitur
321 2373 371 2406 1111,
381 2377 408 2400 et
421 2372 585 2400 abundabit:
600 2371 647 2407 qui
660 2377 752 2400 autem
765 2380 818 2400 non
836 2372 928 2406 habet,

615 151 841 184 EVANGELIUM
861 150 1047 182 SECUNDBM
1066 151 1285 183 MATTHM.

1195 210 1311 240 CODEX
1333 208 1557 239 VEBONENSIS.

1075 257 1190 295 CAPUT
1402 258 1429 285 6.
1456 263 1553 295 terrae.
1566 256 1631 285 Sole

984 294 1011 321 1.
1040 292 1143 321 Eodem
1158 292 1202 320 die
1213 293 1251 328 (ιι)
1401 298 1491 321 autem
1506 292 1566 320 orto

984 294 1011 321 1.
1040 293 1143 321 Eodem
1158 293 1202 320 die
1213 293 1251 364 Sa)
1401 298 1491 321 autem
1506 293 1566 320 orto

984 329 1052 356 exiit
1066 329 1086 364 νι-
1099 329 1178 356 Jesus
1191 328 1217 363 (ὁ
1401 333 1594 357 aestuaverunt

984 371 1063 393 secus
1077 372 1163 400 mare,
1194 368 1197 372 ί
1401 370 1428 391 et
1440 364 1501 399 quia
1516 371 1569 390 non
1586 364 1670 392 habe-

984 405 1010 427 et
1026 399 1147 427 sedebat.
1402 400 1466 426 bant
1480 400 1597 426 radicem
1614 408 1691 428 arue-

984 435 1010 462 2.
1029 435 1063 463 Et
1072 438 1252 471 congregatae
1400 436 1426 462 7.
1449 439 1521 462 runt.
1539 435 1597 462 Alia
1613 441 1701 463 autem

983 477 1047 498 sunt
1056 470 1091 498 ad
1105 478 1167 498 eum
1400 471 1556 499 ceciderunt
1572 472 1597 498 in
1613 471 1667 506 spi-

983 507 1088 538 turbae,
1100 506 1136 533 ita
1162 506 1165 509 '
1402 507 1442 533 nis
1458 516 1463 533 :
1481 510 1508 533 et
1523 511 1666 534 creverunt

984 547 1013 569 ut
1028 543 1053 569 in
1070 542 1176 569 navicu-
1400 542 1503 577 spinae,
1520 547 1547 568 et
1561 542 1709 570 sutl'ocave-

1402 578 1427 605 8.
1448 581 1511 604 runt
1526 585 1568 606 ea.

1401 614 1459 640 Alia
1475 620 1540 639 vero

1400 649 1556 675 ceciderunt
1572 649 1596 676 in
1613 653 1666 676 ter-

1399 692 1455 710 ram
1472 684 1567 711 bonam
1585 694 1591 711 :
1606 690 1633 711 ct
1644 685 1692 711 da.

1399 719 1462 745 bant
1476 719 1602 751 fructum.
1618 727 1700 754 quae-

1399 755 1459 781 dam
1476 756 1671 782 centensimum
1681 776 1687 786 ,

984 578 1035 605 lani
1052 578 1220 611 ascenderet,

983 618 1011 641 et
1023 613 1140 646 sederet,

983 653 1011 676 et
1024 656 1117 675 omnes
1138 653 1196 675 tur-

984 684 1033 711 bae
1049 684 1155 711 stabant

982 720 1010 757 ζ).
1027 720 1053 746 111
1067 719 1158 747 littore
1175 728 1181 747 :
1197 723 1225 757 et

983 755 1088 783 locutus
1102 759 1144 782 est

983 791 1017 818 ad
1030 798 1077 818 eos
1090 789 1173 817 multa
1400 791 1471 817 aliud
1486 791 1702 825 sexagensimum
1712 812 1719 825 ,

982 825 1009 854 in
1025 825 1160 861 parabolis
1400 826 1467 852 aliut
1482 834 1546 853 vero
1561 827 1660 853 tricen—

985 862 1080 889 dicens
1095 869 1101 887 :
1402 862 1427 888 9.
1453 862 1561 889 simum.
1578 862 1628 894 Qui
1646 862 1726 889 habet

986 897 1056 925 Ecce
1064 896 1131 924 exiit
1146 904 1190 925 se-
1401 904 1480 924 aures
1491 897 1628 932 audiendi,

987 933 1105 960 minator
1119 932 1255 960 seminare
1401 933 1501 960 audiat.

986 975 1080 996 semen
1093 974 1182 995 suum.
1402 968 1446 996 to.
1455 968 1488 995 Et
1502 976 1581 997 acce-

985 1003 1012 1031 4.
1035 1003 1069 1030 Ει
1083 1010 1142 1030 cum
1159 1003 1240 1033 semi-
1400 1004 1496 1031 dentes
1510 1005 1565 1031 dis-

987 1043 1043 1070 nat,
1060 1038 1191 1073 quaedam
1400 1039 1482 1074 cipttli
1496 1040 1555 1074 ejus
1566 1040 1642 1068 dixe-

984 1074 1143 1102 ceciderunt
1155 1081 1201 1102 se-
1400 1079 1463 1102 runt
1475 1075 1499 1102 ei
1515 1084 1521 1101 :
1536 1075 1626 1109 Quare

985 1117 1033 1138 cus
1053 1110 1132 1143 viam,
1148 1109 1175 1137 et
1400 1109 1427 1137 in
1441 1110 1576 1145 parabolis
1588 1110 1629 1137 lo—

984 1149 1116 1173 venerunt
1127 1145 1202 1172 volu-
1246 1176 1248 1178 1
1401 1146 1493 1178 queris
1506 1147 1539 1173 ad
1555 1146 1621 1177 eos?

984 1153 1116 1173 venerunt
1127 1153 1202 1172 vom-
1246 1176 1248 1178 1
1401 1153 1493 1208 quens
1506 1153 1539 1173 au
1555 1153 1621 1177 eost

984 1188 1045 1208 cres
1060 1181 1139 1215 caeli,
1154 1185 1182 1208 et
1421 1181 1447 1208 1.
1462 1181 1502 1208 Ad
1519 1182 1577 1216 ipse
1591 1188 1705 1216 respon-

1400 1216 1468 1243 dens
1481 1217 1518 1243 ait
1532 1217 1586 1244 illis
1601 1225 1608 1242 :

1400 1251 1469 1284 Quia
1485 1252 1562 1278 vobis
1575 1251 1668 1278 datum

1400 1291 1442 1314 est
1455 1293 1535 1314 nosse
1546 1286 1666 1313 misteria

1400 1322 1476 1356 regni
1489 1330 1495 1348 :
1511 1321 1567 1349 illis
1581 1325 1671 1349 autem

1400 1364 1454 1384 non
1469 1361 1513 1385 est
1528 1357 1632 1384 datum.
1656 1358 1658 1360 '

1402 1392 1447 1419 12.
1455 1392 1506 1426 Qui
1513 1393 1586 1420 enim

1397 1427 1487 1460 habet,
1497 1427 1605 1456 dabitur

1398 1464 1423 1491 ei
1433 1484 1440 1497 ,
1453 1468 1481 1491 et
1492 1463 1639 1491 abundabit
1654 1471 1663 1490 :

1398 1500 1444 1534 qui
1455 1503 1546 1526 autem
1562 1506 1615 1526 non

1399 1534 1491 1571 habet,
1505 1539 1533 1563 et
1544 1533 1617 1571 quod

1399 1569 1480 1597 habet

1218 1637 1336 1667 CODEX
1350 1638 1549 1668 BRIXIANUS.

984 1698 1013 1726 In
1037 1698 1085 1726 illo
1113 1703 1203 1726 autem
1221 1698 1266 1727 die
1287 1699 1379 1727 exiens
1399 1699 1477 1727 Iesus
1499 1699 1533 1727 de
1552 1698 1644 1726 domo.
1671 1697 1783 1727 sedebat

984 1741 1063 1762 secus
1078 1742 1163 1762 mare.
1180 1735 1214 1762 Et
1228 1740 1413 1762 convenerunt
1430 1735 1464 1762 ad
1482 1743 1543 1762 eum
1559 1735 1654 1762 turbae
1669 1734 1781 1761 multae.

984 1770 1019 1797 ita
1036 1775 1065 1796 ut
1087 1770 1239 1797 naviculam
1252 1771 1410 1798 ascenderet
1432 1770 1528 1797 sedere
1548 1775 1575 1796 ct
1592 1770 1679 1796 omnis
1705 1770 1781 1796 turba

983 1805 1070 1832 stabat
1085 1805 1111 1832 in
1128 1805 1217 1832 litore.
1232 1811 1259 1832 et
1274 1805 1379 1833 locutus
1392 1809 1434 1832 est
1448 1805 1488 1832 eis
1501 1805 1584 1833 multa
1605 1805 1632 1831 in
1647 1805 1781 1839 parabolis

982 1840 1085 1868 dicens.
1113 1840 1182 1867 Ecce
1191 1840 1257 1867 exiit
1268 1841 1312 1874 qui
1327 1841 1442 1867 seminat
1452 1840 1598 1867 seminare.
1611 1840 1644 1867 Et
1663 1839 1725 1866 dum
1739 1847 1782 1866 sc-

983 1876 1076 1903 niinat.
1090 1876 1221 1910 quaedam
1232 1883 1246 1902 c
1262 1881 1274 1894 ι
1288 1875 1445 1903 aeeidernnt
1465 1883 1544 1902 secus
1561 1877 1642 1903 viam.
1660 1880 1687 1902 et
1700 1882 1782 1901 vene-

983 1911 1177 1938 rnntvolucres
1188 1916 1214 1939 et
1233 1911 1409 1938 comederunt
1420 1918 1464 1937 ea.
1477 1911 1538 1938 Alia
1552 1915 1640 1938 autem
1654 1918 1670 1937 c
1683 1915 1697 1929 ιι
1710 1911 1782 1937 aet-i-

981 1946 1079 1974 derunt
1092 1946 1119 1974 in
1134 1951 1253 1982 petrosa.
1268 1946 1312 1974 ubi
1329 1954 1382 1974 non
1395 1946 1511 1973 habebat
1525 1950 1624 1973 terram
1631 1946 1745 1982 inultam
1756 1950 1783 1973 et

981 1983 1110 2009 continuo
1125 1980 1218 2010 exorta
1233 1987 1295 2009 sunt
1308 1983 1370 2016 quia
1384 1990 1438 2009 non
1455 1981 1591 2008 habebant
1613 1980 1781 2008 altitudinem

982 2022 1080 2045 terrae.
1094 2017 1158 2045 Sole
1172 2022 1262 2044 autem
1283 2022 1354 2044 orto.
1379 2021 1565 2045 estuaverunt.
1587 2022 1616 2044 et
1637 2018 1700 2051 quia
1727 2025 1781 2044 111111

982 2052 1119 2080 habebant
1130 2053 1249 2081 radicem
1267 2057 1408 2080 aruerunt.
1425 2053 1482 2080 Alia
1509 2060 1599 2080 autent
1622 2052 1782 2080 ceciderunt

982 2088 1009 2115 in
1021 2089 1119 2123 spinis.
1135 2096 1163 2116 et
1178 2088 1361 2116 ascenderunt
1374 2089 1468 2123 spinae
1478 2093 1506 2115 et
1521 2087 1722 2115 suli‘ocavernnt
1738 2096 1780 2114 ea.

981 2123 1042 2151 Alia
1058 2132 1123 2151 vero
1136 2131 1152 2151 c
1164 2124 1178 2144 ιι
1196 2125 1339 2152 eciderunt
1355 2125 1382 2151 in
1402 2128 1502 2151 terrain
1517 2123 1625 2151 bonam.
1641 2129 1667 2150 et
1681 2123 1783 2150 dabant

982 2159 1112 2187 fructum.
1137 2160 1210 2187 aliud
1238 2160 1427 2187 centesimum.
1460 2158 1533 2186 aliud
1567 2158 1779 2194 sexagesimum.

981 2194 1055 2222 aliud
1069 2195 1249 2223 tricesimum.
1262 2194 1312 2227 Qui
1326 2195 1404 2224 habet
1415 2202 1496 2223 aures
1516 2193 1644 2222 audiendi
1660 2194 1753 2221 audiat
1769 2199 1780 2213 α
1798 2202 1803 2207 ε

982 2229 1018 2257 Et
1032 2231 1195 2260 accedentes
1207 2230 1331 2265 discipuli
1344 2232 1404 2264 ejus
1414 2229 1582 2257 disernntei.
1593 2230 1681 2262 Quare
1697 2229 1722 2256 in
1736 2237 1783 2264 pa—

983 2265 1086 2301 rabolis
1112 2267 1232 2301 loqueris
1259 2267 1309 2293 eis.
1336 2266 1376 2293 Ad
1402 2265 1448 2293 ille
1474 2265 1642 2299 respondens
1666 2265 1703 2292 ait
1719 2265 1779 2292 illis.

981 2300 1049 2334 Quia
1066 2300 1252 2328 vobis'datum
1272 2308 1315 2328 est
1333 2308 1416 2329 nosse
1427 2300 1584 2336 mysterium
1602 2301 1676 2336 regni
1691 2301 1781 2327 caelo-

982 2343 1055 2363 rum.
1085 2336 1140 2365 iliis
1163 2341 1253 2364 autem
1269 2344 1322 2364 non
1343 2342 1386 2364 est
1398 2335 1502 2364 datum.
1526 2336 1578 2370 Qui
1603 2337 1676 2363 enim
1702 2335 1783 2362 habet

982 2371 1091 2399 dabitur
1105 2372 1141 2400 ei.
1165 2372 1370 2403 et'abundabit.
1391 2373 1437 2408 qui
1460 2376 1552 2400 autem
1575 2379 1629 2400 non
1646 2370 1735 2398 habet.
1754 2373 1783 2397 et

983 1216 1159 1244 comederunt
1173 1223 1215 1244 ea.

985 1250 1012 1279 5.
1033 1251 1176 1288 Quaedam
1194 1255 1284 1288 autem

983 1286 1140 1314 ceciderunt
1155 1287 1181 1313 in
1194 1286 1197 1289 ’
1269 1286 1281 1290 “

984 1326 1091 1356 petrosa
1106 1322 1176 1354 loca,

983 1357 1027 1384 ubi
1043 1364 1095 1384 non
1111 1357 1192 1384 habe-

983 1392 1048 1419 bant
1064 1396 1163 1419 terram

982 1427 1094 1455 multam
1109 1435 1117 1459 ;
1131 1431 1159 1455 et
1172 1434 1237 1455 con-

982 1464 1058 1490 tinuo
1070 1463 1184 1490 exhorta

982 1503 1055 1531 sunt,
1072 1498 1134 1533 quia
1144 1506 1198 1526 non

983 1534 1117 1561 habebant

982 1568 1151 1598 altitudinem

481 2447 678 2489 visimus
697 2446 889 2490 bracmanas
904 2449 1038 2481 comcrs
1055 2452 1114 2482 us.
1132 2452 1161 2482 s.
1183 2452 1438 2482 GERMANENSIS.

161 2509 170 2525 ι
189 2508 281 2534 exiit...
293 2514 367 2533 secus

159 2540 171 2555 ³
189 2541 224 2565 ita
235 2543 263 2564 ut
274 2540 298 2564 in
310 2538 446 2564 naviculam
457 2538 603 2565 ascenderet
615 2540 641 2564 et
651 2537 782 2564 sederet...

162 2571 173 2587 ⁸
189 2571 232 2602 qui
243 2571 348 2602 seminat
364 2570 497 2602 seminare.
509 2569 540 2595 Et

159 2601 171 2633 ξ
187 2600 315 2630 Quaedam
326 2605 409 2626 autem
418 2600 561 2626 ceciderunt
571 2600 597 2633 in
606 2600 659 2626 loca
669 2604 779 2633 patron,
790 2601 834 2630 uhl

159 2632 172 2678 ξ
188 2633 412 2678 exorta,
424 2634 483 2663 etc.,
493 2634 519 2657 ut
533 2630 646 2664 Vulgata.

188 2666 324 2689 creverunt

1013 2510 1024 2558 ζ
1041 2511 1131 2567 (ἐῗδαιη
1141 2511 1255 2543 fructum,
1268 2511 1390 2543 quaedam

1013 2572 1024 2604 9
1041 2573 1175 2604 audiendi,
1188 2573 1279 2598 audiet.

1014 2603 1036 2636 3?
1053 2603 1085 2629 At
1097 2605 1152 2636 ipse
1165 2602 1319 2635 respondens
1329 2604 1363 2636 ait
1374 2603 1423 2636 illis
1435 2609 1441 2628 :
1451 2602 1515 2634 Quia

1013 2634 1034 2650 “
1052 2634 1124 2660 nosse
1136 2634 1278 2668 mysterium
1290 2635 1362 2666 regni
1373 2641 1379 2660 :
1390 2635 1439 2660 illis

790 2711 903 2746 BLANC
907 2712 976 2744 HINI
994 2714 1111 2745 1101³8.

164 2762 178 2778 ι
193 2757 248 2785 ain
259 2757 433 2792 acciderunt,
447 2758 557 2792 extrita,
571 2759 609 2787 uti
625 2762 653 2787 et
667 2758 747 2786 infra.

163 2792 180 2812 ι
195 2802 213 2820 a
226 2793 336 2821 extrita.
738 2810 743 2815 .

168 2834 181 2855 ς
196 2827 292 2863 Locus
305 2829 359 2857 ista
377 2832 420 2857 est
435 2835 537 2857 vacum
550 2828 581 2857 in
589 2829 694 2864 codice,
710 2835 737 2858 at
751 2829 859 2861 videtur
868 2831 928 2872 qui-

981 2762 1042 2790 dem
1059 2763 1095 2791 ibi
1111 2764 1218 2792 litteras
1231 2764 1327 2797 fuisse,
1341 2764 1392 2793 sed
1404 2764 1505 2794 deletae
1523 2762 1631 2798 penitus
1644 2764 1718 2789 sum.
1732 2767 1783 2789 nec

979 2799 1122 2841 vestigium
1138 2800 1221 2845 ullum
1236 2805 1370 2843 superest.

164 2898 207 2936 (α)
229 2897 268 2926 ita
281 2901 309 2926 et
326 2898 387 2927 cod.
403 2897 482 2927 Cant.
498 2898 616 2935 Ἐξῆλθεν.
629 2913 665 2922 -
681 2898 721 2937 (b)
740 2899 821 2929 Deest
833 2900 866 2936 de
876 2899 930 2935 40111

982 2899 1040 2928 iam
1051 2900 1078 2929 in
1089 2900 1151 2937 cod.
1164 2899 1242 2937 Gem,
