4048 6188
470 257 579 317 225

854 378 1087 437 CODEX
1140 377 1689 437 VERCELLENSIS.

474 473 683 533 teretur
706 475 773 531 ab
792 488 880 531 eo.
1307 472 1619 527 audierunt.

478 548 565 602 15.
620 547 744 603 Ideo
774 547 825 601 in
856 559 1083 616 paravo-
1312 543 1398 599 18.
1433 542 1542 616 Vos
1567 558 1697 616 ergo
1726 541 1880 598 audi-

480 618 547 674 lis
575 619 766 683 loquor
796 614 902 674 illis
927 635 941 673 :
1311 624 1361 669 te
1390 614 1702 683 parabolam

477 699 536 745 ut
565 685 811 743 videntes
1310 685 1649 740 seminantis.

476 774 584 815 non
611 758 854 827 videant,
1310 756 1400 828 ‘19.
1443 756 1629 828 omnis
1653 754 1743 828 qui
1769 770 1865 813 au-

476 840 531 885 et
550 830 834 887 audientes
1310 827 1393 881 dit
1421 827 1646 883 verbum

1308 899 1484 967 regni,
1506 907 1560 952 et
1590 912 1697 953 non

1309 968 1595 1038 intellegit,
1624 983 1718 1025 ve-

1314 1038 1393 1093 nit
1424 1040 1627 1104 malus,
1658 1048 1715 1096 et

1310 1112 1453 1182 rapit
1477 1110 1622 1181 quod
1646 1125 1733 1166 se-

1313 1183 1577 1236 miuatum
1604 1191 1690 1236 est

1313 1252 1367 1307 in
1394 1251 1560 1308 corde
1586 1252 1691 1307 illi-

1316 1337 1381 1378 us
1409 1340 1423 1378 :
1452 1322 1548 1394 hic
1568 1332 1653 1378 est
1673 1321 1764 1394 qui

1314 1408 1474 1449 secus
1502 1393 1645 1449 viam

1316 1465 1615 1520 seminatus

1312 1534 1406 1592 20.
1435 1544 1536 1590 est.
1568 1534 1674 1604 Qui
1712 1543 1895 1591 autem

1313 1620 1473 1677 supra
1498 1616 1649 1676 petra

477 916 585 957 non
617 901 857 957 audiant.

476 972 567 1029 14.
624 972 690 1028 Et
720 982 849 1029 tunc
873 972 1045 1044 inple-

478 1052 567 1100 tur
596 1046 829 1115 prephe—
1180 1084 1183 1085 ν

483 1155 519 1197 ..
556 1154 571 1170 .
625 1114 951 1198 inauEsciae
973 1115 1158 1173 dicen-

482 1186 591 1257 tis:
620 1185 696 1257 (ὁ)
725 1185 870 1257 Vade
899 1185 987 1241 dic
1017 1202 1115 1257 po-

479 1256 607 1326 pulo
638 1256 761 1312 huic
781 1256 823 1327 ‘j-
853 1274 867 1321 ;
908 1256 1040 1314 aure

478 1327 731 1392 audietis,
765 1338 819 1383 et
844 1344 952 1383 non

480 1398 570 1453 15.
623 1398 966 1469 intellegetis.
1000 1397 1085 1456 ln-

479 1482 660 1523 crassa
691 1484 788 1525 COI‘

479 1540 664 1609 populi
691 1540 880 1611 hujus,

479 1625 658 1676 aures,
684 1620 738 1665 et
759 1626 887 1666 ocu-

479 1681 560 1736 los
589 1697 779 1737 eorum
1313 1678 1610 1732 seminatus

478 1766 640 1823 grava
675 1772 688 1805 :
718 1768 788 1808 ne
815 1767 986 1823 quan—
1313 1756 1427 1823 est,
1447 1749 1534 1804 hic
1552 1757 1658 1813 est,
1682 1750 1774 1819 qui

374 1822 383 1827 ’
479 1820 550 1877 do
574 1820 896 1879 convertaii-
1314 1820 1540 1875 verbum
1564 1836 1659 1875 au-

1314 1890 1415 1956 dit,
1447 1899 1506 1946 et
1532 1892 1706 1947 conti-

1316 1977 1425 2017 nuo
1454 1979 1575 2017 cum
1597 1979 1731 2033 gau-

1314 2033 1405 2087 dio
1430 2034 1627 2104 accipit
1656 2034 1720 2088 il-

1313 2104 1404 2158 21.
1436 2104 1545 2158 lum
1575 2122 1587 2157 :
1614 2104 1711 2160 sed
1738 2120 1845 2163 non

1313 2173 1479 2229 habet
1506 2177 1559 2229 in
1588 2191 1647 2230 se
1669 2192 1755 2230 ra—

1313 2246 1513 2311 dicem,
1542 2247 1636 2301 sed
1657 2257 1742 2303 est

1312 2318 1647 2388 temporalis.

1312 2387 1477 2443 Facta
1508 2396 1689 2445 autem
1721 2387 1817 2444 tri-

1309 2458 1587 2532 bulatione
1620 2461 1691 2532 (ο)
1713 2460 1801 2516 vel
1827 2458 1868 2530 τ

1311 2531 1689 2599 persecutione

1348 2611 1533 2669 ropter
1561 2616 1683 2657 ver-

1350 2688 1461 2734 um,
1492 2674 1751 2728 continuo

1312 2742 1731 2797 scandalizatur.

1311 2811 1402 2865 22.
1445 2813 1548 2877 Qui
1570 2820 1749 2868 autem
1778 2814 1833 2869 in

1309 2884 1484 2953 spinis
1513 2883 1749 2938 semina-

1312 2962 1419 3021 tur,
1452 2953 1537 3009 hie
1561 2963 1669 3023 est,
1691 2956 1782 3026 qui

905 3074 1138 3131 CODEX
1166 3072 1636 3131 CORBEIENSIS.

478 3174 535 3220 et
562 3165 704 3236 quod
730 3166 890 3222 habet
908 3167 1185 3223 auferetur
1211 3168 1280 3220 ab
1305 3181 1391 3221 eo.
1449 3166 1464 3197 ¹
1515 3166 1746 3236 Propter
1772 3163 1877 3220 hoc
1900 3163 1953 3219 in
1987 3178 2074 3233 pa-

480 3237 681 3291 rabolis
708 3238 900 3306 loquor
927 3239 1033 3293 illis
1063 3256 1076 3291 :
1110 3249 1166 3291 ut
1190 3238 1437 3293 videntes
1470 3254 1576 3292 non
1604 3236 1856 3301 videant,
1887 3243 1943 3290 et
1979 3250 2075 3289 au-

480 3307 691 3363 dientes
748 3310 768 3339 ¹
814 3324 922 3363 non
979 3310 1236 3372 audiant,
1270 3324 1443 3377 neque
1479 3308 1796 3377 intelligant.
1828 3308 1895 3361 Et
1932 3314 2074 3377 tunc

482 3379 795 3447 implebitur
826 3382 876 3433 in
908 3380 1013 3434 illis
1058 3376 1575 3449 proplietia’Esaiae
1614 3376 1849 3432 dicentis
1884 3376 2073 3432 :Vade

485 3456 543 3503 et
562 3449 649 3503 dic
675 3451 870 3518 pupulo
889 3451 1009 3505 huic
1026 3468 1041 3516 ;
1058 3452 1079 3483 ³
1098 3448 1228 3505 aure
1251 3451 1502 3512 audietis,
1528 3458 1581 3503 et
1603 3464 1707 3503 non
1733 3448 2070 3518 intelligetis:

484 3530 541 3574 et
577 3520 820 3575 videntes
867 3521 889 3552 ⁸
942 3537 1047 3576 nou
1088 3520 1362 3576 videbitis.
1396 3520 1755 3575 Incrassatum
1797 3528 1881 3573 est
1931 3520 2076 3573 enim

481 3604 578 3645 cor
621 3593 801 3661 populi
835 3593 1024 3661 hujus,
1062 3603 1118 3648 ct
1155 3594 1374 3646 auribus
1440 3592 1675 3662 graviter
1714 3589 2003 3662 audierunt
2034 3591 2077 3655 ⁵,

486 3671 541 3715 ει
568 3663 757 3717 oculos
781 3678 908 3719 suos
936 3666 1214 3719 cluserunt
1248 3682 1261 3717 :
1291 3661 1578 3731 nequando
1604 3662 1775 3717 oculis
1812 3661 2031 3715 videant
2062 3701 2076 3724 ,

485 3743 541 3785 et
567 3735 786 3788 auribus
814 3736 1076 3800 audiant,
1116 3744 1169 3789 et
1206 3734 1373 3790 corde
1400 3734 1738 3803 intelligant,
1772 3741 1826 3786 et
1853 3746 2082 3786 conver-

487 3810 691 3868 tantur,
720 3813 774 3856 et
803 3820 986 3859 sauem
1020 3820 1133 3859 eos.
1168 3805 1344 3859 Vestri
1374 3816 1552 3859 autem
1584 3802 1744 3857 beati
1779 3804 1919 3856 oculi
1949 3802 1970 3832 °
1990 3803 2079 3869 qui

486 3872 689 3939 vident,
750 3884 804 3927 et
854 3890 1013 3929 aures
1065 3886 1280 3931 vestrae
1326 3890 1464 3943 quae
1490 3874 1733 3928 audiunt.
1758 3871 1928 3927 Amen
1961 3873 2082 3927 dico

486 3943 642 4015 vobis
675 3984 690 4006 ,
732 3944 853 4009 quia
898 3946 1053 3999 inulti
1130 3946 1424 4015 prophetae
1489 3953 1547 3998 et
1609 3943 1741 4012 justi
1799 3944 2084 4015 cupierunt

487 4014 674 4068 videre
724 4029 861 4084 quae
900 4018 919 4047 "
972 4014 1188 4079 videtis,
1220 4025 1275 4069 et
1324 4030 1428 4069 non
1473 4015 1772 4075 viderunt;
1808 4026 1862 4068 et
1893 4014 2084 4070 audire

488 4086 664 4152 quae"
692 4085 912 4149 auditis,
946 4098 997 4141 et
1028 4102 1133 4141 non
1166 4085 1471 4140 audierunt.
1502 4085 1609 4139 Vos
1635 4100 1766 4153 ergo
1788 4084 1968 4138 audite
1992 4100 2085 4154 pa-

489 4154 737 4209 rabolam
764 4158 1107 4211 seminantis.
1140 4157 1328 4210 Omnis
1357 4158 1447 4224 qui
1484 4157 1634 4209 audit
1657 4156 1883 4209 verbum
1910 4156 2081 4225 regni,

489 4234 545 4279 et
574 4240 679 4281 non
708 4227 980 4297 intelligit,
1006 4229 1155 4283 venit
1177 4228 1390 4293 malus,
1426 4237 1481 4282 et
1508 4228 1647 4295 rapit
1676 4226 1819 4294 quod
1850 4230 2085 4280 semina-

492 4305 605 4350 tum
637 4305 721 4352 est
750 4298 803 4353 in
832 4300 1000 4354 corde
1025 4302 1143 4367 ejus
1174 4316 1188 4351 :
1223 4300 1309 4353 hic
1330 4306 1416 4353 est
1444 4298 1538 4368 qui
1566 4311 1724 4353 secus
1753 4297 1893 4350 viam
1917 4298 2083 4352 semi-

491 4377 652 4440 natus
694 4379 798 4423 est.
853 4370 954 4437 Qui
985 4381 1165 4425 autem
1193 4385 1355 4440 super
1384 4381 1602 4438 petrosa
1631 4368 1932 4422 seminatus
1977 4376 2084 4440 est,

492 4436 580 4491 hic
608 4450 712 4503 est,
734 4441 825 4509 qui
852 4436 1075 4497 verbum
1105 4436 1293 4509 audit',
1340 4436 1396 4495 et
1429 4440 1688 4495 continuo
1728 4453 1853 4493 cum
1890 4439 2086 4508 gaudio

492 4512 513 4542 ’
537 4512 743 4579 accepit
772 4511 900 4565 illud
928 4531 941 4567 :
967 4529 1073 4567 nun
1102 4513 1263 4567 habet
1286 4513 1337 4566 in
1359 4526 1421 4567 se
1443 4511 1705 4574 radicem,
1729 4509 1826 4563 sed
1851 4518 1936 4563 est
1952 4520 2088 4565 tem-

493 4582 719 4650 poralis.
754 4580 919 4635 Facta
950 4595 1128 4639 autem
1164 4582 1514 4638 tribulatione
1558 4589 1613 4636 et
1666 4582 2088 4652 persequutione

492 4660 717 4721 propter
744 4653 968 4707 verbum
993 4696 1007 4717 ,
1040 4656 1301 4709 continuo
1323 4651 1741 4708 scandalizatur.
1770 4651 1877 4718 Qui
1906 4660 2085 4708 autem

494 4722 537 4754 ¹⁰
563 4732 647 4779 est
666 4724 966 4781 seminatus
990 4726 1044 4780 in
1073 4726 1266 4794 spinis,
1288 4724 1376 4781 hic
1401 4732 1516 4788 est,
1542 4722 1635 4794 qui
1792 4748 1795 4751 η

480 1902 589 1961 tur,
613 1904 668 1949 et
693 1909 880 1950 sancm

480 1963 572 2019 16.
613 1980 726 2020 eos.
763 1965 940 2020 Vestri

480 2045 658 2090 autem
692 2036 833 2092 beati
859 2050 921 2090 o-

478 2106 585 2161 culi
613 2106 704 2175 qui
725 2108 930 2173 vident,

479 2185 535 2231 et
563 2191 721 2249 aures
743 2192 884 2249 quae

478 2246 721 2303 audiunt.

479 2318 568 2371 17.
603 2321 774 2374 Amen
803 2318 924 2375 dico
951 2333 1047 2377 vo-

479 2387 584 2453 bis,
614 2390 758 2459 quod
791 2392 931 2445 mul-

478 2460 515 2514 ti
547 2460 841 2530 prophetae

475 2539 532 2585 et
551 2530 683 2600 justi
713 2531 898 2602 cupie-

476 2611 601 2656 runt
624 2602 809 2656 videre

476 2686 616 2739 quae
644 2672 859 2736 videtis,

475 2751 531 2797 et
558 2756 663 2796 nou
697 2742 883 2796 audie-

476 2821 636 2879 runt;
670 2824 725 2867 et
752 2828 850 2867 au-

476 2882 598 2938 dire
623 2899 763 2954 quae
787 2899 883 2937 au-

477 2954 607 3010 ditis
630 2996 644 3019 ,
674 2966 727 3010 et
757 2970 867 3011 non

1000 259 1272 321 EUSEBII
1309 255 1654 317 VERCELL.
1694 254 2147 316 EVANGELIUM
2182 255 2327 317 CUM
2369 256 2597 318 VARUS
2631 256 2786 316 COD.
2828 256 3224 318 COLLATUM.

3659 256 3768 314 291.

2604 377 2837 435 CODEX
2874 376 3331 436 VERONENSIS.

2170 474 2443 529 auferetur
2471 473 2539 529 ab
2565 488 2653 529 eo.
2864 492 2904 542 ,ξε
2999 484 3053 529 et
3078 475 3206 543 justi
3235 471 3527 543 cupierunt
3547 472 3737 530 videre

2176 546 2263 601 15.
2296 544 2421 601 Ideo
2447 560 2553 600 non
2587 546 2639 599 in
2672 559 2766 613 pa-
2810 612 2818 615 Α
2858 612 2865 615 Α
3004 561 3145 615 quae
3173 544 3405 611 vidistis,
3429 551 3485 600 et
3512 560 3620 600 non

2174 616 2376 689 rabulis
2405 616 2596 687 loquor
2618 612 2725 689 illis
2756 633 2771 671 :
2798 612 2877 687 (a)
3003 612 3289 689 viderunt;
3318 624 3377 689 et
3404 615 3596 673 audire
3633 630 3776 689 quae

2172 698 2231 741 ut
2255 686 2505 743 videntes
2528 701 2636 741 non
2656 687 2736 741 vi-
3006 703 3104 742 vos
3132 687 3385 753 audistis,
3411 696 3467 743 et

2172 757 2357 823 deant,
2385 767 2441 813 et
2460 757 2745 813 audientes
3012 773 3117 813 non
3151 758 3461 814 audierunt.

2172 827 2488 893 audiant,et
2519 843 2623 882 non
2655 830 2737 883 in-
3008 828 3096 882 18.
3129 829 3239 885 Vos
3264 844 3394 897 ergo
3420 844 3519 884 au-

2177 901 2434 969 tellegant
2465 916 2478 953 :
2511 914 2579 954 ne
2608 898 2826 969 quando
2909 967 2917 969 _
3013 899 3123 955 dite
3150 900 3466 969 parabolam

2176 967 2935 1039 licnnvertanturﬁttunc-j-
3012 972 3097 1024 19.
3123 967 3465 1026 seminantis.
3494 970 3622 1027 0m-

2176 1040 2230 1094 in
2254 1040 2359 1095 illis
2389 1056 2569 1095 sermo
2596 1041 2839 1108 Prophe—
3009 1042 3093 1096 nis
3116 1042 3207 1109 qui
3231 1041 3383 1097 audit

2177 1120 2267 1166 tae
2282 1111 2531 1183 dicentis
2549 1131 2561 1165 :
2582 1111 2658 1183 (b)
2681 1111 2832 1183 Vade
3010 1112 3234 1167 verbum
3267 1112 3422 1181 regni
3442 1151 3459 1177 ,

2176 1192 2228 1236 et
2263 1182 2349 1236 dic
2376 1182 2576 1253 populo
2594 1181 2731 1237 huic
2752 1181 2831 1253 ἰη
3012 1191 3067 1237 ει
3092 1198 3199 1238 non
3227 1183 3534 1253 intellegit,

2175 1266 2305 1307 aure
2332 1252 2662 1317 audietis,et
2689 1252 2795 1307 non
3012 1254 3159 1308 venit
3186 1254 3383 1320 malus,
3413 1252 3470 1309 et

2179 1322 2504 1395 intellegetis
2535 1340 2549 1379 :
2581 1332 2635 1379 ct
2678 1323 2866 1379 vidcn-
3010 1326 3151 1393 rapit
3176 1324 3325 1395 quod
3349 1324 3514 1380 semi-

2177 1401 2259 1448 tes
2286 1394 2561 1459 videbitis,
2587 1405 2642 1449 et
2667 1410 2777 1449 non
3010 1394 3206 1451 natum
3221 1404 3303 1449 est
3327 1396 3379 1450 in

2177 1466 2268 1520 15.
2300 1464 2574 1520 videbitis.
2605 1465 2879 1537 lngrassa—
3009 1466 3175 1523 corde
3197 1466 3378 1521 illius:
3402 1466 3490 1521 hic

2178 1545 2291 1590 tum
2315 1542 2403 1607 est
2424 1536 2571 1591 euitn
2600 1536 2696 1591 cor
3009 1546 3095 1593 est
3114 1539 3203 1607 qui
3236 1553 3395 1592 secus

2180 1606 2362 1676 populi
2391 1606 2578 1677 hujus,
2608 1618 2664 1663 et
2689 1622 2784 1663 au-
3009 1606 3151 1662 viam
3182 1609 3480 1664 seminatus
3508 1616 3615 1663 est.

2180 1678 2330 1749 ribus
2356 1678 2468 1731 suis
2495 1680 2731 1749 graviter
2758 1694 2852 1733 au-
3007 1679 3100 1734 ‘20.
3130 1679 3233 1747 Qui
3259 1688 3437 1734 autem
3459 1694 3550 1734 su-

2178 1747 2416 1813 dierunt,
2447 1747 2713 1820 etioculos
3011 1765 3108 1819 pra
3137 1760 3352 1820 petrosa
3383 1751 3461 1806 lo—
3784 1763 3825 1783 ο

2177 1834 2305 1873 suos
2331 1819 2699 1876 gravabcrunt
2723 1838 2737 1873 :
2765 1834 2835 1875 ne
3012 1836 3075 1876 ca
3104 1819 3402 1876 seminatus

2178 1889 2393 1959 quando
2414 1889 2586 1944 oculis
2613 1889 2867 1959 videant,

2177 1971 2233 2014 et
2259 1961 2479 2015 auribus
2504 1961 2766 2029 audiant,

2178 2041 2235 2087 et
2258 2031 2425 2086 corde
2456 2032 2793 2103 intellegant,

2176 2114 2228 2157 et
2259 2113 2668 2168 convertantur,
2694 2114 2750 2159 et

2178 2188 2362 2228 sanem
2410 2188 2526 2229 eos.
2571 2174 2937 2230 Incrassatum

2177 2253 2260 2314 est
2287 2242 2431 2299 enim
2460 2259 2556 2300 cor
2582 2246 2767 2314 pepuli

2177 2313 2379 2384 hujus,
2429 2324 2483 2369 et
2530 2331 2693 2371 aures
2744 2330 2935 2373 eorum

2176 2386 2421 2451 obstrue,
2452 2394 2507 2441 et
2537 2388 2724 2442 oculos
2752 2403 2843 2442 eo-

2177 2472 2293 2510 runt
2321 2471 2483 2526 grava
2508 2475 2520 2509 :
2552 2473 2619 2513 ne
2647 2457 2862 2527 quando

2174 2536 2585 2593 convertantur,
2615 2538 2669 2583 et
2698 2543 2883 2584 sancm

2175 2598 2296 2652 illos
2324 2597 2456 2653 dicit
2486 2599 2768 2654 Dominus.

2176 2668 2265 2724 16.
2279 2668 2451 2724 Vestri
2466 2678 2647 2725 autem
2662 2671 2803 2725 beati
2816 2684 2938 2726 ocu-

2173 2740 2208 2794 li
2232 2741 2323 2809 qui
2352 2740 2570 2807 vident,
2591 2751 2647 2797 et
2670 2757 2831 2798 aures

2174 2812 2573 2881 quaeaudiunt.
3008 2812 3100 2866 22.
3142 2812 3247 2879 Qui
3267 2818 3449 2866 autem
3474 2811 3529 2865 in

2176 2882 2264 2937 17.
2296 2880 2467 2937 Αιηεη
2490 2882 2612 2937 dico
2636 2897 2731 2939 vo-
3003 2883 3175 2951 spinis
3200 2882 3500 2938 seminatus
3521 2888 3626 2949 est,

2177 2953 2278 3021 bis,
2296 2953 2438 3024 quod
2464 2954 2620 3010 multi
2638 2954 2934 3025 prophetae
3008 2954 3095 3009 hic
3115 2962 3224 3022 est,
3250 2953 3343 3028 qui

2640 3071 2871 3129 CODEX
2900 3070 3299 3128 BRIXIANUS.

2180 3163 2325 3231 quod
2354 3163 2518 3220 habet
2543 3165 2824 3221 auferetur
2850 3166 2919 3221 ab
2948 3181 3036 3220 eo.
3071 3164 3368 3234 Propterea
3406 3163 3459 3219 in
3490 3160 3771 3233 parabolis

2179 3234 2375 3304 loquor
2401 3237 2504 3291 eis.
2525 3235 2649 3306 quia
2676 3238 2922 3292 videntes
2943 3252 3049 3291 non
3073 3236 3257 3291 vident
3284 3246 3339 3291 et
3359 3236 3643 3289 audientes
3664 3247 3779 3306 non

2178 3308 2406 3378 audiunt
2432 3304 2607 3378 neque
2636 3307 2978 3378 intellegunt.
3023 3307 3091 3362 Et
3116 3307 3352 3378 adimple
3382 3315 3407 3342 α
3443 3314 3594 3359 retur
3617 3306 3670 3359 in
3692 3304 3783 3378 eis

2180 3377 2463 3446 prephetia
2494 3377 2668 3432 Esaiae
2695 3376 2927 3433 dicentis
2969 3378 3155 3433 auditu
3187 3376 3441 3433 audietis.
3469 3386 3523 3431 et
3552 3390 3657 3430 non
3686 3376 3783 3446 in-

2186 3444 2467 3517 tellegetis.
2499 3458 2552 3503 et
2581 3450 2826 3505 videntes
2847 3449 3119 3504 videbitis.
3154 3459 3208 3503 et
3237 3464 3343 3503 non
3382 3448 3652 3503 videbitis.
3685 3444 3782 3499 ln-

2184 3529 2485 3574 crassatum
2535 3528 2619 3574 est
2665 3522 2807 3575 enim
2869 3536 2965 3575 cor
2997 3519 3179 3590 populi
3228 3520 3408 3589 hujus.
3443 3529 3496 3570 ct
3546 3517 3784 3571 auribus

2184 3590 2424 3659 graviter
2450 3592 2756 3645 audierunt.
2790 3601 2843 3647 et
2864 3592 3053 3646 oculos
3083 3606 3213 3645 suos
3229 3593 3789 3659 cluserunt.nequan-

2184 3658 2255 3714 do
2281 3662 2453 3717 oculis
2485 3662 2701 3717 videant
2730 3675 2785 3717 et
2834 3662 3057 3717 auribus
3086 3662 3326 3717 audiant.
3350 3668 3402 3715 et
3422 3658 3585 3713 corde
3612 3659 3788 3710 intel-

2186 3732 2390 3799 legant.
2425 3741 2480 3787 et
2505 3742 2912 3788 convertantur.
2938 3744 2990 3787 et
3023 3748 3208 3787 sanem
3242 3748 3356 3787 eos.
3386 3730 3564 3784 Vestri
3592 3738 3785 3783 autem

2187 3802 2327 3857 beati
2358 3804 2498 3874 oculi
2518 3803 2641 3874 quia
2665 3805 2868 3859 vident.
2884 3815 2937 3859 et
2965 3819 3125 3858 aures
3149 3814 3366 3858 vestrae
3383 3800 3779 3874 quiaﬁaud‘iunt.

2187 3874 2358 3945 Anien
2391 3873 2515 3928 dico
2536 3872 2722 3929 vobis.
2755 3876 2880 3945 quia
2912 3874 3070 3929 multi
3107 3874 3389 3945 prophetae
3418 3884 3472 3945 et
3498 3872 3650 3945 justi.
3683 3884 3789 3923 ett-

2186 3944 2407 4013 pierunt
2440 3945 2624 3999 videre
2655 3943 2794 4014 quae
2822 3961 2919 4001 vos
2960 3943 3177 3999 videtis.
3211 3955 3260 3999 et
3290 3960 3396 3997 non
3423 3943 3675 4014 viderunt
3716 3952 3781 3993 et

2186 4012 2375 4069 audire
2400 4031 2536 4083 quae
2552 4031 2647 4069 vos
2674 4012 2891 4070 auditis.
2927 4025 2980 4071 et
3012 4032 3118 4070 non
3150 4015 3458 4069 audierunt.
3494 4012 3600 4065 Vos
3622 4024 3784 4079 ergo.

2187 4086 2370 4157 audite
2413 4088 2726 4157 parabolam
2756 4088 3100 4142 seminantis.
3129 4088 3321 4140 Omnis
3355 4085 3445 4153 qui
3476 4084 3627 4137 audit
3659 4097 3790 4157 ver-

2188 4155 2327 4227 bum
2364 4153 2536 4227 regni.
2585 4168 2639 4211 et
2666 4174 2771 4212 non
2818 4159 3106 4227 intellegit.
3151 4160 3298 4210 venit
3324 4157 3520 4210 malus.
3554 4163 3607 4207 et
3636 4153 3791 4220 rapit

2187 4226 2333 4294 quod
2364 4226 2687 4282 seminatum
2718 4238 2801 4283 est
2831 4232 2883 4283 in
2910 4226 3077 4283 corde
3103 4230 3240 4297 ejus.
3274 4228 3359 4281 hic
3380 4236 3463 4281 est
3492 4226 3579 4295 qui
3615 4237 3785 4297 secus

2188 4293 2330 4351 viam
2359 4300 2657 4353 seminatus
2702 4310 2804 4359 est.
2834 4301 2935 4367 Qui
2965 4293 3149 4353 autern
3179 4313 3342 4368 supra
3366 4293 3581 4368 petrosa
3610 4293 3779 4347 semi-

2192 4376 2351 4444 natus
2377 4380 2479 4424 est.
2515 4370 2601 4425 hic
2621 4382 2704 4444 est
2730 4372 2819 4438 qui
2850 4371 3074 4444 verbum
3100 4369 3134 4444 ξ)
3164 4367 3342 4444 meum
3369 4367 3522 4444 audit
3555 4374 3611 4418 et
3652 4380 3793 4444 cop—

2190 4439 2345 4493 tinuu
2373 4455 2497 4495 cum
2523 4442 2720 4510 gaudio
2750 4443 2947 4510 accipit
2986 4440 3139 4495 illttd.
3170 4455 3278 4494 non
3303 4439 3465 4494 habet
3494 4445 3686 4510 autent
3720 4439 3785 4488 in

2178 4525 2250 4565 se
2276 4510 2511 4565 radicem
2526 4504 2631 4567 sed
2663 4523 2746 4567 est
2771 4504 3102 4581 temporalis.
3129 4511 3262 4566 Cum
3300 4520 3479 4564 autem
3504 4507 3643 4561 facta
3656 4504 3796 4581 fue-

2190 4583 2261 4636 rit
2305 4582 2586 4658 tribulatio
2616 4584 2634 4658 ζ
2647 4584 2708 4658 ο).
2728 4585 2810 4638 vel
2856 4576 2897 4654 1"
2933 4582 3261 4658 persecutio
3294 4590 3516 4658 propter
3557 4576 3795 4658 verburn

2189 4652 2450 4707 continuo
2470 4652 2891 4709 scandalizatur.
2920 4652 3021 4722 Qui
3044 4662 3226 4710 autem
3249 4653 3302 4709 in
3324 4652 3495 4723 Spinis
3516 4658 3601 4706 est
3620 4652 3800 4702 senii-

2193 4733 2354 4780 natus
2380 4724 2467 4779 hic
2506 4734 2590 4780 est
2613 4727 2706 4795 qui

3011 1900 3114 1953 est,
3138 1891 3228 1946 hic
3258 1900 3363 1954 est,
3394 1892 3487 1961 qui

3010 1962 3237 2018 verbum
3258 1962 3427 2027 audit,
3454 1971 3512 2018 et

3010 2035 3267 2088 continuo
3303 2048 3428 2087 cum
3466 2032 3657 2103 gaudio

3010 2104 3206 2173 accipit
3236 2104 3365 2159 illud
3394 2123 3407 2157 ε

3008 2175 3102 2231 ‘21.
3142 2174 3238 2229 sed
3266 2191 3373 2229 non
3403 2174 3566 2231 habet

3013 2246 3065 2300 iu
3094 2260 3153 2301 se
3181 2245 3415 2300 radicem
3441 2286 3456 2309 ,

3009 2316 3104 2372 sed
3141 2324 3225 2387 est
3248 2326 3356 2371 tem
3363 2330 3521 2387 pora-

3008 2388 3093 2442 lis.
3138 2386 3302 2443 Facta
3335 2386 3518 2442 autem

3011 2457 3353 2513 tribulatione
3386 2455 3461 2527 (ε)

3009 2530 3093 2584 vel
3138 2528 3179 2599 -ι-
3208 2528 3545 2598 persecutio.

3010 2614 3077 2654 ne
3113 2608 3333 2669 prepter
3358 2613 3483 2653 ver-

3010 2669 3162 2736 bum,
3202 2670 3463 2725 continuo

3009 2739 3469 2796 scandalizantur.

1180 4836 1576 4894 VARIANTES
1613 4835 2000 4895 LECTIONES
2038 4837 2307 4896 CODlClS
2343 4840 2449 4895 MS.
2492 4839 2551 4895 S.
2594 4840 3105 4898 GERMANENSIS.

556 4926 573 4956 ¹
610 4925 795 4980 Idcirco
814 4931 865 4979 in

494 4988 823 5099 Et'maggiant,
850 4998 903 5043 et
934 5006 1033 5044 non
1071 4991 1390 5057 intellegant;
1430 4992 1692 5056 nequando
1713 4996 2079 5043 convertantur.

558 5111 581 5142 ³
611 5112 779 5161 auditu
802 5116 1015 5166 audietis

558 5171 581 5245 ξ
615 5173 857 5245 videbitis,
883 5184 936 5227 et
954 5190 1047 5227 non
1073 5181 1335 5245 aspicietis.
1363 5178 1694 5243 Ingrassatum
1717 5186 1794 5231 est
1814 5191 1902 5230 cor

558 5236 580 5267 ³
612 5235 901 5299 audierunt;
937 5252 1001 5289 ne
1024 5235 1218 5303 quando

2253 4932 2275 4963 ⁸
2307 4934 2423 4995 quia
2447 4932 2643 4996 vident,
2671 4939 2722 4983 et
2744 4946 2892 4982 aures
2915 4947 3042 4998 quae

2251 4995 2274 5027 ’1
2310 5007 2395 5027 um
2418 4995 2598 5027 υἰιιοιία
2646 5003 2691 5027 nl
2718 4994 2890 5027 andi-us

2253 4995 2274 5027 ⁷
2310 4994 2395 5043 vos
2418 4994 2700 5059 videtis,'et
2717 4994 2890 5045 audire

2253 5055 2275 5087 ⁸
2310 5056 2534 5115 audistis,

2252 5117 2485 5181 {accipit
2508 5119 2623 5167 illud
2648 5118 2762 5169 :sed
2786 5130 2881 5168 non

2256 5177 2301 5209 ¹⁰
2334 5179 2387 5229 in
2408 5177 2563 5243 spinis
2583 5185 2853 5255 seminatur

1820 5320 2189 5381 BLANCHINI
2226 5324 2460 5383 ΝΟΤΕ.

570 5420 597 5449 ⁸
629 5412 907 5491 Duzeillte
931 5413 1128 5470 litterae
1147 5432 1227 5484 re,
1255 5417 1310 5473 in
1340 5419 1733 5491 adimpleretur,
1774 5418 1885 5475 lita:
1909 5425 2039 5474 sunt
2062 5432 2093 5473 a

502 5480 722 5541 librario
744 5484 942 5543 lineola
966 5480 1298 5544 transversa.

2268 5420 2298 5462 ιδ
2338 5422 2607 5479 Particula
2637 5422 2752 5492 illa,
2783 5439 2971 5493 meum,
3008 5423 3202 5480 extrita
3231 5433 3337 5479 εει.

571 5623 648 5748 Sa)
688 5624 765 5678 lta
786 5634 841 5681 et
859 5627 981 5683 cod.
1013 5635 1159 5683 cant.
1186 5629 1271 5683 ἵνα
1300 5628 1568 5702 βλέποντες
1589 5635 1658 5701 μὴ
1684 5630 1933 5701 βλέπωσι,
1966 5630 2049 5681 καὶ
2077 5659 2080 5679 t

571 5720 573 5748 ;
612 5692 729 5748 τότε
759 5698 1147 5748 πληρωθήσεται
1170 5717 1183 5748 :
1208 5702 1294 5748 etii
1319 5700 1557 5748 concinit
1579 5712 1635 5748 et
1666 5700 1897 5748 Vercell.
1928 5729 2000 5739 —
2026 5697 2078 5748 ib

2183 5627 2346 5688 ὗοντες
2367 5630 2437 5699 μή
2465 5624 2677 5693 κοῦωσι,
2698 5628 2781 5682 καὶ
2808 5630 2879 5698 μή
2910 5629 3164 5692 ἁσννῶσι,
3188 5632 3259 5698 μή
3289 5647 3412 5685 ποτε
3444 5629 3810 5704 irata-Maior

2183 5698 2297 5748 ddit
2324 5703 2451 5748 vade
2476 5706 2523 5748 et
2566 5699 2649 5748 dic
2678 5700 2868 5748 venula
2895 5699 3043 5748 huic:
3078 5704 3242 5748 etiam
3263 5701 3385 5748 cod.
3414 5698 3574 5748 Cant.
3603 5704 3810 5748 ποοεύ-

504 5698 595 5774 δαὶ
612 5698 729 5750 τότε
759 5698 1147 5774 πληρωθήσεται
1170 5698 1566 5774 :rcui'concinit
1579 5698 1635 5755 et
1666 5698 1897 5774 Vercell.
1928 5729 2000 5739 —

2026 5697 2101 5767 (ὁ)
2132 5698 2297 5773 Addit
2324 5697 2451 5751 unde
2476 5706 2523 5773 et
2566 5699 2649 5752 dic
2678 5697 2868 5768 populo
2895 5699 3043 5765 huic;
3078 5697 3242 5754 etiam
3263 5701 3385 5755 cod.
3414 5697 3577 5756 Cant:
3603 5697 3817 5773 πόρεύ-

504 5772 619 5824 θητι
647 5786 735 5821 και
756 5768 874 5821 ιίπῖ
888 5778 960 5839 τῷ
980 5772 1086 5838 λαῷ
1113 5773 1281 5845 τούτῳ
1298 5812 1315 5843 ,
1347 5787 1413 5827 ex
1444 5771 1626 5831 Esaia.
1654 5798 1723 5814 --
1753 5770 1825 5841 (ο)
1851 5769 1929 5829 Ita
1952 5778 2007 5827 et
2035 5778 2080 5827 te

2183 5784 2213 5827 s
2230 5768 2453 5826 Graecus
2472 5768 2523 5826 ἥ.
