4048 6188
219 277 341 335 225

608 394 839 454 CODEX
895 394 1436 457 VERCELLENSIS.

1056 495 1320 551 crevisset
1343 494 1468 550 her—

1056 564 1148 631 ba,
1166 576 1222 621 et
1242 565 1472 621 fructum

1058 636 1296 701 fecisset,
1324 647 1448 691 tunc

1057 709 1305 777 apparuit
1332 706 1405 779 (b)
1431 705 1573 761 ziza-

1055 779 1146 832 27.
1178 779 1290 833 nia.
1312 779 1510 833 Acces-

1060 858 1246 905 serunt
1280 858 1460 904 autem

218 492 452 548 verbum
479 507 577 547 au-

217 563 325 627 dit,
360 572 417 619 et
443 561 644 619 sollici-

216 635 421 689 tudine
447 648 634 690 saecu-

216 705 281 769 li,
317 716 375 760 et
399 706 639 759 volunta-

216 785 307 831 tes
335 776 641 830 divitiarum
662 815 677 842 ,

214 846 454 903 suﬁocat
474 862 597 901 ver—

215 934 376 986 vum,
396 915 675 990 et‘infruc-
1061 921 1204 976 servi
1234 922 1403 990 patris

218 998 414 1044 tuosus
443 987 521 1042 fit.
1060 987 1316 1055 familias,
1345 1000 1399 1047 et
1426 991 1509 1044 di-

216 1060 323 1116 25.
351 1060 452 1128 Qui
471 1074 599 1115 vero
628 1058 684 1115 in
717 1066 826 1117 ter-
1062 1072 1256 1117 xerunt
1284 1064 1331 1116 ei
1359 1081 1370 1115 :
1404 1061 1665 1127 Domine,

216 1146 344 1186 ram
372 1132 563 1185 bonam
1058 1149 1240 1188 nonne
1265 1133 1466 1188 bonum

216 1202 527 1257 seminatus
1059 1218 1244 1261 semen
1272 1206 1436 1259 semi—

216 1282 334 1339 est,
358 1272 449 1327 hic
472 1281 580 1345 est,
607 1275 699 1343 qui
764 1336 767 1339 _
1062 1276 1199 1330 nasti
1228 1275 1282 1329 in
1310 1290 1440 1345 agro

217 1345 382 1399 audit
400 1344 612 1398 verbum
633 1388 649 1410 ,
1062 1346 1188 1400 tuo?
1214 1344 1370 1402 Unde
1397 1361 1485 1401 er-

218 1426 277 1471 et
314 1414 612 1485 intellegit,
650 1413 726 1484 (a)
1058 1431 1130 1541 ξὲ
1157 1417 1323 1499 habet
1353 1418 1496 1500 ziza-j
1552 1486 1562 1497 _
1614 1485 1624 1495 .

218 1494 358 1541 tunc
383 1485 424 1541 'l‘
455 1486 685 1541 lructum
1138 1526 1149 1539 .
1195 1503 1281 1541 nia
1304 1488 1326 1541 ?
1361 1490 1426 1541 Et
1450 1496 1525 1541 att
1551 1484 1624 1541 llll

218 1494 358 1541 tunc
383 1485 424 1555 -ι-
455 1484 685 1541 lructum
1058 1484 1149 1541 28.
1195 1488 1326 1541 nia?
1361 1490 1426 1543 Et
1450 1488 1525 1542 ait
1551 1484 1661 1541 illis
1690 1502 1703 1538 :

218 1555 457 1619 adferet,
481 1566 536 1612 et
558 1557 636 1611 fa—
1057 1558 1313 1613 Inimicus
1343 1558 1439 1613 ho-

218 1629 299 1683 cit
326 1627 457 1699 aliut
484 1628 623 1699 qui-ﬂ
1061 1645 1150 1682 mo
1178 1628 1307 1683 fecit
1326 1629 1450 1685 hoc.
1482 1627 1558 1699 (c)

219 1699 350 1752 dem
380 1696 442 1751 C.
474 1707 531 1754 et
559 1698 693 1753 aliut
1059 1700 1255 1754 Dicunt
1278 1709 1305 1737 ιι
1335 1709 1390 1755 et
1418 1696 1533 1756 ser-

217 1769 653 1838 sexagesimum,
1057 1770 1108 1824 vi
1150 1769 1191 1841 -ι-
1218 1812 1233 1835 ,
1263 1769 1355 1825 Vis
1376 1812 1391 1837 ,
1421 1771 1596 1838 imus,

218 1841 358 1911 aliut
386 1856 494 1894 xxx
1058 1849 1115 1896 et
1139 1842 1443 1911 colligimus

1057 1912 1149 1968 29.
1178 1914 1281 1968 ea?
1309 1913 1457 1967 Dixit
1474 1913 1594 1969 eis:

1056 1982 1173 2037 Non
1200 2002 1213 2036 :
1247 1999 1315 2037 ne
1341 1984 1481 2039 forte

218 1841 358 1893 aliut
386 1856 494 1894 xxx

216 1909 317 1964 24.
350 1911 525 1965 Aliam
556 1923 782 1979 parave-

216 1981 331 2036 lam
354 1982 637 2051 proposuit

216 2052 327 2125 illis
346 2094 362 2119 ,
397 2053 582 2108 dicens
607 2071 619 2105 :
1060 2054 1381 2125 colligentes

216 2123 415 2179 Simile
440 2134 522 2179 est
549 2140 670 2196 reg-
1059 2123 1287 2196 zizania,
1312 2141 1435 2180 era-

217 2210 345 2249 num
370 2196 553 2250 caelo-
623 2195 630 2196 “
1058 2195 1248 2250 dicetis
1288 2197 1370 2265 (ά)
1399 2197 1558 2251 simul

216 2281 331 2320 rum
357 2266 536 2337 homi-
1058 2277 1112 2320 et
1138 2266 1179 2337 -ι-
1203 2268 1458 2321 triticum.

219 2338 266 2390 ni
287 2379 302 2402 ,
334 2336 436 2407 qui
461 2338 625 2393 semi—
1058 2336 1277 2394 50.Sed
1307 2339 1469 2395 sinite
1499 2346 1649 2395 utra-

217 2410 362 2463 navit
384 2410 587 2463 bonum
1055 2422 1160 2477 qne
1190 2424 1440 2464 crescere

219 2494 404 2535 semen
438 2481 487 2533 in
514 2495 575 2533 a-
1056 2494 1224 2549 usque
1254 2481 1320 2533 ad
1346 2497 1491 2537 mes-

217 2550 301 2604 25.
345 2565 452 2621 gro
480 2565 601 2606 suo.
630 2550 767 2607 Cum
1054 2564 1193 2617 sem,
1221 2558 1276 2604 et
1304 2551 1358 2605 in
1393 2561 1531 2607 tem—

221 2632 401 2677 autem
434 2621 641 2677 dormi-
1054 2634 1187 2689 pore
1212 2622 1409 2676 messis

218 2704 335 2746 rent
358 2691 545 2746 homi—
1054 2692 1231 2747 dicam
1261 2706 1467 2746 messo-

219 2763 317 2829 nis,
341 2764 499 2818 venit
525 2764 631 2818 ini—
1052 2762 1237 2817 ribus:
1260 2762 1486 2832 Colligio

220 2836 391 2889 micus
416 2834 544 2903 ejus
570 2876 586 2897 ,
1054 2842 1105 2887 te
1132 2833 1365 2904 primttm

220 2914 268 2958 et
290 2905 634 2975 supersemi—
1055 2904 1281 2965 zizania.
1310 2912 1363 2959 et
1388 2904 1500 2959 col-

220 2977 363 3030 navit
394 2975 601 3030 zizania
1058 2975 1219 3044 ligate
1259 2990 1323 3030 ea
1364 2976 1521 3031 fasci-

222 3047 269 3099 in
296 3047 538 3101 triticum
565 3088 581 3112 ,
1056 3047 1207 3100 culos
1239 3046 1305 3100 ad
1327 3062 1476 3101 com-

220 3116 306 3171 26.
340 3126 400 3174 et
427 3117 580 3172 abiit.
616 3117 725 3174 Sed
747 3130 873 3173 cum
1054 3116 1356 3172 burendum
1381 3159 1398 3185 ,

657 3226 891 3283 CODEX
915 3225 1381 3285 CORBEIENSIS.

219 3342 439 3397 verbum
462 3340 636 3409 audit,
657 3351 712 3397 et
733 3342 1023 3398 solicitudo
1050 3342 1252 3398 saeculi
1282 3343 1298 3372 ί
1329 3341 1505 3407 istius,
1530 3352 1581 3398 et
1607 3343 1815 3399 fallacia

219 3414 547 3478 divitiarum,
570 3416 591 3444 ³
619 3412 847 3469 suli'ocat
876 3414 1121 3477 verbum,
1146 3423 1201 3467 et
1223 3412 1342 3469 sine
1362 3414 1533 3468 fructu
1557 3414 1811 3469 efficitur.

218 3484 320 3552 Qui
346 3498 481 3538 vero
496 3484 548 3538 in
568 3493 769 3539 terram
788 3488 978 3539 bonam
994 3484 1289 3539 scminatus
1305 3494 1408 3548 est,
1436 3485 1525 3539 hic
1553 3494 1635 3540 est
1655 3526 1671 3551 ,
1721 3487 1815 3555 qui

219 3555 375 3609 audit
399 3555 643 3621 verbum,
663 3565 720 3609 et
750 3556 1019 3625 intelligit,
1062 3564 1116 3609 et
1144 3556 1372 3611 fructum
1406 3557 1581 3617 all'ert,
1612 3567 1666 3610 et
1688 3555 1818 3611 facit

218 3625 367 3680 aliud
393 3627 612 3696 quidem
662 3629 1040 3693 centesimum,
1095 3627 1241 3679 aliud
1272 3626 1291 3656 ³
1320 3636 1500 3681 autem
1533 3628 1813 3694 sexagesi-

219 3712 365 3750 mum
393 3737 409 3761 ,
467 3712 632 3765 porro
672 3696 820 3752 aliud
866 3713 995 3751 vero
1025 3697 1383 3751 tricesimum.
1431 3697 1603 3750 Aliam
1652 3713 1811 3765 para-

219 3768 402 3822 bolam
451 3768 733 3836 proposuit
787 3770 915 3832 illis,
968 3767 1157 3822 dicens
1206 3786 1219 3821 :
1278 3768 1468 3823 Simile
1499 3767 1699 3821 factum
1731 3778 1819 3822 est

221 3854 447 3908 regnum
476 3840 751 3894 caelorum
782 3840 1013 3905 homini,
1036 3840 1129 3908 qui
1175 3840 1457 3893 seminavit
1491 3840 1690 3893 bonum
1728 3854 1818 3894 se-

223 3926 345 3963 men
386 3913 438 3964 in
467 3925 600 3979 agro
638 3927 761 3965 suo.
791 3910 966 3978 Quum
999 3920 1177 3964 autem
1211 3910 1507 3963 dormirent
1544 3910 1819 3975 homines,

222 3982 370 4034 venit
398 3983 652 4035 inimicus
678 3984 797 4051 ejus
822 4025 836 4047 ,
886 3991 941 4035 et
980 3980 1434 4049 superseminavit
1480 3980 1687 4035 zizania
1713 3980 1732 4010 "
1762 3982 1817 4035 in

224 4051 403 4105 medio
424 4051 613 4113 tritici,
637 4058 692 4106 et
718 4053 898 4107 abiit.“
921 4054 1097 4120 Quum
1130 4062 1305 4106 autem
1334 4052 1595 4106 crevisset
1624 4051 1812 4116 herba,

225 4133 277 4174 et
308 4122 536 4177 fructum
565 4123 802 4187 fecisset,
834 4132 964 4178 tunc
992 4132 1357 4193 apparuerunt
1378 4133 1431 4177 et
1454 4121 1680 4176 zizania.
1712 4125 1815 4175 Ac.

227 4193 477 4265 cedentes
512 4200 694 4247 autem
734 4195 881 4249 servi
911 4194 931 4224 ⁵
963 4192 1386 4265 patrisfamilias,
1429 4194 1683 4265 dixerunt
1722 4194 1811 4265 ei:

232 4262 472 4334 Domine,
500 4279 683 4319 nonne
711 4265 910 4320 bonum
940 4262 1124 4320 semen
1148 4265 1426 4319 seminasti
1451 4264 1505 4317 in
1531 4279 1662 4334 agro
1686 4264 1813 4318 tuo?

232 4331 380 4389 Unde
408 4351 537 4405 ergo
565 4335 727 4391 habet
754 4336 960 4390 zizania
981 4340 1004 4389 ’ἐ
1037 4336 1101 4390 Ει
1129 4338 1205 4389 ait
1245 4335 1393 4388 illis:
1426 4331 1680 4389 inimicus
1714 4336 1812 4387 ho-

230 4419 317 4457 mo
339 4406 439 4461 hoc
460 4408 603 4461 lecit.
632 4408 650 4436 ⁷
676 4406 829 4460 Servi
853 4416 1036 4461 autem
1054 4406 1314 4460 dixerunt
1336 4407 1407 4469 ei,
1435 4405 1547 4469 Vis,
1574 4407 1735 4472 imus,
1760 4414 1818 4459 et

229 4477 526 4546 colligimus
551 4477 654 4532 ea?
685 4477 752 4532 Et
772 4479 887 4531 ait:
923 4477 1038 4531 Non
1068 4495 1081 4531 :
1115 4493 1182 4531 ne
1218 4476 1357 4531 forte
1380 4476 1699 4545 colligentes
1736 4477 1814 4530 zi-

231 4548 397 4613 zania,
429 4548 719 4603 eradicetis
752 4548 917 4603 simul
946 4550 967 4579 ⁸
1005 4563 1129 4602 cum
1162 4548 1240 4601 eis
1266 4558 1323 4602 et
1353 4548 1610 4602 triticum.
1641 4548 1816 4603 Sinite

233 4629 454 4689 utraque
482 4634 730 4674 crescere
759 4634 929 4687 usque
975 4618 1042 4672 ad
1070 4633 1324 4689 messem
1351 4660 1365 4683 ,
1403 4628 1460 4673 et
1488 4621 1541 4673 in
1570 4626 1818 4687 tempore

231 4688 424 4742 messis
449 4689 621 4744 dicam
653 4690 984 4744 messoribus
1011 4707 1023 4743 :
1053 4688 1303 4760 Colligite
1327 4690 1556 4759 primum
1584 4689 1815 4753 zizania,

232 4768 285 4813 et
310 4762 525 4830 alligate
548 4764 569 4795 ⁹
598 4776 662 4817 ea
708 4760 763 4816 in
790 4760 1078 4817 fasciculos
1104 4760 1172 4815 ad
1201 4762 1629 4816 comburendum
1657 4799 1672 4824 ,

1190 275 1643 337 EVANGELIUM
1682 272 2059 336 SECUNDUM
2096 272 2508 334 MATTIUEUM
2520 319 2532 330 .
3407 271 3514 329 226

2359 391 2593 451 CODEX
2632 389 3091 449 VERONENSIS.

1924 488 2150 544 verbum
2182 484 2360 551 audit,
2758 484 3045 538 seminavit
3073 480 3215 536 ziza—

1924 570 1983 615 et
2012 574 2106 628 per
2135 554 2456 615 sollicitudi—
2759 556 2848 608 uia
2875 554 2929 609 in
2963 554 3101 628 triti:

1923 624 2047 686 nem
2072 628 2274 685 saeculi
2300 628 2401 682 hu—
2757 640 2902 688 cum,
2932 635 2986 680 et
3008 624 3158 678 abiit.

1921 702 2033 771 jus,
2058 711 2112 756 et
2138 700 2328 770 volup-
2757 696 2848 771 26.
2890 696 2993 771 Sed
3021 710 3145 771 cum
3169 707 3291 751 cre-

1925 766 2064 827 iates
2088 771 2226 827 divi-
2268 766 2284 770 ⁷
2759 768 2928 823 visset
2953 766 3143 832 herba,

1925 844 2145 910 tiarum,
2174 841 2338 897 suﬂ'o—
2759 847 2816 895 et
2836 838 3069 894 fructum
3093 835 3174 891 fe-

1925 923 2053 969 cant
2073 909 2319 979 verbum,
2343 922 2399 967 et
2759 909 2946 975 cisset,
2974 918 3103 964 tunc

1926 985 2046 1040 sine
2067 984 2245 1039 fructu
2274 977 2391 1039 efli-
2759 988 3126 1051 apparuerunt
3155 977 3232 1051 (b)
3265 978 3490 1036 zizania.

1926 1058 2085 1111 citur.
2759 1053 2851 1107 27.
2892 1052 3256 1108 Accesserant

1926 1128 2019 1183 25.
2051 1126 2153 1195 Qui
2181 1142 2310 1182 vero
2333 1126 2385 1181 in
2415 1133 2527 1182 ler-

1927 1214 2046 1254 ram
2072 1200 2267 1253 bonam
2299 1213 2387 1253 se-

1928 1271 2165 1324 minatus
2192 1277 2297 1336 est,
2322 1268 2413 1325 hic

1929 1338 2034 1405 est,
2058 1340 2148 1409 qui
2173 1340 2324 1393 audit

1927 1412 2175 1477 verbum,
2202 1419 2257 1466 et
2290 1411 2373 1464 in-

1930 1483 2172 1552 tellegit,
2201 1480 2277 1551 (a)

2761 1133 2942 1179 autem
2981 1123 3126 1179 servi

2758 1197 2926 1265 patris
2948 1194 3200 1262 familias,
3222 1203 3277 1251 et

2756 1268 3013 1322 dixerunt
3033 1268 3081 1322 ei
3114 1284 3127 1319 :

2764 1339 3009 1402 Domine,
3046 1353 3226 1395 nonne

2765 1410 2966 1465 bonum
2994 1422 3179 1464 semen

2768 1479 3050 1552 semin_a_sti
3079 1480 3130 1533 in
3160 1496 3294 1552 agro

1931 1550 2127 1623 tune-j-
2153 1550 2388 1607 fructum
2768 1552 2907 1623 tuo?
2934 1550 3089 1623 Unde
3114 1566 3201 1607 er-

1931 1620 2159 1688 adleret,
2188 1632 2244 1679 et
2766 1638 2835 1690 go
2860 1620 3021 1678 habet
3046 1622 3189 1677 ziza-

1930 1696 2061 1750 facit
2088 1696 2251 1749 alium
2765 1694 2858 1749 28.
2900 1694 3033 1747 nia?
3062 1695 3127 1748 Et
3148 1695 3225 1748 ait
3251 1694 3318 1749 il-

2765 1764 2832 1819 lis
2865 1763 3160 1819 :lnimicus

2766 1835 2930 1908 homo
2960 1835 3065 1890 hoc
3088 1834 3342 1908 fecit.g(c)

2768 1907 2965 1977 Dicunt
2984 1909 3032 1962 ei
3059 1908 3201 1961 servi
3228 1906 3304 1977 1-,

2762 1976 2881 2043 Vis,
2913 1978 3076 2041 imus,
3107 1987 3163 2033 et

2765 2049 3075 2119 colligimus
3097 2064 3163 2105 ea
3185 2051 3210 2104 ἳ

2764 2120 2857 2175 29.
2899 2120 2981 2176 Ad
3010 2119 3087 2173 ait
3116 2121 3225 2177 illis
3258 2138 3271 2173 :

2764 2190 2943 2247 Nolite
2984 2208 2998 2244 :
3042 2206 3111 2247 ne
3150 2190 3293 2248 forte

2763 2262 3082 2330 colligentes
3110 2263 3255 2318 ziza-

2764 2335 2877 2398 nia,
2905 2334 3197 2406 eradicetis
3232 2334 3314 2406 (ά)

2764 2404 2925 2458 simul
2951 2414 3006 2459 et
3022 2403 3062 2473 ’ξ-
3088 2405 3174 2459 tri-

2763 2475 2856 2530 50.
2902 2480 3086 2530 ticum.
3115 2474 3221 2530 Sed
3243 2473 3407 2532 sinite

2766 2554 2994 2614 utraque
3023 2558 3275 2600 crescere

2769 2629 2938 2686 usque
2964 2616 3030 2671 ad
3054 2630 3312 2684 messem,

2767 2696 2822 2741 et
2843 2688 2894 2741 in
2921 2696 3168 2756 tempore

2769 2758 2965 2812 messis
2991 2758 3169 2812 dicam

2765 2829 3102 2885 messoribus
3131 2847 3144 2882 :
3170 2827 3297 2887 Col-

2762 2897 2913 2969 ligite
2943 2900 3171 2969 primum

2762 2971 2990 3036 zizania,
3012 2980 3066 3027 et
3094 2972 3311 3036 alligate

2762 3055 2829 3095 ea
2857 3041 3127 3097 fasciculis
3150 3058 3180 3097 a

2762 3112 3219 3182 comburendum,

2397 3226 2631 3285 CODEX
2672 3227 3066 3287 BRIXIANUS.

1932 3342 2155 3398 verbum
2205 3342 2357 3398 audit
2389 3351 2443 3399 et
2497 3343 2806 3399 sollicitudo
2854 3344 3054 3399 saeculi
3090 3344 3248 3413 hujus
3275 3354 3331 3402 et
3381 3346 3534 3404 falla-

1929 3415 2015 3469 cia
2061 3414 2370 3469 divitiarum
2401 3414 2632 3469 suli‘ocat
2671 3414 2920 3470 verbum.
2967 3425 3022 3470 et
3071 3415 3190 3472 sine
3221 3417 3398 3474 fructu
3424 3428 3450 3456 α
3479 3435 3534 3475 tn

1930 3486 2181 3541 eflicitur.
2257 3485 2360 3551 Qui
2423 3501 2551 3539 vero
2574 3486 2624 3539 in
2704 3496 2901 3540 terram
2971 3486 3168 3541 bonam
3237 3490 3535 3546 seminatus

1929 3564 2030 3611 est.
2079 3556 2165 3609 hic
2210 3567 2292 3610 est
2318 3556 2406 3625 qui
2436 3556 2585 3611 audit
2611 3557 2834 3611 verbum
2879 3564 2936 3611 et
2971 3557 3253 3627 intellegit.
3307 3569 3362 3613 et
3416 3562 3535 3614 fru-

1931 3638 2075 3681 ctum
2107 3627 2283 3681 all'ert.
2326 3636 2381 3681 et
2413 3627 2555 3680 facit.
2593 3628 2734 3681 aliud
2771 3627 3145 3681 centesimum.
3179 3628 3323 3683 aliud
3356 3640 3535 3684 autem

1934 3698 2353 3766 sexagesimum.
2387 3697 2533 3769 aliud
2574 3699 2964 3752 tricensimum.
3019 3699 3190 3752 Aliam
3225 3701 3536 3769 parabolam

1932 3769 2217 3893 proposuit
2256 3769 2336 3822 eis
2388 3768 2574 3823 dicens
2614 3769 2800 3825 Simile
2837 3781 2919 3824 eSt
2966 3784 3189 3839 regnum
3226 3768 3531 3826 caelorum.

1954 3840 2143 3893 nomini
2191 3839 2283 3893 aui
2314 3840 2518 3893 semina
2552 3838 2579 3877 δ
2612 3839 2689 3893 bit
2720 3843 2916 3893 bonum
2946 3854 3129 3893 semen
3180 3842 3231 3893 in
3259 3857 3388 3893 auro
3414 3858 3531 3893 suo.

1954 3840 2143 3893 nomini
2191 3839 2283 3909 qui
2314 3840 2518 3893 semina
2552 3838 2579 3877 δ
2612 3839 2689 3894 bit
2720 3843 2916 3894 bonum
2946 3838 3129 3894 semen
3180 3842 3231 3895 in
3259 3857 3388 3912 agro
3414 3858 3535 3897 suo.

1936 3912 2070 3964 Cum
2096 3920 2276 3964 autem
2325 3912 2624 3965 dormirent
2654 3912 2901 3966 homines
2950 3914 3101 3966 venit
3143 3912 3391 3967 inimicus
3421 3914 3538 3983 ejus

1937 3992 1992 4035 et
2036 3982 2725 4051 superseminavitzizania
2773 3983 2827 4037 in
2884 3983 3065 4038 medio
3097 3984 3161 4036 tri
3216 3994 3237 4021 ο
3297 3985 3427 4038 ttici.
3481 3993 3539 4039 et

1932 4053 2087 4106 abiit.
2123 4052 2259 4106 Cum
2290 4062 2470 4106 autem
2502 4054 2767 4108 crevisset
2797 4054 2986 4108 herba.
3032 4063 3086 4108 et
3115 4054 3344 4109 fructum
3377 4056 3537 4111 fecis-

1931 4131 2035 4177 set.
2071 4134 2199 4177 tunc
2237 4126 2683 4193 apparuerunt'et
2715 4125 2940 4179 zizania.
2996 4125 3329 4181 Accedeutes
3353 4136 3535 4181 autem

1932 4194 2074 4247 servi
2110 4194 2277 4260 patris
2302 4195 2553 4249 familias.
2587 4195 2850 4250 dixerunt
2878 4196 2947 4250 ei.
2980 4195 3207 4251 Domine
3229 4212 3410 4253 nonne
3444 4198 3540 4252 bo-

1933 4281 2061 4319 num
2090 4279 2281 4338 semen
2312 4266 2601 4338 seminasti
2635 4267 2688 4338 in
2717 4282 2848 4338 agro
2880 4276 2990 4338 tuo.
3036 4266 3187 4321 Unde
3217 4283 3348 4338 ergo
3376 4269 3541 4324 habet

1932 4336 2157 4389 zizania.
2193 4335 2275 4391 Ad
2306 4336 2397 4391 ille
2437 4337 2575 4390 dixit
2601 4336 2700 4390 eis.
2756 4335 3011 4391 Inimicus
3060 4340 3223 4391 homo
3252 4335 3355 4393 hoc
3386 4338 3535 4394 fecit.

1932 4405 2086 4461 Servi
2135 4417 2315 4462 autem
2345 4406 2599 4462 dixerunt
2633 4409 2683 4463 ei
2712 4406 2805 4462 Vis
2847 4422 2977 4476 ergo
3006 4415 3200 4477 euntes
3231 4409 3540 4477 colligimus

1934 4492 2018 4533 ea.
2070 4479 2142 4530 At
2182 4478 2273 4532 ille
2301 4478 2378 4531 ait
2403 4479 2482 4533 eis
2529 4478 2666 4533 Non.
2716 4493 2786 4534 ne
2820 4477 2957 4547 forte
2983 4476 3301 4547 colligentes
3334 4476 3540 4536 zizania

1931 4547 2220 4602 eradicetis
2251 4546 2331 4619 (ά)
2359 4548 2522 4623 simul
2553 4558 2608 4604 et
2636 4548 2677 4620 -ι-
2709 4549 2776 4603 tri
2807 4546 2834 4586 ἀ
2869 4549 3076 4623 tticum.
3110 4546 3283 4607 Sinite
3315 4563 3542 4623 utraque

1932 4633 2202 4672 crescere.
2230 4635 2402 4690 usque
2429 4619 2500 4690 ad
2523 4619 2778 4675 mesSem.
2809 4630 2865 4674 et
2892 4621 2946 4674 in
2978 4629 3224 4690 tempore
3248 4619 3542 4677 messis'di-

1932 4703 2063 4763 eam
2081 4689 2416 4763 messoribus
2441 4689 2702 4763 colligite
2720 4691 2955 4761 primum
2992 4689 3199 4749 zizania
3243 4701 3298 4749 et
3321 4694 3541 4763 alligato

1933 4759 2242 4816 fasciculos.
2274 4760 2341 4814 ad
2372 4759 2802 4818 comburendum
2830 4778 2916 4820 ea.

1929 1766 2146 1837 quidem
2177 1774 2399 1820 centen-

1929 1839 2126 1892 simum
2145 1879 2159 1901 ,
2185 1837 2321 1892 aliut

1929 1909 2351 1978 sexagesimum,

1928 1978 2076 2034 aliud
2110 1994 2243 2034 vero
2272 1981 2369 2032 tri-

1925 2051 2249 2107 censimum.
2282 2049 2387 2117 Qui

1927 2120 2092 2177 habet
2114 2135 2276 2176 aures

1926 2193 2133 2247 audiat.

1926 2262 2016 2317 24.
2061 2264 2237 2319 Aliam
2265 2262 2580 2332 parabolatn

1925 2334 2213 2404 proposuit
2236 2334 2367 2400 illis,

1926 2406 2116 2461 dicens
2148 2424 2161 2459 :
2196 2405 2386 2461 Simile

1926 2486 2011 2531 est
2038 2492 2263 2545 regnum
2292 2492 2417 2531 cae-

1926 2546 2106 2601 lorum
2130 2547 2361 2610 homini,

1925 2619 2017 2686 qui
2040 2617 2336 2672 seminavit

1924 2688 2128 2744 bonum
2144 2702 2333 2743 semen

1924 2760 1980 2813 in
2005 2774 2134 2830 agro
2155 2773 2273 2815 suo.

1924 2830 2020 2887 25.
2044 2828 2196 2885 'Cum
2218 2838 2401 2885 autem

1925 2902 2229 2957 dormirent
2256 2900 2433 2957 homi-

1926 2988 2025 3027 nes
2054 2974 2196 3042 ejus,
2222 2988 2308 3028 ve~

1926 3045 2010 3099 nit
2039 3043 2292 3099 inimicus

1927 3116 2070 3186 ejus,
2099 3126 2154 3171 et
2175 3130 2367 3186 super-

917 4872 1311 4931 VARIANTES
1347 4871 1732 4930 LECTIONES
1768 4867 2040 4928 CODICIS
2076 4872 2189 4928 MS.
2232 4870 2291 4928 S.
2334 4872 2848 4934 GERMANENSIS.

302 4994 317 5023 ³
356 4992 532 5043 saeculi
556 5000 609 5044 et
632 4991 853 5055 voluptas
869 4990 1147 5041 divitiarum

300 5056 323 5085 ³
358 5054 587 5107 suﬁ'ocant

300 5117 327 5181 ξ
358 5118 481 5181 aliud
506 5118 892 5181 sexagesimum,
914 5114 1044 5167 aliud

304 5178 329 5208 δ
364 5180 416 5226 in
437 5178 640 5230 triticum

297 5241 326 5273 ³
360 5241 458 5292 Sed
478 5255 588 5294 cum
607 5241 852 5295 crevisset

2006 4986 2028 5016 ⁵
2058 4987 2218 5099 Batris
2242 4985 2477 5061 familiae,
2505 4995 2577 5062 et.

2002 5048 2024 5113 ’ζ
2107 5053 2243 5113 tcunt
2267 5063 2313 5099 et
2336 5053 2496 5112 servi,
2519 5049 2626 5113 Vis,

2000 5110 2025 5185 ξ
2060 5111 2204 5185 simul
2231 5120 2285 5185 et
2312 5110 2544 5185 triticum.
2567 5110 2671 5163 sed
2691 5112 2842 5163 sinite

2000 5172 2024 5204 9
2060 5185 2121 5223 ea
2144 5173 2399 5224 fasciculos

1620 5314 1988 5392 BLANCHINI
2024 5317 2257 5377 now.

317 5471 345 5535 ξι
389 5480 434 5535 in
458 5464 506 5520 in
534 5465 778 5535 fructum,
807 5463 999 5521 derasa
1027 5470 1114 5519 est
1139 5476 1170 5520 a
1199 5469 1535 5520 correctore.

317 5530 347 5572 ι’
378 5530 673 5606 Seminabit,
706 5530 805 5608 pro
835 5536 1124 5592 seminavit.

2021 5473 2044 5500 ο
2085 5460 2202 5518 Una
2231 5475 2299 5517 ex
2328 5457 2539 5518 duabus
2566 5472 2588 5517 t
2613 5457 2809 5519 extrita
2831 5473 2918 5520 est
2940 5479 2971 5521 a
2991 5472 3323 5523 correctore.

2022 5528 2049 5570 ά
2080 5533 2151 5590 Et
2178 5534 2269 5591 hic
2292 5548 2508 5606 quoque
2531 5549 2634 5591 una
2665 5551 2735 5593 ex
2760 5535 2970 5594 duabus
2999 5537 3232 5593 textrita
3262 5545 3365 5594 est.

316 5697 490 5790 ςιεμω
510 5709 566 5757 et
593 5700 897 5790 co‘dLCant.
937 5698 1250 5790 rora—ib)
1269 5698 1410 5756 Ante
1427 5695 1632 5788 sizania
1660 5692 1815 5755 deest

1932 5707 1992 5754 ut
2021 5698 2073 5754 in
2102 5696 2226 5757 cod.
2247 5695 2405 5757 Cant.
2430 5729 2495 5741 ——
2520 5693 2591 5773 (ε)
2624 5697 2699 5757 lta
2728 5705 2785 5755 et
2807 5696 2929 5755 cod.
2956 5696 3365 5776 (ἔθυιλέγουσιν
3412 5704 3551 5782 αὐτῷ

237 5770 482 5830 οἰδοῦλοι.
504 5802 574 5814 -
593 5772 675 5846 (ά)
695 5772 771 5831 lta
797 5783 851 5831 et
870 5774 993 5831 cod.
1032 5770 1191 5833 Cant.
1218 5770 1328 5845 ἅμα
1352 5776 1456 5836 καί.

3222 5962 3293 5968 ,μ
3332 5963 3413 5969 ...η
3464 5945 3541 5969 -..ιδ
