4048 6188
470 272 577 339 927

858 389 1089 449 CODEX
1128 384 1679 447 VERCELLENSIS.

1305 479 2068 539 34.lia.......nia

1309 559 2072 610 .........tusest

1303 625 1465 682 Jesus
1493 627 1544 680 in
1573 620 1851 696 paravoiis
1895 663 1909 676 .

1371 736 1385 751 .
1432 737 1445 752 .
1494 738 1507 751 .
1549 693 1820 766 p'aravolis
1847 709 1958 750 non
1987 693 2066 749 lo-

1309 769 1576 837 quebatur
1601 767 1681 822 eis
1708 783 1724 823 :

1309 836 1399 895 55.
1444 847 1501 894 ut
1528 836 1851 907 adimplere‘

473 487 713 545 triticum
743 502 838 542 au-

474 569 581 615 tem
613 574 837 629 congre-

472 640 598 699 gate
626 630 681 685 in
711 630 903 685 horreé

474 694 564 757 51.
597 717 684 755 um
719 708 925 757 meum;
960 694 1077 754 Ali-

472 787 558 826 am
590 770 899 840 parabolam
928 767 1006 842 (a)

471 843 685 898 locutus
704 851 789 898 est
812 841 854 913 -ι-

471 915 552 970 eis
581 913 770 969 dicens
799 907 931 971 z'Si-
1311 920 1398 967 tur
1439 951 1451 964 .
1497 949 1511 965 .
1555 907 1660 964 uod
1680 907 1798 964 dic-

471 985 853 1055 mileestreg-

472 1071 603 1111 num
626 1053 900 1112 caelorum
1309 1053 1415 1109 Pro
1457 1092 1470 1105 .
1515 1088 1530 1104 .
1577 1089 1592 1105 .
1635 1088 1651 1104 .
1691 1060 1837 1106 etam

472 1142 643 1199 grano
667 1126 893 1199 sinapis,
1307 1123 1577 1199 dicentem
1611 1138 1624 1174 :
1660 1123 1806 1191 Ape—

473 1193 616 1269 quod
643 1238 656 1251 .
694 1238 707 1251 .
745 1238 757 1251 .
788 1193 915 1269 Ipi—
1307 1196 1443 1269 riam
1476 1193 1530 1249 in
1555 1208 1713 1264 para-

472 1265 573 1324 ens
603 1269 765 1324 homo
786 1265 865 1325 δέ·
1307 1265 1450 1322 bolis

472 1340 704 1395 minavit
732 1340 782 1393 in
806 1354 866 1396 a-
1306 1351 1370 1391 os
1400 1350 1602 1403 meum,

472 1425 626 1475 arum
652 1424 810 1466 suum
840 1428 855 1465 τ
1307 1416 1559 1463 eructua-

471 1480 563 1536 32.
605 1481 941 1557 quod_mini-
1306 1477 1378 1533 bo
1406 1477 1639 1557 abscon-
1685 1545 1718 1557 Δ.

472 1568 620 1607 mum
645 1553 864 1623 quidem
1308 1563 1366 1604 sa
1389 1555 1521 1623 ante
1546 1553 1749 1603 consti—

471 1633 557 1679 est
579 1619 829 1680 omnibus
1305 1619 1565 1674 tutionem
1595 1633 1751 1673 mun-

471 1694 769 1749 seminibus
800 1712 814 1749 :
1303 1690 1393 1746 56.
1433 1691 1508 1744 di.
1536 1689 1707 1756 Tunc,

470 1778 593 1820 cum
622 1776 799 1821 autem
1301 1760 1537 1816 dimissis
1565 1769 1679 1815 tur-

469 1836 726 1901 creverit,
762 1848 868 1892 ma-
1304 1831 1408 1897 bis,
1440 1831 1570 1887 abiit
1595 1830 1648 1884 in
1676 1829 1773 1885 do-

471 1905 555 1964 ius
586 1908 643 1960 iit
667 1909 842 1964 omul-
1303 1917 1448 1957 mum
1479 1919 1492 1956 :
1522 1911 1577 1957 et
1596 1916 1780 1957 acces-

508 1992 571 2032 us
599 1978 893 2047 holeribus,
1302 1982 1491 2047 serunt
1515 1973 1583 2047 ad
1613 1987 1738 2047 eum

467 2057 523 2126 et
556 2048 614 2102 lit
641 2050 803 2126 arbor
876 2042 889 2047 ⁷
1302 2043 1554 2126 discipuli
1582 2042 1723 2114 ejus;

468 2125 644 2183 tanta,
675 2118 829 2175 itaut
1302 2115 1390 2172 dic
1430 2153 1445 2168 .
1491 2157 1505 2170 .
1552 2154 1566 2168 .
1606 2128 1766 2170 es:.
1813 2154 1827 2170 .
1872 2155 1883 2169 .
1931 2153 1946 2170 .

466 2190 980 2248 volucr...cae-
1305 2200 1757 2242 ..rran..s

466 2258 503 2330 li
531 2259 766 2330 veniant,
798 2270 854 2317 et
1246 2297 1254 2302 -
1303 2255 1507 2330 parabo
1547 2295 1562 2311 .
1607 2294 1625 2330 _.
1671 2297 1685 2310 .
1731 2296 1744 2311 .
1790 2296 1805 2313 .
1851 2298 1864 2311 .
1912 2296 1925 2310 .

1302 2326 1465 2383 tritici
1488 2336 1543 2383 et
1572 2327 1733 2382 ziza-‘

1301 2414 1515 2453 ntorum
1539 2414 1674 2468 agri.

1299 2470 1389 2553 57.
1431 2468 1516 2553 Ad
1529 2469 1943 2553 desunt-espou-

1299 2540 1435 2596 dens
1469 2541 1545 2595 ait
1572 2558 1584 2593 :
1619 2540 1723 2607 Qui

1298 2612 1471 2668 semin
1516 2652 1529 2665 .
1574 2650 1590 2666 .
1635 2650 1649 2665 .
1694 2649 1709 2665 .
1750 2610 1848 2667 bo-

1300 2697 1878 2750 numse.....,

1298 2751 1473 2808 Filius
1498 2751 1676 2806 homi-

1296 2822 1388 2879 58.
1432 2824 1516 2878 nis
1539 2832 1658 2894 est._
1677 2824 1818 2894 Ager

1297 2902 1498 2959 autem,
1532 2903 1617 2950 est
1644 2892 1732 2948 hic

1297 2965 1550 3021 mundus.
1583 2965 1687 3019 Bo-

1296 3051 1903 3092 nutne.......

1293 3123 1443 3172 men,
1475 3107 1530 3162 hi
1551 3115 1680 3163 sunt

1294 3176 1392 3234 ﬁlii
1417 3180 1588 3249 regni.
1614 3177 1766 3234 Zizao‘

1292 3248 1383 3305 nia
1409 3248 1616 3316 autem,
1655 3250 1716 3304 ti-

1290 3320 1348 3376 lii
1377 3329 1503 3376 sunt
1536 3320 1727 3391 nequi-

884 3435 1117 3494 CODEX
1156 3435 1632 3495 CORBEIENSIS.

456 3550 693 3622 triticum
744 3558 923 3608 autem
990 3559 1317 3622 congregate
1390 3550 1445 3606 in
1526 3551 1781 3607 horreum
1852 3568 2057 3608 meum.

453 3620 631 3677 Aliam
680 3623 989 3691 parabolam
1060 3620 1346 3693 proposuit
1408 3623 1486 3677 eis
1556 3625 1742 3679 dicens
1793 3640 1806 3678 :
1862 3624 2057 3681 Simile

455 3703 542 3766 est
598 3710 822 3766 regnum
877 3695 1155 3750 coelorum
1213 3709 1383 3766 grano
1431 3695 1654 3763 sinapis,
1712 3695 1853 3766 quod
1908 3698 2054 3750 acci-

455 3764 612 3833 piens
658 3764 821 3819 homo
864 3766 1159 3821 seminavit
1213 3764 1265 3818 in
1312 3780 1444 3835 agro
1497 3780 1598 3820 suo
1647 3783 1661 3818 :
1708 3764 1850 3835 quod
1900 3768 2057 3822 mini-

455 3848 603 3888 mum
647 3836 864 3904 quidem
906 3847 991 3891 est
1035 3836 1289 3891 omnibus
1336 3837 1632 3890 seminibus
1677 3853 1690 3890 :
1749 3852 1912 3906 quum
1960 3853 2058 3893 au-

456 3912 564 3959 tem
619 3906 884 3973 creverit,
954 3907 1127 3976 majus
1167 3907 1184 3937 ¹
1211 3916 1295 3961 est
1320 3907 1570 3963 omnibus
1594 3904 1867 3972 oleribus,
1900 3916 1956 3962 et
1997 3910 2056 3963 tit

454 3977 640 4041 arbor,
691 3976 764 4031 ita
799 3985 857 4029 ut
886 3977 1136 4032 volucres
1165 3977 1303 4031 coeli
1363 3977 1582 4031 veniant
1622 3987 1677 4032 et
1726 3977 1970 4033 habitent
1999 3980 2053 4034 in

453 4047 623 4101 ramis
642 4046 776 4117 ejus.
812 4048 982 4101 Aliam
1013 4047 1321 4117 parabolum
1350 4047 1602 4116 loquutus
1624 4058 1706 4103 est
1728 4051 1827 4103 eis.
1864 4044 2054 4105 Simile

454 4124 789 4191 estreguum
840 4118 1115 4191 caelorum
1162 4118 1464 4191 fermento,
1512 4120 1533 4150 ¹
1573 4119 1716 4191 quod
1768 4130 2051 4191 acceptum

452 4188 651 4244 mulier
677 4188 963 4244 abscondit
993 4190 1045 4243 in
1079 4188 1283 4243 farinae
1306 4188 1327 4219 ³
1350 4190 1480 4243 satis
1502 4190 1695 4256 tribus,
1735 4188 1916 4245 donec
1943 4191 2053 4246 fer-

452 4269 749 4329 mentatum
782 4270 865 4317 est
896 4269 1087 4315 totum.
1120 4259 1263 4315 Haec
1288 4260 1467 4315 omnia
1501 4263 1756 4329 loquutus
1780 4269 1867 4316 est
1891 4261 2057 4318 .iesns

452 4328 507 4403 in
535 4331 802 4403 parabolis
832 4332 898 4385 ad
942 4336 1128 4403 turbas
1157 4348 1169 4385 :
1197 4342 1253 4386 et
1279 4333 1397 4387 sine
1424 4328 1693 4400 parabolis
1720 4334 1825 4386 non
1857 4333 2047 4403 loque-

452 4398 612 4474 batur
637 4402 715 4457 eis
761 4420 775 4456 :
825 4410 883 4474 ut
932 4401 1318 4473 adimpleretur
1354 4398 1498 4473 quod
1548 4403 1749 4458 dictum
1794 4398 2056 4474 erat'per

465 2327 713 2388 habitent
742 2327 794 2388 in
818 2348 847 2387 ι·
888 2368 904 2385 .
948 2373 962 2387 .

470 2439 547 2474 ἒξ.
591 2441 607 2456 .
647 2402 695 2457 is
722 2402 863 2474 ejus.

462 2471 555 2530 55.
602 2514 616 2528 .
662 2514 674 2529 .
716 2471 901 2530 {liam
924 2472 1155 2544 parabo-

469 2581 485 2598 .
526 2583 540 2599 .
588 2584 599 2597 .
645 2585 661 2601 .
704 2560 756 2600 m
785 2544 922 2599 dixit
940 2545 1043 2602 eis.

468 2627 1046 2687 ......_estreg-

464 2700 593 2739 num
637 2725 654 2740 .
698 2722 713 2739 .
755 2685 896 2739 aelo-

463 2770 584 2811 rum
616 2759 851 2811 fermen-

463 2833 540 2891 to,
570 2827 712 2896 quod
742 2839 927 2897 accep-

463 2904 578 2952 tum
606 2897 801 2954 mulier

460 2967 745 3023 abscondit
773 2968 826 3023 in

459 3036 690 3094 farinam
715 3053 860 3095 men-

457 3112 604 3165 suris
627 3111 821 3174 tribus,

423 3179 633 3259 .donec
662 3180 901 3237 fermen-

459 3260 628 3307 tatum
650 3259 736 3309 est
757 3260 840 3308 to-

456 3328 594 3380 tum.

452 4469 776 4541 Prophetam
836 4469 1104 4529 dicentem
1139 4490 1153 4529 :
1195 4469 1450 4542 Aperiam
1524 4474 1575 4528 in
1638 4475 1915 4545 parabolis
1958 4469 2087 4531 'os_

449 4556 664 4612 meum,
714 4544 969 4599 eructabo
1012 4546 1275 4601 absconsa
1316 4559 1346 4599 a
1392 4547 1778 4601 constitutione
1838 4546 2048 4602 mundi.

450 4610 622 4679 Tunc,
651 4610 893 4671 dimissis
921 4616 1111 4678 turbis,
1143 4616 1291 4672 venit
1321 4617 1374 4669 in
1402 4616 1624 4671 domum
1660 4631 1673 4670 :
1706 4627 1760 4671 et
1797 4632 2048 4672 accesse-

448 4698 576 4757 runt
612 4685 699 4757 ad,
729 4701 853 4741 eum
883 4685 1131 4757 discipuli
1161 4688 1298 4756 ejus,
1328 4687 1610 4743 dicentes:
1652 4687 1675 4719 ‘
1705 4686 1924 4743 Dissere
1952 4703 2055 4743 no-

446 4753 533 4831 bis
554 4753 1250 4831 parabolanrziza'niorum
1291 4767 1347 4813 et
1393 4758 1526 4829 agri.
1574 4760 1689 4831 Qui
1715 4759 2050 4831 respondens

447 4828 1000 4895 ait:Qui'seminat
1027 4828 1230 4883 bonum
1252 4828 1459 4895 semen.
1530 4841 1612 4884 est
1658 4828 1822 4885 Filius
1883 4830 2051 4889 homi-

448 4895 554 4950 nis.
572 4892 932 4967 Akerautetn,
958 4910 1041 4954 est
1063 4899 1084 4930 ⁸
1104 4892 1356 4954 mundus.
1383 4896 1591 4954 Bonum
1615 4902 1743 4955 vero
1758 4904 1964 4966 semen,
1993 4901 2046 4955 hi

446 4975 573 5022 sunt
606 4969 888 5041 tiliiregni.
914 4970 1129 5027 Zizania
1176 4981 1383 5038 autem,
1436 4970 1456 5003 "
1488 4971 1585 5026 ﬁlii
1613 4980 1743 5028 sunt
1790 4986 2046 5042 nequam.

1019 274 1293 337 EUSEBII
1331 262 1673 334 VERCELL.
1717 266 2054 328 EVANGEL.

2163 269 2170 328 l
2206 265 2353 331 CUM
2394 268 2626 329 VARUS
2661 269 2820 328 60D.
2859 268 3260 329 COLLA'I‘UM.

3662 268 3768 325 ευ

2611 386 2847 444 ΟΟΒΕΧ
2884 385 3349 446 VERONENSIB;

2173 479 2410 536 triticum
2433 488 2615 536 autem
2800 482 2805 495 '
3008 482 3222 537 locutus
3251 491 3337 537 est

2172 561 2497 623 congregate
2521 551 2576 606 in
3008 552 3169 609 Jesus
3193 553 3246 608 in
3269 556 3431 623 para;

2172 620 2428 679 horreum
2460 636 2660 677 meum.
3010 623 3148 678 bolis
3176 623 3242 678 ad
3270 620 3461 678 iurbas
3492 639 3507 674 :

2173 694 2263 749 51.
2308 693 2484 748 Aliam
2516 692 2827 765 parabolam
2855 691 2934 765 (a)
3008 705 3063 765 et
3092 696 3209 749 sine
3234 708 3395 765 para-

2173 765 2384 820 locutus
2410 772 2495 819 est
2521 763 2563 835 ’ί-
2867 763 2872 764 “
2913 763 2919 765 '
3006 764 3147 821 bolis
3169 763 3274 820 non
3303 765 3384 820 lo-

2171 835 2278 890 illis
2306 835 2491 891 dicens
2520 853 2533 889 :
3005 837 3274 892 anebatur
3301 838 3384 892 eis
3411 855 3423 892 :

2174 906 2362 963 Simile
2395 914 2476 962 est
2524 975 2529 976 ί
3004 906 3097 962 55.
3128 916 3186 961 ut
3211 907 3531 976 impleretur

2172 993 2397 1048 regnum
2421 975 2597 1032 caelo-
3005 978 3149 1048 quod
3171 975 3377 1034 dictum

2172 1063 2292 1131 rum
2320 1063 2487 1131 grano
2556 1117 2571 1131 _
3006 1057 3131 1131 erat
3156 1065 3251 1119 per
3274 1050 3415 1131 Pro-

2170 1117 2397 1189 sinapis,
2428 1117 2573 1191 quod
3007 1117 3227 1191 phetam
3254 1120 3339 1176 di-
3404 1162 3409 1165 .

2171 1189 2458 1263 accipiens
2476 1189 2646 1263 homo
3007 1189 3223 1263 centem
3248 1208 3261 1245 :
3286 1192 3430 1263 Ape-

2170 1262 2459 1317 seminavit
2487 1261 2540 1315 iu
3006 1262 3143 1317 riam
3167 1263 3219 1317 in
3245 1261 3399 1332 para-

2171 1347 2359 1403 agrum
2391 1347 2546 1387 suum
2579 1351 2595 1387 :
3007 1332 3148 1389 bolis
3168 1348 3231 1388 os
3251 1350 3453 1401 meum,

2171 1403 2262 1459 52.
2303 1403 2446 1473 quod
2480 1403 2642 1458 mini-
3006 1403 3301 1460 ructuabor

2171 1490 2320 1529 mum
2345 1473 2561 1545 quidem
3004 1475 3271 1531 absconsa
3299 1484 3425 1531 ante

2172 1554 2258 1601 est
2277 1547 2528 1600 omnibus
3004 1546 3446 1602 constitutionem

2173 1616 2473 1672 seminibus
2498 1633 2512 1670 :
3005 1617 3214 1672 mundi.

3004 1686 3099 1744 56.
3138 1688 3309 1754 Tunc,
3343 1687 3583 1745 dimissis

3006 1758 3200 1825 turbis,
3224 1759 3357 1815 abiit

3003 1829 3059 1883 iu
3084 1829 3305 1886 domum
3332 1847 3346 1884 :
3378 1839 3436 1888 et

3003 1910 3358 1957 accesserunt

3002 1970 3070 2025 ad
3099 1986 3222 2026 eum
3249 1972 3414 2028 disci-

3003 2042 3113 2111 puli
3137 2043 3276 2113 ejus,
3308 2044 3391 2104 di-

3000 2120 3188 2170 centes
3222 2133 3236 2169 :
3270 2113 3478 2170 Euam

3003 2183 3160 2240 nobis
3183 2186 3413 2253 parabo-

3000 2253 3108 2310 lam
3139 2257 3300 2312 tritici
3321 2264 3378 2313 et

2170 1701 2293 1742 cum
2320 1698 2500 1743 autem

2168 1759 2416 1822 creverit,
2444 1772 2559 1811 ma-

2171 1828 2253 1884 ius
2276 1831 2334 1883 iit
2359 1829 2533 1884 omni-

2207 1916 2270 1956 us
2295 1899 2594 1963 holeribus;

2167 1981 2224 2027 et
2252 1972 2310 2026 iit
2334 1972 2496 2026 arbor

2169 2041 2312 2110 talis,
2345 2042 2417 2097 ita
2439 2052 2499 2097 ut

2164 2109 2418 2169 volucres
2446 2109 2585 2168 caeli

2163 2185 2411 2249 veniant,
2443 2188 2499 2239 et

2165 2254 2419 2311 habitent
2446 2255 2499 2310 in

2162 2328 2332 2409 [amis
2345 2326 2499 2409 ejus.
3001 2325 3336 2409 zizaniorum
3367 2327 3505 2399 agri.

2164 2548 2253 2594 tus
2283 2549 2365 2595 est
2385 2538 2490 2598 eis.
2997 2537 3132 2595 dens
3155 2539 3233 2594 ait
3256 2556 3270 2594 :
3291 2538 3397 2607 Qui

2999 2611 3230 2667 seminat
3258 2612 3459 2667 bonum

3001 2694 3211 2747 semen,
3243 2690 3330 2737 est
3355 2681 3448 2737 Fi-

3003 2750 3107 2807 lius
3134 2751 3393 2808 hominis.

3003 2822 3092 2879 58.
3117 2822 3277 2894 ΑΑεθι*
3306 2833 3513 2891 θυιθως

3002 2900 3089 2949 est
3114 2892 3204 2950 hic
3233 2910 3391 2950 mun-

3002 2964 3124 3020 dus.
3155 2964 3365 3021 Bonum

3000 3050 3132 3092 vero
3162 3050 3374 3102 semen,

2165 2608 2359 2667 Simile
2382 2618 2467 2665 est

2164 2694 2391 2752 regnum
2419 2680 2586 2737 caelo-

2166 2766 2287 2807 rum
2316 2752 2606 2816 fermento,

2164 2823 2311 2892 quod
2342 2832 2625 2894 acceptum

2166 2894 2361 2949 mulier
2382 2895 2612 2950 abscon-

2166 2964 2248 3021 dit
2269 2964 2324 3019 in
2358 2964 2586 3021 farinam

2166 3038 2441 3092 mensuris
2462 3037 2559 3092 tri-

2164 3107 2287 3173 bus,
2313 3106 2489 3163 donec
3003 3105 3056 3162 hi
3086 3115 3214 3162 sunt
3237 3107 3333 3162 ﬁlii

2166 3177 2549 3234 fermentatum
3000 3178 3175 3248 regni.
3206 3177 3423 3305 Zéﬁnh

2166 3260 2251 3304 est
2272 3256 2467 3304 totum.
3004 3255 3210 3305 autem.
3323 3266 3340 3304 ι

2165 3260 2251 3304 est
2272 3256 2467 3304 totum.
3004 3255 3210 3315 autem,
3244 3255 3340 3305 lilii

2167 3320 2263 3378 54.
2307 3319 2453 3377 Haec
2482 3319 2665 3377 omnia
3003 3330 3132 3376 sunt
3156 3320 3352 3391 iniqui.

2646 3419 2880 3497 consx
2920 3437 3311 3498 BRleANUS.

2169 3553 2238 3610 tri
2277 3561 2305 3591 ιι
2349 3553 2533 3610 uicum
2591 3563 2791 3609 autem.
2825 3564 3169 3626 congregato
3194 3555 3251 3610 in
3280 3553 3533 3611 horreum
3561 3566 3772 3609 meum.

2171 3626 2354 3698 Aliam
2408 3626 2739 3694 parabolam.
2811 3624 2889 3698 (a)
2947 3624 3159 3682 loeutus
3207 3636 3293 3682 est
3337 3626 3377 3697 -ι-
3426 3626 3506 3680 eis
3552 3626 3769 3698 dicens.

2171 3696 2364 3754 Simile
2435 3707 2512 3752 est
2605 3696 2830 3768 regnan
2909 3698 3208 3753 caelovum.
3300 3706 3469 3768 grano
3557 3696 3775 3766 sinapis

2171 3712 2364 3754 Stmtte
2435 3712 2512 3752 εει
2605 3712 2825 3768 regnum
2909 3712 3208 3753 caelorum.
3366 3712 3469 3751 ano
3557 3712 3771 3766 sinapis

2165 3769 2308 3837 quod
2352 3768 2623 3839 accipiens
2665 3772 2828 3823 homo
2874 3771 3163 3823 seminavit
3209 3768 3260 3822 in
3300 3712 3430 3839 ἔξτο
3475 3780 3579 3822 suo
3621 3768 3771 3838 quod

2164 3839 2448 3893 minimum
2481 3839 2699 3909 quidem
2725 3851 2809 3894 est
2832 3840 3071 3894 omnium
3098 3840 3387 3895 seminum.
3424 3852 3549 3893 cum
3582 3846 3770 3906 autem

2164 3910 2418 3965 creverit.
2467 3910 2642 3978 majus
2668 3920 2752 3965 est
2799 3913 3051 3966 omnibus
3077 3909 3342 3976 oleribus,
3382 3920 3440 3965 et
3493 3910 3552 3965 ﬂt
3580 3911 3767 3964 arbor.

2166 3980 2237 4035 ita
2288 3991 2344 4034 ut
2387 3981 2638 4036 volucres
2667 3982 2801 4037 caeli
2844 3981 3087 4036 veniant.
3131 3993 3184 4039 et
3216 3982 3460 4037 habitent
3508 3982 3561 4035 in
3595 3981 3768 4035 ramis

2163 4053 2304 4120 ejus.
2353 4051 2526 4105 Aliam
2554 4053 2893 4122 parabolam.
2946 4053 3163 4109 locutus
3190 4064 3275 4108 εει
3322 4056 3424 4109 eis.
3466 4050 3658 4107 Simile
3684 4061 3773 4107 est

2164 4138 2391 4190 regnum
2420 4125 2691 4178 caelorum
2730 4126 3018 4179 fermento.
3063 4124 3206 4193 quod
3240 4132 3523 4192 acceptum
3569 4124 3775 4178 mulier

2163 4194 2470 4248 abscondit.
2502 4194 2557 4248 in
2591 4195 2799 4250 farinae
2843 4195 3111 4250 mensun's
3134 4196 3304 4251 tribus
3334 4196 3507 4250 donec
3530 4194 3773 4249 fermeu-

2164 4272 2336 4318 tatum
2365 4276 2447 4321 est
2474 4272 2665 4322 totum.
2693 4266 2838 4322 Haec
2858 4268 3037 4322 omnia
3059 4268 3272 4322 locutus
3291 4274 3376 4321 est
3405 4266 3564 4322 Jesus
3589 4266 3642 4319 in
3673 4280 3775 4333 ινξι-

2163 4335 2363 4408 rabolis
2393 4337 2456 4390 ad
2500 4339 2704 4392 turbas.
2734 4346 2789 4393 et
2822 4338 2941 4392 sine
2974 4338 3247 4408 parabolis
3281 4337 3415 4393 nihil
3446 4336 3777 4406 loquebatur

2160 4406 2262 4480 eis.
2290 4418 2347 4461 ut
2366 4408 2756 4477 adimpleretnr
2779 4408 2922 4480 quod
2948 4406 3151 4463 dictum
3180 4418 3286 4465 est.
3318 4408 3413 4478 per
3436 4408 3771 4480 Proplietam

2162 4476 2431 4549 dicentem
2466 4476 2717 4549 Aperiam
2752 4476 2811 4534 in
2836 4480 3109 4547 parabolis
3140 4495 3201 4535 os
3230 4476 3431 4534 meum.
3456 4476 3646 4533 eructu
3674 4477 3701 4517 δ
3737 4492 3773 4532 a

2163 4548 2232 4602 bo
2274 4548 2556 4605 absconsa.
2614 4565 2643 4605 a
2671 4552 3057 4606 constitutione
3102 4552 3308 4605 mundi.
3352 4552 3505 4605 Tunc
3528 4549 3779 4605 dimissis

2165 4619 2336 4675 turbis
2363 4623 2509 4676 venit
2536 4623 2591 4676 in
2617 4623 2836 4676 domum
2864 4621 3043 4678 Jesns.
3079 4633 3133 4677 et
3162 4630 3512 4677 accesserunt
3541 4621 3608 4674 ad
3642 4634 3775 4674 eum

2161 4690 2414 4765 discipuli
2446 4693 2585 4763 ejus.
2616 4692 2884 4765 dicentes.
2930 4692 3188 4749 Edissere
3228 4694 3412 4748 nobis.
3448 4692 3774 4765 paraboiam

2158 4761 2492 4817 zizaniorum
2521 4766 2658 4833 agri.
2688 4764 2809 4833 Ipse
2852 4774 3030 4820 autem
3084 4765 3423 4833 respOndens
3450 4761 3612 4818 ‘dixit
3661 4762 3776 4817 eis.

2156 4834 2262 4903 Qui
2296 4836 2522 4891 seminat
2559 4838 2760 4907 bonum
2793 4850 2980 4907 semen
3010 4845 3097 4892 est
3124 4835 3296 4891 Filius
3335 4833 3783 4907 hominis_._Ager

2158 4852 2262 4903 Qui
2296 4852 2522 4891 seminat
2559 4852 2760 4897 nonum
2793 4852 2853 4891 se
2913 4853 2980 4891 en
3010 4852 3097 4892 εει
3124 4852 3296 4891 unus
3335 4852 3591 4890 nominis.
3626 4852 3782 4903 nger-

2158 4913 2339 4959 autem
2362 4910 2453 4961 εει
2476 4907 2563 4961 hic
2580 4900 2837 4962 mundus.
2858 4852 3074 4963 ’iionum
3104 4916 3283 4963 autem
3315 4921 3524 4962 semen.
3558 4903 3615 4961 hi
3644 4914 3782 4960 sunt

2156 4974 2255 5029 ﬁlii
2298 4978 2471 5049 regni.
2519 4977 2738 5033 Zizania
2768 4990 2948 5034 autem
2984 4987 3135 5035 sunt.
3160 4977 3260 5035 ﬁlii
3291 4977 3534 5049 maiigni.

1155 5062 1554 5149 “mantus
1588 5061 1979 5149 LECitON‘ES‘
2005 5088 2277 5148 CODlCIS
2306 5092 2418 5151 ns.
2459 5094 2519 5153 s.
2547 5096 3055 5156 GERMANENSIS.

507 5196 528 5265 ξ
562 5195 617 5247 tit
638 5197 865 5249 omnibus
887 5197 1123 5265 oleribus,
1148 5204 1215 5255 ita
1236 5210 1294 5255 ut

504 5260 530 5292 ³
560 5273 659 5324 quo
694 5269 898 5325 accepto

505 5322 528 5355 ³
560 5324 807 5375 mensuris

504 5382 529 5417 ⁸
558 5383 806 5439 Enarra...
833 5385 980 5439 tritici
1016 5393 1070 5440 et
1101 5386 1392 5441 zizaniorum
1414 5391 1540 5454 agri.
1566 5390 1630 5445 At
1663 5390 1692 5442 εἶ
1698 5405 1814 5446 esus
1840 5407 2053 5462 respon-

2163 5206 2292 5259 deus

2220 5271 2251 5364 ξ
2281 5273 2543 5364 agmina“!

2281 5332 2364 5386 hic

2225 5395 2247 5426 ⁷
2282 5396 2354 5447 hii
2372 5403 2489 5450 sunt
2512 5397 2602 5452 lilii
2624 5401 2887 5467 nequitiae

1826 5498 2206 5585 cunam
2241 5522 2474 5582 NOTAE.

513 5642 538 5670 α
568 5630 637 5687 Et
656 5630 744 5687 hic
766 5632 1017 5691 similiter
1042 5647 1149 5690 una
1176 5647 1243 5690 ex
1270 5631 1480 5691 duabus
1506 5640 1526 5689 t
1549 5631 1767 5691 extrita.

510 5768 589 5843 (a)
616 5769 694 5830 Ita
718 5777 775 5827 et
797 5769 922 5830 cod.
943 5771 1381 5837 suum".

1186 5958 1224 5970 wc‘

2240 5636 2271 5676 ι»
2307 5636 2625 5708 Eructuabo,
2650 5656 2752 5715 pro
2779 5644 3039 5700 cruciabo.
