2024 3094
155 114 208 145 229

644 111 869 149 EVANGELIUM
888 112 1075 150 SECUNDUM
1095 111 1313 149 mutuitanti.

348 172 461 203 conss
484 168 752 205 VERCEthNsts.

153 220 198 249 59.
220 221 285 249 tiae.
300 221 424 250 Inimicus

152 262 257 298 autem,
274 257 319 292 qui
329 263 372 285 se-

152 297 269 320 minavit
277 300 318 325 ea,

152 328 279 355 diabolus
291 333 341 355 est.

152 363 250 391 Messis
265 371 339 396 vero,

151 404 324 426 consumma-

151 435 188 461 tio
202 434 301 461 saeculi
313 438 365 462 est.

151 469 286 497 Messores
300 477 347 497 au-

151 510 218 538 tem,
227 504 316 540 angeli

151 540 197 568 40.
218 546 290 568 sunt.
308 540 385 569 Sicut
398 544 442 569 ter-

151 584 185 610 go
196 578 358 611 colliguntur

152 612 266 643 zizania.
279 619 304 639 et
319 613 359 647 ig-

151 648 179 674 ni
192 648 352 675 comburun-

151 687 197 709 tur
213 691 219 709 :
236 683 273 710 sic
287 684 339 710 erit
351 684 378 711 in

149 725 325 746 consumma-

151 753 225 782 tione
234 760 330 782 saecu-

148 788 195 817 M.
216 789 245 817 li.
260 789 347 817 Mitlet
360 789 415 817 ﬂii-

149 845 158 853 .
180 845 187 851 .
211 845 218 851 .
238 825 357 853 hominis

146 860 259 896 angelos
274 868 348 894 suos,

146 901 175 932 et
187 896 284 932 collige
305 917 312 923 .
335 916 341 923 .
364 916 371 923 .
394 916 402 923 .

145 931 304 967 deregnoe
325 951 332 958 .
357 951 363 957 .
386 952 393 959 .

143 974 210 994 omn
232 987 240 994 .
260 985 270 994 .
291 987 298 994 .
319 973 398 995 scan-

142 1003 218 1036 dala,
233 1007 261 1030 et
271 1010 319 1031 eos
331 1003 378 1038 qui

141 1038 249 1066 faciunt
261 1038 313 1066 iui-

141 1073 290 1109 42.quitat
308 1094 315 1101 .
337 1094 345 1101 .
368 1092 375 1100 .
393 1081 400 1100 :
418 1078 447 1102 et

142 1109 222 1137 mitte
241 1130 248 1136 .
271 1129 278 1136 .
300 1129 308 1137 .
329 1129 336 1136 .
357 1115 389 1137 os

141 1144 170 1172 in
183 1144 318 1173 caminum

138 1180 223 1215 ignis.
237 1180 276 1208 lbi
286 1181 338 1208 erit

138 1215 233 1247 ﬂetus,
250 1221 277 1244 et
289 1222 315 1243 st
335 1235 342 1242 .
366 1236 373 1243 .
395 1235 403 1242 .

138 1251 192 1278 dor
205 1252 338 1279 dentiutn.

137 1287 186 1315 65.
207 1286 283 1315 Tunc
295 1286 360 1322 justi
375 1285 429 1314 ful-

137 1324 240 1357 gebunt
255 1324 325 1350 sicut

137 1359 178 1384 soi
197 1359 225 1385 in
241 1366 325 1393 regno

136 1393 229 1421 Patris
244 1402 351 1421 eorum.

136 1429 187 1461 Qui
201 1429 286 1456 habet
301 1437 344 1456 atl-

137 1472 193 1496 res,
208 1465 309 1492 audiat.

136 1499 183 1527 ﬂ.
200 1500 294 1537 Simile
309 1504 352 1528 est
363 1507 429 1537 reg-

136 1542 202 1563 num
216 1536 305 1564 caelo-

136 1578 199 1599 rum
216 1571 345 1600 thensau-

570 231 601 250 ro
614 224 748 252 absconso

571 259 598 287 in
614 267 678 295 agro
690 268 696 286 :
710 266 789 295 quem

569 295 846 323 eumin......

571 351 579 358 .
602 351 608 357 .
631 331 651 358 it
664 331 756 364 homo,
771 330 806 359 ab
826 350 834 358 .
857 350 864 357 .

569 406 910 436 etprae........

567 436 612 464 dio
623 436 695 464 illius
708 445 756 464 va-

567 471 615 504 dit,
628 472 720 500 vendit
731 472 793 500 uni-

566 514 644 536 versa
654 515 724 543 quae
740 505 831 542 habet,

627 563 635 571 .
656 562 664 570 .
686 564 692 570 .
714 544 764 571 mit
775 549 869 580 agrum

566 578 653 606 illum.

568 613 613 641 45.
632 614 733 642 lterum
748 613 824 643 simi-

567 648 592 676 le
606 654 650 677 est
664 657 776 685 regnum

567 684 703 713 caelorum

567 719 669 748 homini
684 728 767 757 nego-

568 763 893 785 .........uae-

567 799 926 820 .........tnam

564 827 747 855 margaritam.

563 862 610 889 46.
623 862 732 890 inventa
745 870 793 890 au-

564 902 618 925 tem
630 897 668 934 (a)
682 900 799 933 praetiu-

565 953 573 961 .
595 953 602 960 .
624 953 631 960 .
648 941 755 969 marga-

565 988 632 996 ...
656 988 662 995 .
686 989 692 996 .
714 969 904 1002 .iit,etiren-

561 1003 579 1031 d
599 1024 606 1032 .
631 1024 637 1031 .
660 1025 667 1031 .
690 1023 697 1031 .
718 1023 726 1032 .
746 1011 869 1033 uaecum-

561 1046 614 1081 que
695 1060 701 1066 .
725 1060 732 1067 .
754 1040 823 1075 buit,

560 1079 588 1102 ει
601 1079 667 1102 emit
676 1082 746 1104 eam.

559 1110 605 1138 47.
621 1110 720 1139 lterum
732 1112 807 1139 siml-

560 1146 586 1174 le
601 1152 641 1173 est
654 1153 765 1181 regnum

560 1182 697 1209 caelorum

560 1218 645 1245 retiae
660 1217 723 1244 mis-

512 1262 515 1265 ·
560 1259 606 1279 sae
618 1253 645 1279 in
659 1252 738 1286 mari,

559 1295 629 1322 quae
641 1296 676 1316 ex
689 1287 762 1315 omni

558 1330 659 1357 genere
677 1323 758 1358 pisci—

557 1357 866 1394 umc......(b)

556 1393 604 1421 48,
620 1393 688 1421 Cum
703 1397 750 1420 aut
769 1412 777 1420 .
801 1413 807 1419 .
831 1413 837 1419 .
856 1393 867 1421 ⁷.
882 1393 904 1429 1-

556 1436 612 1465 ess.
634 1448 641 1456 .
665 1449 671 1456 .
697 1448 703 1455 .
727 1449 734 1455 .
756 1429 887 1465 ta,(c)e-

557 1464 693 1492 duxerunt
707 1471 766 1491 eam
781 1464 804 1500 1-

557 1499 597 1535 (d)
611 1500 644 1527 ad
660 1500 723 1527 litus
737 1500 757 1535 1-
771 1507 814 1527 se-

556 1536 664 1568 dentes,
681 1535 741 1571 eleg
762 1556 768 1562 .
793 1554 800 1562 .
819 1556 829 1571 ν.

555 1576 619 1599 runt
632 1572 669 1606 (ε)
681 1572 799 1606 optimos
810 1570 836 1605 1--

1748 117 1801 152 280

1214 176 1330 205 CODE‘
1350 172 1576 206 YERONENSIS.

1000 224 1044 252 39.
1060 224 1187 252 Inimicus
1207 228 1308 258 autem,

1001 260 1044 293 qni
1061 259 1203 287 seminavit

1000 303 1031 321 ea
1042 317 1048 327 ,
1063 296 1185 322 diabolus

1001 337 1051 357 est.
1069 331 1163 358 Messis
1181 337 1254 365 vero,

1001 366 1198 393 consummatio

1001 402 1100 428 saeculi
1117 406 1168 429 est.

1001 437 1133 465 Messores
1152 441 1252 470 autem,

1000 472 1087 508 angeli
1100 477 1173 501 sunt.

1000 507 1045 536 4οζ
1060 507 1136 535 Sicut
1150 515 1215 543 ergo

1000 544 1165 578 colliguntur

1000 578 1112 612 zizania,
1126 582 1154 606 et

1000 614 1054 650 igtti
1069 615 1181 642 combu-

999 653 1096 678 runtur
1110 658 1117 676 :
1132 650 1172 677 sic
1187 650 1239 677 erit

999 686 1025 713 in
1042 686 1252 714 consummatio-

999 728 1060 749 nem
1073 721 1185 748 saeculi.

998 756 1043 784 41.
1065 756 1152 784 Mittet
1165 757 1234 785 [illus

998 791 1116 819 hominis
1129 799 1211 827 ange-

995 828 1037 856 los
1051 835 1125 861 suos,
1140 832 1168 855 et

996 863 1126 898 colligent
1140 862 1175 890 de

996 906 1080 934 regno
1092 900 1152 933 ejus

996 934 1087 961 omnia
1099 933 1234 968 scandala,

995 975 1023 998 et
1036 977 1085 997 eos
1096 971 1142 1004 qui

993 1006 1096 1033 faciunt
1111 1005 1209 1039 iniqui-

992 1041 1038 1068 42.
1053 1044 1135 1068 tatem
1152 1049 1158 1067 :

993 1082 1021 1104 et
1034 1076 1099 1104 mit-

993 1116 1052 1140 teut
1064 1118 1111 1139 eos
1126 1111 1152 1138 in
1166 1118 1210 1139 ca-

993 1148 1096 1174 minum
1112 1147 1192 1182 ignis.

993 1183 1031 1210 lbi
1047 1182 1100 1210 erit
1115 1182 1205 1217 ﬂetus,

993 1222 1021 1245 et
1033 1218 1134 1246 stridor
1145 1217 1210 1245 lien-

992 1254 1037 1281 45.
1060 1254 1137 1280 tium.
1153 1253 1230 1281 Tunc

990 1289 1055 1323 justi
1070 1286 1210 1322 fulgebunt

992 1323 1062 1351 sicut
1075 1323 1116 1350 sol
1132 1323 1157 1356 in

992 1367 1077 1394 regno
1097 1358 1184 1394 Patris

992 1393 1096 1422 eorum.
1112 1393 1164 1427 Qui

993 1429 1075 1457 habet
1085 1437 1175 1462 aures,

992 1465 1093 1492 audiat.
1110 1464 1198 1492 Aliam

991 1499 1196 1528 similitudinem

991 1536 1101 1571 adjecit,
1115 1536 1209 1563 dicens
1222 1542 1229 1561 :

991 1570 1036 1599 ﬂ.
1053 1571 1148 1600 Simile
1160 1575 1202 1599 est
1214 1577 1258 1599 re-

1418 232 1499 259 gnum
1515 225 1653 252 caelorum

1420 259 1565 287 thensauro
1581 260 1629 287 ab-

1418 302 1515 322 sconso
1531 296 1556 322 in
1568 301 1633 323 agro
1645 304 1652 322 :

1418 338 1497 365 quem
1513 339 1573 358 cum
1587 338 1628 359 tn-

1416 366 1521 394 venerit
1534 367 1625 400 homo,

1415 401 1558 429 abscondit
1571 410 1645 436 eum,

1417 441 1521 473 etprae
1536 438 1634 473 gaudio

1416 471 1488 500 illitis
1501 471 1585 506 vadit,

1416 512 1443 535 et
1459 508 1548 536 vendit
1564 509 1623 536 uni-

1415 550 1493 571 versa
1509 551 1578 579 quae

1417 580 1508 611 habet,
1520 584 1547 606 et
1557 579 1623 607 emit

1415 623 1508 650 agrum
1523 615 1609 642 illum.

1415 651 1460 678 45.
1478 651 1575 677 lterum
1587 650 1675 678 simile

1415 691 1457 714 est
1474 693 1584 721 regnum

1415 722 1549 749 caelorum
1564 722 1611 748 ho-

1415 757 1479 784 mini
1497 757 1654 792 negotianti,

1414 792 1554 827 quaerenti
1566 792 1663 820 bunam

1416 828 1599 856 margaritam.

1410 863 1457 891 ιϐ.
1473 863 1583 891 inventa

1411 903 1501 926 autem
1515 897 1554 934 (α)

1412 936 1545 969 praetiosa
1564 941 1668 969 marga-

1413 971 1473 1001 rita,
1490 970 1565 1001 abiit,
1582 976 1608 996 ct

1413 1005 1533 1033 vendidit
1545 1005 1635 1032 omnia

1411 1048 1595 1075 quaecumque

1410 1076 1513 1107 habuit,
1528 1080 1555 1103 et
1566 1076 1631 1102 emit

1408 1112 1454 1139 47.
1471 1119 1541 1140 eam.
1559 1112 1659 1139 lterum

1409 1147 1499 1175 simile
1514 1151 1616 1184 est_re-
1629 1180 1631 1184 ι

1409 1190 1490 1217 guunt
1506 1182 1644 1210 caelorum

1410 1219 1494 1245 rctiac
1510 1219 1607 1244 missae

1411 1253 1437 1279 in
1455 1253 1533 1284 mari,
1549 1259 1618 1285 quae

1410 1295 1445 1315 ex
1459 1289 1532 1314 oumi
1545 1294 1646 1322 genere

1412 1324 1524 1357 pisrium
1536 1323 1653 1358 collegit.
1669 1322 1706 1358 (b)

1410 1359 1454 1385 48.
1472 1358 1539 1385 Cum
1553 1364 1641 1385 autem

1410 1359 1454 1385 48.
1472 1358 1539 1385 Cum
1553 1364 1641 1385 autem

1410 1399 1481 1421 essm
1494 1393 1615 1428 impleta,
1634 1358 1675 1430 (ἐς

1410 1430 1561 1457 eduxerunt
1572 1437 1631 1456 eatn
1645 1428 1665 1464 ἦ

1407 1464 1449 1500 (d)
1466 1465 1498 1491 ad
1515 1465 1591 1497 litus,
1608 1464 1628 1499 -ῒ

1408 1505 1435 1527 et
1449 1500 1584 1532 sedentes,

1409 1536 1559 1570 cllegerunt
1574 1536 1610 1570 (e)

1407 1572 1526 1605 optimos
1537 1571 1557 1606 -ξ-
1572 1571 1610 1605 pi-

350 1638 468 1667 CODEX
483 1637 720 1667 CORBEIENSIS.
731 1632 734 1639 ’

135 1696 265 1725 Inimicus
277 1701 379 1729 autem,
395 1698 440 1732 qui
458 1697 604 1725 seminavit
620 1698 628 1713 ι
638 1717 645 1729 ,
662 1700 705 1724 est
717 1696 850 1724 diabolus.
865 1696 938 1725 Mes-

133 1733 174 1760 sis
187 1740 264 1765 vero,
282 1733 485 1760 consummatio
508 1732 607 1760 saeculi
621 1734 630 1748 ²
643 1736 694 1760 est.
712 1732 845 1760 Messores
858 1739 934 1766 vero,

134 1768 228 1802 angeli
248 1772 320 1795 sunt.
348 1769 424 1796 Sicut
439 1776 504 1803 ergo
522 1768 686 1803 colligantur
699 1768 813 1801 zizaniu,
839 1773 866 1795 et
882 1768 935 1803 igni

134 1805 353 1831 comburuntur:
371 1804 411 1831 sic
433 1805 486 1830 erit
513 1804 539 1831 in
568 1803 802 1832 consummatione
822 1804 934 1831 saeculi.

137 1838 226 1866 Mittet
250 1838 319 1866 ﬁlius
341 1839 457 1866 hominis
475 1839 584 1874 angelos
603 1846 678 1872 suos,
701 1844 729 1866 et
756 1839 884 1873 colligcnt
898 1839 932 1866 de

137 1881 223 1909 regno
236 1875 294 1908 ejus
307 1875 398 1902 omnia
414 1875 538 1902 scandala
553 1880 579 1902 et
606 1882 653 1902 eos
663 1875 707 1906 qui
723 1874 822 1901 faciunt
833 1874 931 1908 iniqui-

136 1914 222 1937 tatem
238 1918 245 1936 :
259 1915 287 1937 et
304 1910 411 1937 tnittent
424 1917 473 1937 eos
484 1911 510 1937 in
521 1910 656 1937 caminum
671 1909 752 1944 ignis.
770 1910 806 1936 lbi
822 1909 874 1936 erit
885 1911 932 1937 ile-

137 1950 179 1972 tus
203 1949 231 1973 et
252 1946 353 1972 stridor
379 1945 509 1973 dentimn.
525 1946 600 1973 Tunc
613 1945 679 1980 justi
695 1944 837 1979 fulgebunt
860 1946 933 1973 sicut

137 1981 176 2016 sol
187 1981 198 1996 ³
208 1981 235 2008 in
250 1989 333 2016 regno
347 1980 433 2008 Patris
444 1989 548 2008 eorutn.
565 1981 614 2014 Qui
628 1981 710 2008 habet
723 1988 803 2007 aures
818 1981 943 2007 audien-'

137 2015 175 2047 di,
189 2015 291 2044 audiat.
305 2016 400 2044 Simile
412 2021 453 2044 est
464 2024 576 2051 regnum
588 2016 725 2044 coelorum
739 2016 866 2043 thesauro
883 2017 931 2043 ab-

136 2058 234 2079 seonso
246 2053 272 2079 in
288 2059 354 2087 agro
370 2061 376 2078 :
394 2059 473 2086 quem
489 2053 534 2087 qui
549 2052 652 2079 invenit
668 2053 760 2083 homo,
776 2051 930 2084 abscondit.

136 2091 164 2122 et
178 2095 243 2122 prae
266 2086 366 2122 gaudio
384 2087 456 2114 illius
470 2086 555 2119 vadit,
572 2091 600 2114 et
613 2087 703 2114 vendit
723 2088 849 2114 universa
862 2095 933 2122 quae

138 2121 259 2155 habet,et
267 2121 334 2150 emit
340 2130 433 2158 agrum
442 2123 528 2150 illum.
540 2127 554 2142 ⁸
561 2122 661 2150 lterum
677 2122 766 2149 simile
773 2127 814 2150 est
821 2121 931 2157 regnum

138 2159 272 2186 caelorum
286 2158 389 2186 homini
412 2159 585 2193 negotiatori,
604 2158 743 2192 quaerenti
762 2158 846 2185 bonas
862 2166 933 2184 utar-

137 2195 242 2228 garitas.
257 2194 368 2221 inventa
383 2193 393 2209 ⁸
403 2199 492 2221 autem
504 2201 555 2221 una
567 2194 684 2228 pretiosa
697 2194 851 2228 margarita.
865 2194 933 2220 abiit

137 2233 164 2256 et
173 2229 292 2257 vendidit
304 2230 395 2257 omnia
407 2229 494 2264 “quae
507 2229 609 2262 habuit,
626 2234 654 2256 et
669 2230 733 2256 emit
746 2236 815 2256 eam.
829 2228 929 2256 lterum

137 2265 221 2292 simile
235 2271 278 2293 est
288 2272 401 2300 regnum
416 2265 556 2292 coelorum
571 2265 581 2280 ⁸
595 2272 709 2299 sagenae
724 2266 823 2300 missae
835 2265 860 2300 in
874 2272 931 2291 ma-

137 2306 176 2331 re,
191 2305 219 2327 et
237 2308 272 2328 ex
285 2299 359 2328 omni
374 2308 474 2335 genere
488 2300 599 2334 piscium
620 2299 806 2334 congreganti.
831 2299 929 2333 Quam,

137 2342 216 2371 quum
230 2336 338 2371 impleta
349 2342 401 2370 est,
411 2336 567 2369 educentes,
580 2341 608 2364 et
618 2343 698 2363 secus
709 2336 783 2364 littus
791 2336 930 2369 sedentes,

138 2370 277 2407 elegerunt
295 2371 382 2400 bonos

1216 1637 1333 1667 CODEX
1352 1637 1552 1668 BHIXIANUS.
1563 1640 1579 1671 ’ἶ

990 1696 1117 1725 inimicus
1142 1700 1231 1724 autem
1247 1696 1290 1731 qui
1313 1695 1456 1723 seminavit
1478 1703 1509 1723 ea
1532 1700 1574 1723 est
1587 1695 1710 1724 diabolus
1721 1695 1791 1724 Mes-

990 1733 1028 1760 sis
1043 1740 1107 1760 vero
1130 1732 1326 1759 consummatio
1341 1735 1384 1758 est
1409 1731 1521 1758 saeculi.
1540 1732 1675 1759 Messores
1700 1736 1789 1759 autem

989 1768 1078 1802 angeli
1099 1771 1172 1794 sunt.
1198 1767 1273 1794 Sicut
1289 1774 1354 1802 ergo
1366 1767 1528 1801 colliguntur
1550 1766 1662 1795 zizania.
1687 1772 1715 1794 et
1729 1768 1791 1802 igne

989 1804 1195 1831 comburuntur.
1224 1802 1262 1829 sic
1288 1804 1340 1829 erit
1363 1802 1389 1828 iit
1423 1803 1656 1829 consummatione
1688 1802 1789 1829 saeculi

988 1839 1078 1873 hujus.
1093 1838 1180 1865 Mittet
1195 1837 1266 1864 illius
1278 1837 1395 1873 hominis
1405 1838 1518 1872 angelos
1532 1845 1608 1864 suos.
1624 1841 1651 1873 et
1661 1837 1790 1872 colligent

985 1872 1114 1909 deiregno
1126 1875 1194 1908 ejus.
1210 1873 1300 1900 omnia
1311 1872 1449 1900 scandala.
1464 1877 1492 1900 et
1502 1880 1549 1900 eos
1563 1874 1608 1907 qui
1623 1872 1725 1909 iaciunt
1738 1873 1790 1899 lni-

985 1907 1115 1943 quitatem
1140 1907 1167 1937 et
1183 1910 1290 1936 mittent
1309 1916 1357 1935 eos
1380 1909 1406 1935 in
1422 1910 1558 1936 caminum
1577 1908 1655 1943 ignis.
1673 1907 1712 1935 ibi
1737 1909 1790 1936 erit

984 1945 1065 1973 ﬂetus
1078 1949 1106 1972 et
1133 1945 1234 1971 stridor
1247 1944 1381 1971 dentium.
1397 1944 1472 1971 Tunc
1483 1944 1549 1979 justi
1566 1944 1704 1978 fulgebunt
1720 1944 1789 1971 sicut

985 1981 1025 2009 sol
1040 1981 1066 2008 in
1083 1988 1164 2015 regno
1177 1979 1262 2007 Patris
1276 1981 1326 2007 sui.
1342 1980 1392 2013 Qui
1411 1979 1492 2007 habet
1504 1987 1584 2007 aures
1597 1979 1723 2006 audiendi
1739 1987 1788 2006 au-

985 2016 1051 2044 diat.
1070 2016 1168 2043 lterum
1181 2016 1270 2043 simile
1283 2019 1326 2042 est
1339 2022 1449 2050 regnum
1467 2016 1618 2043 caelorum.
1642 2015 1789 2042 thensauro

985 2054 1121 2079 absconso
1135 2052 1161 2078 in
1176 2059 1253 2086 agro.
1268 2058 1347 2085 quem
1363 2050 1504 2078 inveniens
1522 2051 1614 2078 homo.
1632 2050 1786 2077 abscondit.

985 2092 1013 2115 et
1028 2095 1090 2122 prae
1106 2087 1205 2121 gaudio
1217 2086 1277 2121 ejus
1296 2087 1368 2113 vadit
1388 2087 1478 2114 omnia
1492 2094 1562 2121 quae
1581 2086 1663 2113 habet
1678 2086 1787 2113 vendet.

985 2126 1013 2151 et
1041 2126 1114 2150 emet
1137 2129 1231 2157 agrum
1259 2122 1345 2148 illum.
1372 2122 1470 2149 lterum
1498 2122 1588 2149 simile
1610 2126 1652 2148 est
1673 2129 1787 2156 regnum

984 2158 1133 2186 caelorum.
1150 2158 1251 2185 homini
1265 2158 1424 2192 negotianti.
1440 2158 1569 2192 quaerenti
1585 2157 1668 2184 bonas
1684 2164 1788 2192 marga-

983 2194 1060 2221 ritas.
1072 2193 1282 2227 Quiinveniens.
1299 2200 1378 2220 unam
1393 2199 1440 2228 pra
1454 2192 1589 2219 betiusam
1602 2192 1786 2228 margaritam.

983 2229 1070 2256 tabiit.
1086 2233 1113 2256 et
1128 2228 1250 2256 vendidit
1271 2229 1361 2255 omnia
1376 2235 1444 2263 quae
1462 2227 1555 2254 habuit
1573 2233 1600 2255 et
1619 2229 1684 2255 emit
1700 2227 1786 2255 illam.

986 2264 1086 2291 lterum
1101 2264 1189 2291 simile
1206 2269 1247 2291 est
1265 2271 1377 2299 regnum
1402 2264 1538 2291 caelorum
1556 2269 1566 2282 ε
1583 2263 1667 2290 retine
1688 2263 1787 2299 missae

984 2299 1013 2326 in
1025 2299 1104 2326 mari.
1122 2306 1192 2333 quae
1205 2307 1238 2326 ex
1253 2298 1326 2326 omni
1338 2306 1439 2334 genere
1453 2298 1567 2334 piscium
1582 2299 1701 2333 collegit.
1718 2298 1786 2334 Cum

985 2340 1076 2362 autem
1092 2332 1193 2369 inpleta
1204 2340 1276 2362 esset
1288 2332 1442 2363 eduierunt
1451 2332 1511 2363 eam
1525 2335 1559 2362 ad
1572 2335 1636 2362 litus
1648 2332 1676 2362 et
1688 2332 1787 2361 seden-

986 2374 1028 2398 tes
1041 2370 1182 2405 elegerunt
1201 2371 1287 2398 bonos

492 2438 689 2469 VABIANTES
707 2439 901 2468 LECTIUNES
915 2437 1047 2467 GODICIS
1065 2437 1122 2466 MS.
1143 2435 1171 2466 S.
1194 2435 1449 2467 GERMANENSIS.

171 2485 179 2500 ¹
196 2491 235 2516 ea,
248 2488 286 2510 est

171 2516 180 2530 '
195 2516 292 2541 saeculi.
310 2515 435 2543 Messores
445 2520 527 2543 autem

170 2546 181 2581 ξ
196 2547 221 2581 in
230 2551 332 2579 regnum
341 2542 421 2574 Patris
431 2542 485 2581 sui.
615 2578 620 2581 _
682 2579 685 2581 _

171 2576 181 2592 ⁵
196 2576 294 2604 Inventa
305 2582 388 2605 autem
399 2578 505 2612 pretiosa
516 2578 664 2612 margarita,
674 2579 744 2606 abiit.

1017 2486 1218 2522 §q“’.e°“m.q“e
1249 2517 1254 2522 .
1460 2521 1485 2522 ,,
1599 2521 1604 2522 γ
1685 2514 1707 2521 μ.
1723 2514 1743 2521 η.

1018 2516 1029 2532 σ
1046 2516 1129 2542 reciae
1142 2516 1232 2542 missae
1247 2517 1273 2541 in
1284 2522 1363 2545 mare,
1373 2521 1437 2547 quae
1454 2521 1486 2540 ex
1498 2516 1786 2548 omnigenerepiscium

1014 2547 1095 2573 llexit.
1109 2547 1168 2573 Cum
1178 2552 1261 2573 autem
1271 2551 1338 2572 esset
1348 2546 1457 2577 impleta,
1466 2546 1593 2572 duxerunt
1603 2553 1659 2573 eam
1671 2546 1700 2572 ad
1708 2546 1786 2577 littus;

984 2554 1095 2573 conexu.
1109 2554 1168 2573 lium
1178 2554 1261 2573 autem
1271 2554 1338 2572 esset
1348 2554 1457 2577 ιωριίειει,
1466 2554 1593 2572 auxerunt
1603 2554 1659 2573 eam
1671 2554 1700 2572 ID
1708 2554 1786 2579 ιιιιις;

986 2582 1013 2605 et
1023 2579 1143 2604 sedentes
1153 2579 1259 2610 optimos
1270 2578 1405 2609 elegerant
1415 2577 1443 2602 in
1453 2578 1519 2604 vasis
1529 2579 1581 2605 suis
1588 2597 1597 2611 ,

796 2629 980 2660 BDANCHINI
1000 2630 1116 2659 ΝΟΤᾸΕ.

178 2676 272 2715 {Quod
287 2679 327 2715 de
337 2678 453 2713 pretiosa
476 2679 626 2715 margarita,
636 2675 739 2706 dictum
760 2683 812 2715 est.
828 2678 928 2715 omitti-

136 2715 184 2739 tur
195 2712 291 2742 incuria
302 2712 437 2742 librariiin
448 2722 500 2743 ms.
511 2712 605 2743 codice
613 2714 783 2743 Corbeiensi.
796 2713 927 2742 Proclivis

134 2752 223 2776 autem
234 2749 281 2777 luit
293 2751 383 2785 lapsus
396 2755 507 2786 propter
519 2758 613 2779 vocem
627 2749 739 2785 Iterum,
752 2757 924 2785 cenaequen-

983 2682 1025 2707 ter
1035 2677 1171 2707 iteratam.

1018 2712 1032 2756 If
1047 2713 1073 2741 ih
1081 2714 1254 2756 ppraeliosamr
1260 2714 1361 2756 extrita
1373 2720 1427 2744 est.

1020 2755 1031 2770 ε
1047 2754 1138 2784 retiae,
1155 2757 1204 2786 pro
1216 2754 1276 2779 reti.

176 2822 290 2861 (9)7Aute
307 2824 446 2861 praenota,
461 2819 539 2861 deest
556 2833 618 2858 una,
632 2826 713 2854 etiam
738 2825 764 2852 in
789 2825 850 2853 cod.
869 2823 947 2852 Cant.
958 2840 995 2849 -
1009 2826 1048 2861 (b)
1059 2826 1100 2855 Ita
1110 2831 1137 2855 et
1148 2827 1209 2855 cod.
1221 2826 1300 2856 Cant.
1315 2825 1357 2856 ὃτι
1372 2826 1412 2856 δέ.
1434 2841 1470 2847 ——
1486 2825 1523 2860 (ε)
1536 2825 1573 2854 lia
1586 2829 1613 2855 et
1627 2825 1689 2855 cod.
1701 2817 1782 2858 Cant.

135 2859 292 2895 ἀνεβίβασαν
305 2861 394 2891 αὐτόν.
408 2859 448 2897 (d)
464 2860 502 2889 lta
523 2865 553 2890 et
569 2864 660 2890 textus
681 2861 801 2895 Graecus,
827 2861 869 2889 ἐπὶ
886 2861 930 2889 τὸν

987 2859 1069 2893 ἰάλὸν.
1077 2878 1111 2883 -
1120 2862 1157 2899 (e)
1168 2862 1206 2892 lta
1218 2867 1246 2891 et
1259 2863 1320 2891 cod.
1334 2861 1411 2891 Cant.
1426 2863 1458 2890 τὰ
1470 2861 1600 2893 κάλλιστα.
