2024 3094
426 154 542 184 CODEX
555 155 821 186 VERCELLENSIS.

227 246 499 266 ευ........
646 258 988 268 ........

229 277 256 300 te
277 293 284 300 .
307 293 313 299 .
337 294 343 300 .
367 293 374 301 .
396 293 403 300 .
427 293 433 299 .
456 293 464 300 .
485 272 535 300 mi—
644 273 723 303 Unde
738 275 801 303 huic
813 283 857 303 sa-

227 308 273 336 49.
288 312 391 336 Serum.
407 307 453 337 Sic
467 308 519 336 crit
644 310 785 344 pientiam,
800 316 827 338 et
843 311 892 339 vir-

227 344 255 372 in
268 351 394 372 consum-
644 344 689 372 55.
706 346 803 373 tutem?
824 366 831 373 .
854 367 861 374 .
884 366 890 373 .
912 354 966 375 nne

227 379 347 407 matione
645 380 691 408 hic
704 386 745 409 est
760 382 830 409 ﬁlius
842 381 889 409 ,ιο-

227 422 309 443 saecu
329 435 336 441 .
359 435 366 442 .
389 435 396 441 .
418 434 425 442 .
448 436 455 442 .
477 434 484 442 .
645 417 815 452 sephl’abri?
830 417 903 445 Non-

226 458 499 479 an........
648 453 920 488 ....materejus

226 494 256 513 ra
278 506 285 513 .
308 506 314 512 .
338 505 345 513 .
369 507 375 513 .
400 507 406 513 .
429 507 436 513 .
458 505 466 514 .
488 507 494 512 .
517 506 525 513 .
548 507 556 513 .
646 487 745 516 dicitur
758 488 858 521 Maria;

227 521 269 560 los
290 541 297 560 τ
319 542 326 548 .
350 540 356 547 .
379 541 386 547 .
409 541 416 549 .
440 542 446 549 .
470 521 539 550 .dio
645 522 739 560 etfrat
760 544 767 551 .
790 545 797 551 .
820 531 862 560 .As
880 524 939 560 ejus

227 557 273 585 50.
288 557 435 592 justorum,
448 561 476 585 et

226 593 336 620 mittent
350 600 398 620 eos
419 612 426 620 .
448 612 456 620 .
478 614 485 620 .
509 612 516 620 .

221 628 335 656 camino
345 628 389 663 ign
411 648 417 655 .
441 649 448 656 .
470 647 477 655 .
499 638 506 655 ;

227 663 266 691 ibi
287 684 294 690 .
317 684 324 691 .
347 683 354 690 .
377 663 487 696 .tletus,

226 699 497 727 etstri......

227 734 306 767 tium,
322 739 349 762 et
361 733 441 761 dixit.

227 769 260 797 5i
267 789 274 796 .
292 769 464 797 lntellexistis

228 805 296 833 haec
310 805 418 833 omnia?

227 838 608 874 Dic...ei:Utique(a)
647 862 654 869 .
695 863 701 870 .
742 862 750 870 .
789 862 798 870 .
838 863 845 869 .
885 862 891 869 .
933 863 940 870 .
979 861 988 872 .

192 874 606 910 -52.Do.....1-illis:
647 897 654 904 .
695 899 702 906 .
743 897 750 906 .
790 899 797 905 .
838 899 846 907 .
886 897 894 906 .
934 899 943 907 .
980 899 990 909 .

226 910 290 940 Ideo
301 911 390 939 omnis
403 917 461 939 scr-

259 967 267 976 .
290 968 298 975 .
320 946 495 975 .adoctus.
518 967 524 973 .
546 966 554 974 .

229 989 551 1016 ........orum,

226 1017 325 1045 similis
337 1021 378 1045 est
398 1017 449 1046 ho-

226 1052 293 1080 mini
308 1052 418 1088 patrifa-

227 1088 328 1124 milias,
345 1089 391 1124 qui
407 1095 424 1123 p
445 1108 451 1115 .
475 1108 482 1115 .

226 1122 296 1151 feret
310 1124 345 1151 de
355 1122 420 1151 'ten;

227 1165 310 1186 sauro
324 1160 433 1193 snogno-

645 557 773 593 Iacobus,
787 563 816 587 et
829 558 875 587 Jo-

645 594 724 629 seph,
738 599 766 622 et
775 595 880 628 Simon,

645 630 691 657 56.
706 635 735 658 et
754 630 856 658 ludas?
870 634 898 659 et
916 636 992 659 soro-

646 672 691 693 res
702 666 761 700 ejus
775 673 842 694 non-

646 708 905 729 neomnes....
929 705 957 729 .’

648 755 655 762 ι
697 757 704 764 .
743 757 750 764 .
792 757 799 764 σ
839 756 847 765 .
888 756 895 763 α
935 757 943 764 ι
982 756 991 764 ο

647 1039 655 1046 ι
697 1040 706 1048 θ
745 1041 753 1048 ο
792 1039 800 1047 ο
839 1040 847 1047 ι
888 1040 895 1047 ο
936 1041 942 1047 .
982 1040 990 1048 ο

645 1055 691 1083 57.
714 1075 721 1081 .
744 1075 751 1083 .
773 1075 781 1082 .
803 1076 810 1082 .
831 1056 931 1091 inpatr
951 1075 959 1084 .
980 1076 1001 1090 .,

645 1090 951 1121 etin.....’...

647 1126 691 1154 58.
709 1125 772 1154 Ideo
783 1135 836 1154 non
848 1126 912 1155 fecit

643 1161 682 1189 ibi
697 1161 813 1190 virtutes

228 1201 261 1234 va
272 1198 305 1234 e_t_
313 1198 416 1234 vetera.
475 1222 482 1234 Β
646 1217 653 1223 .
739 1218 746 1225 .
769 1217 777 1224 .
796 1205 837 1232 as,
857 1205 940 1234 prop-

226 1229 272 1257 55.
285 1230 318 1257 Et
328 1229 430 1258 factum
441 1232 495 1262 est,
644 1236 687 1260 ter
697 1233 724 1260 in
746 1253 753 1259 .
775 1252 783 1261 .
805 1253 812 1262 .
830 1229 842 1260 ’.
854 1229 921 1261 ὲάιιὶ

227 1271 289 1292 cum
309 1272 436 1293 consum—
645 1267 722 1296 litate
742 1288 749 1295 .
772 1288 780 1296 .
803 1287 810 1295 .
830 1276 921 1297 orum.

456 1307 485 1326 a-

227 1300 421 1363 ξῗῗι⁵ῗθῖ³ῗδὲ¹ξ
427 1307 504 1367 ίὲἓξε,
734 1324 847 1353 CAPUT
861 1324 932 1353 xw.

227 1374 269 1398 tra
287 1388 327 1406 ᾖ.
348 1390 355 1397 .
376 1370 407 1398 iit
422 1369 495 1397 inde.
682 1370 708 1396 1.
731 1369 760 1397 In
771 1369 820 1397 illo
831 1373 858 1406 te
878 1390 886 1396 .
908 1391 915 1399 .
936 1377 985 1406 po—

227 1405 572 1438 54.Etve.......
645 1405 886 1433 reau...lle—

645 1439 941 1469 rodes.....ar-

439 1567 557 1596 CODEX
576 1566 811 1596 CORBEIENSIS.

229 1617 257 1644 in
275 1622 351 1649 vasa,
371 1614 458 1642 malos
472 1634 480 1647 ,
501 1618 591 1642 autem
612 1614 685 1642 foras
705 1615 844 1642 miserunt.
871 1614 917 1643 Sic
942 1616 951 1631 ¹
976 1617 1028 1644 erit

229 1652 263 1679 in”
276 1649 511 1679 consummatione
543 1650 642 1677 saeculi
668 1658 675 1676 :
703 1649 815 1677 exibunt
840 1651 945 1685 angeli,
969 1652 979 1667 ²
1000 1657 1028 1680 et

228 1686 394 1722 separabnnt
420 1685 510 1722 malos
529 1685 563 1722 de
590 1685 679 1722 medio
701 1685 847 1722 justorum,
875 1691 904 1713 et
918 1687 1025 1715 mittent

229 1720 277 1750 eos
302 1723 328 1749 in
347 1721 483 1749 caminum
505 1721 573 1755 ignis
592 1720 647 1748 :ibi
670 1721 722 1748 erit
742 1720 821 1748 ﬂetus
834 1721 855 1753 ⁸,
878 1726 905 1749 et
925 1722 1026 1750 stridor

228 1757 360 1786 dentium.
375 1757 552 1785 lnlellexistis
568 1757 635 1784 haec
654 1756 763 1784 omnia?
783 1756 880 1784 Dicunt
901 1757 942 1784 ei:
958 1757 968 1772 '*
984 1758 1025 1785 ln-

229 1794 391 1821 telleximus.
425 1792 459 1820 Et
491 1791 529 1819 ait
559 1791 593 1819 ad
624 1791 714 1819 illos:
741 1791 804 1819 Ideo
828 1791 916 1820 omnis
938 1794 1026 1821 scriba

228 1828 324 1857 doctus
338 1829 363 1856 in
379 1828 623 1864 regnoicoelorurn,
640 1827 736 1854 similis
751 1831 793 1854 est
805 1827 1028 1863 homini‘patrifu-

228 1864 328 1897 milias,
349 1864 394 1899 qui
409 1863 514 1898 profert
535 1863 570 1899 de
589 1863 716 1899 thesauro
734 1871 784 1890 suo
804 1871 871 1890 nova
883 1869 910 1891 et
924 1869 1026 1893 vetera.

230 1899 267 1926 Et
282 1898 380 1926 factum
395 1903 448 1934 est.
460 1906 542 1934 quum
556 1898 567 1913 ⁵
582 1898 685 1926 finisset
696 1898 775 1926 Jesns
788 1899 932 1932 parabolas
948 1900 1025 1934 istas,

230 1934 377 1961 ‘transivit
397 1933 471 1961 inde.
492 1933 527 1960 Et
548 1941 608 1960 cum
630 1934 748 1961 venisset
762 1934 789 1960 in
808 1934 922 1968 patriam
939 1933 1026 1968 suam,

228 1969 344 1997 docebat
371 1976 418 1997 eos
445 1969 474 1996 in
498 1969 642 2003 synagogis
677 1976 791 2000 eorum,
822 1969 857 1995 ita
886 1974 914 1996 ut
944 1971 1027 1997 mira-

228 2009 333 2043 rentur,
356 2004 527 2043 ct_di_c_erent
547 2012 572 2043 _:_
587 2003 663 2031 Unde
677 2003 749 2043 _hu_ic_
766 2004 979 2043 istamsapientia
1004 2006 1025 2043 7,

228 2044 256 2068 et
273 2040 404 2067 virtutes?
429 2039 524 2066 Nonne
546 2038 590 2065 hic
611 2044 653 2066 est
676 2039 687 2055 ⁸
716 2038 784 2066 fabri
818 2038 905 2067 ﬁliué?
931 2039 1027 2070 Nonne

229 2081 316 2103 mater
349 2075 422 2102 illius
458 2074 542 2102 Maria
566 2074 680 2106 dicitur;
714 2078 742 2102 et
771 2074 870 2102 fratres
895 2075 954 2109 ejus
981 2077 1026 2104 Ja-

228 2112 324 2145 cobus,
340 2115 368 2138 et
381 2110 494 2145 Joseph,
519 2113 547 2137 et
566 2109 670 2140 Simon.
688 2114 715 2137 et
731 2109 833 2138 ludas?
854 2115 881 2137 et
895 2117 1002 2139 sorores
1015 2114 1025 2129 '

228 2146 301 2174 illius
319 2154 414 2174 omnes
432 2146 572 2181 nobiscum
597 2145 676 2172 sunt?
691 2145 767 2173 Unde
782 2153 847 2181 ergo
862 2146 924 2174 huic
940 2147 961 2162 ¹⁰
975 2148 1026 2175 ista

228 2182 378 2216 sapientia?
402 2182 435 2209 Et
453 2180 704 2209 scandalizabantur
725 2181 751 2208 in
774 2180 822 2209 eo.
836 2181 916 2209 .lesus
936 2187 1026 2210 autem

228 2217 344 2245 dixiteis
356 2226 363 2244 :
376 2217 434 2245 Non
448 2221 489 2244 est
502 2217 632 2251 propheta
643 2217 701 2244 sine
715 2216 829 2249 honore,
839 2216 891 2244 nisi
903 2218 923 2233 ¹¹
937 2218 963 2245 in
978 2225 1026 2246 sua

228 2253 350 2286 civitate,
366 2257 393 2281 et
416 2253 442 2280 in
456 2252 538 2280 domo
557 2259 616 2279 sua.
639 2252 671 2279 Et
695 2259 748 2278 non
773 2251 836 2279 fecit
849 2253 885 2280 ibi
910 2254 1026 2282 virtutes

229 2289 357 2323 amplius,
370 2292 478 2323 propter
491 2288 707 2315 incredulitatem
721 2287 840 2323 illorum.

264 2322 347 2352 Xllll.
362 2323 390 2351 In
406 2323 453 2351 illo
466 2327 587 2358 tempore
599 2322 705 2350 audivit
721 2322 842 2351 Herodes
856 2323 991 2352 tetrarcha
1004 2325 1025 2340 “'

228 2360 263 2389 de
275 2360 403 2396 opinione
421 2358 486 2388 Jesu
502 2368 509 2387 :
524 2363 552 2387 et
565 2358 634 2386 dixit
647 2359 740 2394 pueris
751 2359 827 2386 suis:
845 2359 893 2387 Hic
915 2365 958 2388 est
976 2360 1025 2388 Jo-

490 95 625 125 EUSEBII
644 96 812 126 VERCELL.
834 97 1061 129 EVANGELIUM
1079 100 1153 130 CUM
1169 101 1283 131 VARllS
1300 102 1381 131 COD.
1399 102 1599 133 COLLATUM.

1294 160 1414 190 CODEX
1433 161 1658 193 VERONENSIS.

1496 208 1532 236 ita
1546 213 1575 236 ut
1588 209 1722 237 miraren-

1497 249 1549 276 tur,
1565 249 1593 272 et
1602 244 1743 273 dicerent:

1495 279 1574 307 Unde
1584 280 1647 308 huic
1655 288 1699 308 sa-

1496 315 1595 350 pientia
1612 316 1690 350 haec,

1496 357 1524 377 et
1536 351 1648 379 virtutes
1655 351 1668 378 ?

1496 386 1542 414 55.
1564 385 1659 414 Nonne
1674 387 1718 416 hic
1729 393 1772 416 est

1497 422 1567 449 .‘ilius
1577 422 1689 457 Joscphi

1497 457 1567 485 fabri
1578 460 1591 485 ἲ
1603 458 1700 486 Nonne

1499 498 1586 521 mater
1596 494 1655 527 ejus

1498 529 1597 557 dicitur
1609 528 1709 563 Maria;

1498 569 1526 600 et
1539 565 1637 592 fratres
1651 566 1711 600 ejus

1498 599 1626 633 Jacobus,
1638 599 1726 629 et'Jo-

1498 635 1576 671 seph,
1590 640 1618 663 et
1631 636 1734 669 Simon,

1496 671 1543 699 56.
1563 676 1591 699 et
1604 671 1708 699 Judas?
1723 677 1751 700 et

1497 714 1606 734 sorores
1620 707 1680 742 ejus

1498 750 1588 769 nonne
1604 750 1699 770 omnes
1716 749 1781 772 abut

1078 212 1139 233 sees
1152 205 1179 233 in
1193 206 1267 234 vasis

1078 241 1147 274 suis,
1159 242 1245 270 malos

1078 281 1167 304 autem
1181 278 1314 306 miserunt
1326 277 1403 307 foris.

1078 311 1188 345 49.,Sic
1202 313 1254 341 erit
1270 315 1296 341 in

1079 350 1314 377 consummatione

1078 383 1180 411 saeculi
1193 393 1199 410 ε
1216 384 1328 413 exibunt

1078 419 1180 453 angeli,
1196 424 1224 447 et
1234 427 1280 447 se-

1098 454 1214 482 arabunt
1224 462 1282 483 ma-

1090 496 1121 516 os
1134 489 1169 517 de
1182 490 1273 518 medio

1080 524 1125 565 50_.
1137 525 1283 565 iustorum,
1299 532 1327 555 ct

1079 562 1189 588 mittent
1201 569 1249 589 eos
1264 562 1290 589 in

1079 596 1216 633 caminum
1233 597 1302 633 ignis
1316 605 1322 624 :

1081 630 1117 658 ibi
1129 632 1181 659 erit
1199 630 1289 665 ﬂetis,

1079 667 1168 694 etstri
1190 688 1196 695 .
1220 686 1228 695 .
1250 688 1257 695 .
1274 668 1396 696 dentium

1080 701 1125 729 5|.
1138 702 1314 731 lntellexistis

1080 736 1148 765 haec
1163 739 1273 766 omnia?

1080 772 1178 801 Dicunt
1197 774 1223 802 ei
1238 783 1244 800 :
1259 774 1318 802 Uti-

1081 815 1143 845 que,
1160 809 1198 845 (α)
1212 809 1327 837 Domine
1340 810 1371 845 1‘.

1081 844 1128 871 52.
1144 845 1178 872 Et
1192 845 1230 872 ait
1244 845 1299 873 illis
1311 854 1318 873 :

1081 878 1144 906 Ideo
1158 881 1247 908 omnis

1079 914 1168 942 scriba
1184 914 1282 944 doctus

1080 949 1107 986 in
1121 958 1206 986 regno
1220 959 1283 979 cae-

1079 985 1177 1018 loruni,
1194 986 1292 1015 similis

1078 1024 1128 1058 est
1135 1020 1238 1058 homini
1255 1030 1301 1058 pa-

1079 1056 1241 1090 trifamilias,

1079 1091 1126 1126 qui
1145 1092 1248 1126 profert
1257 1093 1291 1122 de

1079 1127 1228 1155 thensauro
1242 1136 1292 1157 suo

1080 1169 1148 1190 nova
1162 1167 1190 1190 et
1202 1169 1305 1192 vetera.

1079 1197 1125 1225 55.
1142 1198 1176 1225 Et
1188 1198 1288 1227 factum
1299 1205 1352 1234 est,

1079 1240 1141 1260 cum
1154 1241 1283 1263 consum-

1080 1273 1184 1297 masset
1197 1270 1276 1299 Jesus

1081 1304 1224 1345 parabolas

1080 1341 1156 1372 istas,
1174 1341 1284 1369 transiit

1081 1375 1125 1403 54.
1139 1376 1212 1404 inde.
1227 1376 1263 1404 Et
1274 1386 1323 1407 ve-

1080 1412 1159 1448 niens
1173 1412 1201 1439 in
1215 1420 1270 1448 pa-l

1081 1446 1160 1473 triam
1180 1446 1257 1476 suam

1497 778 1543 806 57.
1565 785 1615 805 nos
1629 779 1708 806 sunt?
1721 778 1777 808 Un-

1497 813 1532 841 de
1547 820 1611 849 ergo
1625 813 1688 841 huic

1497 848 1587 876 omnia
1603 849 1674 877 ista?
1689 850 1722 877 Et

1497 884 1751 925 scandalizabantur

1497 927 1579 948 meo.

1497 955 1579 983 Jesus
1593 960 1683 984 autem

1499 991 1567 1019 dixit
1577 992 1618 1019 eis
1630 1001 1637 1019 :
1651 992 1710 1020 Non

1499 1031 1542 1055 est
1553 1027 1685 1062 propheta

1499 1063 1559 1090 sine
1571 1062 1688 1097 honore,

1499 1098 1549 1126 nisi
1565 1099 1593 1140 in
1605 1099 1691 1140 patria

1498 1141 1558 1167 sua,
1569 1139 1597 1161 ct
1609 1134 1636 1161 in
1651 1134 1700 1162 do-

1498 1169 1545 1198 58.
1567 1176 1612 1197 mo
1625 1177 1683 1197 sua.
1702 1170 1736 1198 Et

1497 1204 1558 1233 ideo
1571 1212 1623 1232 non
1635 1205 1701 1233 fecit

1497 1240 1535 1268 ibi
1549 1241 1662 1268 virtutes
1678 1241 1749 1268 mul-

1497 1280 1548 1308 tas,
1561 1280 1671 1310 propter
1683 1276 1769 1304 incre-

1500 1311 1641 1340 dulitatem
1650 1311 1771 1339 illorum.

1577 1367 1692 1396 CAPUT
1711 1367 1794 1395 Xllll.

1534 1415 1561 1442 1.
1581 1413 1612 1442 1η
1627 1414 1674 1442 illo
1687 1419 1809 1449 tempore

1497 1450 1584 1478 audiit
1598 1449 1721 1477 Herodes

1080 1480 1195 1510 docebat
1206 1490 1253 1511 eos
1501 1485 1637 1514 tetrarcha
1647 1485 1748 1513 famam

1080 1516 1109 1544 in
1122 1519 1267 1555 synagogis
1280 1526 1386 1555 eorum,
1501 1521 1566 1550 Jesu
1580 1530 1587 1549 :
1601 1526 1629 1550 et
1643 1521 1681 1549 ait
1695 1528 1762 1557 pue-

1306 1575 1423 1605 GODEX
1444 1577 1645 1607 BRIXIANUS.

1079 1619 1209 1660 in_rvasis
1230 1622 1287 1649 suis
1319 1623 1406 1660 malos
1436 1628 1527 1652 autem
1557 1624 1621 1652 foris
1637 1625 1820 1660 projecerunt.
1836 1625 1881 1654 Sic

1077 1655 1130 1696 erit
1153 1655 1180 1682 in
1205 1658 1467 1696 consummationem
1500 1660 1617 1696 saeculi.
1637 1655 1753 1688 exibunt
1781 1662 1879 1696 angeli.

1077 1695 1105 1717 et
1130 1693 1296 1730 separabunt
1322 1695 1408 1722 malos
1433 1695 1467 1722 de
1496 1695 1586 1723 medio
1609 1695 1743 1730 justornm
1766 1701 1794 1724 et
1816 1693 1881 1724 fuit-

1079 1730 1135 1753 tent
1161 1734 1207 1754 eos
1225 1728 1252 1755 in
1281 1730 1416 1757 caminum
1445 1730 1526 1759 ignis.
1552 1731 1588 1759 ibi
1603 1728 1655 1758 erit
1674 1731 1754 1759 ﬂetus
1768 1737 1796 1759 et
1818 1733 1883 1759 stri-

1077 1760 1127 1788 dor
1153 1762 1283 1791 dentium.
1301 1765 1345 1792 Ait
1372 1765 1426 1793 illis
1450 1760 1529 1794 fesus
1548 1766 1720 1794 lntellexistis
1742 1767 1809 1794 haec
1824 1776 1883 1794 nm-

1079 1796 1122 1838 nia
1147 1797 1244 1838 Dicunt
1260 1799 1284 1827 ei
1300 1800 1399 1838 Utique
1424 1801 1599 1838 Domine.rAt
1627 1802 1672 1830 ille
1693 1803 1731 1830 ait
1742 1803 1782 1830 eis
1797 1803 1883 1838 Prop-

1080 1835 1152 1873 terea
1168 1834 1256 1873 omnis
1270 1834 1362 1873 scribat
1374 1840 1387 1854 α
1400 1837 1531 1873 edoctus.
1547 1837 1574 1864 in
1586 1845 1671 1873 regno
1682 1839 1829 1865 caelorum.
1844 1834 1883 1866 si-

1080 1868 1152 1895 milis
1166 1874 1209 1896 est
1224 1871 1326 1898 homini
1345 1872 1543 1905 patrifamilias.
1559 1873 1605 1908 qni
1617 1868 1731 1907 Vprofert
1751 1873 1784 1902 de
1800 1874 1882 1902 then-

1080 1910 1161 1931 sauro
1174 1911 1233 1932 suo.
1251 1914 1320 1933 nova
1336 1911 1363 1934 et
1377 1914 1479 1935 vetera.
1497 1908 1531 1935 Et
1548 1908 1646 1936 factum
1661 1914 1713 1936 est.
1739 1917 1800 1937 cum
1816 1917 1883 1937 con—

1080 1941 1331 1977 summassetlesus
1343 1943 1487 1977 parabolas
1501 1944 1578 1971 istas.
1588 1944 1696 1971 transiit
1707 1945 1778 1972 inde.
1792 1945 1824 1972 Et
1836 1954 1882 1973 vc-

1080 1973 1199 2016 niens__in
1216 1977 1328 2016 patriam
1343 1973 1419 2005 suam
1434 1978 1549 2016 docebat
1559 1987 1607 2016 eos
1626 1981 1652 2016 in
1673 1981 1816 2016 synagogis
1831 1989 1880 2008 eo-

1080 2010 1189 2050 rum.ita
1197 2017 1226 2038 ut
1234 2012 1443 2050 mirarentur.“
1453 2014 1575 2042 dicerent
1584 2015 1659 2043 Unde
1674 2010 1881 2050 Huic-sapientia

1082 2044 1148 2072 haec
1172 2051 1199 2073 et
1215 2047 1340 2075 virtutes.
1365 2048 1461 2077 Nonne
1483 2050 1525 2077 hic
1541 2056 1583 2078 est
1598 2051 1664 2078 labri
1680 2051 1760 2079 filius.
1781 2044 1881 2080 'Nonne

1080 2085 1168 2121 mater
1178 2081 1238 2116 ejus
1246 2083 1356 2121 ‘dicitur
1369 2084 1463 2121 Maria.
1484 2090 1511 2113 et
1528 2085 1627 2113 fratres
1642 2086 1701 2121 ejus
1715 2087 1831 2115 Jacobns
1852 2091 1882 2115 et

1079 2115 1178 2150 Joseph
1195 2115 1231 2145 fel
1244 2118 1339 2157 Simon
1354 2124 1382 2147 et
1402 2120 1496 2157 Judas.
1521 2126 1551 2148 et
1570 2115 1681 2149 sorores
1699 2123 1768 2157 ejus.
1790 2131 1883 2151 nonne

1080 2158 1176 2191 omnes
1194 2158 1260 2191 aput
1270 2154 1345 2191 binos
1363 2160 1436 2183 sunt.
1459 2156 1536 2184 Unde
1548 2164 1614 2191 ergo
1629 2157 1691 2185 huic
1712 2154 1803 2185 omnia
1818 2159 1880 2186 ista.

1078 2187 1112 2214 Et
1129 2188 1384 2218 scandalizabantur
1405 2192 1431 2218 in
1457 2199 1500 2219 eo.
1521 2187 1600 2220 λθειιὲ
1621 2198 1712 2221 autem
1734 2194 1803 2221 dixit
1826 2194 1879 2221 eis.

1077 2221 1135 2263 ‘N_on
1150 2228 1191 2250 est
1205 2225 1335 2263 propheta
1350 2227 1409 2263 sine
1428 2228 1531 2255 honore
1550 2228 1602 2255 nisi
1618 2228 1645 2255 in
1663 2229 1748 2263 patria
1769 2237 1828 2256 sun.
1847 2230 1880 2257 Et

1078 2257 1214 2299 ideo_n_on'
1222 2257 1263 2287 ibi
1272 2262 1460 2299 fecitvirtutes
1472 2263 1571 2291 multas
1585 2257 1695 2299 propter
1705 2265 1882 2292 incredulila~

1078 2297 1133 2334 tem
1144 2294 1262 2334 illorum.
1273 2296 1305 2334 _In
1322 2297 1368 2325 illo
1385 2302 1508 2334 tempore
1528 2294 1767 2328 audivit-Herodes
1780 2304 1881 2327 tetrar-

1078 2328 1139 2357 cha.
1154 2330 1253 2358 famam
1268 2331 1343 2360 Jesu.
1359 2337 1387 2361 et
1409 2328 1451 2361 ait'
1468 2335 1560 2369 pueris
1575 2335 1641 2363 suis.
1657 2340 1670 2355 ο
1694 2335 1821 2372 Nynquld
1835 2336 1882 2364 hic

591 2424 786 2456 VARIANTES
801 2427 994 2457 LEGTIONES
1011 2429 1148 2461 CODIClS
1162 2433 1220 2463 MS.
1240 2434 1270 2463 S.
1291 2435 1541 2467 GERMANENSIS.

261 2486 271 2502 ¹
288 2489 371 2511 autem
387 2486 412 2511 in

229 2521 234 2528 '
259 2517 272 2533 ³
288 2520 315 2542 et
325 2516 494 2547 segregabam

261 2549 273 2564 ³
288 2547 424 2575 oculorum,
547 2568 550 2570 _

259 2579 271 2595 ⁸
289 2578 390 2610 Utique,
402 2577 517 2604 Domine.
529 2577 562 2604 Et
572 2578 606 2604 ait
615 2578 662 2605 illis
673 2586 679 2605 :

259 2611 272 2627 ⁸
288 2612 483 2635 consummasset

261 2640 388 2674 “,tl'ansiit
398 2639 467 2665 inde.
479 2638 511 2665 Et
522 2640 626 2665 veniens

1112 2490 1123 2523 ’ζ
1139 2493 1258 2523 sapientia
1271 2493 1340 2518 haec.

1114 2522 1125 2558 ξ
1142 2523 1204 2558 illius
1218 2526 1230 2539 ιι
1243 2525 1334 2555 Joseph
1347 2524 1454 2551 fabr”...
1467 2526 1520 2558 ejus
1529 2526 1618 2552 dicitur
1629 2526 1723 2554 Maria?

1113 2553 1124 2569 ο
1142 2554 1205 2584 ejus,
1220 2553 1399 2582 nonne‘omnes
1410 2553 1529 2589 apud'nos
1538 2558 1612 2585 sunt?

1114 2584 1136 2600 ιθ
1153 2586 1234 2609 omnia
1242 2587 1288 2611 ista
1295 2587 1334 2611 ?...
1348 2588 1373 2612 in
1385 2594 1452 2614 enm.

1113 2615 1134 2648 ff
1153 2616 1178 2648 i_n
1191 2618 1265 2647 patria
1277 2625 1329 2642 sua.
1342 2618 1374 2644 Et
1385 2619 1442 2645 ideo
1452 2626 1502 2646 non
1513 2619 1602 2647 fecit...
1618 2621 1707 2648 multas

1109 2645 1132 2662 "
1150 2645 1237 2672 faniam
1249 2648 1309 2674 Jesu
1325 2658 1330 2674 :
1342 2652 1369 2676 et
1379 2651 1431 2677 ait:

893 2698 1084 2729 BLANCIIINI
1100 2701 1215 2732 ΝΟΤιΕ.

264 2748 279 2764 α
293 2743 400 2776 scribae,
414 2741 481 2770 vitio
495 2740 609 2776 librarii,
622 2748 672 2777 pro
686 2742 782 2773 scriba.

264 2778 280 2799 δ
289 2783 362 2815 aput,
377 2783 387 2805 t
399 2785 449 2814 pro
460 2778 488 2806 ά.

1117 2755 1158 2804 εἷ]
1170 2758 1219 2786 pro
1233 2760 1251 2779 u
1260 2757 1413 2788 ursurpata.

1114 2784 1127 2804 d
1149 2786 1200 2804 ne
1218 2787 1592 2804 Aml..n.:...n--...:.:-_:-:_
1604 2790 1614 2804 π
1625 2793 1726 2804 ..υ-...11

1149 2790 1174 2814 ta
1181 2786 1372 2818 S.Ambrosiits
1378 2789 1417 2818 Ex
1420 2790 1560 2826 positionis
1567 2791 1594 2820 in
1601 2790 1702 2821 Lucam
1709 2793 1778 2823 libro
1787 2795 1880 2825 tertio.

265 2835 305 2875 (α)
317 2834 435 2870 Addunt,
451 2835 570 2864 Domine.
586 2834 620 2865 Et
635 2834 671 2863 ita
685 2838 773 2864 textus
787 2836 909 2873 Graecus,
924 2838 1009 2877 Κύριε.
1022 2838 1076 2870 ὁδέ.
