2024 3094
230 124 284 153 ἓὸὃ

421 177 538 208 CODEX
558 176 828 206 VERCELLENSIS.

229 229 257 256 in
270 229 356 257 locum
371 227 465 254 deser-
647 224 725 252 ferite
740 231 788 252 eos
799 223 837 259 (a)
852 222 886 250 ad

229 269 286 292 tum
296 271 429 293 seorsum.
648 260 692 288 l9.
714 268 767 287 me.
781 260 813 287 Et
826 266 887 286 cum

230 300 265 327 Et
276 308 337 328 cum
349 299 442 326 autlis-
644 297 771 331 iussisset
786 295 891 322 turbam

229 342 291 363 sent
303 335 407 368 turbae,
424 341 469 362 se-
587 350 591 355 -
648 332 819 360 discumbere

229 372 283 401 cuti
298 377 358 398 sunt
373 378 434 398 eum
648 376 728 403 supra
745 368 863 399 faenum,

229 407 344 444 pedibus
358 406 392 434 de
408 405 474 434 civi-
645 403 764 444 acceptis
777 411 802 430 ν.
812 409 866 444 pa-

229 438 337 471 iatihns.
645 440 741 472 nibus,
759 443 787 466 et
803 438 869 465 dno-

230 481 274 507 Η.
296 478 331 505 Et
343 482 371 506 ut
384 475 451 504 vidit
465 475 545 504 Jesus
645 476 697 503 bus
711 474 825 509 piscibn.
836 494 843 505 ,
859 481 903 501 as-

228 515 335 543 turbam
351 513 421 540 mul-
646 511 750 546 piciens
764 511 789 537 in
796 517 867 546 reae—

228 556 295 582 tam,
310 550 437 577 misertus
646 544 700 574 lum
717 544 867 578 benedixit,

228 591 270 614 est
285 579 347 617 illis,
362 590 389 612 et
403 591 450 611 eu-
646 588 673 610 et
688 582 699 609 f
718 602 724 608 .
749 602 754 608 .
779 601 786 607 .
810 601 815 607 .
839 585 859 613 t,
875 584 902 608 et
917 579 963 607 de-

228 622 300 650 ravit
313 621 418 655 laugui-
646 618 685 646 dit
699 617 840 655 discipulis

228 658 278 685 dos
294 651 398 684 eorum.
646 655 702 681 suis
715 651 808 688 panes.
821 651 875 679 dis-

228 693 272 721 15.
293 691 413 726 Vespere
428 696 517 719 autem
645 689 728 725 cipuli
741 692 832 715 autem

227 729 311 760 facto,
328 735 420 755 acces-
646 726 742 752 turbis.

227 769 323 792 serunt
337 763 370 790 ad
386 770 447 790 eum
644 761 688 789 ‘20.
711 760 743 787 Et
765 780 771 785 .
795 780 800 785 .
827 781 833 787 .
856 759 958 787 nduca-

228 799 353 833 discipuli
367 798 436 834 ejus,
647 800 747 824 verunt
761 803 819 822 om-

648 841 706 865 nes,
722 837 749 859 et
762 831 874 858 saturati

645 872 718 896 sunt.
734 868 766 895 Et
779 867 846 895 reli-

645 905 721 938 quias
733 903 850 938 eollege-

645 937 718 971 runt,
736 946 783 966 xu.
799 937 894 973 cophi-

646 983 695 1003 nos
708 975 812 1010 plenos.

644 1011 690 1038 2L
713 1010 898 1037 Manducanti-

646 1054 691 1073 nm
705 1051 795 1073 autem
808 1045 848 1073 fu-

646 1083 667 1109 it
680 1088 809 1109 numerus

228 836 352 863 dicentes
367 842 372 861 :
385 833 438 862 Dc-

228 874 319 898 sertus
332 871 407 897 locus

226 911 279 938 est,
295 911 321 933 et
337 906 402 933 hora
413 906 468 941 jam

228 941 369 977 praeteriit
379 950 385 967 ε

228 977 336 1004 dimitte
352 982 407 1004 tur-

226 1014 287 1040 bam
294 1033 300 1044 ,
314 1018 341 1039 et
356 1020 423 1039 eun—

227 1053 269 1076 tes
281 1048 307 1075 in
321 1048 433 1075 castella

226 1088 320 1111 emant
333 1083 384 1111 sibi
396 1091 439 1112 es—

226 1127 284 1147 cas.
646 1118 767 1153 quinque
782 1117 856 1144 milia

227 1154 272 1183 16.
292 1155 371 1183 Jesus
382 1159 472 1183 autem
485 1154 569 1182 dixit:
646 1154 777 1186 virorutn,
791 1160 838 1180 ex-

225 1190 285 1218 Non
302 1191 402 1219 habent
645 1189 731 1224 ceptis
743 1188 834 1223 pueris

645 1229 673 1251 et
687 1224 857 1251 mulieribus.

643 1259 689 1286 22.
712 1260 746 1287 Et
761 1260 853 1286 statim

643 1295 723 1323 Jesus
733 1295 814 1330 jussit

644 1331 784 1364 discipulis
800 1330 838 1365 (b)

644 1367 700 1407 suis
713 1366 734 1401 -ι-
748 1366 879 1406 ascende—

644 1409 674 1429 re
688 1410 714 1428 Ill
729 1409 839 1428 ιιτινιειι-

226 1233 339 1254 necesse
350 1227 389 1254 ire
403 1235 408 1253 :

224 1261 288 1289 date
301 1262 354 1289 illis
368 1269 416 1290 vos

225 1297 400 1325 manducare.

224 1332 436 1367 Responderunt

225 1368 270 1395 17.
293 1369 319 1396 ei
336 1377 342 1394 ί
358 1368 416 1395 Non
432 1367 514 1395 habe-

225 1411 285 1431 mus
299 1403 350 1431 nisi
366 1411 391 1429 ν.
407 1410 454 1438 pa-

225 1446 285 1472 nes,
301 1444 328 1466 et
342 1436 415 1466 duos'
426 1438 465 1473 pi—
644 1437 681 1469 la,
697 1443 724 1464 et
740 1436 886 1473 praecede—

225 1475 270 1502 18.
286 1472 542 1502 sces.EtaitJesus:
554 1472 607 1500 Ad-
644 1480 674 1499 re
686 1472 722 1509 (ε)
739 1478 812 1499 trans
828 1472 881 1500 l're-

440 1531 554 1559 CODEX
575 1530 808 1559 CORBEIENSIS.

224 1582 252 1609 in
274 1581 362 1609 locum
394 1580 531 1607 desertum
572 1579 580 1594 ¹
618 1578 701 1605 solus.
733 1577 810 1611 Quod
847 1585 907 1604 cum
935 1577 1026 1604 audis-

223 1623 285 1645 sent
311 1616 425 1646 turbae,
453 1619 563 1642 secutae
588 1619 650 1641 sunt
676 1621 737 1641 eum
765 1614 774 1629 ²
797 1613 910 1647 pedibus
935 1621 949 1640 a
965 1613 1027 1640 civi-

222 1654 323 1680 tatibus
340 1653 406 1679 suis.
433 1651 443 1666 ³
462 1651 495 1677 Ει
527 1657 653 1685 egressus
678 1649 745 1676 vidit
774 1650 878 1676 turbam
902 1649 1024 1681 multam,

223 1693 252 1716 et
270 1689 396 1715 misertus
412 1691 455 1715 est
473 1686 524 1718 eis,
545 1690 573 1713 et
597 1685 607 1701 ⁸
630 1687 735 1712 sanavit
756 1685 897 1719 languidos
919 1693 1023 1711 corum.

222 1723 289 1751 Cum
308 1731 371 1751 sero
390 1730 479 1750 autem
502 1722 600 1749 factum
621 1727 704 1754 esset,
725 1726 899 1748 accesserunt
914 1721 946 1747 ad
961 1729 1022 1748 eum

221 1759 347 1794 discipuli
363 1759 430 1795 ejus,
444 1759 566 1795 dicentes
582 1767 586 1783 :
601 1757 730 1795 Desertus
743 1757 817 1795 locus
832 1757 842 1772 "
861 1761 903 1795 est
917 1757 966 1795 ubi
976 1764 1023 1783 su-

221 1792 299 1829 mus,"
310 1800 337 1823 et
367 1792 432 1822 liora
455 1794 511 1829 jam
536 1793 673 1829 praeteriit
710 1801 716 1819 :
746 1793 850 1829 dimitte
876 1792 886 1807 ⁶
916 1792 1021 1819 turbam

220 1831 301 1858 istam
320 1852 327 1863 ,
358 1835 387 1858 ut
413 1835 509 1858 etnues
534 1830 561 1856 in
589 1828 654 1856 vicis
671 1831 762 1856 emant
784 1828 834 1855 sibi
862 1835 950 1855 escas.
964 1828 973 1843 ⁷
989 1829 1023 1855 Et

221 1867 259 1894 ait
282 1867 334 1894 illis
349 1867 428 1894 Jesus
443 1874 449 1892 :
474 1866 530 1892 Non
555 1865 654 1891 habent
680 1872 792 1891 necesse
807 1865 845 1890 ire
861 1873 867 1878 “
889 1864 952 1890 date
967 1864 1021 1890 illis

220 1909 269 1929 vos
291 1902 464 1928 manducare.
482 1902 492 1916 ’⁸
513 1901 547 1927 At
569 1901 607 1926 illi
623 1900 749 1927 dixerunt
766 1909 772 1926 ι
789 1899 847 1927 Non
864 1899 996 1926 habemus
1011 1901 1021 1916 °

222 1938 363 1964 nobiscttm
381 1937 430 1964 nisi
451 1935 568 1969 quinque
592 1944 684 1968 panes.
696 1940 721 1962 et
736 1935 804 1962 duos
819 1935 918 1969 pisces.
933 1936 953 1950 ‘°
969 1935 1022 1962 Re-

220 1973 358 2007 spondens
368 1972 448 1999 Jesns
460 1972 498 1998 ait
511 1970 626 2007 :Alfertc
639 1971 699 1997 illos
711 1970 772 1996 huc.
792 1971 821 1996 Et
840 1971 857 1984 “
876 1972 952 2003 jussit
966 1975 1022 1997 tur-

221 2006 283 2036 bam
299 2008 470 2035 discumbere
482 2014 563 2041 super
578 2006 762 2033 ¹²Γυειιιιιιμρι
774 2008 891 2039 :tt't'oplis
903 2007 1022 2039 quinque

219 2045 353 2077 patribus,
379 2049 406 2071 et
429 2043 535 2070 duobus
556 2042 691 2076 piscibus.
710 2041 731 2056 ¹³
744 2044 891 2074 ιηξςιιίίτινιις
911 2042 943 2067 ad
958 2050 1020 2069 coe-

220 2079 276 2107 lum
291 2079 526 2107 benedixitensct
538 2078 625 2111 l’regit,
639 2082 666 2103 et
677 2077 751 2103 dedit
766 2078 904 2111 til5(illlllils
919 2078 949 2109 ν’,
965 2078 1019 2104 dis-

220 2116 300 2150 cipuli
318 2120 406 2142 antetn
428 2114 523 2141 turbis.
551 2113 582 2139 Et
598 2112 826 2150 mandnmverunt
840 2113 976 2150 universi,
994 2118 1021 2140 t-t

220 2148 332 2178 saturali
355 2155 427 2177 sunt.
446 2151 468 2165 ¹⁵
484 2150 513 2176 ΕΙ
529 2149 695 2176 sustulerunt
709 2148 778 2183 quod
791 2149 932 2182 superfuit,
949 2149 1019 2176 duu-

220 2186 307 2214 decim
323 2187 454 2220 cophinos
471 2185 575 2219 plenos.
594 2185 615 2200 ¹⁶
631 2185 663 2211 Ει
677 2191 754 2211 erant
773 2185 817 2219 qui
840 2185 1019 2212 tnandncave-

220 2228 300 2255 runt,
324 2222 461 2249 hominum
484 2228 602 2255 qumque
625 2220 726 2252 millia,
741 2221 861 2254 e\ceptis
884 2221 973 2255 pueris
991 2225 1018 2247 et

220 2258 388 2286 mulieribus.
407 2258 427 2273 ¹⁷
444 2258 518 2283 Tunc
534 2256 614 2291 jussit
633 2256 772 2290 discipulis
793 2256 849 2283 suis
870 2256 1018 2284 ascendere

220 2294 247 2322 in
259 2294 423 2326 naviculam,
441 2298 467 2320 et
483 2293 504 2308 ¹⁸
519 2293 559 2320 ire
571 2298 645 2319 trans
657 2292 765 2324 fretum,

495 120 632 151 EUSEBII
652 119 821 149 VERCELL.
844 118 1068 148 EVANGELIUM
1088 119 1160 148 CUM
1182 119 1298 148 VARIIS
1318 118 1395 148 COD.
1415 118 1614 149 COLLATUM.

1049 904 1053 907 ’
1082 902 1148 929 hora
1162 902 1218 937 jam

1037 1296 1046 1304 ‘
1082 1293 1256 1321 manducare.

1828 109 1881 143 286

1299 176 1414 205 CODEX
1442 176 1664 206 VERONENSIS.

1082 224 1153 257 cula,
1170 224 1195 251 in
1213 223 1302 251 locum
1499 224 1580 253 Jesus
1593 234 1599 252 :
1614 223 1727 252 Adferle

1082 259 1219 288 desertum
1233 267 1310 287 seor—
1499 268 1547 288 eos
1562 260 1600 296 (a)
1615 260 1648 288 ad
1665 267 1718 287 me.

1082 303 1153 323 sttm.
1168 296 1203 323 Et
1215 303 1276 322 cum
1288 303 1335 323 au-
1500 297 1544 324 19.
1566 295 1598 324 Et
1613 303 1676 323 cum
1690 295 1788 331 jussis.

1081 331 1187 359 disscnt
1201 332 1304 363 turbae,
1501 337 1543 360 set
1557 333 1661 360 turbam

1081 372 1190 395 secutae
1203 371 1267 394 sunt
1281 374 1343 395 eum
1501 368 1673 396 discumbere

1082 403 1222 437 pedestres
1234 403 1268 429 de

1081 438 1246 470 civitatibus,
1257 442 1285 464 et

1082 474 1126 502 14.
1149 474 1232 501 villis.
1248 474 1279 501 Et
1293 477 1321 500 ut

1081 509 1149 537 vidit
1164 509 1271 536 turbam

1081 545 1205 577 multam,
1223 545 1352 582 misertus

1081 586 1123 608 est
1138 581 1203 612 illis,
1218 585 1245 608 et
1256 581 1304 608 c'u-

1081 616 1150 644 ravit
1161 615 1303 652 languidos

1081 660 1186 679 eorum.

1083 688 1126 715 15.
1149 687 1268 722 Vespere
1280 691 1372 715 autem

1081 724 1164 756 tacto,
1180 730 1304 751 accesse—

1081 763 1145 787 runt
1157 759 1190 786 ad
1203 767 1266 787 eum

1081 795 1219 830 discipuli,
1231 794 1323 822 dicen—

1081 835 1123 858 tes
1137 839 1144 857 :
1160 831 1287 858 DeSertus

1081 866 1157 893 locus
1172 871 1224 900 est,
1239 871 1267 894 et

1501 412 1582 439 supra
1594 404 1685 431 fenum
1695 423 1702 436 ,

1499 440 1618 474 acceptis
1631 438 1750 475 quinque

1500 476 1624 510 panibus,
1639 474 1666 502 et
1677 474 1746 502 duo-

1500 512 1551 540 bus
1567 511 1686 546 piscibus
1694 530 1701 542 .

1500 547 1636 582 aspiciens
1652 547 1679 573 in

1499 583 1604 611 caelum
1623 582 1670 610 be-

1501 618 1615 651 nedixit,
1629 622 1657 646 et

1499 654 1591 689 fregit,
1608 658 1635 681 et
1647 652 1722 681 dedit

1500 690 1642 723 discipulis
1657 689 1724 722 suis,

1501 725 1627 760 discipuli
1644 733 1692 752 au-

1501 766 1555 789 tem
1570 763 1720 795 posuerunt

1501 797 1547 824 20.
1567 797 1665 824 turbis.
1680 796 1714 824 Et
1727 802 1802 822 man-

1501 832 1670 860 ducaveruut
1683 839 1741 859 om-

1501 877 1559 899 nes,
1576 874 1602 895 et
1617 869 1728 894 saturati

1501 909 1573 931 sunt.
1593 904 1626 930 Et
1641 904 1703 930 reli-

1501 941 1577 973 quias
1591 940 1760 974 collegerunt

1500 976 1723 1010 fragmentorum,

1502 1012 1645 1038 duodecim
1659 1011 1762 1038 colinos

1500 1047 1545 1073 “2L
1568 1048 1672 1081 plenos.
1687 1047 1761 1073 Matt-

1501 1083 1656 1110 durautium
1668 1089 1716 1109 au-

1500 1122 1555 1146 tem
1571 1117 1620 1145 l‘nit
1635 1126 1729 1146 nume—

1501 1162 1547 1181 rus
1560 1161 1585 1180 v.
1603 1154 1676 1181 milia

1501 1189 1632 1222 virorum,
1648 1197 1696 1217 ex-

1500 1226 1585 1260 ceptis
1601 1225 1691 1259 pueris

1500 1266 1526 1288 et
1537 1261 1704 1288 mulieribus.

1498 1296 1543 1323 22.
1566 1297 1597 1323 Et
1612 1296 1702 1323 statim
1718 1295 1800 1323 Jesus

1497 1332 1577 1367 jussit
1591 1331 1738 1366 discipulos
1753 1330 1791 1367 (ἐν)

1501 1374 1566 1395 suos
1577 1367 1597 1403 -Ῐ-
1608 1367 1758 1394 ascendere

1502 1403 1529 1430 in
1546 1403 1708 1435 naviculam,

1081 938 1221 978 praeteriit
1234 946 1240 964 :
1258 937 1298 965 di-

1080 978 1159 1001 mitte
1174 978 1199 1000 ιιι
1204 981 1229 1000 r-

1081 1009 1141 1041 bas,
1159 1014 1188 1036 ut
1199 1013 1295 1036 euntes

1082 1045 1109 1072 in
1122 1045 1232 1072 castella

1081 1085 1174 1108 emant
1185 1080 1237 1107 sibi

1081 1123 1168 1143 eseas.

1082 1152 1126 1179 16.
1146 1150 1227 1179 Jesns
1240 1154 1331 1178 autem

1081 1186 1149 1214 dixit
1166 1196 1172 1212 ε
1188 1186 1246 1214 Νοη
1264 1187 1312 1214 ha-

1081 1223 1147 1250 bent
1160 1229 1272 1249 necesse
1283 1223 1323 1250 ire
1336 1231 1342 1248 :

1081 1258 1145 1285 date
1157 1258 1212 1285 illis
1229 1266 1276 1285 vos

1080 1329 1294 1364 Responderunt

1081 1365 1126 1392 l7.
1148 1365 1172 1392 ei
1186 1373 1192 1391 :
1208 1364 1266 1391 Non
1279 1365 1410 1393 habemus

1082 1401 1135 1428 nisi
1147 1402 1265 1435 quinque
1277 1409 1323 1435 pa-

1082 1443 1143 1477 rtes,
1157 1440 1184 1463 et
1199 1435 1268 1477 duos
1284 1436 1324 1477 pi-
1501 1443 1528 1466 et
1544 1439 1708 1477 praecedere
1721 1438 1758 1474 (ο)
1774 1437 1794 1472 -ι-

1082 1472 1125 1499 18.
1148 1478 1218 1499 sces.
1234 1472 1268 1499 Et
1280 1472 1319 1500 ait
1502 1479 1577 1502 trans
1592 1474 1701 1508 fretum,

1312 1529 1430 1559 CODEX
1450 1531 1650 1561 BRIXIANUS.

1081 1577 1108 1604 in
1126 1576 1214 1604 locum
1236 1577 1374 1605 desertum
1385 1586 1507 1606 seorsum
1520 1579 1553 1606 Et
1567 1587 1629 1607 cum
1641 1579 1781 1607 erudissent
1790 1579 1885 1607 turbae

1080 1617 1130 1651 sal
1140 1618 1226 1651 ecutze
1236 1618 1298 1640 sunt
1307 1622 1368 1651 eum
1381 1614 1522 1649 pedestres
1533 1615 1569 1643 de
1576 1616 1743 1643 civitatibus.
1751 1615 1885 1643 Etexiens

1078 1648 1168 1676 Iesus.
1186 1649 1252 1676 vidit
1266 1648 1519 1679 turbam’multam.
1534 1657 1562 1678 et
1584 1653 1711 1679 misertus
1725 1656 1767 1679 est
1788 1652 1838 1679 eis.
1856 1656 1885 1679 et

1079 1685 1183 1711 curavit
1198 1685 1320 1711 inlirmos
1334 1693 1438 1712 eorum.
1456 1686 1575 1720 Vespere
1590 1693 1679 1714 autern
1697 1688 1778 1714 facto.
1791 1695 1885 1715 acces-

1079 1725 1174 1761 serunt
1195 1720 1312 1761 adeum
1327 1721 1451 1761 discipuli
1465 1722 1524 1757 ejus
1538 1723 1669 1761 dicentes.
1688 1724 1816 1761 Desertus
1835 1727 1884 1761 est

1076 1755 1121 1783 hic
1136 1756 1221 1790 locus,
1250 1762 1278 1783 et
1303 1757 1369 1784 liora
1395 1757 1450 1792 jam
1480 1755 1629 1792 praeteriit.
1653 1758 1765 1786 demitte
1790 1759 1885 1786 turbas

1077 1796 1106 1818 ut
1130 1792 1266 1820 euntesin
1291 1793 1413 1820 castella.
1438 1799 1529 1820 emant
1554 1795 1605 1821 sibi
1632 1802 1717 1822 escas.
1739 1794 1819 1821 Jesus
1833 1801 1884 1821 au-

1077 1831 1132 1854 tem
1147 1827 1214 1854 dixit
1229 1829 1278 1854 eis.
1296 1828 1353 1855 Non
1370 1828 1472 1856 habent
1487 1837 1599 1858 accessi:
1616 1830 1666 1858 ire.
1684 1830 1743 1858 date
1759 1830 1812 1856 illis
1832 1837 1883 1857 vos

1076 1863 1251 1903 matnlucare.
1270 1863 1309 1891 Ad
1332 1864 1370 1891 illi
1385 1864 1511 1903 dixerunt
1528 1866 1566 1903 ei.
1592 1865 1649 1903 Noll
1673 1865 1804 1903 habemus
1825 1866 1881 1893 hic.

1077 1899 1261 1935 nisiquinque
1283 1907 1365 1933 panes
1380 1905 1406 1927 et
1421 1901 1489 1928 duos
1510 1901 1606 1935 pisces.
1624 1901 1657 1928 Et
1669 1902 1706 1928 ait
1720 1902 1774 1928 illis
1789 1901 1881 1929 Jesus.

1076 1933 1189 1971 Adferto
1210 1935 1274 1961 mihi
1290 1943 1340 1971 eos,
1354 1936 1414 1962 huc.
1431 1936 1464 1963 Et
1485 1933 1546 1963 cum
1558 1937 1685 1971 jussisset
1702 1938 1810 1964 turbam
1824 1937 1882 1964 dis-

1075 1969 1203 2007 cumbere
1225 1978 1306 2004 supra
1330 1970 1421 1998 fenum
1443 1969 1565 2007 acceptis
1584 1973 1705 2007 quinque
1726 1973 1839 2006 panibus
1854 1978 1883 1999 et

1075 2005 1182 2045 duobus
1205 2007 1478 2045 piscilitts_ttspiciens
1504 2005 1531 2035 in
1556 2005 1835 2045 caélttut‘rbenedixit.
1852 2013 1881 2035 et

1075 2040 1201 2081 frangens
1221 2041 1296 2081 dedit
1309 2040 1448 2077 discipulis
1469 2051 1552 2078 panes
1567 2044 1692 2077 discipuli
1714 2049 1804 2072 autem
1821 2049 1881 2081 tur-

1075 2075 1127 2103 bis.
1144 2076 1178 2103 Et
1195 2075 1429 2105 manducaverhnt
1446 2075 1552 2107 omnes.
1574 2084 1602 2107 et
1624 2075 1736 2107 saturati
1756 2084 1828 2107 sunt.
1847 2080 1883 2106 Et

1075 2113 1245 2150 snstttletunt
1268 2113 1396 2147 reliquias
1425 2114 1639 2150 fragtnentorum
1664 2115 1806 2143 duodecim
1832 2123 1883 2141 co—

1077 2147 1173 2188 phinos
1192 2149 1296 2189 plenos.
1312 2150 1362 2189 Qui
1377 2147 1720 2189 autemvtn‘anducavernnt
1736 2154 1815 2179 erant
1827 2150 1881 2178 viri

1075 2186 1156 2223 Quasi
1171 2186 1534 2223 quinqueAnulta._exceptis
1547 2187 1717 2213 mulieribus.
1733 2192 1760 2214 et
1780 2194 1881 2223 parvu-

1076 2218 1120 2255 lis.
1136 2219 1169 2246 Et
1185 2221 1274 2246 statim
1294 2220 1375 2254 jussit
1390 2221 1538 2255 discipulos
1551 2222 1701 2250 ascendere
1721 2224 1747 2250 in
1769 2218 1883 2250 liavicu-

1075 2253 1128 2281 lam
1142 2260 1168 2282 et
1184 2253 1347 2290 praecedere
1359 2264 1420 2284 eum
1437 2253 1512 2284 trans
1533 2258 1643 2285 fretum.

559 2348 754 2377 VARIANTES
773 2348 967 2378 LECTIONES
986 2348 1121 2378 CODIClS
1141 2350 1197 2379 MS.
1220 2351 1248 2380 S.
1270 2351 1526 2383 GERMANENSIS.

254 2400 261 2415 ί
279 2405 401 2424 seorsum.
413 2398 445 2423 Et
455 2403 511 2422 cttm

251 2430 262 2445 ¹
278 2431 410 2460 pedestres
421 2430 453 2454 de

252 2461 263 2476 ³
280 2465 305 2485 (ιι
316 2468 371 2485 cum
386 2462 480 2485 exisset
842 2481 845 2483 .

248 2491 262 2538 ἰ
276 2493 370 2546 ignei:
382 2493 488 2516 inﬁrmos
501 2497 594 2516 eorum.
610 2491 723 2522 Vespere
734 2493 816 2514 autem
830 2489 893 2515 facto

248 2553 259 2569 ⁸
278 2540 399 2578 turbas-in
410 2553 509 2578 castella
536 2567 546 2572 ν

249 2585 259 2600 ⁷
276 2583 350 2609 Iesus
360 2587 442 2609 autem
453 2585 516 2610 dixit
528 2585 576 2609 illis

249 2616 260 2663 ς
278 2616 325 2672 Et:
336 2615 452 2640 dixerunt
463 2616 487 2640 ei

297 2655 303 2671 l

249 2679 271 2694 ¹⁰
289 2678 319 2704 Et
331 2678 366 2704 ait
378 2676 426 2703 illis
440 2677 529 2703 Jesus:
542 2677 637 2703 Aﬂ‘crte
647 2684 690 2703 eos
702 2679 731 2703 ad
744 2686 784 2704 me

1109 2399 1130 2414 “
1149 2405 1204 2423 cum
1211 2399 1325 2430 iussisset

1110 2430 1132 2463 ff
1150 2430 1259 2463 foenum,
1273 2432 1383 2463 acceptis

1108 2461 1131 2476 "
1148 2461 1270 2492 aspiciens
1280 2461 1482 2494 in...'beuedixit,
1493 2468 1519 2489 et

1109 2492 1131 2507 ’λ
1149 2500 1236 2517 naues.

1107 2523 1128 2557 ff
1146 2513 1344 2557 Ei-colicgerunt
1356 2526 1475 2557 reliquias
1538 2543 1550 2551 ς

1074 2554 1342 2609 r0l:l‘:"illamucantium
1353 2554 1436 2582 autem
1448 2557 1494 2582 l'uit
1504 2564 1621 2583 numerus
1630 2558 1740 2590 quinque
1751 2558 1829 2585 millia
1839 2561 1882 2585 vi-

1106 2616 1128 2652 ξζ
1145 2616 1176 2641 Ει
1187 2619 1268 2652 statim
1278 2619 1350 2649 jussit
1362 2619 1436 2645 Jesus
1449 2619 1581 2652 discipulos
1594 2627 1653 2646 suos

1108 2648 1129 2663 ’³
1147 2648 1300 2680 praecedere

884 2721 1068 2751 BLANClllNI
1088 2722 1203 2752 NOT/E.

252 2773 265 2787 ⁸
285 2768 307 2795 Α
323 2768 347 2795 in
362 2772 492 2802 suculae,
509 2767 606 2796 extrita
624 2755 674 2795 est.

252 2839 296 2880 (u)‘
312 2840 375 2880 [39st
395 2849 452 2873 eos.
474 2841 553 2880 deest
572 2841 637 2880 huc,
654 2840 734 2868 etiam
757 2841 783 2868 in
805 2841 867 2880 cod.
892 2841 977 2880 Ca_nt._
985 2842 1061 2879 --(b)
1083 2843 1255 2872 Additum:
1270 2848 1297 2871 et
1310 2844 1345 2871 ita
1358 2843 1474 2873 Vercell.
1492 2849 1519 2873 et
1535 2848 1624 2873 textus
1634 2844 1765 2880 Graecus,
1782 2846 1881 2874 αὐτοῦ.

215 2888 251 2898 —-
265 2876 300 2912 tr)
322 2875 385 2903 Post
408 2877 571 2911 praecedere,
589 2877 663 2906 deest
679 2885 756 2911 eum,
781 2883 808 2905 ut
831 2878 858 2905 in
882 2875 1037 2906 cod.Cant‘.
