4048 6188
574 302 684 360 259

960 414 1196 472 CODEX'
1231 413 1774 472 VERCEILENSIS.

579 524 632 568 et
659 512 920 568 adoravc-
1417 508 1734 577 grediuutnr

576 594 701 639 runt
726 599 846 638 eum
866 622 880 645 ,
904 580 985 635 di-
1419 580 1763 634 traditionem

575 666 760 710 centes
791 671 803 706 :
835 653 972 708 Verc
1414 650 1725 705 seniorum?

1415 737 1521 776 non
1551 721 1694 775 enim
1727 720 1803 776 la-

1411 803 1540 847 vant
1569 808 1760 847 manus

1413 879 1559 930 suas,
1589 880 1712 919 cum
1747 879 1838 932 pa-

1415 952 1537 991 nem
1570 935 1797 990 mandu-

1413 1017 1558 1062 cant.

1412 1080 1464 1134 5.
1509 1079 1628 1146 Ipse
1657 1087 1837 1136 autem
1863 1095 1975 1137 res-

1415 1149 1660 1219 pondens
1687 1152 1762 1206 ait

1414 1221 1523 1276 illis
1549 1239 1562 1276 :
1595 1222 1772 1289 Quare
1799 1230 1855 1278 et

1414 1309 1511 1348 vos
1540 1302 1814 1363 transgre-

1415 1364 1603 1419 dimini
1629 1380 1782 1419 mau—

1414 1436 1598 1490 datunt
1628 1435 1725 1508 Dei
1752 1451 1914 1508 prop-

1415 1516 1496 1563 ter
1523 1507 1766 1562 traditioé

1414 1595 1536 1633 nem
1565 1581 1837 1634 veSIram?

1412 1649 1546 1706 Nam
1582 1651 1724 1704 Deus
1752 1651 1888 1705 dixit
1921 1668 1934 1706 :

1413 1720 1468 1777 4.
1512 1722 1726 1777 Honora
1751 1737 1847 1792 pa-

1415 1801 1557 1866 trem
1590 1792 1666 1866 (ὁ)
1702 1800 1784 1846 tti-

1415 1880 1503 1919 um
1533 1864 1607 1935 1-,
1621 1872 1678 1920 et
1701 1880 1812 1919 ma-

577 729 743 780 Filins
775 724 867 779 Dei
893 739 974 778 es.

572 797 661 853 54.
707 798 773 852 Et
802 812 925 851 cum
951 803 1126 850 trans-

572 871 869 925 fretasseut

574 941 901 996 invenerunt

575 1013 628 1066 in
660 1022 856 1068 terram

571 1085 664 1140 55.
708 1083 1010 1139 Gemiesar.
1047 1080 1112 1137 Et

573 1171 696 1210 cum
721 1170 924 1225 cogno-

575 1226 781 1282 vissent
810 1228 960 1282 illum

572 1299 672 1352 viri
707 1299 806 1352 luci
843 1297 946 1353 illi-

575 1384 657 1432 us,
685 1369 985 1424 adoraliant

573 1457 717 1496 eum.
754 1441 818 1494 Et
846 1456 976 1496 con-

574 1512 750 1568 fesum
784 1512 944 1567 mise-

575 1594 701 1638 runt
730 1584 782 1637 in
814 1584 933 1638 tini-

570 1671 782 1710 versam
814 1656 988 1725 regio-

571 1742 694 1781 nem
727 1727 893 1794 illam,
927 1738 982 1782 et

570 1798 888 1864 Optulerunt

571 1870 620 1924 ei
645 1884 836 1924 omnes
865 1883 978 1923 ma-

1416 1943 1552 1991 trem
1586 1948 1727 1990 tuam
1748 1952 1761 2000 ;

1413 2016 1468 2062 et
1494 2025 1507 2061 :
1537 2008 1792 2076 Quicum-

1414 2093 1519 2148 que
1543 2079 1712 2134 male—

1415 2151 1543 2205 dicit
1569 2153 1709 2219 patri

1414 2233 1592 2277 morte
1619 2237 1735 2277 mo-

1412 2293 1604 2347 rielur.

1412 2363 1466 2417 5.
1515 2363 1621 2418 Vos
1646 2370 1829 2419 autem
1857 2361 1939 2419 di-

572 1941 621 1993 le
649 1939 932 1996 habentes.

570 2013 660 2067 56.
704 2011 773 2066 Ει
799 2014 1063 2078 rogabant

568 2099 692 2138 eum
721 2094 778 2145 ut
808 2084 890 2138 vel
915 2084 1034 2139 fitti—

568 2155 741 2210 liriam
763 2154 927 2211 vesti-

570 2227 738 2281 menti
769 2226 886 2297 ejus
910 2237 1028 2281 tan-

565 2306 776 2367 gerent.
815 2299 882 2352 Et
903 2299 1022 2365 qui-

565 2384 796 2440 cumque
821 2371 1013 2440 tetige-

567 2435 724 2501 runt;
741 2442 876 2496 salvi
903 2435 1012 2495 fac-
1409 2435 1532 2489 citis
1566 2453 1578 2488 :
1610 2436 1868 2503 Quicum-

569 2512 605 2565 ti
635 2521 782 2568 sunt.
1408 2520 1516 2574 que
1541 2506 1740 2589 dixerit
1800 2575 1802 2577 _

754 2625 983 2682 ολνυτ
1022 2625 1143 2680 xv-
1413 2578 1833 2704 irritat?“-

1411 2718 1792 2787 quodcumque

1411 2804 1479 2843 ex
1506 2805 1613 2851 me,
1645 2791 1737 2843 tibi
1773 2807 1896 2859 prc-

1411 2860 1462 2914 6.
1508 2860 1669 2923 derit,
1702 2860 1774 2932 (c)
1805 2879 1912 2917 non
1941 2862 2036 2918 ho-

1411 2932 1716 2986 norilicavit

1410 3017 1472 3074 pa
1483 3009 1618 3057 trcttt
1641 3019 1732 3058 su-

642 2720 662 2774 l
681 2760 692 2772 .
736 2718 890 2772 Tunc
921 2731 1167 2773 accesse-

570 2801 695 2846 runt
716 2790 782 2845 ad
803 2805 926 2845 eum

568 2862 810 2927 Scribae,
845 2868 901 2916 et
928 2858 1066 2914 Plia-

568 2934 726 2988 risaei
749 2934 817 2988 ab
842 2933 1030 2988 Iliero-

566 3006 796 3075 solyma,
829 3004 1014 3060 dicen-

564 3077 619 3130 2.
657 3074 745 3131 tes
771 3093 782 3127 :
808 3077 986 3142 Quare
1006 3074 1114 3130 dis-
1410 3089 1498 3126 um
1526 3091 1538 3128 :
1570 3087 1621 3129 et
1651 3076 1876 3132 inritum

566 3147 729 3219 cipuli
758 3148 830 3201 tui
856 3154 1033 3202 trans—
1409 3145 1612 3201 fecistis
1644 3163 1766 3202 ver-

995 3262 1226 3320 CODEX
1263 3262 1740 3321 CORBEIENSIS.

565 3360 933 3416 adoraverunt
971 3374 1116 3422 eum,
1148 3357 1392 3414 dicentes
1423 3375 1434 3410 :
1467 3356 1607 3413 Vere
1651 3357 1824 3413 Filius
1861 3357 1953 3412 Dei
1991 3373 2070 3414 es.
2109 3357 2177 3414 Et

565 3449 729 3502 quum
759 3433 1220 3487 transfretassent.
1260 3439 1526 3502 venerunt
1551 3431 1602 3483 in
1635 3438 1835 3502 terram
1861 3430 1876 3502 ξ
1907 3429 2175 3484 Genesar.

564 3501 633 3559 Et
660 3513 718 3558 ut
741 3509 1138 3574 eognnverunt
1169 3501 1417 3557 homines
1449 3501 1549 3556 loci
1589 3501 1735 3555 illius
1761 3544 1776 3568 ,
1809 3501 2177 3574 adoraverunt

562 3592 710 3631 cum.
759 3572 1168 3630 Et‘cunfestim
1221 3574 1485 3627 miserunt
1515 3575 1564 3626 in
1599 3588 1816 3628 omnem
1861 3572 2171 3637 conﬁnem,

563 3658 618 3702 et
647 3649 963 3702 obtulerunt
1000 3647 1050 3700 ei
1087 3661 1277 3700 omnes
1300 3645 1440 3699 male
1485 3643 1772 3699 habentes.
1814 3643 1877 3699 Et
1912 3645 2176 3713 rogabant

564 3733 687 3772 eum
737 3719 842 3770 ut'
878 3728 1084 3772 tantum
1135 3718 1405 3770 fimbriam
1458 3717 1765 3787 vestimenti
1817 3715 1935 3785 ejus
1981 3727 2172 3787 tange-

566 3798 728 3859 rent.
751 3789 816 3840 Et
875 3790 1200 3859 quicumque
1255 3787 1566 3856 tetigerunt,
1596 3786 1616 3816 ³
1642 3787 1834 3859 salvati
1861 3794 2005 3840 sunt.

639 3858 754 3913 XV.
796 3857 948 3913 Tunc
987 3868 1333 3914 accesserunt
1369 3859 1438 3911 ad
1488 3857 1658 3928 eunt"
1696 3859 1765 3912 ab
1808 3857 2174 3928 Jerosnlymis

563 3929 786 3985 Scrihae
822 3943 874 3984 et.
914 3930 1224 3992 Pharisaei,
1267 3928 1514 3983 dicentes
1547 3946 1559 3982 :
1594 3927 1773 3993 Quare
1818 3927 2066 3997 discipuii
2094 3929 2171 3983 tni

564 4001 1036 4066 transgrediuntur
1057 3999 1400 4055 traditionem
1432 3999 1745 4054 senioruIn?
1786 4015 1891 4054 non
1924 3999 2067 4054 eiiiut
2095 4001 2172 4054 la-

564 4085 690 4128 vant
720 4072 740 4102 ⁵
766 4087 957 4126 manus
980 4088 1128 4130 suas.
1152 4087 1316 4142 quum
1347 4086 1537 4139 panem
1563 4071 1906 4125 manducaui.
1932 4072 1952 4102 ⁶
1979 4073 2049 4127 At
2077 4073 2169 4125 ille

562 4145 900 4214 respondens
948 4145 1026 4198 ait
1072 4143 1176 4197 illis
1215 4159 1228 4196 :
1262 4144 1441 4209 Quare
1484 4152 1539 4197 et
1586 4157 1680 4196 vos
1710 4143 2168 4214 transgredimiui

561 4212 873 4269 tn.mdatum
922 4215 1013 4269 Dei
1057 4223 1277 4284 propter
1325 4222 1558 4268 vestram
1609 4212 1990 4268 traditionem?
2029 4213 2164 4268 Nam

561 4285 706 4341 Deus
749 4286 921 4341 dixit:
953 4286 1168 4342 Honora
1221 4297 1460 4356 patrem,
1514 4291 1571 4356 et
1617 4297 1878 4349 matrem;
1913 4294 2011 4340 et:
2063 4286 2163 4353 Qui

562 4358 901 4413 malediserit
950 4360 1127 4427 patri,
1178 4357 1197 4386 ⁷
1228 4355 1331 4412 vel
1390 4355 1586 4422 matri,
1648 4371 1822 4411 morte
1883 4359 2160 4412 morietur.

565 4427 673 4484 Vos
717 4441 896 4484 autem
948 4429 1172 4484 dicitis:
1221 4429 1242 4462 ⁸
1291 4429 1628 4496 Quicumque
1681 4427 2023 4483 maledixcrit
2072 4444 2167 4496 pa-

560 4499 667 4564 tri,
722 4504 805 4557 vel
859 4501 1058 4566 matri,
1119 4517 1242 4555 rcus
1291 4502 1394 4554 erit
1439 4499 1723 4570 gehennae
1776 4500 1912 4570 ignis
1956 4517 1968 4552 ε
2019 4500 2163 4570 quod

564 4588 672 4628 non
700 4573 1076 4627 lionoriticavit
1102 4584 1308 4641 patrem
1338 4587 1517 4639 suum,
1551 4573 1570 4604 9
1602 4571 1687 4627 vel
1719 4582 1944 4627 matrem
1977 4586 2160 4626 suam:

558 4652 614 4699 et
641 4646 850 4699 irritum
907 4644 1112 4700 fecistis
1130 4644 1172 4675 ¹⁰
1187 4659 1310 4700 νοτε

2207 3000 2227 3008 “
2283 3006 2535 3074 discipuli
2565 3009 2637 3063 tui

1106 299 1378 359 EUSEBII
1417 295 1760 356 VERCELL.
1803 294 2256 356 EVANGELIUM
2295 265 2437 355 CUM
2479 295 2705 356 VARIIS
2742 294 2899 356 COD.
2940 293 3340 356 COLLATUM.
3471 355 3473 358 ,
3762 295 3850 355 illi
3924 363 3926 365 ,

2713 414 2942 472 CODEX
2985 414 3443 475 VERONENSIS.

3125 505 3399 562 seniorum
3420 508 3443 561 ?

3127 593 3232 632 nou
3258 579 3402 633 enim
3427 579 3505 635 la-

2285 512 2338 559 et
2361 503 2623 560 adoravc-

2285 586 2412 631 runt
2439 591 2584 643 eum,
2618 575 2804 633 dicen-

2287 657 2366 702 tes
2392 667 2405 702 :
2439 647 2578 704 Vere
2608 648 2776 704 Filius
3127 661 3250 703 vant
3281 666 3473 706 manus

2287 719 2381 774 Dei
2415 733 2474 774 cs
2505 717 2581 845 Xa)
3126 735 3275 787 suas,
3307 738 3430 778 cum
3463 739 3560 794 pa-

2289 799 2342 845 tu
2365 789 2425 845 +.
2471 795 2502 845 5
2549 830 2562 845 .
2605 789 2813 845 Etcum
3127 807 3250 845 rtem
3284 793 3560 845 manducai

2289 799 2342 845 tu
2365 789 2425 861 1-.
2471 789 2568 846 54.
2605 789 2813 846 Etcum
3127 807 3250 846 nem
3284 789 3639 861 manducant,

2285 861 2753 930 transfretassent,
3126 865 3180 919 5.
3226 863 3348 934 Ipse
3371 874 3551 922 autem

2287 943 2552 1006 venerunt
3129 937 3467 1006 respondens

3130 1005 3373 1062 aitillis:

3131 1077 3308 1145 Quare
3331 1087 3388 1136 et
3415 1096 3512 1136 vos

2285 1005 2340 1058 iu
2373 1015 2570 1060 terram

2285 1076 2379 1133 55.
2405 1075 2666 1132 Genesar.
2699 1077 2764 1133 Et

2286 1163 2407 1203 cum
2436 1150 2724 1219 eognovis—
3133 1151 3568 1218 trausgredimini

2287 1231 2409 1273 sent
2427 1235 2550 1274 eum
2583 1220 2683 1275 viri
3132 1222 3444 1280 mandatum

2287 1289 2391 1364 loci
2417 1291 2581 1354 illius.
3130 1290 3224 1347 Dei
3252 1304 3472 1364 propter

3129 1364 3473 1423 traditionem

3128 1439 3396 1492 vestram?
3428 1438 3560 1494 Nam

3127 1506 3270 1562 Deus
3297 1508 3434 1564 dixit
3460 1529 3474 1565 :

3125 1578 3182 1632 4.
3216 1578 3431 1637 Honora
3456 1596 3549 1651 pa-

3130 1659 3267 1705 trem
3301 1651 3380 1721 (b)
3413 1660 3563 1709 tuum
3593 1652 3655 1723 1',

3129 1729 3185 1776 ct
3209 1731 3436 1779 matrem

3130 1801 3297 1858 tuam;
3327 1803 3382 1849 et
3415 1812 3430 1850 :
3459 1795 3562 1864 Qui

3129 1864 3470 1923 maledixerit

3131 1938 3296 2006 patri,
3327 1938 3409 1993 vel
3433 1954 3547 1995 ma-

3133 2008 3224 2074 tri,
3257 2018 3430 2065 morte

3130 2082 3414 2136 moriatur.

3127 2150 3179 2205 5.
3238 2151 3342 2206 Vos
3372 2161 3554 2208 autem

3127 2222 3305 2277 dicitis
3338 2239 3350 2281 :
3381 2223 3633 2293 Quicum-

2286 1362 2584 1417 adorabant
2613 1379 2761 1422 eum.

2289 1431 2356 1487 Et
2382 1433 2670 1490 confestim

2289 1505 2552 1560 miserunt
2583 1506 2638 1562 in

2289 1576 2599 1632 universam

2288 1650 2566 1718 regionem
2596 1649 2768 1716 illam,

2293 1727 2348 1773 ct
2374 1721 2689 1789 Optuleruut

2291 1790 2341 1845 ei
2372 1808 2560 1847 omnes
2587 1792 2730 1848 male

2290 1863 2378 1916 $6.
2415 1863 2697 1919 habentes.
2729 1862 2797 1918 Et

2290 1934 2551 2004 rogabant
2579 1950 2703 1990 eum

2290 2015 2348 2059 ut
2370 2007 2452 2061 vel
2478 2007 2742 2062 timbriam

2288 2078 2594 2132 vestimenti

2287 2148 2406 2220 ejus
2436 2159 2736 2220 tangerent.

2288 2219 2356 2274 Et
2373 2219 2690 2293 quicunque

2289 2292 2610 2364 tetigerunt,
3127 2310 3234 2364 que
3260 2292 3459 2350 dixerit

2287 2361 2423 2417 salvi
2449 2363 2574 2420 facti
3128 2361 3288 2432 patri,
3321 2366 3401 2421 vel
3435 2381 3550 2420 ma-

2287 2442 2436 2489 sunt.
3127 2436 3193 2491 tri
3224 2437 3465 2504 corbam,

2464 2505 2692 2578 CAPUT
2739 2508 2856 2563 XV.
3123 2506 3264 2578 quod
3287 2515 3393 2572 est,
3418 2523 3534 2562 mu-

3126 2595 3224 2633 nus
3247 2580 3549 2650 quodcum--

3127 2665 3232 2720 que
3253 2661 3337 2705 est
3373 2666 3441 2706 ex

3132 2737 3240 2787 me,
3270 2722 3361 2777 tibi
3386 2735 3517 2792 pro-

3134 2792 3189 2849 6.
3241 2789 3407 2856 derit;
3427 2792 3498 2864 (c)
3525 2805 3629 2847 non
3662 2789 3755 2846 lio-

3134 2864 3440 2920 noriticavit

3130 2946 3336 3006 patrem
3365 2951 3516 2991 suum
3532 2975 3548 3001 ,

3126 3017 3182 3063 οι
3209 3017 3436 3063 matrem
3468 3024 3483 3060 ἶ

3127 3089 3181 3134 et
3211 3079 3424 3134 irritum

3126 3150 3303 3206 facitis
3334 3150 3557 3207 verbum

2749 3267 2984 3325 coosx
3021 3241 3420 3323 animamus.

2282 3369 2338 3418 et
2351 3362 2714 3419 adoraveruut
2736 3379 2858 3419 eum
2874 3359 3288 3417 dicentes.Vere
3304 3358 3402 3414 Dei
3417 3358 3587 3413 Filius
3597 3354 3895 3412 es.!2tcum

2285 3435 2728 3490 transfretassent
2756 3443 3022 3491 venerunt
3052 3435 3102 3487 iu
3129 3441 3328 3487 terram
3349 3430 3667 3485 Gcnesaret.
3689 3428 3894 3483 Etcum

2281 3508 2802 3574 cognovisseuteum
2831 3505 2928 3560 viri
2945 3507 3043 3559 loci
3063 3501 3558 3558 illitileiseruutin
3581 3501 3896 3574 universam

2283 3571 2562 3646 regionem
2594 3579 2823 3633 illam.et
2841 3576 3420 3646 obtulermiteiomues
3445 3571 3900 3646 malehabentes.

2281 3641 2371 3702 Εἴ
2383 3650 2644 3720 rogabant
2662 3666 2783 3705 eum
2802 3661 2855 3702 ut
2877 3659 3084 3720 tantum
3103 3647 3185 3702 vel
3207 3647 3224 3700 f
3248 3655 3273 3682 ιι
3293 3645 3538 3720 imbriam
3571 3641 3904 3720 vestimenti

2283 3720 2402 3787 ejus
2436 3712 2718 3790 tangerent
2768 3721 2836 3774 Et
2880 3719 3206 3791 quicumque
3237 3717 3526 3791 tetigerunt
3571 3712 3899 3791 salvi-facti

2283 3783 2432 3844 sunt.
2464 3783 2616 3845 Tiiue
2640 3783 2992 3847 accesserunt
3015 3789 3081 3844 ad
3121 3783 3309 3844 Iesum
3337 3783 3568 3844 'Scribaze
3615 3800 3670 3841 et
3698 3783 3907 3838 Phari-

2282 3863 2376 3915 saei
2407 3863 2475 3917 ab
2507 3863 2566 3916 lli
2593 3863 2622 3900 1»
2652 3862 2975 3934 οτιιειιιγηιίε
3006 3862 3269 3934 dicentes.
3327 3859 3506 3928 Quare
3535 3855 3791 3934 discipuli
3819 3856 3904 3934 tui

2283 3934 2752 4004 transgrediuntur
2784 3926 3128 3988 traditionem
3157 3926 3452 4004 seniorum.
3490 3946 3596 4004 non
3619 3930 3765 3983 enim
3818 3926 3904 3982 la-

2286 4014 2307 4041 ο
2342 4000 2474 4059 bant
2524 4021 2714 4060 manus
2753 4020 2875 4060 eum
2911 4020 3101 4075 panem
3153 4002 3503 4058 manducant.
3531 4000 3650 4070 Ipse
3703 4009 3902 4075 ante“!

2280 4076 2618 4146 respondens
2669 4078 2745 4132 ait
2775 4069 2922 4131 illis."
2953 4076 3132 4143 Quare
3181 4084 3235 4129 et
3289 4088 3386 4129 vos
3441 4069 3903 4146 trauSgrediJnini

2282 4141 2593 4202 mandatum
2630 4149 2742 4203 Dei.
2796 4141 3020 4218 preple'r,
3043 4147 3385 4200 traditionem
3419 4157 3672 4218 vestram.
3732 4141 3896 4218 Deus

2277 4219 2422 4273 enim
2463 4219 2736 4291 praecepit
2765 4211 2953 4297 dicens
2985 4217 3203 4297 Honora
3229 4229 3435 4297 patrem
3465 4214 3542 4297 (ὁ)
3567 4228 3722 4297 tuum
3771 4211 3906 4297 fet

2276 4285 2506 4345 matrem
2541 4285 2706 4344 matu.
2751 4300 2808 4346 et
2852 4290 2955 4359 Qui
3012 4285 3354 4345 malediierit
3402 4285 3541 4358 patri
3585 4285 3670 4340 vel
3715 4285 3901 4340 matri

2277 4374 2452 4416 morte
2478 4363 2761 4418 moriatur.

2352 4433 2458 4488 Vos
2481 4445 2662 4489 autern
2694 4433 2872 4488 dicitis
2898 4433 3236 4503 Quicumque
3263 4431 3462 4503 dixerit
3488 4427 3736 4503 patri_ve_l
3769 4443 3908 4482 ma-

2275 4503 2342 4558 tri
2390 4519 2584 4559 munus
2635 4499 3012 4575 quodcumque
3042 4515 3127 4561 est
3151 4499 3234 4560 'ex
3268 4519 3355 4558 me
3385 4502 3478 4558 tibi
3512 4499 3787 4571 proderit.
3844 4508 3915 4556 et

2274 4589 2384 4630 non
2438 4576 2763 4632 lwuoriticat
2816 4589 3024 4646 patrem
3077 4592 3257 4633 suum.
3311 4586 3405 4630 aut
3432 4581 3668 4630 matrem
3700 4586 3908 4640 suam,

2271 4655 2328 4702 et
2351 4648 2569 4703 inritum
2597 4648 2801 4704 fecistis
2829 4663 2988 4704 man-

2362 2578 2410 2631 l.
2463 2577 2618 2635 Tunc
2647 2595 2893 2637 accesse-

2287 2659 2414 2704 runt
2440 2650 2505 2703 ad
2537 2667 2661 2706 eum

2287 2721 2528 2785 Scribae,
2562 2733 2613 2779 et

2285 2790 2520 2847 Farisaci
2544 2795 2612 2847 ab

2286 2861 2700 2936 llierosolymis,

2284 2933 2338 2987 2.
2385 2933 2630 2991 dicentes
2655 2955 2668 2991 :
2703 2938 2880 3006 Quare

2285 3079 2756 3146 transgrediuntur

2287 3149 2634 3208 traditionem

1243 4805 1640 4864 VARIANTES
1678 4804 2066 4864 LECTIONES
2105 4805 2376 4867 CODICIS
2416 4809 2529 4866 MS.
2573 4809 2630 4866 S.
2672 4807 3188 4866 GERMANENSIS.

623 4943 636 4975 ¹
676 4946 916 5020 Genesar.
939 4943 1131 4997 Etcum
1152 4945 1499 5020 cognovissent
1523 4958 1637 5020 eum
1656 4943 1748 4997 viri
1767 4942 1864 4993 loci
1887 4942 2036 5006 illius,
2062 4945 2157 4995 mi-

553 5016 726 5099 sezunt
743 5010 798 5117 Iin
817 5011 1094 5060 universam
1118 5005 1380 5071 regionem
1397 5005 1547 5068 illam,
1573 5014 1626 5058 et

676 5083 737 5119 ve
1153 5112 1155 5114 .

619 5133 640 5162 ³
674 5112 792 5180 sal-vi
814 5131 922 5182 facti
953 5141 1066 5184 sunt
1153 5112 1155 5114 η

613 5194 635 5262 ζ’
671 5194 892 5258 Scribae,
920 5205 972 5245 et
991 5196 1241 5248 Pharisaei
1268 5197 1329 5248 ab
1348 5196 1685 5262 Hierosolyma

612 5258 632 5288 ³
666 5270 858 5319 manus,
883 5271 993 5308 cum

2329 4947 2350 4978 ⁶
2385 4946 2498 5011 Ipse
2515 4956 2683 5000 autem

2326 5011 2346 5041 7
2383 5021 2524 5062 aut...
2553 5013 2784 5062 moriatur

2325 5071 2557 5144 {Munus
2575 5074 2920 5138 quodcumque
2944 5086 3008 5126 ex
3030 5085 3113 5126 me
3135 5072 3224 5126 tibi
3252 5072 3488 5138 proderit,
3512 5085 3613 5124 non
3639 5071 3917 5126 honoriﬁ-

2260 5136 2391 5185 cabit

2321 5199 2341 5229 θ
2378 5203 2464 5248 aut

2322 5261 2364 5292 ¹⁰
2399 5261 2676 5314 mandatum

1876 5362 2250 5424 BLA-NCHINI
2288 5366 2525 5426 NOTE.

622 5489 646 5554 ξ*
673 5481 728 5538 ln
757 5483 942 5540 vocula
977 5482 1065 5538 illa
1097 5483 1376 5550 ﬁmbriam,
1408 5491 1531 5554 post
1557 5484 1584 5552 ἶ
1622 5483 1814 5540 extrita
1847 5494 1931 5541 est
1959 5484 2141 5542 littera

547 5552 702 5628 cujus
737 5559 1035 5628 vestigium
1053 5570 1159 5610 non
1190 5566 1293 5611 est.

620 5625 643 5662 ι’
679 5624 734 5679 lu
765 5624 952 5684 vocula
990 5626 1385 5700 Hierosolymis,
1440 5628 1612 5700 prima
1657 5627 1858 5685 vocalis
1915 5637 2055 5698 erat,
2107 5647 2139 5700 y

2248 5496 2402 5563 pusla
2431 5503 2460 5563 a
2487 5498 2800 5547 correctore
2829 5489 3040 5549 derasis
3063 5492 3343 5563 cornibus,
3373 5501 3434 5550 ut
3460 5492 3478 5547 i
3509 5493 3695 5551 fieret.

2323 5571 2343 5598 ο
2377 5561 2573 5627 labant,
2611 5577 2709 5633 pro
2739 5563 2934 5618 lavant.

614 5754 692 5832 (_u)
733 5754 893 5811 Addit
920 5767 998 5832 tu.
1020 5759 1186 5818 etiam
1207 5758 1378 5818 codex
1401 5758 1560 5818 Cant.
1587 5758 1838 5832 σύ.--(Ι›)
1857 5757 2023 5817 Addit
2045 5767 2165 5813 (mm

2291 5757 2396 5816 iam
2422 5766 2600 5817 textus
2627 5756 2853 5816 ercus
2876 5755 3151 5832 σοῦο-(ο)
3173 5755 3315 5816 Ante
3343 5774 3478 5825 non,
3509 5755 3669 5816 deest
3721 5768 3822 5825 ει,
3853 5755 3926 5813 in

542 5825 663 5881 cod.
701 5842 912 5898 quoque
939 5828 1095 5884 Cant.
