4048 6188
272 280 371 340 εις
1249 285 1704 352 EVANGELIUM
1742 287 2115 348 SECUNDUM
2157 289 2598 356 MATTHEUM.

653 397 881 456 CODEX
919 399 1468 459 VEHCELLENSIS.
2401 407 2633 464 CODEX
2676 407 3127 467 VERONENSIS.
3208 443 3224 454 ο

1100 495 1326 576 ciantin
1352 497 1455 552 via.
1971 499 2132 576 sisset
2161 499 2303 564 inde,
2336 501 2482 556 venit
2811 503 3085 576 dimittere
3106 518 3201 560 eos
3214 504 3296 576 je-

1102 566 1418 642 55.__Dicun_t
1444 576 1622 624 autem
1972 571 2164 642 iterum
2196 586 2356 625 secus
2377 587 2524 628 mare
2806 573 2966 642 junos
2991 575 3142 640 nolo,
3175 566 3242 630 ne

1101 641 1149 692 ei
1177 638 1419 708 discipuli
1447 658 1458 691 :
1971 640 2245 696 Galilaeae
2276 661 2287 694 :
2318 654 2371 698 et
2807 638 3134 700 deliciantin
3165 648 3271 701 via.

1102 709 1242 765 unde
1271 725 1398 778 ergo
1429 711 1481 764 in
1971 713 2269 768 ascendens
2297 714 2348 769 in

1099 781 1316 836 deserto
1344 796 1509 852 panes
1970 793 2178 850 monte,
2203 787 2360 840 sede-

3469 293 3578 352 246

261 496 394 550 siret
413 493 544 549 inde

258 565 438 630 Jesus,
463 565 610 620 venit
635 563 732 620 ite-

259 653 380 692 rum
410 650 567 692 secus
590 651 704 691 tua-

255 725 315 765 re
343 707 620 764 Galilaeae
644 729 656 762 :

253 791 308 835 et
339 779 642 835 ascendens

2810 717 2898 771 55.
2935 717 3126 771 Dicunt
3153 727 3330 776 autem

2808 790 2855 843 ei
2884 788 3135 857 discipuli
3167 807 3180 844 :

252 853 317 930 i_n.
334 861 598 930 montem,
623 921 656 930 η
682 920 694 930 ο
745 921 782 930 ﬁ
1098 861 1294 906 tantos.
1341 892 1353 905 .
1399 891 1414 906 .
1459 867 1578 909 .sa~
1971 856 2058 909 50.
2091 857 2181 908 bat
2207 857 2300 910 ibi.
2330 858 2397 930 Et
2423 873 2513 913 ac-
2810 859 2950 913 unde
2973 853 3102 930 ergo
3132 860 3296 917 modo

251 923 344 978 50.
376 922 602 977 sedebat
623 921 718 977 ibi.
745 921 811 976 Et
1100 934 1237 979 ture.
1284 965 1296 977 .
1345 964 1357 976 .
1393 940 1419 978 r
1452 933 1571 1000 tan-
1970 936 2252 981 cesserunt
2277 928 2344 983 ad
2650 999 2655 1000 γ
2813 932 2864 985 in
2890 921 3105 984 deseﬁo
3133 947 3300 1000 panes
3323 941 3502 988 tantos
3525 974 3540 998 ,

249 1002 603 1049 accesserunt
1100 1003 1183 1049 tae
1211 1004 1288 1049 tu.
1333 1035 1345 1048 .
1392 1035 1405 1049 .
1439 996 1537 1051 ae?
1970 1012 2092 1051 eum
2124 1000 2332 1065 turbae,
2650 999 2656 1005 ’
2812 1010 2869 1055 ut
2895 996 3200 1056 saturentur

1100 1066 1190 1120 54.
1219 1067 1285 1120 Et
1315 1067 1386 1119 ait
1413 1067 1520 1121 illis
1543 1068 1738 1127 Jesus:

1097 1138 1246 1202 Quod
1281 1153 1446 1207 panes
1479 1139 1572 1192 ha-

1100 1208 1275 1263 betis?
1298 1210 1376 1263 Ad
1396 1211 1469 1264 illi
1495 1211 1576 1264 di-

1098 1291 1290 1334 Χθΐυῐη
1319 1297 1331 1332 ε
1362 1297 1452 1336 νη.
1487 1292 1541 1337 ει

1098 1365 1298 1418 paucos
1316 1352 1476 1421 pisci-

1096 1424 1394 1496 35.7culos.
1431 1423 1499 1478 Et
1528 1440 1686 1496 prae-

1096 1495 1240 1563 cepit
1265 1495 1432 1550 turbis

1096 1565 1436 1620 discumbere

1098 1637 1150 1690 in
1179 1646 1400 1692 terram.

1097 1709 1187 1762 56.
1218 1707 1287 1762 Ει
1317 1711 1524 1778 accepit
1551 1710 1708 1768 Jesus

1097 1793 1284 1849 panes,
1315 1787 1368 1833 et
1392 1785 1498 1849 pis-
1696 1799 1700 1806 '

247 1065 315 1120 ad
339 1081 466 1120 eum
496 1066 686 1120 turbae

248 1137 478 1203 multae,
514 1137 714 1190 haben-

251 1217 336 1263 tes
363 1223 550 1262 secum
576 1208 686 1261 clo-

244 1279 373 1343 dos,
405 1293 618 1344 caecos,
645 1277 739 1333 de-

244 1351 412 1414 biles,
433 1361 630 1416 mulos,

244 1430 300 1477 et
325 1422 468 1476 alios
493 1422 630 1476 mul—'

246 1503 329 1547 tos
359 1509 374 1544 :
405 1502 458 1547 et
486 1492 730 1563 projece-

243 1572 375 1619 runt
396 1579 493 1618 COS
519 1580 616 1618 :ln-

243 1645 296 1692 te
331 1636 501 1703 pedes
526 1636 664 1706 ejus,

239 1716 295 1762 et
327 1710 545 1762 curavit
569 1722 664 1762 eos
693 1724 707 1761 :

241 1780 332 1833 51.
361 1780 438 1832 ita
467 1787 526 1832 ul
548 1777 736 1836 turbae

1972 1068 2230 1124 habentes
2257 1086 2438 1128 secum

1968 1139 2178 1206 elodos,
2199 1156 2412 1210 caecos,

1969 1211 2200 1273 debiles,
2230 1226 2428 1282 mulos,

1969 1293 2023 1336 et
2048 1283 2183 1336 alios
2209 1286 2346 1337 mul-

1972 1362 2053 1407 tos
2083 1369 2098 1407 :
2130 1365 2182 1407 et
2213 1357 2387 1425 proje-

1968 1434 2158 1498 cerurit
2179 1440 2273 1478 eos
2295 1430 2368 1498 (a)

1967 1498 2068 1550 sub
2090 1495 2131 1565 ’ξ’
2159 1498 2321 1563 pedes

1967 1567 2105 1636 ejus,
2133 1575 2188 1620 et
2215 1571 2421 1625 curavit

1967 1653 2062 1714 eos
2094 1637 2170 1714 (ὁ)
2198 1654 2385 1714 omnes
2407 1642 2483 1714 ἰη

1971 1709 2061 1764 51.
2096 1713 2164 1763 ita
2194 1721 2251 1763 ut
2278 1709 2467 1769 turbae

2812 1073 2899 1128 54.
2944 1073 3129 1126 turbae
3148 1075 3313 1130 istae?
3339 1073 3409 1136 Et

2815 1143 2890 1198 ait
2919 1144 3024 1197 illis
3051 1144 3240 1201 Jesus:

2815 1215 2966 1282 Quod
3003 1232 3168 1282 panes
3197 1217 3293 1272 ba-

2814 1287 2988 1339 betis‘?
3017 1288 3097 1341 Ad
3130 1289 3206 1342 illi

2813 1358 3099 1412 dixerunt:
3124 1359 3224 1414 Se-

2810 1436 2958 1495 ptem
2980 1471 2995 1493 ,
3025 1440 3078 1483 et
3108 1444 3310 1498 paucos

2809 1500 2898 1555 55.
2947 1501 3253 1568 pisciculos.
3290 1501 3359 1555 Et

2810 1573 3074 1640 praecepit
3095 1570 3368 1644 turbaetd)

2809 1644 3125 1699 recumbere
3144 1644 3184 1714 ἰ’
3203 1661 3294 1697 su-

2811 1713 2901 1767 56.
2949 1729 3040 1782 pra
3071 1713 3291 1770 terram.
3315 1714 3382 1771 Et

1971 1782 2319 1854 mirarentur,
2812 1786 3018 1854 accepit
3043 1786 3200 1841 Jesus

240 1852 604 1925 mirarentur,
1097 1865 1210 1925 ces,
1245 1858 1513 1925 etgratias
1973 1851 2216 1925 videntes
2238 1862 2417 1910 mutos
2811 1871 2923 1909 vn.
2943 1851 3153 1925 panes,
3181 1867 3236 1913 et

239 1922 497 2000 videntes
522 1930 625 2000 :_ct
1098 1919 1228 2000 egit,
1259 1921 1476 2000 et_dedit
1975 1923 2278 2000 loquentes,
2305 1926 2416 1980 clo-
2818 1919 3016 2000 pisces,
3046 1939 3100 1983 et
3125 1919 3250 2000 gra-
3334 1939 3336 1942 ’

241 1993 677 2069 magnilicabant
1098 1993 1378 2069 discipulis
1401 2009 1527 2069 su-_
1610 2066 1640 2069 __
1973 1994 2072 2048 dos
2093 1995 2373 2051 ambulan-
2819 1993 2919 2069 tias
2949 2001 3059 2069 egit
3081 2041 3095 2065 ,
3128 1993 3192 2055 ac

244 2062 421 2139 pedm
455 2062 702 2119 Istrahel.
1101 2065 1164 2139 is,
1187 2075 1268 2139 et.
1314 2103 1327 2118 .
1377 2106 1387 2117 .
1433 2107 1445 2119 .
1481 2066 1641 2137 cipuli
1976 2075 2080 2139 tes,
2105 2080 2296 2122 caecos
2820 2062 3016 2139 fregit:
3043 2062 3269 2136 etdedit

241 2134 334 2190 52.
363 2135 756 2211 Jesusautem,
787 2149 919 2192 con-
1098 2135 1360 2211 dederunt
1391 2151 1491 2211 po-
1537 2134 1550 2137 ⁷
1975 2137 2223 2211 videntes
2249 2157 2259 2191 :
2292 2149 2347 2194 et
2820 2134 3095 2211 discipulis
3117 2134 3260 2210 suis,

242 2205 718 2282 vo_c_atis_di_sci-_L
1099 2207 1186 2282 57.
1219 2208 1364 2276 pulo.
1393 2205 1462 2262 Et
1491 2223 1641 2263 man-
1977 2209 2394 2282 magnil‘tcabant
2820 2222 2872 2266 et
2897 2205 3146 2282 discipuli
3173 2205 3268 2270 de;

1980 2279 2148 2334 Deum
2182 2279 2424 2338 Istrahel.

1975 2350 2066 2404 32.
2095 2351 2252 2406 Jesus
2281 2363 2482 2423 autem,

1975 2425 2285 2496 convocatis
2306 2426 2582 2496 discipulis

1974 2496 2105 2554 suis,
2135 2493 2266 2547 dixit
2293 2513 2306 2548 :
2337 2497 2433 2550 Mi-

1976 2577 2162 2617 sereor
2185 2566 2306 2619 huic
2334 2578 2442 2620 tur-

1981 2635 2100 2706 bae,
2123 2635 2246 2703 quia
2272 2637 2346 2706 (c)
2378 2638 2470 2692 tri-

1979 2705 2141 2758 duum
2173 2717 2257 2760 est
2278 2705 2388 2776 jam

1979 2777 2123 2845 quod
2149 2775 2190 2847 -ι-
2223 2775 2571 2846 perseverant

1984 2863 2213 2920 inecuin,
2244 2858 2298 2904 et
2329 2866 2436 2905 non
2823 2852 2966 2904 enim
2993 2894 3007 2916 ,
3040 2855 3129 2920 qui
3163 2872 3313 2911 man-

1985 2917 2185 2974 habent
2205 2937 2382 2976 escam
2409 2940 2421 2976 :
2449 2934 2503 2977 et
2823 2917 3153 2978 ducaverant
3179 2967 3194 2990 ,

1099 2281 1434 2334 ducaverunt

1099 2365 1308 2415 omnes,
1333 2359 1387 2404 et
1415 2365 1499 2404 sa-

1101 2423 1257 2474 turati
1285 2431 1429 2476 sunt.

1099 2491 1166 2545 Et
1192 2493 1332 2561 quod
1359 2493 1530 2547 abun-

1103 2563 1223 2618 dav.
1273 2603 1284 2616 .
1317 2574 1334 2618 t
1365 2564 1431 2617 de
1455 2564 1604 2633 pani-

1104 2634 1225 2697 bus,
1272 2672 1284 2685 .
1333 2676 1345 2688 .
1394 2675 1408 2688 .
1451 2674 1463 2687 .
1499 2643 1626 2688 runt

1106 2715 1311 2773 septem
1337 2719 1493 2774 spor-

1107 2778 1196 2832 58.
1233 2785 1312 2829 tas
1335 2777 1544 2846 plenas.
1569 2775 1698 2832 Era.
1736 2818 1748 2830 .

1107 2855 1307 2913 autem,
1336 2848 1425 2917 qui
1453 2863 1608 2902 man-

1108 2917 1464 2987 ducaverunt,

242 2279 412 2349 polis,
445 2278 579 2332 dixit
604 2293 618 2330 :
653 2279 750 2334 Mi-

246 2366 440 2404 sereor
467 2350 661 2416 turbis,

247 2422 373 2489 quia
404 2421 483 2491 (c)
518 2421 696 2476 triduo

249 2504 334 2546 est
350 2492 466 2562 jam
498 2491 644 2559 quod
673 2493 714 2564 ἰ-

2820 2283 3019 2354 derunt
3045 2287 3268 2354 populo.

2822 2355 2910 2408 57.
2954 2353 3021 2407 Et
3049 2353 3408 2412 manducave-

2818 2435 2943 2478 runt
2965 2441 3154 2479 omnes
3170 2467 3187 2494 ,

2817 2505 2871 2548 et
2894 2498 3116 2549 saturati
3145 2506 3292 2553 sunt.

2815 2565 2882 2619 Et
2907 2567 3046 2634 quod
3071 2567 3276 2624 habun-

2817 2637 2962 2710 davit
2991 2637 3059 2691 de
3088 2642 3316 2708 panibus
3342 2685 3357 2710 ,

2820 2708 3060 2782 tulerunt
3085 2727 3177 2764 vn.
3207 2708 3422 2782 Sportas

2821 2780 2910 2833 58.
2955 2782 3160 2848 plenas.
3192 2780 3362 2841 Erant

252 2573 611 2633 perseverant

251 2650 490 2699 mecum,
528 2644 583 2688 et
613 2650 716 2694 non

253 2705 462 2761 habent
484 2721 669 2761 escam
692 2726 704 2759 :

254 2787 312 2831 et
341 2777 626 2832 dimittere

256 2864 354 2902 eos
381 2850 458 2919 je.
497 2889 512 2903 .
552 2885 568 2902 .
601 2863 697 2906 nos

260 2923 410 2987 nolo,
447 2935 512 2975 ne
543 2919 678 2976 deli-

695 3034 933 3092 CODEX
962 3033 1438 3091 CORBE|ENSIS.

261 3129 428 3184 sisset
458 3129 585 3184 inde
642 3128 821 3192 Jesus,
874 3127 1023 3182 venit
1077 3140 1234 3179 secus
1269 3141 1440 3188 mare,
1473 3125 1746 3181 Galilaeae
1775 3144 1786 3181 :
1822 3133 1878 3180 et

263 3201 606 3255 adscendens
628 3201 681 3254 in
696 3207 958 3263 montem,
991 3197 1216 3253 sedebat
1240 3198 1332 3252 ibi.
1359 3199 1492 3252 “Et’
1515 3199 1877 3254 ascenderunt

265 3273 334 3326 ad
354 3287 482 3326 eum
512 3272 703 3326 turbae
746 3272 970 3334 multae,
1001 3269 1261 3322 habentes
1294 3284 1478 3322 sccum
1509 3269 1723 3334 surdos,
1754 3285 1877 3324 cae-

262 3359 383 3408 cos,
416 3342 663 3407 claudos,
691 3359 936 3405 mancos,
969 3341 1475 3402 debiles,etmultos
1501 3339 1638 3393 alios
1658 3350 1835 3395 mutos
1859 3357 1873 3394 ε

265 3427 322 3469 et
351 3417 770 3468 substravcrunt
821 3430 917 3470 eos
970 3422 1097 3467 ante
1147 3414 1312 3481 pedes
1354 3412 1502 3480 ejus,
1535 3421 1590 3466 et
1615 3414 1825 3466 curarit
1856 3413 1874 3442 ²

265 3502 369 3541 eos
399 3503 413 3538 :
443 3489 510 3539 ita
535 3496 589 3540 ut
618 3485 809 3540 turbae
861 3485 1210 3550 mirarentur,
1259 3483 1507 3536 videntes
1562 3493 1741 3536 mutos
1799 3483 1879 3536 lo-

267 3567 530 3627 quentes,
579 3556 800 3611 claudos
850 3555 1212 3627 ambulantes,
1261 3569 1456 3608 caecos
1499 3553 1781 3608 videntes:
1830 3563 1884 3608 et

269 3625 691 3696 magnilicahant
717 3630 882 3682 Deum
907 3625 1096 3681 Israel.

345 3693 491 3755 XVI.
533 3700 688 3754 Jesus
716 3710 919 3757 autem.
964 3697 1276 3753 convocatis
1319 3696 1599 3764 discipulis
1630 3699 1768 3759 suis,
1800 3693 1884 3748 di-

276 3773 355 3826 xit
390 3789 402 3823 ε
442 3771 461 3801 ³
489 3772 743 3826 Misereor
791 3773 914 3824 huic
945 3771 1154 3824 turbae.
1197 3768 1449 3838 quoniam
1478 3769 1610 3837 jam,
1645 3766 1880 3838 triduum

273 3855 358 3898 est
381 3843 528 3912 quod
555 3843 850 3897 adhaerent
881 3841 1032 3906 mihi,
1060 3855 1237 3895 etnon
1271 3840 1471 3896 habent
1506 3839 1649 3912 quod
1676 3837 1838 3912 edant
1863 3855 1878 3912 j.

274 3926 328 3970 et
355 3907 634 3970 dimittere
678 3929 774 3968 eos
809 3915 1027 3982 jejunus
1060 3912 1207 3976 nolo,
1266 3928 1331 3965 ne
1359 3912 1611 3967 deliciant
1640 3910 1691 3963 in
1722 3911 1827 3964 via.
1862 3907 1883 3938 ‘

279 3987 544 4041 Dixerunt
575 3987 649 4039 illi
674 3985 967 4054 discipuli:
1016 3986 1157 4038 unde
1194 3998 1322 4051 ergo
1373 3983 1392 4012 ³⁵
1433 3983 1586 4054 nobis
1631 3995 1800 4054 panes
1833 3982 1883 4032 in

279 4059 522 4123 deserto,
575 4066 631 4110 ut
670 4052 978 4111 saturentur
1009 4054 1338 4109 turbae?Ait
1367 4054 1474 4107 illis
1501 4053 1661 4107 Jesus
1687 4069 1706 4123 :7
1747 4052 1890 4119 Quot

282 4145 449 4198 panes
490 4122 740 4184 habetis?
768 4128 786 4156 δ
817 4126 1271 4197 Responderunt:
1323 4125 1564 4193 Septem,
1600 4136 1651 4177 et
1699 4122 1889 4198 bduos

284 4194 565 4270 pisces.Et
593 4201 867 4267 praecepit
889 4194 1077 4270 turbae
1095 4198 1114 4227 τ
1138 4211 1298 4264 supra
1324 4208 1520 4270 terram
1546 4194 1886 4270 recumbere.

288 4265 351 4326 Et
397 4265 640 4341 acceptis
683 4265 891 4337 septem
941 4269 1166 4341 panibus
1197 4309 1212 4331 ,
1254 4281 1310 4341 et
1358 4267 1569 4321 duobus
1609 4265 1886 4341 piscibus,

287 4347 486 4411 gratias
525 4337 714 4412 agens,
744 4341 921 4411 fregit,
955 4351 1006 4394 et
1036 4339 1184 4393 dedit
1213 4339 1514 4408 discipulis,
1559 4349 1612 4390 et
1640 4337 1890 4412 discipuli

288 4417 480 4468 turbis.
526 4410 594 4469 Et
635 4410 1101 4467 mandu'caveruut
1124 4426 1337 4475 omnes,
1389 4422 1442 4464 et
1487 4410 1710 4462 saturati
1741 4418 1886 4461 sunt.

292 4486 355 4539 Et
382 4487 726 4541 sustulerunt
749 4486 769 4517 ⁸
791 4483 930 4551 quod
960 4481 1232 4551 superavit
1257 4492 1464 4547 septem
1506 4490 1718 4548 spot-tas
1736 4479 1889 4548 pani-

291 4557 388 4615 bus
409 4557 618 4628 plenas.
641 4556 711 4612 Et
733 4558 821 4626 qui
850 4555 1330 4618 manducaverunt,

2448 3033 2686 3091 CODEX
2728 3033 3126 3093 BRIXIANUS.

1983 3127 2143 3182 sieset
2184 3128 2309 3182 inde
2352 3128 2511 3182 Jesus
2545 3130 2692 3184 venit
2733 3129 2926 3184 iterum
2965 3129 3116 3198 juxta
3146 3145 3295 3186 mare
3321 3130 3582 3188 Galileae.

1983 3209 2037 3252 et
2067 3200 2370 3254 ascendens
2401 3199 2451 3253 in
2475 3210 2735 3255 montem.
2770 3200 2992 3255 sedebat
3023 3201 3115 3255 ibi.
3153 3205 3215 3256 Et
3239 3213 3589 3257 accesserunt

1983 3270 2048 3323 ad
2087 3287 2210 3324 eum
2241 3271 2427 3326 turbae
2459 3272 2658 3326 multae
2702 3272 2962 3327 habentes
2989 3289 3192 3327 secum.
3223 3274 3432 3328 clodos.
3462 3289 3586 3330 cae-

1982 3356 2096 3396 cos.
2119 3349 2321 3396 mutos.
2347 3343 2571 3396 debiles.
2613 3353 2668 3396 et
2720 3344 2854 3396 alios
2904 3345 3121 3398 multos.
3155 3354 3211 3398 et
3246 3346 3589 3413 projecerunt

1984 3427 2080 3467 eos
2124 3424 2251 3466 ante
2284 3417 2448 3481 pedes
2477 3414 2626 3468 Jesu.
2656 3424 2711 3468 et
2759 3415 2967 3468 curavit
3021 3431 3137 3469 eos.
3185 3417 3256 3469 ita
3303 3426 3360 3469 ut
3403 3415 3591 3471 turbae

1987 3486 2337 3538 mirarentur.
2366 3485 2610 3538 videntes
2637 3494 2814 3540 mutos
2842 3486 3369 3548 loquentes.debiles
3401 3501 3586 3540 sanos.

1985 3565 2038 3608 et
2077 3555 2260 3608 clodos
2301 3557 2658 3611 ambulantes.
2711 3565 2765 3610 et
2802 3571 2993 3610 caecos
3049 3556 3317 3611 videntes.
3370 3567 3425 3611 et
3473 3571 3591 3610 ma-

1985 3625 2312 3695 gnilicabant
2357 3629 2542 3688 lieutu,
2594 3625 2666 3681 Sd
2705 3637 2726 3664 ο
2776 3626 2944 3680 rahel.
2980 3627 3140 3681 Jesus
3168 3638 3347 3680 autem
3391 3640 3590 3682 convo-

1985 3698 2119 3750 catis
2143 3698 2420 3765 discipulis
2451 3697 2583 3751 suis.
2618 3698 2754 3751 dixit
2781 3697 3038 3752 Misereor
3075 3699 3245 3753 turbae
3301 3699 3422 3752 huic
3461 3698 3592 3767 quia

1981 3769 2091 3833 jam
2139 3780 2249 3822 tres
2294 3769 2412 3822 dies
2449 3777 2574 3822 sunt
2603 3768 2744 3838 quod
2791 3781 3365 3838 perseverantmecum
3395 3779 3450 3825 et
3482 3784 3592 3823 non

1988 3840 2337 3908 liabenttmod
2367 3840 2710 3894 manducent.
2727 3849 2783 3895 et
2804 3842 3074 3894 dimittere
3094 3856 3187 3895 eos
3202 3841 3416 3909 jejunus
3439 3841 3589 3895 nolo.

1990 3926 2058 3964 ne
2105 3910 2242 3964 forte
2277 3912 2531 3966 deliciaut
2557 3912 2610 3965 in
2640 3911 2722 3964 via
2753 3911 3089 3966 Etdixerunt
3114 3914 3163 3968 ei
3195 3913 3442 3980 discipuli
3475 3912 3594 3980 ejus

1992 3983 2133 4036 unde
2174 3983 2329 4036 nobis
2379 3984 2429 4036 in
2473 3984 2692 4037 deserto
2746 3997 2913 4051 panes
2965 3991 3166 4040 tantos.
3196 3993 3254 4038 ut
3282 3992 3593 4038 saturentur

1995 4054 2183 4106 turbae
2209 4064 2406 4106 tantae.
2435 4054 2503 4109 Et
2532 4055 2602 4107 ait
2635 4055 2741 4108 illis
2768 4053 2942 4109 Jcsus.
2971 4051 2995 4089 ἀ
3021 4055 3173 4122 Quod
3213 4070 3378 4124 panes
3427 4055 3594 4108 liabe-

1994 4127 2079 4177 tis.
2119 4129 2187 4177 At
2220 4125 2297 4178 illi
2323 4125 2580 4179 dixerunt
2631 4127 2848 4193 Septem
2877 4136 2932 4180 et
2963 4142 3162 4194 paucos
3186 4123 3495 4194 pisciculos.
3525 4123 3596 4179 Et

1994 4195 2274 4266 praecepit
2324 4198 2495 4251 turbis
2525 4197 2866 4251 discumbere
2897 4212 3059 4266 super
3089 4210 3308 4251 terram.
3361 4195 3427 4249 Et
3451 4197 3597 4266 acci-

1997 4265 2148 4336 piens
2165 4266 2324 4321 Jesus
2351 4281 2557 4335 septem
2580 4277 2824 4335 panes.et
2843 4265 3037 4336 pisces.
3063 4269 3264 4336 gratias
3282 4281 3464 4336 agens.
3482 4265 3595 4320 fre-

1997 4342 2074 4407 git
2098 4349 2151 4391 et
2181 4339 2329 4392 dedit
2377 4338 2656 4408 discipulis
2683 4341 2816 4392 suis.
2882 4338 3126 4408 discipuli
3160 4347 3361 4392 autem.
3427 4337 3596 4392 dede—

2000 4419 2124 4463 runt
2157 4409 2348 4463 turbis.
2399 4410 2466 4464 Et
2513 4410 2972 4463 manducaverunt
3011 4425 3223 4465 omnes.
3270 4418 3325 4463 cl.
3369 4408 3598 4463 saturati

2001 4491 2145 4535 sunt.
2177 4482 2242 4534 Et
2287 4484 2619 4534 sustulerunt
2655 4481 2902 4549 reliquias
2929 4480 3354 4550 fragmentorum
3386 4491 3597 4550 septem

2002 4564 2216 4620 Sportas
2236 4551 2440 4619 plenas.
2470 4553 2827 4605 Erantautem
2850 4553 2941 4621 qui
2965 4554 3418 4608 manducaverant

989 4668 1381 4726 VARIANTES
1423 4664 1805 4722 LECTIONES
1845 4667 2111 4724 CODICIS
2151 4667 2260 4724 MS.
2302 4666 2359 4722 S.
2402 4666 2915 4724 GERMANENSIS.

355 4774 371 4804 ί
408 4775 727 4822 accesserunt
769 4766 827 4817 ad
861 4780 974 4815 eum
999 4769 1170 4815 turbae
1190 4798 1204 4821 ,
1231 4763 1476 4812 habentes
1498 4775 1663 4825 secum
1687 4774 1860 4825 caecos
1880 4797 1895 4822 ,
2065 4763 2085 4825 ἕ
2118 4761 2166 4808 in
2187 4761 2386 4825 deserto
2411 4773 2561 4825 panes
2579 4768 2738 4812 tantos

293 4834 505 4892 claudos,
524 4833 739 4892 debiles,
762 4839 940 4894 mutos,
963 4829 1150 4878 etalios
1168 4825 1362 4886 multos,
1381 4831 1499 4886 etc.,
1524 4833 1572 4874 ut
1590 4823 1639 4874 in
1669 4824 1892 4886 Vulgata.
2068 4823 2087 4852 ⁸
2127 4826 2188 4895 αι
2220 4823 2362 4935 Vulg.
2412 4823 2423 4825 “
2449 4889 2458 4897 .
2960 4887 2968 4896 .
3454 4884 3464 4894 .

359 4901 378 4927 ι
414 4910 500 4935 ρης
521 4909 697 4935 ηηιηρς
2068 4887 2086 4916 "
2123 4887 2306 4935 discum
2348 4895 2712 4935 ereinterram.
2735 4884 3336 4935 EtaccemtJesusnaues.
3357 4887 3464 4935 clm

359 4901 378 4927 ³
414 4884 504 4945 eos
521 4909 697 4944 omnes
725 4884 737 4892 ’
927 4884 939 4894 ’
1350 4884 1355 4886 ν
1486 4884 1492 4886 ’
1766 4884 1783 4886 ”
2068 4887 2086 4916 "
2123 4884 2493 4936 discumberem
2511 4895 2712 4938 terram.
2735 4884 3336 4948 EtaccepitJesuspaues,
3357 4884 3604 4947 clpisces,

361 4960 382 4990 ³
415 4957 654 5008 Misereor
675 4957 866 5017 turbae,
896 4956 1008 5018 quia
1031 4952 1242 5003 triduum
1268 4958 1345 5002 est
1363 4952 1460 5014 jam
1493 4947 1622 5011 quod
1659 4960 1897 5010 perseve-
2007 4951 2264 5018 et_gratia_s
2288 4951 2409 5012 egit,
2439 4959 2495 5018 et
2513 4950 2668 5018 dedit,
2698 4958 2818 5010 etc.,
2844 4957 2895 5018 ut
2918 4946 3140 5018 infula.

301 5028 472 5070 verant
493 5007 689 5070 mecum
855 5007 865 5017 ’
915 5007 926 5018 ’
1363 5007 1378 5014 ’
1513 5007 1524 5011 ’
1660 5007 1673 5010 ’
2066 5007 2105 5043 θ’
2122 5012 2251 5073 quod
2275 5007 2524 5076 superavit
2545 5013 2630 5074 de,
2656 5007 2779 5072 ete.,
2803 5007 2853 5060 ut
2879 5009 2929 5060 in
2968 5007 3112 5071 Vulg.
3139 5020 3287 5071 usque
3312 5008 3574 5073 Magedan.

364 5083 387 5115 δ
425 5081 598 5132 Dicunt
623 5083 675 5130 ei

1611 5157 1978 5220 BLANCHINI
2015 5157 2244 5214 ΝΟΤΑΞ.
2310 5179 2317 5187 ·

376 5271 403 5300 ³
435 5263 812 5334 Epithetorum
854 5259 1078 5334 istorum
1118 5253 1254 5334 ordo
1302 5268 1417 5334 non
1457 5253 1631 5334 solum
1661 5252 1907 5334 turbatus
2014 5250 2348 5334 Corbeiensi.
2381 5251 2493 5334 Non
2535 5253 2708 5334 enim.
2733 5259 2939 5334 septem
2986 5265 3173 5320 panes,
3217 5249 3310 5334 sed
3348 5247 3606 5334 militique

302 5344 389 5390 est
442 5319 500 5388 in.
537 5334 741 5388 nostris
793 5345 924 5385 mss.
963 5329 1190 5391 Latinis,
1222 5325 1316 5380 sed
1350 5326 1510 5378 etiam
1563 5324 1614 5376 in
1667 5322 1909 5391 pluribus
2019 5333 2221 5377 tantum
2252 5338 2372 5378 cum
2420 5324 2631 5379 duobus
2663 5319 2900 5394 piscibus
2931 5319 3300 5377 memorantur
3345 5320 3397 5372 in
3433 5319 3606 5372 Evan-

305 5406 708 5476 exemplaribus
750 5402 979 5466 Graecis,
1026 5414 1088 5455 ac
1131 5399 1185 5453 in
1236 5397 1488 5452 versione
1531 5393 1908 5464 Anglo-Saxo-
2015 5395 2176 5476 gelio.

307 5480 452 5532 nica.
473 5466 487 5476 ’
2091 5477 2112 5505 ο
2143 5469 2178 5520 d
2208 5467 2258 5521 in
2291 5466 2515 5521 Sdrahcl
2535 5468 2724 5522 ahrasa
2756 5483 2784 5521 a
2811 5475 3141 5522 correctore.

377 5547 406 5586 δ
437 5547 514 5602 Ex
528 5548 637 5602 alio
657 5544 940 5605 miraculo,
955 5542 1110 5612 cujus
1132 5535 1910 5612 meminerunt‘omnesEvan-
2089 5535 2113 5573 ά
2143 5539 2277 5608 quod
2309 5553 2402 5608 pro
2435 5550 2554 5607 quot
2588 5540 2718 5594 vitio
2744 5538 3119 5606 exscriptoris.

306 5620 539 5690 gelistae,
593 5619 680 5672 hic
727 5628 983 5670 numerus
1025 5607 1250 5682 piscium
1290 5621 1372 5665 est
1413 5607 1667 5664 deﬁnitus
1716 5609 1768 5660 in
1804 5621 1904 5660 ms.

377 5733 462 5804 (a)
517 5731 592 5786 lia
623 5742 676 5786 et
701 5729 822 5784 cod.
856 5726 1163 5804 Cane-“tiara.
1189 5756 1258 5766 —
1285 5722 1363 5804 (ρ)
1393 5722 1863 5804 Addit_omnes,_ut
1885 5719 2006 5790 cod.
2039 5717 2196 5772 Cant.
2231 5720 2444 5777 πάντας.
2480 5747 2546 5754 —
2576 5714 2646 5784 (c)
2690 5713 2763 5768 lta
2793 5721 2849 5767 et
2885 5713 3060 5765 textus
3089 5707 3332 5777 Graicus,
3372 5707 3467 5769 ἤδη
3492 5703 3616 5778 ἡμί-

307 5795 395 5884 Fat
442 5795 580 5882 ἓρεῐς
629 5805 729 5858 ιίσι
755 5804 857 5858 καί.
878 5829 949 5840 -
977 5800 1056 5868 (ὀ)
1109 5797 1182 5851 Ita
1206 5806 1261 5852 et
1290 5795 1493 5852 Grecus
1519 5835 1535 5860 ,
1562 5796 1850 5851 ἀναπεσεῖν.
