4048 6188
455 334 558 390 247

841 445 1073 503 CODEX
1114 440 1663 501 VERCELLENSIS.

452 559 552 599 lllt.
584 542 729 597 milia
755 541 852 596 lto-
1302 552 1494 606 porum
1527 548 1633 589 non
1660 545 1758 606 po-

453 617 682 677 minum.
702 629 797 667 ex.
1303 603 1456 663 testis
1479 603 1679 662 nosse?

454 698 536 741 tra
569 699 786 756 pueros.
820 691 907 756 et_
1297 680 1591 756 _Gen_eratio
1619 690 1728 729 ma—

452 759 544 814 39.
567 752 840 810 inuberes.
868 753 956 819 Et,
1198 820 1200 822 ν
1297 752 1345 805 la
1377 752 1586 822 signum
1612 760 1779 813 quae-

454 829 675 883 ditnissa
706 838 818 880 tur-
1198 820 1200 822 ’
1299 823 1399 878 rit:
1430 830 1486 876 et
1513 820 1726 890 signum

454 901 544 960 ba.
567 897 815 953 ascendit
1301 910 1407 948 non
1439 893 1652 946 davitur

458 972 510 1024 in
545 969 845 1024 naviculam
873 987 885 1022 ε
1300 963 1351 1019 ei
1381 1006 1396 1030 ,
1428 963 1531 1019 nisi
1561 963 1769 1029 signum

455 1051 510 1096 et
538 1042 682 1096 venit
710 1043 761 1093 itt
787 1042 847 1093 ti-
877 1056 880 1058 ·
1300 1036 1453 1091 Jonac
1482 1033 1724 1098 PrOphe-

447 1113 606 1168 nibus
634 1112 929 1182 Magi-dam.
1301 1118 1409 1163 tae.
1435 1107 1502 1162 Et
1531 1105 1732 1160 relictis

635 1227 698 1233 __
726 1226 856 1233 __-._
899 1223 1018 1233 -....
1301 1181 1354 1233 5.
1398 1179 1532 1233 illis.
1559 1177 1719 1230 abiit:
1755 1174 1792 1228 E

817 1227 857 1239 ...
899 1223 1018 1239 πυ.
1301 1181 1354 1233 5.
1398 1179 1532 1239 illis,
1559 1177 1719 1230 abiit:
1755 1174 1967 1230 Etcum

627 1226 857 1283 CAPUT
899 1223 1041 1279 Χνι-
1299 1223 1532 1305 itaista;
1559 1223 1706 1301 ait;

451 1324 505 1377 l.
530 1322 594 1376 Et
622 1333 805 1374 acces-

1301 1321 1536 1385 fretum;
1565 1318 1718 1370 obliti

451 1404 640 1447 serunt
661 1391 724 1444 ad
745 1405 866 1444 eum

451 1404 640 1447 serunt
661 1391 724 1444 ad
745 1405 866 1444 eum
1300 1403 1423 1445 sunt
1450 1391 1678 1458 discipu-

447 1464 681 1518 Farisaei
713 1470 765 1515 et
792 1459 928 1515 Sad-
1299 1464 1335 1518 li
1368 1464 1484 1518 eius
1512 1475 1678 1518 panes

1299 1464 1335 1518 li
1368 1464 1484 1530 ejus
1512 1475 1678 1530 panes

450 1535 639 1589 ducaei
675 1542 779 1588 tem
790 1549 846 1598 p-
1301 1529 1572 1601 accipere.
1600 1529 1674 1603 (ὁ)

447 1616 623 1660 tantes
658 1624 671 1659 :
702 1615 756 1658 et
787 1615 941 1672 roga-

1297 1609 1351 1661 6.
1389 1600 1549 1660 JCStts
1579 1600 1759 1656 autem
1791 1600 1832 1671 ’ζ’
1853 1600 1988 1656 dixit

1295 1677 1403 1730 illis
1430 1697 1441 1728 :
1469 1674 1732 1730 Adtendi»

1297 1758 1350 1803 te
1377 1747 1529 1800 vobis
1557 1763 1584 1799 a
1623 1745 1726 1799 fer-

1294 1830 1479 1873 mento
1508 1817 1666 1871 Phari
1681 1845 1700 1856 -

1294 1905 1566 1945 saeorum.
1601 1886 1671 1958 (c)

1299 1963 1351 2016 7.
1392 1961 1544 2017 Tunc
1571 1959 1611 2029 υί-
1641 1956 1948 2026 eogitabant

1301 2034 1438 2088 intra
1463 2047 1520 2085 se
1542 2031 1727 2084 dicen-

1303 2115 1384 2159 tes
1409 2123 1421 2158 :
1449 2103 1583 2170 Quia
1612 2115 1779 2171 panes

1302 2191 1408 2230 non
1432 2174 1645 2243 accepi-

1304 2262 1444 2302 mus.

1303 2320 1355 2375 8.
1399 2316 1601 2384 Quibus
1631 2316 1869 2382 cogitan-

1305 2390 1448 2444 tibus
1470 2432 1483 2454 ,
1514 2388 1653 2442 dixit
1683 2388 1790 2442 illis

1304 2460 1463 2517 .lesus
1488 2479 1501 2516 :
1528 2459 1666 2527 Quid
1695 2457 1836 2528 cogi-

1304 2534 1430 2589 tatis
1455 2531 1595 2586 intra
1625 2545 1721 2584 vos

1305 2605 1550 2658 modicae
1573 2601 1727 2668 ﬁdei,

1305 2676 1429 2738 quia
1463 2689 1625 2738 panes
1666 2688 1775 2726 non

1306 2745 1361 2800 9.
1405 2744 1648 2797 habetis?
1676 2743 1824 2796 Non-

1305 2816 1431 2871 dum
1461 2815 1668 2869 intelle-

1311 2898 1958 2955 .......n..qttcmea

1308 2958 1471 3013 minis
1490 2999 1503 3012 .
1525 2996 1537 3009 .
1561 2998 1571 3012 .
1597 2958 1756 3028 quin-

1307 3045 1413 3098 que
1437 3045 1631 3097 panum
1649 3070 1663 3094 ,

1309 3112 1363 3156 et
1403 3101 1640 3172 quinque

895 3238 1130 3296 CODEX
1165 3237 1632 3296 CORBEIENSIS.

446 1687 640 1732 verunt
669 1690 816 1735 eum,

445 1760 504 1804 ttt
537 1749 747 1818 signum
770 1745 838 1799 de

446 1819 601 1875 caelo
633 1819 739 1872 illis
767 1826 950 1871 osten-

452 1893 627 1946 deret.

448 1965 506 2018 2.
541 1961 620 2016 Ad
649 1960 764 2020 ipse
783 1972 1006 2028 respon-

451 2035 610 2098 dens,
642 2034 718 2086 ait
743 2048 756 2086 :
786 2030 920 2085 Cum

450 2121 576 2161 sero
602 2106 798 2158 factum

455 2185 560 2240 est,
591 2175 771 2228 dicitis
797 2192 808 2227 :
838 2173 998 2228 Sere-

457 2263 585 2303 num
615 2247 738 2307 erit,
760 2261 852 2299 ru-

456 2318 752 2374 bicundum
781 2324 865 2371 est

457 2391 602 2445 enim
627 2404 746 2443 cum
781 2403 874 2442 nu.

455 2462 615 2516 bibus
636 2461 867 2522 caelum.

453 2534 509 2587 5.
543 2533 611 2585 Et
643 2547 836 2585 mane:
869 2532 975 2588 lio-

457 2604 544 2657 die
575 2609 870 2668 tempestas

456 2676 581 2738 erit,
614 2677 737 2737 quia
768 2688 858 2726 ru-

457 2743 751 2800 biCundutn
784 2755 868 2800 est

460 2819 515 2870 4.
549 2818 782 2869 caelum.
813 2815 967 2872 Faci-

461 2902 545 2941 em
570 2887 791 2955 quidem

461 2957 598 3013 caeli
631 2959 803 3014 nostis

463 3030 752 3084 aestimare
773 3048 784 3083 :
814 3032 921 3102 sig—

462 3114 531 3154 na
555 3110 733 3156 autem
768 3111 906 3158 tem-

465 3364 622 3410 erant
671 3356 784 3410 fere
837 3364 1092 3423 quattuor
1145 3355 1313 3409 millia
1350 3395 1366 3418 ,
1447 3354 1689 3422 exceptis
1769 3353 1956 3424 pueris
2011 3363 2067 3408 et

465 3426 812 3481 mulieribus.
873 3426 941 3481 Et
973 3470 986 3487 .
1040 3427 1281 3481 dimissis
1325 3427 1519 3484 turbis.
1570 3425 1815 3479 ascendit
1863 3426 1914 3478 in
1968 3441 2065 3479 na-

466 3498 698 3551 viculam
739 3515 750 3550 :
783 3507 837 3551 et
865 3499 1014 3552 venit
1043 3501 1093 3552 itt
1143 3500 1278 3551 lines
1310 3497 1589 3566 Magedan.
1629 3499 1693 3551 lit
1716 3505 2066 3551 accessetuttt

465 3569 532 3622 ad
556 3585 674 3622 eum
699 3569 972 3623 Pharisaei
1003 3579 1058 3624 et
1088 3569 1386 3626 Saddttcaei
1420 3577 1688 3623 tctttautt-s
1714 3585 1727 3620 :
1761 3569 2066 3622 etiulet'ro-

465 3651 732 3707 gaverunt
787 3657 909 3694 eum
946 3641 1212 3705 dicentes,
1249 3641 1264 3671 ¹
1299 3649 1358 3694 ut
1377 3640 1693 3694 ostenderet
1743 3640 1821 3693 eis
1851 3641 2062 3709 signum

467 3711 537 3764 de
573 3713 744 3765 coelo.
787 3711 944 3765 .lesus
973 3722 1150 3765 autent
1204 3711 1562 3781 respondens,
1612 3713 1685 3764 ait
1734 3711 1883 3764 illis:
1933 3714 2065 3763 (lum

469 3796 594 3834 sero
637 3784 832 3835 laetum
877 3782 1060 3847 fuerit,
1090 3783 1305 3836 dicitis:
1352 3782 1616 3838 Serenum
1648 3784 1774 3846 erit,
1811 3782 2069 3835 rubicun-

465 3853 597 3906 dunt
656 3853 796 3907 enim
829 3855 848 3883 ⁹
878 3865 961 3907 est
999 3856 1228 3908 coelum.
1257 3855 1411 3908 Mane
1455 3863 1633 3908 autem
1662 3871 1674 3904 :
1727 3853 2066 3918 'l‘etnpestas,

470 3923 828 3977 rubicundum
861 3935 944 3978 est
973 3941 1092 3978 cunt
1127 3925 1339 3978 tristitia
1371 3928 1603 3978 enelutu.
1633 3924 1955 3994 llypocritae
1988 3923 2066 3977 fa-

467 3995 606 4049 ciem
656 3994 678 4024 ³
726 3996 940 4064 quidem
972 3995 1110 4050 coeli
1137 3996 1287 4049 scitis
1329 3995 1676 4048 discernere:
1711 3995 1859 4056 signa
1892 4005 2071 4048 autem

472 4075 774 4134 temporum
833 4084 936 4120 nott
972 4067 991 4095 ί
1018 4068 1237 4135 potestis
1295 4066 1470 4120 scire?
1522 4065 1812 4123 Getteratio
1844 4067 1976 4117 inala
2001 4067 2075 4119 si-

467 4153 631 4206 gnum
680 4138 700 4168 ⁵
730 4137 1001 4192 desiderat
1041 4155 1052 4190 :
1105 4149 1159 4191 et
1204 4138 1413 4205 signum
1464 4154 1569 4190 non
1615 4137 1830 4190 dabitur
1860 4139 1941 4198 ei,
1975 4140 2075 4190 nisi

470 4208 682 4274 signum
711 4209 899 4263 Junae.
939 4211 1004 4262 Et
1049 4208 1255 4263 relictis
1300 4208 1403 4262 illis
1428 4251 1441 4268 .
1483 4209 1611 4260 abiit
1647 4209 1666 4238 ⁶
1695 4209 1745 4261 itt
1802 4207 2073 4274 regionettt

471 4295 612 4346 quae
647 4293 790 4332 trans
817 4289 1021 4343 erat,et
1049 4281 1198 4333 obliti
1223 4289 1346 4332 sunt
1375 4280 1617 4348 discipuli
1644 4281 1759 4345 ejus
1789 4293 1949 4346 panes
1977 4280 2077 4333 lol-

475 4350 584 4402 lere
612 4365 816 4404 secum.
856 4352 918 4405 Et
947 4350 1085 4405 dixit
1114 4352 1178 4404 ad
1211 4365 1333 4404 eos:
1363 4351 1583 4408 Videte.
1615 4358 1672 4404 et.
1709 4361 1893 4404 cavete
1917 4365 1946 4403 a
1972 4349 2078 4403 l'er-

473 4430 656 4472 mento
710 4420 1162 4485 Pharisaeorum,
1214 4431 1268 4475 et
1319 4420 1776 4476 Saddttcaeorum.
1833 4423 1850 4451 ⁷
1884 4420 1950 4473 At
1999 4420 2076 4475 illi

471 4491 782 4558 cogitabant
835 4493 970 4545 intra
1024 4508 1083 4548 se
1120 4493 1363 4546 dicentes
1409 4492 1579 4547 :ldeo
1630 4493 1730 4548 hoc
1753 4492 1915 4552 dicit,
1952 4491 2076 4560 quia

474 4576 640 4630 panes
695 4578 798 4615 non
834 4564 1130 4617 attulimus.
1180 4565 1200 4593 ⁸
1225 4564 1341 4632 Quo
1369 4563 1584 4633 cognito
1630 4563 1816 4622 .lesns.
1847 4563 1981 4616 dixit
2009 4562 2075 4615 ad

471 4633 624 4686 illos:
682 4633 818 4699 Quid
851 4634 1096 4702 Cogitatis
1137 4636 1273 4688 intra
1328 4649 1423 4691 vos
1469 4635 1710 4689 modicae
1760 4634 1916 4699 ﬁdei,
1950 4635 2073 4703 quia

469 4719 640 4776 panes
687 4719 792 4776 non
845 4703 1090 4776 habetis?
1139 4705 1386 4760 Noadum
1438 4706 1770 4776 intelligitis,
1827 4721 2000 4774 neque
2053 4709 2072 4737 ⁹

473 4775 526 4830 iit
551 4787 731 4832 mente
777 4775 989 4831 habetis
1037 4775 1103 4831 de
1133 4778 1370 4846 quinque
1414 4775 1674 4845 panibus,
1737 4786 1793 4832 et
1837 4776 2072 4846 quinque

991 329 1269 387 EUSEBII
1309 326 1655 386 VERCELL.
1692 284 2070 380 suriest.“

2188 316 2314 374 sint
2355 313 2585 372 vanus
2625 269 2779 370 con.
2821 273 3222 370 coLLATUt-t.

2611 429 2841 486 CODEX
2884 425 3337 485 VERONENSIS.

2996 523 3286 578 Generatio
3308 518 3474 584 mala,

2998 604 3050 650 et
3072 594 3318 649 adultera

2998 665 3208 736 quaerit
3231 665 3442 735 signum
3472 681 3486 718 :

3000 747 3055 792 et
3083 739 3296 807 signum

3001 824 3107 863 non
3133 807 3352 862 dabitur

2997 881 3066 943 ei,
3101 880 3201 934 nisi
3233 878 3444 950 signant

2997 952 3166 1005 .lonae
3193 950 3517 1018 Propltetae.

2163 536 2418 597 quattuor
2438 526 2539 580 mi-

2164 601 2231 654 lia
2257 599 2530 653 hominum
2550 637 2564 661 ,

2163 681 2314 726 extra
2340 684 2535 736 pueros
2551 712 2563 735 ,
2599 673 2654 721 et

2164 743 2439 797 mulieres.

2163 812 2253 869 '59.
2299 814 2363 866 Et
2389 813 2607 866 dimissa
2639 817 2752 864 tur-

2166 884 2230 938 ba
2253 926 2267 948 ,
2291 883 2533 938 ascendit
2563 883 2613 936 in

2164 956 2405 1010 navicula
2430 973 2441 1008 :
2472 965 2527 1010 et
2553 969 2646 1008 vc-

2167 1028 2244 1081 nit
2273 1028 2324 1081 in
2359 1026 2552 1080 ﬁnibus
3002 1023 3071 1078 Et
3091 1023 3297 1077 relictis
3325 1021 3450 1082 illis.

2167 1108 2323 1154 terra:
2355 1097 2634 1160 Magetlan.
3001 1094 3054 1150 5.
3097 1093 3266 1147 abiit:
3298 1092 3510 1146 Etcum
3532 1106 3624 1147 ve—

2343 1167 2568 1224 CAPUT
2605 1165 2747 1226 XVI.
3005 1165 3172 1219 nisset
3207 1174 3356 1218 trans
3386 1165 3616 1226 fretum;

2167 1243 2220 1300 1.
2266 1243 2331 1297 Et
2357 1248 2702 1295 accesserunt
3007 1237 3160 1291 obliti
3191 1245 3314 1289 sunt
3335 1234 3417 1289 di-

2165 1315 2232 1370 ad
2257 1328 2378 1367 eum
2412 1309 2706 1377 Pharisaei,
3005 1308 3195 1378 scipuli
3223 1307 3339 1378 ejus
3367 1320 3460 1376 pa-

2167 1396 2222 1442 et
2249 1383 2528 1442 Saddueazi
2563 1393 2697 1436 tem-
3007 1377 3387 1451 nesgaccipere.
3417 1377 3497 1451 (ὁ)

2167 1467 2411 1527 ptantes:
2442 1465 2496 1509 et
2516 1468 2602 1507 ro-
3003 1449 3055 1527 li.
3096 1449 3255 1527 ticius
3277 1448 3452 1504 autem
3475 1448 3516 1520 -ζ-

2167 1521 2430 1599 gaverttnt
2459 1541 2581 1599 eum
2603 1566 2616 1588 ,
3000 1521 3137 1599 dixit
3165 1521 3273 1599 illis
3300 1561 3312 1574 .

2169 1591 2223 1654 ἧι
2252 1600 2462 1668 signum
2489 1597 2558 1651 de
2581 1610 2709 1668 cae-
3004 1593 3276 1668 Attendite
3301 1591 3451 1647 vobis

2172 1673 2223 1725 lo
2253 1664 2564 1726 ostenderet
2601 1667 2726 1722 illis.
3002 1679 3030 1717 a
3059 1664 3328 1719 fermento

2203 1743 2258 1797 ‘2.
2288 1743 2366 1798 Ad
2399 1741 2486 1793 ille
2521 1737 2859 1809 respondens
2883 1777 2898 1801 ,
3003 1735 3442 1809 Pharisaeorum,

2170 1817 2246 1869 ait
2268 1813 2371 1868 illis
2396 1830 2408 1864 :
2433 1810 2567 1866 Cum
2616 1805 2631 1809 ’
3003 1814 3057 1862 et
3083 1806 3541 1863 Sadducaeorum.
3571 1805 3643 1876 (τ)

2170 1900 2293 1940 sero
2316 1886 2510 1938 factum
2541 1891 2623 1935 est
2643 1921 2658 1946 ,

2169 1957 2349 2011 dicitis
2375 1972 2386 2007 :
2417 1954 2678 2008 Serenum
2702 1994 2717 2019 ,

2169 2024 2531 2082 rubicundum
2561 2033 2646 2077 est

2169 2099 2315 2152 enim
2341 2111 2463 2153 cum
2496 2095 2724 2148 uubibtts

2171 2171 2224 2223 5.
2268 2170 2497 2222 (aetum.
2526 2165 2592 2219 Et
2611 2180 2713 2220 ma-

2173 2257 2241 2296 ne
2270 2239 2478 2303 dicitis;
2517 2237 2620 2291 llo-

2170 2313 2258 2367 die
2290 2318 2582 2379 tempestas
2603 2347 2619 2374 ,

3005 1880 3056 1933 7.
3099 1878 3312 1949 Tunc-1-
3347 1880 3492 1950 cogi-

3005 1951 3191 2004 tabant
3223 1951 3363 2004 inter

3005 2035 3064 2074 se
3096 2022 3377 2076 dicentes:

3006 2092 3141 2160 Quia
3175 2107 3343 2162 panes

3009 2179 3115 2218 non
3147 2163 3479 2232 accepimus.

3008 2235 3062 2291 8.
3104 2235 3310 2300 Qttibtts
3339 2235 3486 2302 cogi-

3012 2307 3266 2369 tantibus,
3296 2305 3439 2361 dixit

2173 2377 2528 2438 rubicundum
3009 2378 3166 2434 Jcsus
3198 2397 3209 2431 :
3241 2377 3382 2446 Quid

2172 2464 2254 2511 est
2285 2454 2429 2508 enim
3009 2450 3253 2520 cogitatis
3283 2449 3426 2503 inter

2172 2541 2296 2580 cum
2324 2523 2539 2578 tristitia
3010 2537 3104 2576 vos
3133 2520 3377 2575 modicae

2171 2598 2224 2652 4.
2267 2597 2484 2652 emtum.
3012 2591 3160 2654 ﬁdei,
3183 2591 3304 2659 quia

2173 2674 2432 2738 pocritae,
2462 2666 2503 2738 -ξο
2525 2666 2598 2740 (α)
2623 2667 2731 2740 ily-
3011 2677 3176 2740 panes
3197 2677 3302 2740 non
3325 2661 3424 2740 l_t_a-

2175 2729 2366 2794 iaciem
2477 2729 2489 2738 ⁷
2529 2729 2542 2739 ³
2580 2729 2592 2740 ’
2673 2729 2689 2740 ’
3014 2729 3071 2790 9.
3116 2733 3298 2789 betis‘?
3331 2729 3579 2788 Nondum

3015 2804 3354 2874 intellegitis,

3013 2893 3192 2948 neque
3206 2874 3528 2931 meministis

3012 2949 3079 3004 de
3104 2949 3345 3018 quinque

3011 3020 3268 3092 panibus,
3300 3028 3358 3092 et

3013 3090 3248 3163 quinque
3269 3090 3488 3145 milibus

2640 3235 2877 3292 CODEX
2917 3232 3315 3290 BRIXIANUS.

2169 3363 2427 3426 quattuor
2452 3355 2620 3410 millia
2647 3355 2884 3410 virorum
2913 3353 3155 3423 exceptis
3180 3351 3498 3426 mulieribus
3511 3359 3566 3406 et
3588 3366 3788 3426 parvo-

2172 3424 2570 3481 lis.Etditnissa
2604 3428 2756 3480 tttrba
2778 3426 3022 3482 ascendit
3057 3427 3107 3478 in
3143 3425 3444 3480 naviculam
3474 3433 3530 3477 et
3552 3424 3700 3477 venit
3731 3425 3787 3478 itt

2173 3499 2366 3554 ﬁnibus
2399 3499 2675 3569 Magedan.
2724 3497 2787 3552 Et
2817 3499 3137 3551 accedentes
3167 3497 3232 3550 ad
3263 3512 3386 3551 eum
3419 3494 3695 3569 Pharisaei
3727 3503 3788 3569 et

2171 3565 2507 3625 Satldncaeif
2545 3577 2832 3623 tetntautes
2872 3579 3206 3639 rogaverunt
3247 3583 3370 3623 eum
3393 3574 3449 3621 ut
3472 3566 3686 3636 signum
3713 3565 3788 3621 de

2171 3641 2312 3696 caelo
2341 3641 2656 3696 ostenderet
2681 3641 2808 3694 illis.
3453 3669 3460 3673 -

2246 3715 2313 3766 At
2347 3713 2437 3768 ille
2464 3711 2796 3780 respondens
2819 3711 2894 3765 ait
2926 3711 3050 3766 illis.
3083 3711 3248 3766 Facto
3304 3706 3790 3780 vesperezdicitis

2171 3783 2435 3838 Serenum
2466 3778 2592 3836 erit.
2643 3783 3003 3836 rubicundum
3036 3793 3119 3837 est
3141 3783 3288 3838 enim
3319 3778 3632 3837 ρωιιιῐη.·Ει
3663 3794 3790 3833 ma-

2176 3870 2244 3907 ne
2272 3855 2430 3908 hodie
2462 3863 2778 3923 tempestas.
2825 3855 3007 3907 rutilat
3061 3855 3203 3907 enim
3253 3854 3405 3908 triste
3433 3851 3667 3923 col-lum.
3698 3851 3786 3919 ta)

2177 3923 2468 3985 ancritae
2493 3921 2684 3978 facient
2715 3939 2846 3994 ergo
2891 3925 3026 3979 caeli
3058 3925 3354 3994 dijudicare
3405 3923 3596 3978 nostis.
3628 3921 3787 3990 signa

2179 4007 2356 4049 autem
2391 4008 2689 4064 temporum
2724 4011 2830 4049 non
2864 3999 3111 4064 potestis.

2258 4067 2551 4122 Generatio
2574 4069 2732 4120 mala.
2765 4076 2819 4120 et
2839 4067 3104 4121 adultera.
3153 4069 3365 4136 signum
3394 4064 3606 4136 quaerit.
3629 4073 3684 4119 et
3709 4065 3789 4119 si-

2182 4153 2344 4205 gnum
2376 4154 2479 4191 non
2511 4139 2725 4192 dabitur
2750 4148 2774 4174 *ί
2802 4140 2902 4192 eis.
2937 4139 3038 4209 nisi
3059 4139 3272 4209 signum
3319 4138 3490 4201 Jottae
3539 4136 3786 4209 Prophe-

2183 4219 2286 4263 tae.
2317 4212 2379 4264 Et
2407 4211 2612 4264 relictis
2645 4210 2754 4263 illis
2783 4210 2936 4265 abiit.
2967 4208 3035 4263 Et
3059 4206 3180 4265 cum
3209 4209 3486 4265 venissent
3521 4206 3786 4275 discipuli

2182 4282 2299 4346 ejus
2353 4291 2501 4335 trans
2555 4282 2748 4334 fretum
2807 4281 2959 4335 obliti
3007 4293 3132 4336 sunt
3180 4295 3347 4351 panes
3395 4279 3784 4351 accipere._(b)

2179 4351 2339 4406 Jesus
2366 4363 2543 4407 autem
2568 4353 2608 4422 ἰ-
2631 4353 2763 4404 dixit
2792 4351 2918 4406 illis.
2953 4351 3148 4408 Videte
3170 4349 3224 4407 et
3251 4361 3440 4406 cavete
3488 4363 3584 4422 vos
3608 4367 3636 4403 a
3667 4349 3786 4402 fer?

2185 4436 2367 4477 ttt'tttlo
2423 4421 2836 4481 Pharisaeorum
2883 4435 2937 4478 et
2981 4424 3442 4478 Saddueaenrum.
3485 4421 3566 4475 llli
3596 4429 3784 4475 autem

2181 4496 2488 4562 cogitabant
2514 4495 2652 4548 intra
2683 4509 2741 4547 se
2767 4493 3037 4550 dicentes.
3066 4494 3200 4562 Quia
3233 4510 3400 4563 panes
3433 4509 3537 4547 non
3569 4492 3790 4560 accepi-

2183 4580 2318 4620 IttttS.
2350 4567 2538 4621 Scit-us
2569 4576 2746 4619 autem
2769 4565 2928 4620 Jesus
2959 4566 3120 4621 dixit.
3171 4565 3308 4634 Quid
3354 4565 3602 4634 cogitatis
3640 4564 3792 4634 inter

2179 4653 2274 4691 vos
2303 4637 2544 4691 modicae
2573 4635 2694 4690 ﬁdet
2725 4639 2849 4706 quia
2874 4651 3040 4705 panes
3063 4653 3170 4691 non
3197 4633 3503 4708 accepistis.
3532 4633 3789 4708 Nondum

2175 4709 2492 4780 intellegitis
2519 4723 2693 4777 neque
2713 4708 3074 4764 recordamini
3101 4707 3342 4780 quinque
3358 4722 3524 4779 panes
3555 4707 3609 4760 in
3623 4708 3794 4778 quin-

2175 4795 2280 4850 que

2171 2811 2302 2866 caeli
2333 2809 2503 2864 nostis

2171 2882 2460 2936 aestimare
2491 2899 2503 2935 :
2535 2882 2687 2951 signa

2172 2963 2352 3006 autem
2384 2963 2686 3020 temporum
2759 2955 2761 2959 ’

2175 3040 2282 3078 non
2311 3025 2538 3092 potestis

2173 3109 2506 3167 cognoscere
2533 3095 2557 3148 ?

1146 4936 1533 4993 VARIANTES
1570 4937 1961 4993 LECTIONES
1997 4936 2264 4995 CODICIS
2302 4935 2410 4993 MS.
2451 4935 2508 4992 s.
2550 4920 3055 4992 GERttANENS‘ts.

538 5082 554 5111 ί
593 5084 643 5128 tn
665 5079 857 5140 signum
881 5078 944 5128 de
967 5079 1108 5128 coelo
1134 5076 1230 5140 illis
1248 5074 1553 5126 ostenderet.
1581 5075 1643 5125 At
1663 5073 1746 5129 ille

538 5145 559 5174 ³
594 5139 935 5190 cumnnbibus
954 5141 1163 5191 coelum.
1188 5139 1251 5189 Et
1272 5151 1416 5189 mane

538 5207 560 5236 ³
595 5217 716 5266 ergo
739 5203 1037 5266 coeli_nostis
1060 5206 1323 5252 aestimare

536 5269 558 5298 ’δ
598 5264 804 5330 potestis
830 5264 1123 5329 :Generatio

537 5333 558 5361 ⁸
591 5331 794 5392 quaerit-

544 5393 565 5421 θ
603 5387 657 5441 Et
681 5405 788 5440 cum
813 5389 1068 5440 venissent
1107 5392 1239 5437 trans
1275 5388 1480 5450 fretum;
1522 5389 1662 5438 obliti
1700 5397 1814 5439 sunt
1848 5387 2070 5448 discipuli

2184 5078 2292 5149 ejus
2315 5089 2469 5138 panes
2489 5078 2736 5139 accipere.
2765 5075 2911 5125 Jesus
2929 5080 3094 5125 autem
3116 5073 3239 5122 dixit
3265 5071 3359 5122 illis
3379 5083 3392 5121 :
3419 5071 3678 5122 Attendite
3704 5085 3795 5123 vo-

2182 5140 2261 5230 bis’
2297 5199 2432 5249 Tune
2459 5199 2524 5249 illi
2549 5201 2828 5263 cogitabant
2845 5201 2974 5263 inter
2998 5211 3076 5263 se,
3099 5207 3216 5263 etc,
3243 5200 3295 5263 ut
3312 5195 3377 5263 iit
3393 5195 3542 5263 παις.

2241 5263 2262 5294 ⁸
2299 5263 2487 5322 Quibus
2503 5260 2832 5326 cogitantibus
2853 5262 2979 5312 dixit
3003 5277 3013 5311 :
3035 5261 3160 5326 Quid
3187 5260 3407 5321 cogitatis
3429 5260 3569 5326 inter
3587 5270 3676 5326 vos

2243 5327 2262 5356 ⁹
2298 5317 2592 5388 titetninistis
2607 5327 2824 5388 quinque
2850 5317 3314 5387 pattuquuinqu'e,
3341 5329 3458 5385 etc.,
3481 5319 3604 5371 utin
3632 5317 3791 5387 Vulg.

2180 5399 2330 5452 usque
2352 5387 2768 5437 Saddttcaeorum’.

1795 5490 2160 5548 BLANCHINI
2198 5491 2430 5551 ΝΟΤΛΕ.

551 5625 574 5651 η
613 5615 667 5669 Is
695 5617 745 5670 in
779 5619 852 5670 eis
881 5617 1074 5672 abrasa
1099 5624 1200 5670 est.

563 5753 641 5824 (η)
684 5752 908 5807 Additur
964 5755 1289 5824 Hypata-itm,
1334 5752 1495 5808 etiam
1524 5751 1575 5805 in
1608 5757 1756 5805 textu
1787 5749 1976 5807 Gra‘co
2002 5751 2070 5805 ὑπ

2189 5752 2290 5809 ταί.
2322 5747 2482 5822 —-(b)
2512 5747 2588 5803 lla
2611 5756 2664 5803 et
2696 5755 2872 5802 textus
2893 5744 3115 5802 Grze'ctts
3142 5745 3169 5800 ὁ
3199 5743 3252 5801 δὲ
3274 5743 3483 5806 Ἰησοῦς.
3513 5771 3582 5787 -
3605 5743 3677 5817 (c)
3707 5743 3800 5802 Ita

478 5837 532 5882 et
555 5827 708 5880 (Iunt.
740 5824 837 5878 Lat
865 5835 918 5878 et
945 5829 1038 5878 (ἐπ’.
1069 5829 1205 5880 τότε.
