4048 6188
425 247 529 303 2i!)

800 365 1022 423 CODEX
1065 365 1248 424 VERC
1258 367 1610 424 ELLENSIS.

413 461 628 516 milium
651 459 830 535 homi-_
1251 464 1338 535 14.
1383 462 1464 518 Ad
1496 463 1572 517 illi
1607 461 1904 535 dixerunt:
1937 461 2006 535 (e)

411 548 547 606 num
580 574 594 597 ,
622 540 675 587 ct
695 533 832 602 quod
1249 534 1550 591 Jobaunem
1571 535 1608 606 1-
1639 534 1777 604 Bap-

409 604 681 674 eophinos
711 620 892 674 sump-
1250 607 1427 661 tislant
1455 624 1468 668 ;
1500 604 1593 660 alii
1614 621 1709 659 att-

408 676 504 730 10.
548 674 728 729 sistis?
757 691 933 747 neque
1250 688 1354 734 tetn
1389 679 1600 744 llelian,
1628 677 1715 730 alii

404 756 620 817 septem
654 762 846 815 panum
866 795 882 818 ,
1247 766 1374 806 vero
1401 749 1632 806 Jeremi-

404 829 464 874 et
505 835 654 874 tttt.
687 819 832 875 milia
859 824 958 880 ho-
1245 836 1336 886 an,
1368 831 1460 876 aut
1485 838 1648 877 unum

404 892 615 946 minuto
634 933 650 956 ,
682 901 739 946 et
1245 909 1308 948 ex
1339 895 1640 962 prepltetis.

403 963 551 1032 quod
578 975 794 1030 sportas
1245 960 1349 1021 15.
1378 960 1514 1020 Dicit
1543 966 1650 1019 illis
1680 981 1693 1018 :
1724 960 1833 1016 Vos
1877 975 1972 1018 au-

407 1037 499 1089 11.
543 1035 846 1110 sumsistis?
877 1039 1016 1110 Qua-
1245 1046 1351 1110 tetu
1383 1053 1542 1110 quem
1574 1052 1658 1091 me

405 1120 467 1160 re
499 1121 606 1159 non
631 1106 794 1161 intel-
890 1105 921 1110 Ὺ
1244 1108 1333 1163 16.
1374 1109 1551 1163 dicitis
1575 1122 1695 1164 esse
1719 1107 1742 1161 ?
1768 1105 1902 1162 Res-

401 1178 584 1248 legitis
607 1219 621 1242 ,
644 1177 764 1246 quia
795 1199 902 1238 non

401 1249 484 1329 tle.
503 1263 638 1329 rans
664 1249 739 1321 (δ)
767 1255 875 1329 qixi
907 1256 977 1329 1-:

399 1319 695 1376 Adtendite
721 1319 750 1376 a
780 1324 887 1382 fer-

399 1401 588 1446 mento
615 1392 804 1450 Phari-

397 1478 649 1518 saeorum
673 1509 688 1531 ,
720 1477 772 1522 et
799 1469 932 1525 Sad-

395 1535 720 1592 duCaeorum
741 1540 765 1593 ?

394 1606 486 1662 i2.
528 1609 684 1666 Tunc
707 1610 917 1669 intelle-

393 1691 625 1745 xerunt,
658 1682 782 1751 quia

389 1766 500 1826 non
536 1752 620 1826 (e),
641 1753 776 1826 dixit
805 1755 846 1826 1-
875 1757 937 1811 il-

387 1822 458 1876 lis
490 1822 554 1878 ut
573 1825 811 1881 abstine-

387 1896 890 1954 rentf........

384 1977 579 2021 mento
604 2009 618 2033 ,
649 1969 743 2024 sed

384 2051 414 2089 a
443 2038 692 2094 doctrina
725 2041 865 2096 Pha-

383 2110 709 2175 risaeorutn,

381 2181 747 2240 adtenderent

381 2253 511 2308 sibi.

381 2325 476 2379 13.
521 2325 680 2380 Venit
702 2338 883 2386 autem
912 2390 916 2394 ,

377 2395 540 2451 Jesus
573 2397 626 2451 in
661 2411 868 2467 partem

378 2470 683 2524 Caesareae

378 2537 640 2609 Philippi.
670 2551 725 2597 et
756 2542 838 2598 in-

379 2613 695 2681 terrogabat

375 2682 679 2750 discipulos
701 2701 794 2741 su-

374 2768 460 2818 os,
493 2755 728 2831 dicens:
757 2762 927 2825 Quem
960 2760 1040 2831 (ά)

375 2841 467 2881 me
496 2827 538 2898 1*
569 2827 822 2884 homines

374 2898 563 2952 dicunt
584 2914 728 2963 esse.
759 2900 849 2955 Fi-
1217 2899 1272 2954 ni
1301 2900 1599 2955 caelorum.

374 2969 504 3024 lium
537 2968 773 3028 hominis
801 2977 824 3027 ?
1221 2972 1285 3027 Et
1317 2971 1614 3042 quodcum-

804 3062 1039 3120 CODEX
1077 3061 1546 3120 CORBEIENSIS.

372 3157 544 3213 millia
575 3157 854 3214 hominum
880 3201 894 3224 ,
924 3168 1056 3230 quot
1107 3157 1375 3229 cophinos
1401 3158 1732 3213 sustulistis?
1759 3168 1810 3213 et
1831 3173 1958 3227 sep—

369 3240 477 3284 teni
532 3246 699 3299 pane;
752 3231 802 3285 in
858 3229 1113 3299 quattuor
1163 3231 1331 3285 millia
1383 3229 1690 3290 hominum.
1739 3241 1794 3284 et
1844 3238 1971 3298 quot

370 3312 586 3373 sportas
643 3303 927 3357 tuleritis?
973 3302 1260 3371 Quomodo
1315 3317 1419 3354 non
1470 3302 1802 3373 intelligitis,
1834 3303 1969 3373 quia

370 3372 479 3426 non
531 3375 597 3426 de
635 3389 772 3442 pane
819 3374 928 3428 dixi
975 3375 1165 3428 vobis:
1215 3373 1417 3428 Cavete
1461 3389 1490 3427 a
1540 3372 1807 3427 fermento
1831 3372 1970 3426 Pha-

369 3447 697 3507 risaeorum,
761 3454 815 3498 et
863 3444 1517 3500 Sadducaeorum?Tune
1551 3444 1966 3506 intellexerunt,

369 3518 491 3583 quia
526 3533 631 3570 non
675 3516 812 3569 dixit
879 3517 982 3571 illis
1015 3525 1072 3569 ttt
1094 3517 1428 3570 abstinerent
1476 3531 1503 3568 a
1536 3517 1801 3570 fermento
1831 3514 1970 3568 Plia-

373 3586 1270 3650 risaeornm,etSaddneaeorum,
1331 3587 1424 3640 sed
1481 3587 1786 3641 adoclrina
1843 3587 1968 3640 illo-

369 3673 512 3713 rum.
568 3661 584 3690 ¹
645 3660 711 3712 Et
785 3674 904 3713 cunt
957 3659 1192 3712 venisset
1235 3659 1396 3712 Jesus
1445 3659 1494 3711 in
1530 3658 1803 3727 regionem
1835 3656 1972 3711 Cae-

371 3744 561 3785 sareae
634 3730 906 3800 Philippi,
982 3731 1348 3800 interrogabat
1424 3729 1723 3798 discipulos
1796 3743 1968 3800 suos,

365 3800 552 3857 dicens
625 3819 639 3854 :
695 3803 716 3832 ’
765 3811 786 3839 ο
839 3799 1009 3868 Quem
1061 3817 1145 3853 me
1198 3799 1384 3854 dicunt
1468 3817 1590 3855 esse
1677 3799 1921 3854 homines
1953 3840 1968 3866 ,

367 3872 559 3927 Filium
624 3872 903 3928 hominis?
952 3874 1021 3927 At
1071 3871 1144 3926 illi
1175 3873 1196 3902 ³
1252 3873 1649 3940 responderunt
1687 3871 1968 3926 dicentes:

365 3943 666 3999 Johannem
704 3943 1037 4013 Baptistani;
1089 3944 1180 3997 alii
1208 3954 1384 3996 autem
1439 3943 1663 4005 Heliam,
1716 3944 1804 3995 alii
1839 3956 1970 3997 vero

367 4015 721 4078 Hieremiam,
752 4027 843 4069 aut
877 4031 1039 4070 unum
1068 4031 1132 4069 ex
1169 4015 1466 4082 prophetis.
1495 4014 1514 4044 ⁵
1545 4014 1717 4068 Atille
1740 4013 1814 4067 ait
1839 4013 1964 4066 illis:

363 4087 473 4140 Vos
503 4103 633 4142 vero
662 4102 822 4153 quem
851 4105 936 4141 me
959 4101 1079 4140 esse
1111 4085 1289 4139 dicitis
1319 4087 1342 4137 ‘I
1391 4085 1745 4153 llespondens
1778 4085 1964 4138 Simon

364 4158 558 4214 Petrus
614 4157 756 4211 dixit
794 4159 859 4212 ad
908 4174 1068 4211 cum:
1113 4157 1191 4210 'l‘u
1245 4172 1303 4212 es
1331 4154 1600 4221 Christus,
1655 4155 1820 4210 Filius
1869 4155 1965 4210 Dei

365 4231 491 4284 vivi.
526 4230 596 4284 Et
631 4229 966 4294 respondens
998 4229 1177 4292 Jesus,
1207 4227 1340 4281 dixit
1365 4229 1429 4280 ad
1454 4243 1574 4281 etnn
1611 4245 1623 4280 :
1683 4227 1875 4280 Beatus
1903 4243 1960 4280 es

361 4300 550 4356 Simon
582 4299 847 4355 Bar-Jona
879 4319 890 4356 :
925 4316 1031 4354 non
1060 4301 1202 4353 enim
1229 4313 1356 4352 caro
1386 4307 1440 4352 et
1486 4298 1707 4366 sanguis
1747 4299 1962 4352 revela-

363 4375 435 4426 vit
477 4374 598 4436 tibi,
642 4372 737 4424 sed
781 4374 938 4426 Pater
967 4386 1142 4436 mens,
1197 4369 1285 4438 qui
1331 4370 1499 4425 estin
1531 4371 1717 4423 coelis.
1755 4371 1818 4423 lﬂt
1867 4384 1966 4438 ego

357 4445 452 4496 tibi
473 4446 711 4499 5dicam.
730 4443 852 4512 quia
873 4452 927 4496 ιιι
959 4457 1018 4496 cs
1046 4443 1236 4496 Petrus
1265 4451 1319 4495 et
1342 4451 1366 4477 α
1387 4456 1547 4508 super
1568 4447 1722 4495 istaut
1755 4451 1964 4509 petram

358 4515 662 4569 aediﬁcabo
686 4513 987 4568 Ecclesiatn
1021 4528 1221 4579 meam,
1245 4520 1299 4566 et
1330 4521 1518 4581 p0rtae
1542 4513 1833 4566 inferorum
1860 4528 1965 4564 non

357 4588 578 4640 vincent
607 4600 748 4640 eam.
782 4584 904 4640 Tibi
960 4585 1101 4640 dabo
1155 4585 1339 4638 claves
1381 4583 1528 4654 regni
1574 4584 1873 4638 cocloruut.
1902 4582 1970 4638 Et

356 4672 691 4729 quaequom-

1245 1181 1487 1247 pondens
1511 1181 1697 1237 Simon

1240 1252 1434 1308 Petrus
1455 1252 1631 1306 dixit:

1238 1323 1318 1378 Tu
1349 1340 1408 1378 es
1432 1323 1702 1389 Christus,
1727 1322 1898 1377 Filius

1240 1394 1336 1450 Dei
1367 1395 1496 1451 vivi.

1236 1467 1326 1522 17.
1370 1465 1723 1535 Respondcns

1234 1537 1418 1604 Jesus,
1445 1540 1578 1594 dixit
1600 1541 1710 1594 illi:

1235 1609 1337 1665 Bea
1347 1619 1431 1665 tus
1468 1626 1528 1666 es
1558 1611 1742 1666 Simon

1234 1681 1502 1737 Bar—Jona
1534 1701 1547 1735 :
1579 1685 1702 1754 quia

1231 1768 1359 1808 031⁵0
1387 1764 1439 1809 Cl
1459 1769 1586 1808 sau-

1229 1827 1350 1895 guis
1378 1842 1482 1880 non
1505 1841 1585 1882 re-

1229 1897 1432 1953 velavit
1480 1898 1569 1952 tibi
1595 1940 1608 1963 ,

1227 1969 1322 2022 sed
1353 1969 1514 2024 Pater
1541 1973 1664 2024 meJ

1228 2054 1311 2105 us,
1341 2043 1430 2110 qui
1463 2051 1546 2095 est
1578 2042 1629 2094 iu
1661 2043 1843 2098 caelis.

1230 2112 1318 2184 18.
1361 2112 1475 2184 Ego
1497 2113 1639 2167 enim
1685 2114 1778 2170 tibi

1229 2182 1372 2252 dico,
1411 2182 1666 2251 quoniam

1227 2263 1279 2309 tu
1310 2270 1370 2310 es
1401 2257 1618 2317 Petrus.
1649 2267 1702 2311 ct

1223 2342 1390 2397 super
1419 2329 1558 2381 hanc
1587 2343 1677 2395 pe-

1224 2407 1362 2453 tram
1392 2398 1579 2453 aedili-

1223 2471 1362 2524 cabo
1393 2470 1631 2524 Ecclesi-

1221 2557 1307 2596 am
1345 2557 1539 2604 meam,
1573 2551 1629 2595 ει

1222 2621 1408 2682 portae
1438 2613 1600 2666 infer-

1222 2685 1274 2738 ni
1307 2699 1411 2739 non
1444 2683 1655 2738 vincent

1220 2756 1309 2811 19.
1351 2755 1585 2822 eaqut
1610 2755 1749 2809 dabo

1222 2829 1314 2882 tibi
1339 2828 1516 2883 claves
1550 2841 1671 2898 reg-

423 4826 436 4856 ¹
475 4823 873 4874 Sadducaeorum
908 4822 1227 4873 attenderem;
1259 4821 1370 4870 sibi.
1406 4821 1553 4872 Venit
1580 4829 1804 4879 autem...
1844 4835 1956 4884 par-

355 4894 493 4936 tes...
521 4895 573 4936 et
599 4887 937 4948 interrogabat

421 4952 438 4981 ⁸
474 4950 632 5009 Quem
656 4961 736 4998 me
757 4943 926 4998 dicunt
950 4947 1174 4996 homines
1196 4958 1309 4996 esse
1333 4943 1508 4994 Filium
1533 4944 1778 4997 hominis?
1801 4946 1830 4985 ἲ)

1389 248 1840 309 EVANGELIUM
1881 245 2254 306 SECUNDUM
2295 249 2724 312 MATTHEUM.

2545 370 2780 428 CODEX
2821 371 3276 433 VERONENSIS.

2955 469 3257 544 .lobannem
3286 472 3328 544 1°

2955 543 3255 612 Baptistam
3283 561 3298 610 ;

2954 614 3042 668 alii
3072 626 3251 670 autem

2954 701 3082 740 vero
3109 686 3402 752 Jeremian,

2950 767 3042 811 aut
3072 773 3236 813 unum
3263 774 3329 814 ex

2951 829 3248 899 prophetis.

2797 947 2822 962 ,
2950 901 3040 955 15.
3083 899 3220 956 Dicit
3250 901 3355 959 illis

2947 971 3107 1027 Iesus
3127 989 3140 1025 :
3177 973 3284 1028 Vos
3309 990 3405 1031 au-

2951 1053 3056 1097 tem
3081 1058 3238 1114 quem
3266 1061 3352 1101 me

2945 1114 3125 1170 dicitis
3153 1119 3319 1173 esse?

2947 1186 3036 1241 16.
3082 1186 3436 1255 ηρεβυηάοηε

2947 1257 3134 1313 Simon
3171 1259 3359 1316 Petrus

2117 459 2420 530 hominum,
2451 473 2505 519 et

2115 535 2257 601 quod
2287 536 2558 604 cophinos

2119 605 2206 659 10.
2249 608 2602 674 sumpsistis?
2633 625 2729 666 ne-

2115 692 2218 747 que
2250 676 2326 748 (a)
2356 690 2562 746 septem

2115 764 2283 818 panes
2393 761 2446 805 et

2114 831 2370 890 quattuor
2399 821 2546 878 milia

2113 891 2417 957 hominum,
2449 902 2504 948 et

2109 965 2253 1032 quod
2277 975 2492 1034 sportas

2113 1036 2202 1107 11.
2244 1037 2597 1107 sumpsistis?

2112 1106 2292 1172 Quare

2113 1194 2218 1252 non
2245 1178 2581 1252 intellegitis,

2110 1251 2234 1320 quia
2265 1267 2370 1305 non
2395 1251 2464 1308 de

2109 1337 2247 1399 pane
2279 1322 2359 1399 (li)
2390 1325 2498 1380 dixi
2524 1328 2599 1399 1-:

2106 1396 2390 1449 Attendite
2419 1412 2447 1450 a
2478 1396 2588 1453 ler-

2104 1478 2290 1520 mento
2311 1466 2499 1523 Phari—

2101 1552 2377 1606 saeorum,
2405 1551 2459 1595 et

2098 1609 2536 1668 Sadducaeurum
2567 1611 2589 1666 ?

2101 1683 2186 1736 12.
2230 1681 2380 1738 Tunc

2097 1752 2504 1821 intellexerunt,

2095 1826 2219 1901 quia
2246 1841 2348 1879 non
2379 1826 2453 1901 (ε)
2486 1828 2626 1886 dixit
2649 1831 2690 1901 ’ξ-

2095 1912 2123 1950 a
2157 1895 2444 1962 fermento,
2475 1901 2570 1955 sed

2095 1983 2124 2022 a
2157 1969 2400 2024 doctrina
2427 1971 2570 2028 Pha-

2096 2040 2420 2109 risaeorum,

2095 2112 2373 2168 attendere
2403 2113 2526 2170 sibi.

2095 2185 2182 2237 15.
2226 2183 2384 2240 Venit
2413 2196 2591 2243 autem

2091 2255 2250 2309 Jesus
2275 2255 2328 2308 in
2356 2273 2472 2326 par-

2095 2335 2199 2380 tem
2227 2326 2527 2386 Caesareae

2093 2397 2346 2466 Philippi,
2374 2411 2429 2454 et

2093 2468 2461 2536 interrogabat

2090 2540 2385 2607 discipulus
2411 2556 2560 2607 suos,

2091 2610 2278 2664 dicens
2310 2627 2322 2664 :

2089 2682 2259 2757 Quem
2287 2680 2481 2757 tome
2504 2686 2543 2757 -ι-

2091 2753 2340 2808 homines
2363 2753 2548 2810 dicunt

2089 2840 2232 2890 esse,
2268 2824 2464 2882 Filium

2943 1328 3084 1383 dixit
3112 1347 3125 1383 :
3156 1329 3236 1385 Tu
3259 1347 3319 1387 es
3401 1335 3404 1339 ’

2940 1398 3210 1466 Christus,
3246 1401 3415 1461 Filius

2942 1471 3037 1527 Dei
3071 1472 3195 1526 vivi.

2937 1545 3025 1599 17.
3068 1543 3422 1616 Respondeas
3447 1561 3451 1564 '

2936 1625 3116 1670 autem

2937 1687 3116 1752 Jcsus,
3144 1687 3280 1744 dixit

2941 1759 2990 1813 ei
3018 1777 3031 1810 :
3060 1759 3256 1815 Beatus
3286 1773 3345 1814 es

2937 1828 3122 1885 Simon
3155 1829 3422 1888 Bar—Jona
3448 1851 3462 1888 :

2934 1902 3059 1970 quia
3093 1917 3220 1958 caro
3248 1915 3302 1959 et

2931 1976 3147 2044 sanguis
3175 1990 3282 2030 non
3322 1994 3476 2036 reve-
3556 1998 3560 2002 '

2933 2043 3063 2099 labit
3087 2045 3206 2112 tibi,
3236 2049 3328 2103 sed

2932 2115 3094 2192 l’ater
3123 2132 3296 2192 meus,
3319 2122 3410 2192 qui

2935 2187 2988 2242 in
3021 2190 3191 2244 caelis
3211 2198 3317 2245 est.

2931 2259 3020 2332 18.
3063 2259 3130 2315 Ει
3158 2276 3260 2332 ego
3287 2261 3409 2321 dico

2930 2330 3046 2403 tibi,
3075 2330 3212 2403 quia
3239 2343 3292 2387 tu
3325 2352 3384 2391 es

2929 2400 3142 2475 Petrus,
3164 2413 3228 2457 et
3243 2419 3411 2475 super

2929 2471 3066 2525 hanc
3087 2485 3298 2542 petram
3314 2471 3476 2533 acdi-

2927 2543 3105 2596 iicabu
3136 2543 3440 2604 Ecclesiam

2924 2628 3122 2686 meam,
3151 2629 3207 2672 et
3230 2628 3421 2686 portae

2927 2684 3082 2740 inferi
3117 2684 3478 2755 non—praeva-

2926 2755 3018 2811 19.
3063 2757 3249 2814 lebunt
3274 2763 3344 2816 ei.
3378 2763 3446 2818 Et

2927 2828 3023 2882 tibi
3056 2829 3197 2885 dabo
3222 2831 3434 2889 clavem

2091 2895 2178 2970 14.
2209 2895 2462 2970 hominis
2491 2900 2516 2952 ?
2553 2898 2637 2955 Ad
2924 2902 3074 2970 regni
3103 2903 3396 2959 caelorum.

2093 2968 2166 3022 illi
2191 2968 2441 3025 dixerunt
2466 2989 2479 3026 :
2514 2970 2586 3044 (e)
2923 2968 3395 3046 Et'qnaccumque

2548 3062 2785 3120 CODEX
2824 3063 3220 3123 BRIXIANUS.

2078 3155 2224 3232 milia
2253 3154 2534 3211 hominum
2553 3166 2607 3212 et
2644 3168 2673 3232 ¢_
2699 3157 2842 3232 quod
2867 3156 3129 3226 cophinos
3158 3159 3473 3232 susmlistis.
3511 3176 3684 3232 neque

2078 3226 2154 3299 (a)
2187 3239 2392 3300 septem
2429 3244 2594 3298 panes
2646 3228 2688 3300 1-
2721 3226 2802 3282 'in
2867 3237 3120 3298 quattuor
3175 3232 3317 3285 milia
3381 3226 3678 3288 hominum.

2074 3297 2143 3372 et
2178 3297 2215 3372 ἀί
2254 3301 2394 3367 quod
2430 3297 2671 3368 ’sportas'
2714 3300 3018 3372 sumsistis.
3074 3301 3356 3368 Quomodo
3395 3319 3523 3372 ergo
3574 3320 3681 3359 non

2075 3371 2380 3442 intellegitis
2406 3372 2528 3441 quia
2563 3387 2667 3425 non
2696 3370 2764 3426 de
2791 3373 3018 3442 panibus
3044 3373 3152 3427 dixi
3196 3374 3368 3428 vobis.
3419 3370 3619 3429 Cavete
3647 3392 3677 3430 a

2079 3441 2342 3496 fermento
2361 3441 2838 3497 Pharisaeorumet
2869 3443 3327 3498 Sadducacoruui.
3353 3445 3503 3500 'l‘uuc
3524 3446 3683 3502 intel—

2081 3513 2328 3567 lexeruttt
2372 3516 2494 3583 quia
2528 3529 2634 3567 non
2681 3515 2750 3583 (ε)
2781 3514 2932 3568 dixit.
2965 3512 3006 3584 1-
3036 3518 3332 3570 tavcutlum
3360 3518 3681 3571 :tlfermeutu

2079 3585 2235 3652 panis
2260 3585 2399 3639 seda
2429 3586 2672 3638 doctrina
2700 3584 3110 3638 Pharisaeorum
3143 3596 3197 3639 et
3219 3585 3676 3642 Sadducaeorum.

2149 3659 2282 3710 Cttttt
2341 3657 2577 3710 venis-set
2623 3663 2800 3709 autent
2842 3655 2996 3710 Jesus
3056 3656 3108 3709 in
3154 3667 3336 3725 partes
3382 3655 3680 3714 Caesareae

2079 3726 2334 3798 Philippi.
2367 3737 2389 3764 ε’
2415 3729 2761 3798 interrogabit
2793 3727 3086 3798 discipulos
3106 3742 3233 3781 suos
3260 3728 3468 3783 dicens.
3503 3729 3675 3795 Quem

2083 3797 2162 3869 (ά)
2187 3816 2271 3854 tne
2298 3800 2338 3870 1'
2362 3799 2546 3852 dicunt
2577 3799 2820 3854 homines
2850 3797 2971 3853 esse
2995 3797 3187 3870 Filium
3213 3801 3467 3870 hutttinis.
3499 3800 3562 3854 At
3596 3800 3676 3855 illi

2079 3869 2348 3926 dixerunt.
2407 3871 2620 3941 quidam
2669 3870 2970 3941 Joltannent
3021 3869 3313 3939 Baptistam
3345 3872 3436 3924 alii
3488 3879 3670 3927 autent

2077 3942 2268 3995 liliain.
2296 3943 2384 3997 alii
2412 3939 2537 3996 vero
2587 3939 2915 3996 Hierentiim
2952 3950 3044 3993 aut
3077 3957 3240 3995 unum
3272 3957 3336 3997 ex
3370 3943 3670 4013 prophetis.

2077 4013 2212 4067 Dicit
2239 4018 2317 4069 eis
2346 4013 2521 4068 Jesus.
2580 4014 2686 4068 V‘ns
2727 4021 2906 4066 autem
2962 4029 3120 4076 quem
3155 4029 3240 4067 me
3296 4013 3477 4067 dicitis
3529 4029 3671 4068 esse.

2073 4083 2428 4153 Respondeas
2450 4096 2628 4140 autent
2661 4085 2846 4140 Simon
2876 4083 3067 4136 Petrus
3095 4084 3232 4138 dixit
3261 4084 3339 4138 Tu
3387 4099 3448 4138 es
3475 4084 3666 4138 (Zlnis-

2072 4163 2156 4209 tus
2185 4156 2355 4211 Filius
2389 4159 2477 4209 Dei
2531 4157 2655 4209 vivi.
2703 4157 2763 4209 lit
2813 4156 3148 4218 restiondens
3179 4154 3338 4210 ,Ιυνιιε
3395 4156 3538 4210 dixit
3592 4155 3670 4210 ei.

2074 4227 2267 4281 Beatus
2289 4244 2347 4282 es
2379 4228 2564 4282 Simon
2595 4228 2818 4282 Bariona
2849 4226 2970 4295 quia
3002 4240 3129 4279 caro
3156 4234 3212 4278 et
3259 4229 3478 4292 sanguis
3509 4245 3614 4281 nou
3650 4226 3666 4263 τ

2050 4300 2329 4352 τριωιεινὶι
2387 4301 2503 4352 tibi.
2535 4299 2629 4353 scd
2661 4299 2821 4352 Pater
2852 4313 3004 4351 meus
3031 4299 3118 4364 qui
3169 4298 3219 4350 itt
3265 4300 3430 4351 caelis
3474 4308 3577 4353 est.
3605 4298 3671 4352 Et

2071 4370 2292 4437 cgo'tibi
2324 4371 2465 4425 dico.
2503 4373 2624 4438 quia
2659 4379 2712 4423 tu
2758 4383 2817 4420 cs
2863 4368 3072 4420 l'ctrus.
3099 4376 3152 4420 et
3183 4384 3345 4438 super
3397 4367 3550 4423 hanc.
3580 4384 3672 4437 pe-

2073 4449 2232 4494 tram.
2265 4443 2560 4496 aediﬁcabo
2590 4440 2887 4495 Ecclesium
2921 4453 3118 4492 nteant.
3150 4450 3205 4492 et
3238 4451 3428 4506 portae
3472 4440 3666 4494 inferni

2073 4528 2177 4565 non
2205 4514 2588 4581 praevalebunt
2615 4512 2873 4566 adversus
2900 4523 3039 4564 eam.
3078 4511 3142 4564 Et
3173 4509 3266 4564 tibi
3297 4511 3437 4567 dabo
3485 4512 3667 4566 claves

2071 4585 2222 4652 regni
2250 4585 2545 4639 caelorum.
2579 4584 2645 4637 Et
2672 4595 3045 4652 quaecumque

1026 4725 1426 4783 VARIANTES
1466 4725 1849 4783 LECTIONES
1887 4725 2158 4784 CODICIS
2198 4726 2310 4782 MS.
2356 4727 2413 4783 S.
2455 4726 2969 4786 GERMANENSIS.

2129 4824 2151 4854 ³
2181 4822 2420 4872 dixerunt
2441 4820 2713 4873 Iohannem

2127 4885 2148 4950 ξ.
2180 4891 2231 4950 ω
2255 4881 2306 4934 in
2338 4883 2480 4950 Vulg.
2503 4897 2671 4948 usque,
2706 4885 2769 4950 Et
2793 4899 2889 4946 ego

2125 4949 2147 4980 ⁸
2181 4949 2314 5010 dico,
2341 4955 2391 4997 tu
2417 4947 2490 5008 es,
2515 4947 2636 5009 etc.,
2664 4955 2712 4998 ut
2737 4947 2785 4999 in
2817 4947 2960 5012 Vulg.
2986 4958 3156 5011 usque,
3184 4953 3237 4997 et
3258 4958 3600 5011 quaecumque

1691 5029 2057 5086 BLANCllINl
2095 5031 2326 5088 NOTAE.

429 5140 454 5166 ⁵
487 5130 596 5186 Hoc
625 5129 791 5185 modo
810 5129 1071 5200 scriptum
1100 5135 1216 5200 erat
1247 5127 1301 5182 in
1319 5127 1722 5200 exemplaribus
1748 5127 1954 5184 Latinis

352 5218 581 5269 quorum
612 5216 832 5257 usuram
858 5198 1115 5255 babuitS.
1149 5198 1472 5270 Cyprianus.
1506 5198 1739 5255 Consule
1760 5215 1952 5254 novam

354 5274 648 5327 editionem
679 5273 914 5340 Operum
945 5270 1188 5341 ejusdem
1226 5271 1496 5341 Martyris.

425 5342 452 5381 δ
487 5344 689 5399 Eadem
719 5344 1149 5412 occurritlectio
1186 5341 1327 5412 apud
1369 5340 1668 5409 Hilarium,
1709 5340 1948 5397 Leonem

349 5415 600 5486 Magnum
617 5425 671 5469 et
699 5415 861 5486 alios,
893 5411 988 5484 qui
1009 5411 1245 5486 antiqua:
1273 5411 1950 5486 Vulgatteexemplaribus

351 5482 664 5542 utebantur.
697 5485 802 5540 Sed
833 5495 887 5539 et
913 5482 1077 5554 'apttd
1102 5482 1465 5554 Augustinum
1495 5484 1589 5538 lib.
1633 5501 1670 5538 tt
1696 5484 1763 5537 de
1806 5484 1950 5540 Con-

348 5573 513 5612 sensu
545 5557 1015 5626 Evangelistarum
1048 5595 1065 5622 ,
1089 5557 1191 5610 etsi
1219 5556 1328 5610 illic
1350 5564 1569 5609 secutus
1615 5557 1686 5611 sit
1716 5555 1950 5626 castiga-

2067 5139 2177 5183 tum
2208 5131 2278 5186 ab
2308 5130 2639 5201 Hieronymo
2665 5137 2975 5183 contextum
3004 5127 3212 5184 LM.le
3261 5127 3656 5201 translationis.

2059 5201 2468 5272 Necrimmerito
2499 5200 2627 5268 legit
2645 5214 2943 5267 pronomen
2967 5218 3066 5265 me,
3083 5203 3204 5272 quia
3230 5211 3401 5254 exstat
3429 5200 3655 5272 inline-

2059 5273 2136 5326 cis
2167 5271 2426 5347 fontibus,
2462 5275 2582 5327 Τίνα
2602 5293 2663 5342 με
2686 5272 2946 5347 λέγουσιν.
2975 5274 3026 5327 id
3049 5268 3153 5347 est,
3177 5272 3337 5338 Quem
3359 5286 3436 5323 nte
3457 5268 3652 5324 dicunt.

2137 5354 2159 5416 ς
2195 5343 2346 5416 Quod
2377 5359 2474 5413 pro
2494 5353 2616 5414 quot
2649 5343 2778 5399 vitio
2809 5346 3186 5416 exscriptot-is.

2131 5414 2156 5450 (³
2189 5414 2344 5485 Quod
2367 5431 2464 5487 pro
2484 5425 2625 5486 quot.

2135 5496 2157 5559 σῖ
2188 5487 2554 5558 lnterrogabit,
2591 5502 2687 5558 pro
2712 5487 3063 5559 interrogavit.

2134 5557 2153 5594 ί
2188 5559 2468 5624 Rebelavt't,
2504 5557 2600 5630 pro
2628 5560 2888 5613 revelat'il.

421 5659 501 5735 (a)
523 5661 599 5715 Ita
625 5670 680 5737 e_t
703 5667 883 5715 textus
899 5659 1126 5737 Crtectts
1147 5663 1270 5721 τοὺς
1297 5661 1429 5737 me
1456 5658 1962 5737 5pcou;.——_(b)Post

2076 5661 2107 5714 i.
2127 5661 2280 5737 deest
2305 5662 2466 5737 uoltis,
2487 5662 2647 5716 etiam
2677 5661 2803 5737 et_in
2827 5655 3364 5737 cod._C:_mt.-—_(c)lta
3389 5667 3442 5714 et
3471 5665 3648 5737 textus

348 5728 592 5798 Gréccus,
629 5728 759 5788 εἶπε.
786 5755 860 5774 -ι-
888 5732 968 5802 (d)
991 5729 1155 5786 Addit
1201 5747 1279 5784 me
1308 5733 1468 5786 etiam
1491 5728 1679 5787 'textus
1707 5728 1950 5794 Graecus,
1967 5731 2348 5802 pt.-—(e)Ante
2367 5733 2681 5799 Jolmmtem,
2713 5730 2864 5786 deest
2893 5728 2984 5784 alii
3013 5730 3064 5785 in
3095 5728 3452 5803 cod.'quoque
3481 5731 3641 5787 Cant.
