2024 3094
173 115 222 145 25'!

363 173 479 202 CODEX
502 173 768 202 VERCELLENSIS.

174 228 227 257 que
242 220 379 256 adligave—
594 228 654 253 nas,
674 220 829 248 scandalum

174 256 212 285 ris
225 258 252 284 in
268 261 379 290 terram,
593 264 623 284 es
636 256 702 283 mihi
717 265 723 283 :
737 257 798 291 quia

174 293 227 320 erit
238 292 375 328 alligatum
448 327 452 328 ν
595 299 649 319 ηοη
664 299 733 327 quae
749 293 795 319 Dei

176 330 202 356 in
218 327 301 356 (melis
316 338 322 356 :
338 333 365 355 et
382 327 469 363 quod-
593 332 656 355 sunt
667 328 750 362 sapis,
771 327 818 356 sed

175 371 291 399 cumque
305 363 362 391 sol-
594 363 830 399 quaeﬁhominum.

174 398 288 427 veris’in
303 404 357 427 ter—
593 398 639 425 24.
662 398 746 426 Tune.
769 419 776 426 .
800 419 807 426 .
830 419 837 426 .
866 418 873 426 .
889 399 958 428 dixit

176 443 245 467 rain,
261 435 313 463 erit
324 435 398 462 solu-
594 435 732 469 discipulis
748 442 795 462 su-

178 476 234 498 tum
250 471 276 498 in
296 470 389 498 caelis.
594 471 617 498 is
634 480 640 497 :
659 471 686 498 Si
700 470 760 504 quis
774 470 832 498 vult

176 507 221 534 20.
242 506 319 534 'l‘iinc
334 507 450 542 impera-
596 511 655 541 post
669 514 712 533 me
725 507 801 534 veni-

176 543 214 569 vit
224 541 378 576 discipulis
595 550 635 574 re,
648 542 763 577 abneget

178 579 245 611 suis,
260 583 288 605 ut
302 577 387 605 nemi-
596 585 636 605 se.
659 598 665 604 .
689 597 696 604 .
719 578 830 606 .ettol-

180 615 206 641 ni
218 614 341 641 dicerent
595 615 635 641 lat
649 620 758 641 crucem

179 649 251 685 quod
267 649 325 683 ipse
335 655 379 676 es-
597 657 684 682 suam,
696 654 724 676 et
737 657 818 685 sequ-

179 690 222 712 set
231 684 364 712 Christus.
596 685 633 713 25
653 705 660 712 .
683 705 690 713 .
712 704 720 712 .
742 684 837 714 ur'nie.
855 686 906 720 Qui

180 722 226 749 21.
247 720 355 748 Exinde
365 720 455 755 coepit
597 721 668 748 enini
681 721 776 749 volue-

181 757 260 784 Jesus
272 756 399 784 ostende-
598 757 668 784 verit.
681 757 797 785 animum

181 801 211 820 re
225 792 365 827 discipulis
598 800 674 819 suam
688 793 790 820 salvam

181 828 249 860 suis,
267 829 327 863 quia
343 834 425 863 opor-
598 827 697 858 facere.
711 835 771 862 per-

183 869 220 891 tet
234 862 295 891 eum
312 864 350 890 ire
361 862 405 933 (ιι-ἰ-
597 863 643 891 det
658 871 735 891 eam:
753 865 799 899 qui

183 899 371 933 Hierosolyma
409 919 417 932 ,
597 904 687 926 autem
710 900 799 933 perdi-

183 899 373 935 liierosolyma
385 899 417 933 Τ,
597 904 687 926 autem
710 900 801 934 perdi-

181 940 209 963 et
224 935 305 962 multa
323 934 377 969 pati
392 942 406 961 a

182 970 347 1001 senioribus.
360 974 387 997 et
398 969 473 1005 prin-

182 1007 289 1042 cipibus
304 1006 485 1042 sacerdotum,

183 1039 217 1070 et.
231 1041 329 1074 occidi,
345 1045 372 1072 et
386 1039 422 1077 (ὁ)
438 1045 498 1076 post

184 1078 292 1105 tertium
307 1076 348 1104 di-

184 1122 227 1141 em
238 1113 259 1148 1-
270 1120 394 1147 resurge—

185 1149 231 1177 22.
254 1156 293 1176 re.
309 1149 341 1175 Et
355 1148 403 1175 ad-

185 1192 296 1212 sumens
311 1191 373 1212 eum
414 1209 420 1214 ,

186 1221 282 1248 Petrus
295 1227 358 1247 eoe-

188 1257 224 1290 pit
237 1257 358 1290 increpit-

188 1300 226 1323 re,
243 1291 277 1326 (ε)
292 1296 318 1318 et
332 1292 421 1318 dicere
433 1291 451 1326 -ῖ
467 1299 474 1318 :
489 1290 531 1327 (ά)

191 1327 324 1361 Propitius
338 1326 373 1353 li—

190 1363 213 1388 bi
228 1363 257 1397 -ίέ,
276 1363 461 1393 Uoinine,n0n

597 934 668 962 derit
687 937 804 963 animam

599 978 677 1012 suam
687 975 796 1011 propter

601 1014 655 1039 ine,
671 1012 791 1034 inveniet

601 1049 670 1069 eam.

601 1077 647 1114 26.
666 1078 734 1111 Quid
750 1078 822 1106 enim
839 1086 901 1114 pro—

601 1113 677 1141 deest
691 1115 777 1141 homi-

601 1149 639 1181 ni,
655 1149 678 1176 si
691 1154 777 1177 totum
798 1158 875 1178 mun-

602 1184 665 1212 dum
675 1185 802 1219 lueretur,

602 1228 708 1247 animae
727 1228 792 1248 suae

604 1263 669 1283 vero
686 1256 770 1283 detri-

605 1298 723 1319 mentum
740 1292 824 1326 patia—

604 1328 666 1362 tur?
687 1329 739 1354 Aut
751 1335 831 1362 quam

605 1361 680 1390 dabit
691 1361 772 1389 homo

188 1398 238 1424 erit
252 1399 324 1424 istiit.
338 1397 373 1433 (ε)
385 1397 426 1424 Ad
606 1398 797 1425 Commutatio-

188 1434 233 1460 25.
256 1436 311 1467 ipse
324 1434 341 1468 -;~
355 1440 470 1460 conver—
607 1440 668 1460 nem
683 1434 790 1466 animae

188 1476 235 1496 sus
250 1470 340 1501 Petro,
352 1469 393 1496 di-
606 1476 671 1496 suae
685 1470 696 1496 ζ’

190 1505 230 1531 xit
244 1513 251 1531 ε
268 1505 342 1532 Vade
354 1509 427 1532 retro

190 1505 230 1531 xit
244 1513 251 1531 ε
268 1505 342 1532 Vade
354 1509 427 1532 retro
606 1504 652 1531 ‘27.
673 1505 738 1533 Nam
751 1504 835 1532 Filius
851 1505 899 1533 ho-

189 1545 251 1575 post
260 1548 302 1567 nte
317 1540 394 1568 Sata—
607 1541 689 1568 minis
703 1546 799 1568 ventu-

607 1541 689 1568 minis
703 1546 799 1583 vetitu-

607 1583 654 1603 της
668 1581 710 1603 est
723 1581 750 1604 in
766 1584 822 1604 ma-

403 1633 521 1661 CODEX
539 1633 774 1662 CORBEIENSIS.

190 1688 244 1716 qiie
265 1680 391 1715 ligaveris
425 1688 506 1715 super
536 1685 636 1708 terram
655 1701 662 1712 ,
691 1686 770 1708 erunt
805 1681 885 1716 ligata
922 1682 929 1698 ¹
961 1681 987 1709 ἰη

190 1716 274 1743 coelis
301 1725 306 1741 :
333 1721 361 1743 et
385 1724 594 1751 qiiaequumqnc
626 1717 739 1744 solveris
768 1725 850 1752 super
876 1722 989 1749 terram.

192 1758 280 1788 erunt
295 1752 382 1780 soluta
399 1753 408 1767 '
424 1752 449 1779 iii
474 1753 568 1780 Coclis.
595 1752 670 1779 Tunc
694 1755 828 1787 praecepit
850 1753 992 1788 discipulis

192 1789 258 1820 suis,
274 1787 285 1803 ³
300 1796 333 1815 ne
347 1789 389 1815 cui
401 1787 592 1823 dicerentquia
611 1789 668 1823 ipse
683 1795 722 1816 est
737 1789 871 1816 Christus.
886 1787 927 1816 Ex
945 1790 993 1817 illo

192 1823 235 1850 die
272 1824 360 1858 coepit
401 1823 480 1851 Jesns
525 1824 668 1851 ostendere
720 1825 858 1859 discipulis
906 1826 961 1852 suis
984 1845 992 1855 .

192 1859 255 1896 quia
286 1863 426 1896 Oporteret
463 1860 537 1886 illum
567 1860 605 1887 ire
634 1861 658 1886 in
690 1860 928 1896 Hierosolymam,
968 1866 995 1888 et.

195 1894 277 1921 inulta
299 1895 353 1929 pati
379 1895 591 1931 asenioribiis,
621 1895 632 1911 ⁸
656 1900 682 1922 et
703 1894 868 1931 principibus
904 1904 995 1924 sacer-

194 1931 304 1962 dotum,
329 1930 410 1957 etalt
433 1929 545 1962 Scribis,
572 1936 599 1958 et
631 1931 741 1963 occidi,
775 1929 802 1958 et
840 1934 918 1958 tertia
952 1932 995 1959 die

194 1972 346 1999 resurgere.
374 1966 406 1992 Et
432 1966 442 1981 ⁵
467 1967 618 1998 suspiciens
652 1974 713 1993 cum
748 1967 843 1994 Petrus
869 1968 959 2001 coepit
985 1968 995 1983 °

195 2001 286 2028 dicere
302 2010 308 2028 :
324 2000 413 2033 Absit,
432 2001 556 2035 Domine,
572 2002 623 2028 hoc
639 2010 692 2028 non
705 2003 766 2029 erit.
781 2004 790 2019 ⁷
811 2002 891 2029 Jcsus
907 2000 995 2030 autem

196 2044 353 2072 conversus,
371 2038 438 2063 dixit
451 2037 485 2063 ad
513 2045 575 2064 eunt
595 2047 601 2063 :
619 2036 693 2064 Vade
718 2043 779 2072 post
802 2046 845 2064 nie
870 2038 993 2071 Satanas,

196 2071 353 2108 scandalum
367 2072 378 2088 ⁸
392 2080 421 2099 es
435 2073 518 2100 mihi:
533 2072 594 2107 quia
609 2081 661 2099 non
675 2071 744 2108 quae
758 2073 804 2100 Dei
824 2079 887 2100 sunt
911 2075 993 2107 sapis,

198 2107 245 2134 sed
257 2115 325 2141 quae
352 2113 414 2135 sunt
443 2108 569 2135 hominis.
595 2108 670 2135 Tunc
685 2107 727 2135 ait
750 2110 829 2137 .lesus
854 2109 996 2144 discipulis

198 2144 254 2170 suis
270 2152 276 2169 ε
292 2145 313 2170 si
327 2145 387 2178 quis
403 2146 458 2171 vult
470 2149 530 2178 pust
544 2152 586 2172 ine
608 2145 712 2176 venire,
735 2145 850 2179 abneget
872 2146 882 2162 ⁸
897 2150 997 2172 scutel-

199 2179 299 2216 ipsnin,
316 2185 341 2216 et
355 2180 431 2207 tollat
446 2187 554 2207 crucem
571 2188 657 2212 suam,
682 2185 709 2207 et
731 2185 860 2216 sequatur
873 2189 925 2208 me.
947 2181 996 2214 Qui

199 2215 270 2241 enim
282 2215 399 2242 voluerit
423 2217 539 2242 animam
557 2224 632 2242 suam
658 2216 759 2243 salvam
779 2217 868 2244 facere
880 2237 888 2249 ,
904 2218 1000 2251 perdet

199 2250 272 2277 illam
284 2251 315 2276 ε¹⁰
329 2251 491 2285 quicumque
499 2257 588 2278 autem
599 2251 746 2286 perdiderit
757 2260 816 2279 eam
826 2252 877 2279 mei
891 2260 997 2285 caussa,

200 2287 319 2314 inveniet
335 2286 419 2313 illam.
446 2287 514 2320 Quid
541 2295 629 2315 autem
646 2288 756 2322 prodest
783 2288 896 2319 homini,
923 2288 944 2315 si
961 2288 1001 2315 lii-

200 2327 292 2349 cretur
305 2330 414 2349 omnem
432 2323 573 2355 mundum,
586 2327 612 2350 et
626 2325 743 2350 animam
759 2331 834 2351 suain
847 2324 999 2351 detrimen-

201 2362 257 2384 tum
274 2358 375 2385 faciat?
392 2359 445 2385 Alit
458 2366 538 2393 quam
554 2358 628 2385 dabit
649 2358 731 2385 homo
755 2362 999 2387 commutationem

202 2400 252 2428 pro
266 2394 356 2421 anima
377 2394 448 2421 sua?
475 2393 553 2422 Venit
569 2394 641 2422 enim
658 2393 742 2422 Filius
766 2394 885 2423 hominis
904 2396 931 2424 in
943 2403 1002 2423 nia-

444 114 583 144 EUSEBII
603 114 772 144 VERCELL.
794 112 1019 144 EVANGELIUM
1037 113 1109 143 CUM
1126 113 1240 144 VARUS
1258 114 1334 146 COD.
1357 114 1553 143 COLLATUM.
1767 114 1803 142 ἐῢ

1805 114 1820 141 Ξ

1240 172 1356 200 CODEX
1371 171 1598 202 VERONENSIS.

1026 219 1154 254 ligaberis
1164 227 1195 247 su
1201 227 1249 254 per
1441 226 1534 247 versus
1549 219 1642 252 Petro,

1025 260 1136 287 terram,
1147 260 1227 283 erunt
1442 255 1510 282 dixit
1526 264 1532 281 :
1547 255 1621 282 Vade

1027 292 1106 326 ligata
1123 296 1151 319 et
1164 292 1190 319 in
1363 304 1366 307 ·
1443 296 1515 318 retro
1531 296 1588 325 post
1602 298 1645 318 ine

1025 327 1109 355 caelis
1124 336 1131 354 :
1441 326 1554 354 Satanas
1568 334 1665 354 :senn-

1026 368 1053 391 et
1065 370 1251 398 quaecumque
1442 362 1531 389 daluni
1547 369 1576 389 es
1591 361 1655 389 inihi
1670 371 1677 389 :

1027 398 1140 426 solveris
1155 406 1236 434 super
1443 398 1504 432 quia
1521 405 1574 434 non
1588 398 1661 432 sapis

1027 440 1137 467 terrain,
1150 433 1228 467 erunt
1444 441 1513 467 quae
1524 433 1570 460 Dei
1585 438 1658 466 sunt,

1027 472 1114 499 soluta
1128 475 1156 499 et
1171 471 1198 499 in
1444 469 1491 497 sed
1505 477 1573 503 quae
1585 474 1647 497 sunt

1026 507 1120 534 caelis.
1446 505 1595 532 hominum.

1445 540 1490 568 24.
1512 540 1587 567 Tunc
1603 540 1683 568 .lesus

1446 577 1514 603 dixit
1527 575 1667 610 discipulis

1445 612 1502 639 suis
1517 620 1523 638 :
1539 612 1566 639 Si
1579 612 1638 646 quis

1447 649 1504 675 vult
1517 651 1578 682 post;
1592 655 1635 675 me

1446 685 1550 715 venire,
1562 683 1676 718 abneget

1447 727 1477 747 se
1490 719 1553 751 sibi,
1565 723 1592 746 et
1608 719 1685 746 tollat

1448 762 1556 782 crucem
1573 762 1661 787 suain,

1448 796 1476 818 et
1490 795 1619 825 sequatur
1634 798 1686 818 nio.

1446 826 1492 854 25.
1513 826 1564 859 Qui
1579 826 1651 853 enini

1448 863 1563 889 voluerit

1450 898 1567 924 animam
1583 904 1659 925 suam

1450 933 1552 960 salvam
1566 932 1667 963 facere.

1452 969 1545 1003 perdet
1560 976 1619 996 eam
1632 977 1639 995 :
1654 968 1698 1004 qui

1452 1009 1540 1032 autem
1553 1004 1702 1039 perdiderit

1451 1041 1569 1067 animant
1581 1047 1657 1067 suam

1453 1081 1563 1111 propter
1577 1084 1620 1103 me
1628 1097 1636 1108 ,
1648 1076 1690 1103 in-

1453 1112 1545 1139 veniet
1557 1119 1629 1139 eam.

1452 1148 1498 1175 26.
1519 1147 1589 1181 Quid
1601 1148 1673 1175 enim
1688 1155 1751 1182 pro‘

1454 1184 1529 1210 deest
1542 1184 1655 1215 homini,
1668 1183 1690 1209 si

1454 1219 1525 1246 hunc
1543 1219 1670 1245 mundum

1456 1253 1617 1285 lucrifaciat,
1633 1254 1691 1281 atii-

1455 1298 1514 1318 inae
1527 1297 1593 1317 νέξΓο
1608 1297 1673 1317 suae

1455 1327 1647 1353 detrimentum
1662 1332 1708 1360 pa-

1458 1361 1558 1389 tiatur?
1572 1364 1624 1388 Aut
1634 1368 1714 1396 quam

1456 1398 1531 1425 dabit
1542 1398 1623 1424 homo
1634 1404 1707 1423 coni-

1458 1433 1634 1460 mutationem
1646 1432 1704 1459 ani-

1458 1476 1517 1496 mae
1531 1469 1612 1495 suae?

1456 1505 1501 1531 27.
1513 1504 1579 1531 Nam
1595 1503 1679 1531 Filius

1040 1543 1090 1569 erit
1108 1543 1181 1569 istut.
1205 1542 1240 1577 (ε)
1459 1540 1576 1567 hominis
1592 1546 1721 1577 venturus

1040 1578 1086 1605 25.
1109 1578 1147 1605 Ad
1158 1577 1217 1613 ipse
1231 1578 1251 1614 -ξ-
1267 1585 1333 1606 con-
1459 1582 1500 1604 eSt
1514 1577 1540 1603 in
1557 1576 1698 1611 majestate

1276 1635 1395 1664 CODEX
1414 1633 1612 1663 BlilXiANUS.

1042 1681 1168 1717 ligawris
1174 1690 1255 1715 super
1263 1689 1372 1720 terrain.
1380 1687 1460 1709 erunt
1471 1682 1548 1716 ligata
1557 1686 1583 1708 ct
1590 1682 1615 1708 in
1622 1680 1714 1720 caelis.
1723 1683 1749 1720 et
1759 1685 1842 1713 quac-

1043 1726 1157 1752 ctimque
1173 1718 1285 1745 solveris
1299 1726 1380 1752 super
1397 1724 1495 1745 terram
1510 1722 1586 1744 erunt
1600 1717 1685 1743 soluta
1701 1717 1767 1752 etin
1779 1721 1842 1741 cae-

1046 1751 1166 1780 lis.Tiinc
1183 1755 1317 1788 praecepit
1333 1751 1472 1787 di>CiplliiS
1484 1754 1550 1780 suis.
1565 1758 1589 1779 ut
1608 1751 1843 1788 neiniiiidiccreiit

1045 1790 1108 1826 quia
1121 1785 1260 1826 ipsejesset
1272 1785 1699 1826 IesusChristus.Exitide‘eocpit
1713 1785 1843 1826 Jelsusos-

1048 1821 1158 1852 tendere
1172 1825 1311 1862 discipulis
1323 1826 1390 1856 suis.
1402 1825 1465 1862 quia
1481 1829 1588 1862 oportet
1604 1824 1677 1850 illiiin
1690 1821 1766 1862 heia
1778 1821 1844 1862 llief

1047 1862 1191 1897 rosotyinis
1202 1868 1228 1888 ei
1244 1857 1326 1888 inulta
1355 1857 1420 1894 pati'
1432 1868 1447 1887 a
1463 1860 1627 1897 senioribus.
1644 1863 1671 1889 et
1684 1857 1792 1897 scribis.
1816 1860 1845 1883 et

1048 1893 1216 1931 principibus
1239 1893 1422 1923 sxccrdotum.
1437 1901 1464 1922 et
1479 1895 1564 1922 occidi
1589 1900 1617 1930 et.
1631 1898 1709 1931 tertia
1735 1893 1778 1920 die
1803 1899 1846 1919 re-

1048 1930 1170 1967 surgere.
1190 1932 1221 1958 Et
1238 1932 1382 1959 :tilsumens
1397 1940 1458 1959 etim
1475 1932 1571 1958 Petrus
1592 1930 1682 1967 coepit
1702 1930 1844 1962 increpare

1048 1969 1083 1994 ci.
1097 1966 1190 2004 dicens
1207 1967 1245 2003 (d)
1267 1968 1402 2004 Propitius
1423 1973 1482 1994 esto
1502 1966 1522 2002 ’ξ-
1539 1967 1585 2004 tibi
1602 1966 1718 2004 Domine
1740 1969 1847 2004 ctnuqn

1049 2009 1100 2030 erit
1117 2003 1163 2030 tibi
1176 1999 1241 2030 hoc.
1257 2008 1269 2021 ιι
1283 1999 1382 2031 ΑᾶἰΙΙθ
1393 1999 1541 2030 conversus
1566 2002 1633 2029 dixit
1655 2001 1745 2028 Petro.
1773 1999 1847 2026 Vade

1050 2045 1109 2073 post
1139 2046 1181 2065 ine
1207 2040 1304 2066 Sataim
1332 2039 1488 2066 seniidaluni
1508 2038 1572 2064 niihi
1590 2045 1619 2075 es
1633 2037 1760 2075 quianon
1773 2035 1847 2075 sapis

1050 2069 1119 2108 quae
1135 2075 1181 2101 Dei
1194 2080 1266 2102 sunt.
1283 2075 1330 2102 sed
1347 2083 1414 2108 quae
1430 2074 1580 2101 hominum.
1599 2069 1673 2100 Tunc
1686 2071 1764 2099 Jesus
1779 2069 1849 2096 dixit

1050 2107 1193 2144 discipulis
1208 2113 1273 2137 suis.
1286 2112 1313 2137 Si
1328 2107 1389 2144 quis
1404 2111 1459 2137 \ult
1475 2114 1535 2144 post
1550 2116 1594 2136 ine
1619 2108 1710 2135 venire
1733 2107 1850 2140 abneget

1051 2147 1229 2180 semetipsum
1245 2151 1273 2173 et
1299 2147 1375 2173 tollat
1388 2154 1498 2173 crucem
1513 2153 1589 2172 suam
1609 2148 1637 2171 et
1652 2146 1780 2177 sequatur
1795 2148 1848 2168 ine.

1051 2181 1102 2214 Qui
1118 2182 1190 2208 enim
1212 2182 1325 2209 voluerit
1343 2182 1460 2208 animant
1473 2188 1549 2207 suam
1566 2180 1668 2207 salvam
1682 2180 1770 2205 facere
1786 2184 1849 2211 per-

1052 2218 1097 2244 det
1107 2224 1178 2244 eam.
1196 2219 1240 2252 qui
1254 2225 1343 2244 anteiit
1358 2217 1503 2251 perdiderit
1518 2216 1726 2253 tlliitnitltl’SUaI-Il
1738 2218 1851 2253 propter

1053 2260 1095 2279 me
1112 2250 1233 2280 inveniet
1246 2261 1317 2280 eam.
1334 2250 1403 2286 Quid
1420 2253 1492 2279 enim
1507 2251 1626 2287 proderit
1643 2250 1755 2277 homini.
1773 2250 1794 2288 si
1811 2254 1852 2288 io-

1053 2293 1108 2315 tum
1121 2289 1249 2315 mundum
1280 2285 1410 2316 liicretur.
1427 2285 1533 2315 animae
1559 2291 1649 2314 autem
1675 2293 1740 2312 suae
1768 2285 1854 2310 detri-

1052 2329 1173 2351 inentum
1192 2324 1319 2358 patiatur.
1340 2326 1391 2351 Aiit
1408 2332 1487 2358 quatit
1502 2324 1576 2350 dabit
1597 2322 1679 2349 honio
1700 2323 1853 2358 eoiniitiita—

1052 2360 1152 2387 tionem
1169 2355 1276 2388 animae
1290 2368 1364 2387 suae.
1381 2355 1511 2387 Futurum
1524 2365 1563 2385 cst
1576 2358 1648 2385 enim
1665 2362 1691 2384 ut
1707 2357 1776 2383 lilius
1799 2355 1851 2381 1η-

1052 2395 1132 2423 niinis
1145 2397 1235 2424 veniat
1251 2397 1278 2424 in
1301 2396 1387 2431 gloria

1027 542 1073 570 ‘20.
1094 543 1170 570 'l‘unc

1029 579 1171 613 imperavit

1029 614 1167 648 discipulis
1180 614 1246 648 suis,

1030 655 1058 676 iit
1073 650 1172 677 nemini
1188 650 1262 678 dice-

1030 690 1091 713 rent
1104 686 1174 720 quod
1187 687 1244 720 ipse

1030 727 1099 749 esset
1122 720 1255 749 Christus.

1029 757 1075 794 ξι.
1097 756 1201 784 Exinde
1214 758 1302 794 coepit

1031 792 1110 820 Jesns
1124 793 1251 821 ostende-

1031 836 1062 855 re
1075 828 1215 862 discipulis

1032 864 1098 897 suis,
1113 865 1175 898 quia

1033 904 1141 933 Opttrlel
1152 907 1212 927 eum

1032 935 1073 962 ire
1087 934 1124 970 (a)
1142 935 1288 963 llierosoli-

1034 979 1075 998 ma
1090 971 1120 1006 ᾧ,
1138 975 1165 998 et
1179 972 1261 999 multa

1035 1008 1088 1041 pati
1106 1015 1119 1033 a
1136 1008 1251 1034 seniori—

1034 1043 1094 1075 bus,
1104 1047 1131 1069 et
1144 1042 1251 1076 scribis,

1035 1082 1062 1105 et
1076 1078 1243 1113 principibus

1034 1113 1216 1147 sacerdotum,

1034 1153 1062 1175 et
1077 1150 1173 1182 occidi,
1190 1153 1218 1177 et

1036 1184 1075 1220 (b)
1091 1190 1150 1220 post
1162 1185 1273 1213 tertium

1036 1220 1107 1248 diem
1124 1221 1145 1256 -ι-
1161 1228 1251 1248 resur-

1035 1263 1109 1290 gere.

1036 1292 1082 1318 Ἡ.
1104 1292 1137 1320 Et
1151 1292 1297 1320 adsuniens

1037 1335 1098 1355 euin
1110 1328 1206 1355 Petrus

1038 1364 1127 1398 coepit
1138 1365 1289 1398 increpare,

1039 1398 1077 1434 (ε)
1092 1404 1119 1426 et
1130 1399 1220 1426 dicere
1231 1398 1252 1434 1-
1270 1408 1276 1426 :

1041 1435 1119 1462 Absit
1132 1443 1144 1460 a
1161 1439 1186 1461 te
1199 1434 1240 1470 (d)

1041 1471 1173 1505 propitius
1190 1476 1247 1497 esto
1262 1470 1293 1506 1-,

1040 1506 1164 1537 Domine,
1180 1514 1233 1533 non

543 2478 742 2507 VARIANTES
761 2478 953 2507 LECTlONES
971 2478 1105 2508 CODICIS
1125 2480 1177 2508 MS.
1199 2480 1228 2508 S.
1249 2478 1502 2509 GERMANENSIS.

235 2526 243 2541 ι
263 2526 325 2551 etin

234 2558 246 2635 ξ
262 2561 290 2635 Et
300 2563 397 2635 ἓξὲξ
408 2587 524 2614 dicerent
532 2589 597 2621 quod
610 2590 662 2622 ipse
674 2594 743 2617 esset
754 2589 874 2615 Christus.
885 2588 982 2616 Exinde

236 2619 246 2635 ⁵
263 2623 290 2644 et
299 2619 392 2645 Scribis

236 2650 246 2667 °
263 2656 391 2676 aaumens

1088 2527 1098 2542 ⁸
1117 2527 1244 2557 increpare
1258 2531 1284 2551 et
1292 2527 1386 2558 dicere,
1399 2530 1459 2558 etc.,
1471 2529 1496 2551 ul
1506 2524 1531 2551 in
1545 2524 1618 2557 Vulg.

1089 2558 1098 2573 ⁷
1117 2558 1149 2582 At
1160 2558 1244 2589 ipse...
1256 2558 1317 2582 dixit
1329 2558 1403 2582 Petro

1087 2589 1098 2605 ⁸
1116 2593 1155 2614 est
1166 2588 1233 2614 inihi.
1246 2590 1314 2614 'l'unc
1325 2589 1399 2614 Iesus
1410 2588 1472 2614 dixit

1087 2621 1098 2637 ο
1115 2626 1143 2644 se
1156 2620 1216 2649 sibi,

1089 2652 1112 2668 ¹⁰
1129 2651 1190 2677 utin
1206 2650 1278 2683 Vulg.
1292 2657 1367 2684 usque
1377 2651 1505 2684 majestate
1518 2650 1597 2677 Patris
1608 2649 1645 2674 sui

864 2715 1047 2744 BLANCHINI
1066 2715 1169 2745 ΝΟΤιΕ

243 2768 256 2783 ι
269 2763 312 2796 ad,
325 2770 374 2799 pro
388 2769 426 2792 at.

245 2832 296 2869 (a)
323 2831 360 2859 Ita
387 2838 413 2859 et
435 2837 525 2861 textus
558 2831 671 2861 Graecus
693 2835 791 2859 neutro
822 2839 921 2867 genere
938 2852 945 2865 ,
982 2841 992 2859 ι

246 2876 312 2894 trco.
329 2867 364 2889 "——
378 2868 413 2894 (cl
427 2868 462 2894 Ita
474 2875 500 2894 ei
510 2869 572 2894 cod.
583 2869 662 2894 Catil.
677 2871 716 2894 mi
727 2869 816 2894 λέηιιν.
833 2884 868 2889 -
882 2868 922 2894 (di
934 2866 990 2894 Tex

1048 2830 1211 2871 ιςροσόλυμα.
1224 2843 1259 2849 --
1277 2827 1315 2864 (b)
1334 2827 1400 2856 Cod.
1420 2827 1500 2856 Cant.
1529 2827 1594 2864 μετὰ
1617 2829 1687 2894 and;
1714 2826 1820 2869 ἡμέρας.
1843 2830 1860 2851 θ

1050 2867 1161 2894 Graecus
1171 2865 1244 2894 mo:
1257 2875 1307 2893 σοι.
1322 2862 1402 2894 ι-(ε)
1417 2864 1454 2892 ita
1468 2869 1496 2893 et
1510 2867 1597 2892 textus
1643 2868 1727 2890 ramus
1741 2872 1754 2889 ο
1773 2859 1810 2894 δᾳ.
1824 2873 1860 2881 -

211 2862 312 2902 Marci).
329 2867 364 2889 ί·-
378 2868 413 2907 (c)
427 2868 462 2896 Ita
474 2875 500 2897 et
510 2869 572 2897 cod.
583 2869 662 2897 Catil.
677 2871 716 2898 καὶ
727 2862 868 2908 λέγεινῘ-
882 2868 922 2908 (α)
934 2862 990 2897 Tex

1050 2862 1244 2899 G'riecus'mo;
1257 2862 1309 2893 σόιέ
1322 2862 1402 2900 —(e)
1417 2864 1454 2892 tia
1468 2869 1496 2893 et
1510 2862 1597 2892 textus

1650 2859 1754 2890 mense
1762 2859 1810 2895 ’δᾲ
1824 2873 1861 2881 -
