4048 6188
431 225 495 282 ῒὶδ
1367 224 1818 285 EVANGELIUM
1859 222 2230 283 SECUNDUM
2272 222 2708 282 MATTHEUM.

770 340 1000 399 CODEX
1043 344 1583 403 VERCELLENSIS.

387 433 587 509 jestate
615 434 787 491 Patris
1229 438 1305 491 illi
1334 437 1545 509 Moyses
1573 448 1626 493 et

394 507 478 559 sui
502 521 624 560 cum
654 520 812 575 ange-
1230 507 1561 564 Helias'cum

397 577 463 650 lis
486 578 603 647 ejus
629 596 639 629 :
665 586 715 632 et
735 578 856 633 red-
1228 596 1293 636 eo
1324 582 1628 650 loquentes.

395 648 490 703 det
518 650 802 720 unicuique
1229 651 1284 707 4.
1326 648 1686 718 Resiioridens

394 721 693 775 secundum
1230 731 1407 777 autem
1440 721 1631 777 Petrus

392 807 555 859 Opera
587 793 726 861 ejus.
1232 795 1368 848 dixit
1398 794 1463 849 ad
1496 794 1677 850 Iesum
1707 812 1719 848 :

391 863 485 917 28.
528 864 701 918 Anien
726 864 849 920 dico
874 866 1050 935 vobis,
1233 865 1483 928 Domine,
1518 867 1720 922 bonum

392 944 519 989 sunt
541 936 706 1005 aliqui
734 937 802 991 de

394 1006 513 1061 isns
539 1009 799 1064 adstanti-

391 1076 516 1152 bus,
549 1080 640 1148 qui
678 1096 785 1133 non
815 1094 941 1152 gus-

392 1150 590 1203 tabunt
615 1150 869 1219 mortem,

391 1219 569 1276 donec
591 1222 813 1278 videant

395 1291 590 1347 Filium
620 1294 793 1349 homi-

392 1362 480 1417 nis
509 1366 821 1421 venientem

392 1434 447 1488 in
482 1437 768 1507 majestate

562 1551 791 1608 CAPUT
842 1550 1006 1609 XVII.

466 1648 517 1703 t.
560 1661 678 1701 sua.
706 1644 779 1718 (b)
809 1646 876 1702 Et
903 1645 1015 1702 fac-

393 1726 507 1771 tum
542 1728 625 1773 est
646 1718 689 1787 -ι-
719 1728 836 1787 post
863 1719 980 1773 dies

390 1805 489 1844 sex
527 1790 833 1860 adsumpsit

389 1860 551 1915 Iesus
574 1860 818 1928 Petrum,

388 1941 447 1986 et
464 1931 747 1997 Iacobum,
778 1944 833 1987 et

386 2005 678 2058 Iohannen

391 2074 616 2129 fratrem
645 2073 782 2145 ejus,

386 2157 445 2201 et
467 2148 618 2200 duxit
636 2146 759 2200 illos

1228 945 1313 993 est
1339 952 1437 991 nos
1468 938 1554 992 hic

1229 1023 1351 1064 esse
1386 1026 1398 1062 :
1430 1009 1477 1063 si
1501 1010 1603 1077 vis,
1630 1007 1705 1064 fa-

1229 1082 1437 1135 ciamus
1460 1082 1545 1135 hic

1229 1152 1333 1205 tria
1366 1161 1413 1205 ta
1424 1152 1619 1219 berna-

1230 1226 1370 1285 cula,
1398 1224 1492 1277 tibi
1528 1238 1713 1291 unum,

1231 1304 1283 1349 et
1312 1295 1482 1367 Moysi
1513 1310 1702 1359 unum,

1231 1375 1286 1418 et
1318 1366 1501 1419 lleliae
1523 1381 1710 1420 unum.

1231 1437 1285 1491 5.
1327 1436 1521 1491 Adhuc
1550 1452 1616 1491 eo
1645 1437 1722 1491 lo-

1229 1519 1453 1577 quente,
1474 1523 1604 1564 ecce

1235 1580 1374 1634 nubs
1398 1579 1570 1634 lucida

1232 1649 1562 1705 inumbravit

1233 1737 1346 1776 eos.
1378 1723 1441 1777 Et
1474 1738 1600 1777 ecce
1624 1738 1724 1777 vox

1232 1793 1299 1848 de
1323 1794 1464 1849 nube
1482 1794 1635 1849 andi-

1232 1873 1282 1918 ta
1310 1873 1412 1931 est,
1447 1866 1633 1920 dicens
1661 1884 1673 1919 :

1234 1935 1328 1991 Hic
1356 1946 1441 1991 est
1459 1936 1586 1990 Fili-

1233 2023 1295 2062 us
1325 2022 1477 2061 meus
1495 2009 1659 2062 dilcc-.

1232 2086 1337 2142 tus,
1372 2080 1421 2133 in
1454 2094 1560 2148 quo
1592 2080 1692 2133 mi-

1235 2150 1286 2203 hi
1318 2151 1452 2203 bene
1473 2166 1621 2204 coin-

390 2219 448 2272 in
471 2228 713 2272 montem
1234 2222 1409 2291 placui
1437 2240 1449 2276 :
1478 2227 1652 2291 ipsum

389 2291 671 2346 excelsum
712 2304 801 2344 se-
1232 2293 1437 2347 audite.

387 2360 446 2415 2.
490 2375 673 2415 orsum
704 2379 717 2415 :
752 2368 807 2423 et
839 2372 1015 2427 trans-
1234 2364 1286 2419 6.
1329 2363 1698 2419 Etaudientes

390 2432 682 2504 figuratum
810 2503 816 2504 γ
1235 2435 1481 2504 discipuli
1513 2451 1601 2491 ce-

386 2502 479 2558 eSt
508 2504 584 2576 (ι)
609 2502 777 2576 Iesus
794 2503 834 2576 ει-
852 2512 978 2560 ante
1232 2502 1481 2561 ciderunt
1512 2508 1561 2561 in

388 2590 511 2646 eos.
550 2575 614 2629 Et
641 2575 888 2646 resplen-
1233 2578 1423 2632 faciem
1459 2594 1634 2646 suam,

1232 2659 1284 2703 et
1310 2650 1605 2703 timuerunt

1234 2721 1286 2775 7.
1329 2720 1504 2774 valde.
1539 2720 1607 2774 Et
1633 2734 1726 2775 ac-

1232 2793 1395 2846 cesisit
1427 2790 1605 2857 Iesus,
1640 2802 1694 2845 et

387 2873 573 2933 autem
598 2861 715 2928 ejus
1236 2863 1405 2933 tetigit
1426 2878 1521 2918 eos
1540 2879 1553 2928 ;
1588 2863 1683 2916 di-

388 2931 534 2987 facta
557 2943 684 2987 sunt
712 2932 791 2987 al-
1233 2931 1416 3003 xitq'ue
1439 2937 1519 2989 eis
1543 2953 1555 2987 :
1582 2934 1715 2990 Sur-

390 3005 443 3058 3.
491 3004 558 3058 ba
582 3006 725 3058 sicut
758 3006 867 3069 nix.
896 3004 963 3061 Et
1270 3006 1360 3067 ite.
1394 3015 1447 3060 et
1474 3006 1637 3060 nolite

390 3089 521 3131 ecce
553 3073 635 3131 (di
662 3078 911 3131 annaruit
939 3076 981 3131 ’ὶ-
1334 3079 1544 3131 timere.
1572 3077 1637 3131 Le

387 3089 521 3131 ecce
553 3073 635 3147 (ά)
662 3078 911 3147 apparuit
939 3076 981 3148 i-
1234 3073 1289 3133 8.
1334 3079 1544 3133 timere.
1572 3077 1782 3133 Levan-

815 3212 1051 3270 CODEX
1089 3212 1562 3270 CORBEIENSIS.

381 3308 585 3377 jestate
616 3306 794 3363 Patris
848 3308 932 3363 sui
985 3322 1107 3363 cum
1159 3309 1368 3378 angelis
1418 3310 1530 3363 suis
1566 3327 1579 3363 :
1614 3318 1670 3365 et
1699 3319 1824 3363 tunc
1864 3309 1989 3364 red-

386 3381 483 3434 det
516 3379 809 3449 unicuique
840 3382 1137 3434 secundum
1166 3381 1182 3413 ¹
1214 3381 1350 3435 facta
1383 3396 1592 3434 eorum.
1643 3381 1815 3436 Anien
1868 3381 1991 3437 dico

389 3453 572 3518 vobis,
605 3454 624 3482 ²
655 3457 777 3521 quia
806 3462 932 3504 sunt
964 3452 1049 3505 hit:
1073 3452 1236 3519 aliqui
1270 3452 1337 3506 de
1368 3452 1729 3517 adstantibus,
1763 3453 1857 3520 qui
1884 3470 1989 3508 nou

390 3524 688 3592 gustabunt
715 3534 967 3587 mortem,
995 3523 1167 3577 donec
1199 3523 1413 3578 videant
1463 3524 1657 3578 Filium
1709 3525 1945 3580 hominis
1970 3525 1991 3557 ⁸

392 3597 704 3648 venientem
734 3596 783 3647 in
819 3611 1040 3659 regnum
1070 3595 1240 3648 Patris
1271 3596 1375 3647 sui.

468 3666 629 3721 XVII.
660 3666 726 3720 Et
756 3667 950 3719 iactum
976 3678 1057 3721 εει
1093 3674 1215 3732 post
1240 3666 1259 3696 ⁸
1288 3666 1428 3719 diem
1477 3677 1697 3719 sextum
1740 3668 1997 3721 assumsit

391 3737 550 3792 Iesus
577 3739 819 3802 Petrum,
858 3746 914 3790 et
953 3736 1214 3792 Iacobum
1244 3779 1257 3797 .
1311 3746 1366 3792 et
1418 3736 1720 3792 Iohannem
1774 3737 1992 3793 fratrem

395 3810 548 3877 ejus,
580 3820 633 3863 et
660 3810 804 3863 ducit
864 3809 983 3862 illos
1045 3810 1096 3861 iu
1147 3812 1313 3863 altum
1362 3819 1601 3865 ΙΙΙυιιίι-ΙΙΙ
1634 3818 1885 3863 secreto:
1942 3818 1997 3864 et

392 3882 813 3949 transﬁguratus
859 3889 943 3934 est
990 3880 1151 3936 Iesus
1194 3895 1380 3934 coram
1426 3881 1552 3934 illis.
1589 3880 1651 3934 Et
1682 3878 1883 3935 effulsit
1912 3880 1994 3935 ia-

388 3954 503 4006 cies
535 3952 653 4023 ejus
692 3952 950 4023 sicutiux
976 3970 999 4023 ί
1025 3959 1077 4004 et
1106 3952 1423 4005 vestimenta
1482 3953 1628 4006 illius
1685 3952 1821 4005 facta
1873 3960 1998 4007 sunt

390 4024 622 4077 madida
646 4024 786 4077 sicut
818 4022 931 4075 nix.
971 4022 1036 4075 Et
1064 4037 1194 4077 ecce
1221 4024 1241 4052 ³
1277 4025 1372 4075 visi
1401 4034 1521 4077 sunt
1550 4038 1670 4076 cum
1692 4039 1757 4076 eo
1784 4024 1996 4093 Moyses

390 4106 447 4149 et
476 4094 686 4154 Helias.
722 4094 1003 4161 loquentes
1029 4109 1149 4147 cum
1187 4109 1273 4149 eo.
1308 4094 1396 4147 Ait
1451 4104 1629 4148 autem
1682 4094 1875 4149 Petrus
1926 4096 1996 4151 ad

388 4164 579 4221 Iesum
617 4184 629 4218 :
663 4166 913 4231 Domine,
940 4166 1141 4219 bonum
1170 4176 1253 4221 est
1276 4182 1374 4219 nos
1401 4165 1487 4219 hic
1515 4182 1637 4219 esse
1671 4183 1683 4219 :
1730 4176 1783 4219 et
1815 4167 1860 4221 si
1890 4167 1993 4234 vis,

389 4238 586 4291 faciant
616 4237 716 4292 tria
751 4238 1122 4307 tabernacula,
1151 4237 1242 4290 tibi
1276 4253 1461 4297 unum,
1499 4237 1518 4266 ⁶
1548 4248 1600 4290 et
1622 4238 1791 4307 Moysi
1807 4254 1992 4303 unum,

389 4321 445 4363 et
482 4308 668 4363 Heliae
695 4324 883 4361 unum.
918 4306 1109 4361 Adhuc
1140 4323 1206 4362 eo
1244 4309 1497 4377 loquente
1529 4349 1542 4370 ,
1594 4306 1723 4362 ecce
1774 4310 1946 4364 nubes
1974 4311 1993 4343 ⁷

389 4380 622 4435 candida
655 4380 997 4435 obumbravit
1024 4393 1137 4432 eos.
1167 4380 1229 4433 Et
1258 4395 1387 4434 ecce
1417 4396 1522 4433 vox
1556 4379 1623 4433 de
1666 4380 1809 4435 nube
1839 4422 1854 4446 ,
1912 4381 1995 4435 di-

388 4467 524 4507 cens
553 4471 563 4503 :
591 4451 689 4506 H:c
710 4462 791 4505 est
823 4450 991 4505 Filius
1022 4466 1173 4505 meus
1214 4450 1235 4482 ⁸
1274 4452 1611 4517 carissimus,
1642 4460 1692 4506 in
1716 4468 1821 4521 quo
1844 4468 1995 4507 com-

390 4523 567 4591 placui
602 4541 613 4575 :
664 4522 847 4577 audite
877 4538 1021 4576 eum.
1053 4522 1171 4589 Quo
1209 4522 1397 4576 audito
1443 4522 1693 4589 discipuli
1742 4524 1995 4579 concide-

387 4607 513 4649 runt
551 4596 602 4648 in
648 4593 838 4648 faciem
884 4609 1059 4658 suam,
1110 4603 1166 4647 et
1191 4594 1485 4649 timuerunt
1532 4594 1903 4661 vehementer,
1937 4606 1992 4650 et

389 4666 625 4721 accessit
650 4664 808 4720 Iesus
831 4706 843 4727 ,
882 4676 933 4719 et
977 4666 1205 4735 tetigit.’
1234 4666 1355 4720 illos
1389 4682 1403 4732 ;
1438 4676 1492 4721 et
1522 4665 1597 4719 ait
1632 4667 1904 4736 :Surgite,
1939 4676 1994 4723 et

389 4736 563 4792 nolite
594 4736 803 4793 timere.
822 4736 863 4770 ¹⁰
889 4736 1120 4792 Ειενωιφ

388 2645 512 2701 duit
540 2646 704 2701 facies

390 2722 529 2801 ejus
542 2719 681 2771 sicut
705 2719 787 2773 sol
822 2736 834 2772 :

388 2799 720 2844 vestimenta

3580 212 3685 273 954

2533 342 2761 409 CODEX
2803 338 3251 401 VERONENSIS.

2929 435 3176 506 apparuit
3204 433 3244 505 ἰ-
3274 432 3383 488 illis

2929 507 3138 561 Movses
3161 515 3216 559 et

2931 578 3113 634 Helias
3135 591 3256 631 cum

2930 667 2995 704 eo
3026 651 3328 719 loquentes.

2930 720 2983 774 4.
3028 718 3384 788 Βέδροηᾱεηθ

2930 803 3112 847 autem
3148 791 3339 845 Petrus

2931 864 3068 918 dixit
3099 862 3165 916 ad
3195 861 3377 917 Iesum
3405 879 3417 915 :

2934 935 3181 1000 Domine,
3204 936 3403 989 bonum

2931 1018 3014 1061 est
3042 1022 3139 1061 nos
3171 1007 3255 1059 hic

2931 1093 3051 1133 esse
3075 1096 3088 1133 :
3121 1078 3163 1131 si
3193 1077 3294 1141 vis,

2932 1150 3121 1205 faciam
3151 1149 3238 1202 hic

2933 1223 3031 1276 tria
3066 1221 3383 1275 tabernacu—

2930 1293 3002 1358 la,
3038 1294 3129 1346 tibi
3161 1306 3347 1355 unum,

2935 1364 3120 1418 lieliae
3145 1378 3334 1428 unum,

2932 1448 2982 1491 et
3014 1436 3182 1505 Moysi

2934 1508 2989 1563 5.
3033 1503 3218 1560 unum.
3252 1503 3442 1560 Adhuc

2932 1594 2997 1633 eo
3029 1579 3308 1648 loquente,

2933 1667 3059 1706 ecce
3096 1651 3230 1703 nubs
3257 1649 3338 1702 lit-

2934 1723 3050 1777 cida
3076 1719 3406 1775 inumbravit

2933 1810 3047 1848 eos.
3082 1794 3144 1847 Et
3172 1806 3299 1847 ecce

2933 1880 3034 1919 vox
3068 1864 3136 1921 de
3160 1863 3321 1929 nube,

2935 1936 3121 1992 dicens
3153 1952 3164 1987 :
3194 1934 3291 1989 Hic

2937 2018 3018 2061 est
3052 2007 3221 2062 Filius
3252 2019 3405 2059 meus

2936 2080 3185 2140 dilectus,
3210 2076 3263 2130 in

2934 2167 3040 2222 quo
3069 2149 3202 2222 mihi
3230 2149 3324 2222 bc-_

2935 2218 3003 2277 ne
3030 2218 3334 2289 complacui
3368 2236 3381 2270 :

2933 2295 3107 2361 ipsum
3136 2291 3339 2346 audite.

2934 2366 2987 2419 6.
3032 2365 3098 2418 Et
3121 2364 3404 2417 audientes

2099 438 2277 493 Patris
2303 437 2384 491 sui
2411 452 2532 491 curn

2099 510 2307 579 angelis
2327 510 2439 563 suis
2462 507 2538 581 (α)

2100 582 2302 635 sanctis
2331 580 2371 651 -ι-
2402 599 2413 634 :
2440 592 2495 636 et

2102 662 2224 707 tunc
2258 655 2381 707 red-

2101 724 2191 779 det
2220 722 2508 794 unicuique

2098 796 2396 850 secuudum
2428 810 2594 864 opera

2098 867 2238 934 eius.

2096 938 2185 993 28.
2231 940 2403 992 Amen
2431 937 2554 991 dico

2096 1010 2247 1065 vobis
2268 1052 2279 1071 .
2316 1009 2571 1077 quoniam

2097 1092 2222 1136 sunt
2245 1082 2407 1151 aliqui

2097 1154 2166 1208 de
2197 1153 2314 1208 istis
2346 1152 2563 1209 adstan-

2098 1223 2262 1285 tibus.
2284 1225 2373 1295 qui
2396 1240 2500 1283 non

2096 1297 2389 1366 gustabunt
2420 1304 2674 1364 mortem,

2098 1368 2275 1422 donec
2295 1366 2512 1422 videant

2099 1439 2295 1494 Filium
2333 1438 2570 1495 hominis

2098 1510 2406 1565 venientem
2450 1511 2503 1564 in

2100 1597 2415 1654 regno_sun.

2261 1652 2488 1708 CAPUT
2529 1652 2689 1709 XVII.

2175 1725 2224 1778 1.
2268 1725 2347 1797 ib)
2375 1726 2440 1780 Et
2478 1724 2680 1781 factum
2710 1731 2793 1791 est
2821 1722 2860 1794 ’ξ’

2102 1806 2225 1867 post
2249 1796 2366 1850 dies
2389 1813 2482 1851 sex

2101 1868 2400 1938 adsumpsit
2425 1867 2584 1925 Iesus

2104 1939 2346 2003 Petrum,
2379 1950 2433 1996 et
2454 1939 2613 1995 Iaco-

2102 2011 2251 2075 bum,
2282 2022 2332 2065 et
2362 2010 2566 2066 Iohan-

2105 2099 2225 2136 nem
2258 2081 2480 2138 fratrem

2101 2154 2243 2221 ejus,
2266 2164 2318 2209 et
2341 2154 2490 2209 ducit

2103 2225 2228 2279 illos
2257 2228 2309 2279 in
2334 2237 2572 2281 montem

2100 2297 2377 2351 excelsum
2411 2312 2559 2352 seor-

2100 2367 2155 2421 2.
2198 2384 2315 2422 sum
2348 2386 2360 2421 :
2391 2377 2446 2423 et
2476 2367 2693 2423 transfi.

2932 2436 3293 2502 discipulice—

2932 2506 3181 2561 ciderunt
3206 2504 3259 2558 in

2933 2578 3123 2632 faciem
3157 2589 3332 2638 suam,

2934 2659 2989 2703 et
3017 2649 3313 2703 timuerunt

2936 2720 2991 2773 7.
3035 2718 3209 2773 valde.
3247 2718 3313 2771 Et
3337 2730 3428 2769 ac-

2099 2451 2326 2505 guratus
2348 2450 2431 2494 est
2463 2439 2533 2510 (c)

2098 2510 2257 2564 Iesus
2278 2511 2320 2580 -ι-
2348 2520 2477 2565 ante

2098 2596 2216 2635 eos.
2245 2582 2307 2634 Et
2331 2597 2445 2635 res-

2101 2652 2350 2723 plenduit
2383 2650 2547 2706 iacies

2099 2724 2218 2791 ejus
2244 2724 2381 2777 sicut
2408 2724 2490 2779 sol
2524 2743 2535 2777 :

2104 2790 2428 2849 vestimenta
2936 2792 3098 2846 cessit
3125 2790 3283 2845 Iesus
3304 2830 3319 2854 ,

2104 2880 2285 2920 autem
2317 2866 2434 2935 ejus
2682 2910 2687 2913 .
2938 2872 2991 2918 et
3014 2863 3187 2935 tetigit
3217 2875 3352 2935 eos;

2106 2938 2244 2992 facta
2277 2932 2401 2992 sunt
2937 2933 3180 3003 dixitque
3209 2932 3291 2991 eis
3323 2947 3335 2983 :

2939 3006 3154 3075 Surgite
3178 3044 3193 3070 ,
3217 3012 3271 3058 et
3301 3015 3395 3056 uo-

2938 3078 3033 3133 lite
3060 3078 3271 3131 timere.

2106 3009 2332 3063 candida
2360 3010 2502 3063 sicut

2107 3081 2162 3136 '5.
2207 3080 2316 3136 nix.
2346 3081 2411 3136 Et
2439 3096 2567 3137 ecce
2597 3078 2675 3152 (ιι)

2562 3215 2792 3273 CODEX
2835 3212 3230 3270 BRIXIANUS.

2098 3316 2274 3371 Patris
2308 3315 2388 3369 sui
2430 3330 2552 3371 cum
2599 3314 2803 3383 angelis
2854 3312 2963 3365 suis
3002 3319 3057 3365 et
3090 3320 3216 3363 tunc
3255 3306 3445 3362 reddet
3486 3303 3695 3359 unicui-

2096 3404 2202 3457 que
2233 3390 2527 3442 secundum
2556 3402 2717 3452 Opi-ra
2747 3385 2883 3451 ejus.
3082 3453 3092 3457 _
3119 3453 3128 3457 _
3268 3436 3271 3437 ν

2170 3462 2339 3514 Amen
2363 3459 2485 3513 dico
2517 3447 2669 3511 vobis
2693 3447 2815 3525 quia
2852 3464 2978 3508 sunt
3005 3453 3220 3525 quidam
3254 3451 3321 3503 de
3354 3450 3441 3525 hic
3473 3447 3695 3525 adstan-

2100 3531 2241 3584 tibus
2268 3532 2355 3598 qui
2388 3545 2490 3584 non
2514 3519 2807 3599 gustabunt
2838 3519 3085 3599 mortem.
3140 3524 3315 3575 donec
3340 3522 3560 3599 videant
3597 3519 3696 3599 Fi-

2100 3602 2227 3655 lium
2264 3591 2494 3655 hominis
2516 3591 2823 3652 venientem
2858 3596 2907 3648 in
2940 3612 3107 3664 regno
3139 3604 3162 3629 ο
3184 3608 3304 3662 syo.
3341 3593 3404 3645 Et
3430 3601 3551 3664 post
3577 3591 3694 3644 dies

2098 3689 2191 3727 sex
2224 3673 2491 3725 adsumsit
2526 3670 2682 3726 Iesus
2713 3670 2949 3723 Petrum.
3006 3660 3065 3719 ct
3111 3660 3371 3718 Iacobum
3404 3670 3460 3715 et
3488 3660 3685 3715 Iohan-

2101 3761 2221 3798 nem
2256 3744 2475 3797 fratrem
2503 3744 2639 3811 ejus.
2665 3752 2715 3793 et
2750 3741 2903 3793 duxit
2934 3737 3053 3811 illus
3073 3739 3123 3790 in
3148 3746 3389 3788 montem
3414 3733 3694 3811 excelsum

2099 3830 2342 3869 seorsum
2370 3825 2425 3869 et
2455 3807 2852 3881 transfiguravit
2883 3826 2939 3864 se
2973 3810 3023 3863 in
3056 3818 3352 3881 consiiectu
3389 3820 3598 3857 eorum.
3633 3807 3696 3857 ltit

2102 3886 2435 3955 resplenduit
2486 3878 2659 3939 facies
2676 3886 2793 3951 ejus
2824 3883 2962 3935 sicut
3003 3881 3106 3955 sol.
3161 3878 3480 3933 vestimenta
3514 3886 3693 3929 autem

2100 3954 2240 4028 ejus.
2274 3960 2559 4012 l'aetasunt
2585 3958 2705 4009 alba
2735 3956 2872 4008 sicut
2906 3955 3014 4028 nix.
3063 3954 3126 4005 lit
3153 3964 3279 4004 ecce
3325 3955 3697 4028 apparuerunt.

2100 4020 2177 4083 eis
2205 4030 2414 4100 Moyses
2442 4038 2497 4083 et
2524 4029 2722 4082 Helias.
2741 4042 2871 4100 runt
2904 4040 2970 4078 eo
3001 4025 3301 4100 Loquentes.
3338 4020 3695 4088 licspuntletis

2100 4092 2502 4155 autent-Petrus
2526 4101 2662 4154 dixit
2690 4098 2753 4151 ad
2784 4097 2967 4152 Iesum
3001 4094 3245 4148 Domine.
3274 4092 3468 4144 bonum
3492 4100 3570 4145 t-st
3599 4103 3696 4142 nos

2101 4173 2186 4227 hic
2214 4188 2354 4227 esse.
2411 4174 2454 4227 si
2499 4174 2580 4225 vis
2623 4170 2879 4223 faciamus
2934 4167 3019 4219 hic
3068 4166 3166 4218 tria
3211 4160 3555 4217 tabernacula
3599 4160 3692 4215 tibi

2102 4260 2264 4298 unum
2298 4256 2353 4298 et
2382 4244 2548 4314 Moysi
2579 4258 2739 4296 unum
2774 4250 2825 4314 et
2858 4239 3042 4314 Heliae
3072 4252 3256 4314 unum.
3290 4234 3577 4314 Adhuc‘eo
3619 4235 3696 4284 lo-

2099 4324 2297 4386 quente
2323 4303 2653 4370 ecce'nubes
2686 4313 2858 4386 lucida
2902 4308 3245 4386 ob_ur_r_ibravit
3294 4320 3431 4386 etis._
3464 4303 3523 4357 Et
3566 4318 3695 4383 ecce

2099 4375 2201 4441 vox
2235 4389 2302 4445 de
2337 4388 2475 4445 nube
2498 4387 2686 4439 dicens
2716 4385 2809 4435 llic
2843 4380 3121 4455 est_Filius
3158 4391 3313 4455 mens
3361 4375 3594 4455 dilectus
3641 4375 3692 4429 in

2101 4475 2209 4527 quo
2241 4460 2368 4513 mihi
2404 4460 2540 4512 bene
2569 4453 3111 4527 cooptat-uitaipsum
3136 4449 3339 4501 audite.
3377 4445 3443 4499 Et
3469 4446 3696 4525 audien-

2102 4523 2185 4585 tes
2213 4530 2459 4597 discipuli
2491 4528 2895 4597 cabceideruut
2918 4525 2967 4576 in
2995 4523 3184 4575 faciem
3217 4535 3367 4597 suam
3409 4529 3460 4570 et
3503 4523 3698 4597 timue-

2102 4610 2227 4656 runt
2268 4590 2444 4656 valde.
2490 4602 2553 4654 Et
2598 4598 2829 4653 accessit
2855 4594 3015 4651 Iesus
3046 4603 3101 4647 et
3141 4592 3314 4662 tetigit
3362 4603 3457 4644 eos
3509 4590 3697 4641 dicens

2102 4673 2323 4745 Surgite
2350 4682 2405 4728 et
2433 4674 2599 4729 nolite
2624 4670 2836 4724 timere.
2872 4666 3079 4721 Levan-

1078 4871 1477 4930 VARIANTES
1514 4870 1899 4932 LECTIONES
1934 4873 2207 4933 CODICIS
2250 4876 2359 4932 MS.
2399 4876 2459 4932 S.
2503 4870 3013 4932 GERMANENSIS.

455 4974 471 5004 ι
510 4982 662 5033 Opera
685 4970 793 5031 ejus

455 5036 476 5066 ²
512 5029 739 5099 quoniam
762 5038 877 5082 sunt
903 5030 1050 5093 aliqui
1074 5029 1136 5080 de
1158 5030 1237 5080 hic
1254 5030 1499 5089 stantibus

456 5098 478 5128 ³
514 5095 723 5144 hominis
746 5097 793 5144 in
819 5106 974 5144 renno
997 5107 1085 5142 suo
1352 5142 1355 5144 _

456 5108 478 5128 ⁸
514 5108 723 5167 υοιηιῐιιε
746 5109 793 5144 In
819 5108 974 5168 regno
997 5108 1085 5142 Sth
1352 5142 1355 5145 .

454 5159 478 5188 δ
544 5158 651 5206 dies
674 5170 789 5221 sex.
810 5162 860 5206 ut
884 5171 935 5221 in
964 5155 1108 5221 Vulg.
1133 5167 1301 5221 usque,
1325 5154 1387 5221 Et
1412 5166 1533 5221 ecce

456 5222 479 5253 ⁸
515 5222 739 5283 apparuit
761 5218 856 5269 illis
879 5216 1089 5282 Moyses,
1116 5216 1234 5282 eth,
1265 5216 1316 5269 ut
1338 5217 1390 5269 in
1420 5216 1563 5285 Vulg.

453 5282 477 5314 ⁸
514 5289 567 5332 et
589 5282 754 5333 Mosae
776 5295 925 5332 unum

2163 4972 2183 5002 τ
2222 4971 2379 5020 lucida
2400 4972 2694 5020 inumbravit
2713 4981 2801 5019 eos
2891 5027 2927 5030 _
3047 5026 3076 5030 η
3156 5029 3159 5030 ν
3306 5026 3314 5030 _
3449 5018 3494 5030 _,

2161 5034 2182 5065 ο
2215 5017 2668 5097 ἁῖιέὁῇιξξῇἷρέὼῆ
2680 5017 2866 5082 audite.
2889 5027 2951 5079 Et
2968 5026 3248 5089 audientes,
3270 5026 3387 5085 etc.,
3405 5026 3459 5072 ut
3474 5018 3525 5071 in
3550 5017 3694 5085 Vulg.

2097 5098 2435 5190 “i“f,.‘f‘ii€i‘.

2217 5171 2323 5221 eos,
2347 5162 2516 5213 dicens

2160 5221 2205 5252 ⁸ο
2238 5219 2486 5271 ιε’γεωιεε

1722 5382 2091 5451 BLANCHINI
2130 5385 2361 5447 ΝΟΤΑΕ.

390 5490 496 5625 qu;
502 5497 635 5608 r510,
663 5480 871 5553 ypsilon
914 5494 1015 5553 pro
1046 5496 1098 5537 u.
1130 5478 1276 5553 quod
1300 5487 1356 5537 et
1376 5479 1504 5543 alibi
1536 5482 1817 5555 usurpavit
1841 5483 1985 5539 anti-

534 5570 635 5608 ius.

534 5570 635 5608 HIS.

2158 5480 2187 5521 δ
2214 5501 2245 5543 α
2268 5483 2318 5539 in
2345 5484 2695 5555 caeciderunt,
2729 5484 2925 5545 abrasa
2946 5491 3055 5549 est.

507 5687 604 5766 (a)_
636 5686 804 5766 Addit
829 5688 1097 5766 ,διηπειὶερΔ
1124 5688 1289 5747 etiam
1340 5688 1470 5766 cod.
1497 5686 1671 5766 _Cant.
1729 5690 1992 5766 Aretois.—

2111 5692 2185 5748 Ita
2220 5704 2294 5766 et
2326 5692 2450 5749 cod.
2484 5691 2639 5766 Cant.
2686 5693 2772 5748 καὶ
2822 5687 3039 5763 ἐγένετο.
3070 5711 3141 5725 -
3161 5679 3235 5753 (c)
3269 5675 3496 5738 Additur
3520 5672 3693 5739 Iesus,

393 5757 646 5821 etiamin
670 5759 792 5817 cod.
821 5760 1003 5828 Cant..
1036 5760 1465 5837 ὀίησσῦς.-(α)
1494 5763 1571 5829 Ita
1599 5771 1653 5820 et
1675 5757 1797 5823 cod.
1827 5761 1981 5825 Cant.

2107 5777 2221 5833 tmc
2248 5765 2451 5841 Marco.
2492 5757 2501 5775 ‘
2572 5772 2575 5773 '
