2024 3094
194 114 208 123 ις

158 124 209 142 Ζῡι)

354 173 469 202 CODEX
486 173 756 202 VERCELLENSIS.

155 225 198 250 tes
211 225 302 250 autem
314 228 378 249 ocu-
574 226 672 248 xerunt
684 221 764 248 disci-

156 258 199 286 los
210 265 291 290 suos,
307 265 356 285 ne-

156 294 256 322 minem
272 293 350 321 vide-

156 334 230 360 runt.
243 329 293 357 nisi
308 329 395 356 solum

150 365 183 394 .9.
204 365 306 393 Jesum.
323 365 357 393 Et
371 364 432 392 des-

156 400 336 429 candentibus

157 437 210 465 illis
224 437 257 464 de
272 443 351 463 mon-

158 478 196 504 te,
204 471 343 507 .praecipit

157 509 197 536 eis
211 508 290 536 Jesus
300 508 393 535 dicens
406 516 413 535 :

158 544 254 571 Videte
268 543 354 570 nemi-

158 580 186 608 ni
199 579 322 607 dixeritis

158 615 257 648 visunt,
273 614 361 642 donec

158 651 244 680 Filius
262 650 379 678 hominis

159 694 174 715 a
190 686 303 713 mortuis
314 694 358 714 re-

157 726 259 756 surgat.

158 758 203 786 10.
226 758 257 785 Ει
273 757 424 794 interroga-

576 257 629 290 pttli
649 257 718 292 quod
731 257 764 284 de

575 293 697 320 Johauuc
712 293 781 326 Bap-

576 329 635 355 lislzt
650 328 718 355 dixit.
734 329 766 354 il-

576 364 627 392 lis:
643 363 679 399 (c)
693 364 738 390 Sic
752 367 779 391 et
793 363 858 391 Fili—

576 408 608 427 tis
625 399 741 427 hominis

577 443 688 463 necesse
703 437 734 461 ha
742 450 750 454 -

577 472 620 498 bcl
636 471 689 505 pati
706 471 739 497 ab
752 470 835 506 cis-ix

581 507 621 534 lt.
645 507 749 533 Etcum
768 507 858 534 venis-

577 547 618 570 set
629 543 661 569 ad
677 543 782 569 turbam

578 578 692 605 accessit
704 578 735 603 ad
752 586 813 605 eum

577 614 658 641 homo
674 613 788 648 genibus

576 650 754 685 probolutaus

578 684 640 712 ante
653 693 725 718 cum,
742 684 781 711 di-

578 728 643 748 cens
656 729 662 747 :
680 721 804 753 Domine,

579 758 711 784 miserere

158 798 255 821 verunt
269 801 331 821 eum
379 792 389 794 ἡ
579 792 634 819 lilio
651 799 721 825 meo,
733 792 796 827 quia

158 828 295 863 discipuli,
309 828 350 856 di-
578 828 713 855 Iunaticus

158 870 252 892 centes
269 874 275 891 ί
292 866 367 899 Quo-
578 868 621 891 est
635 868 663 891 et
678 863 749 890 male
762 870 809 898 pa-

158 901 239 928 modo
253 908 318 935 ergo
333 900 405 929 Scri-
579 899 644 927 titur
657 908 663 926 :
679 907 740 926 nam
755 906 815 927 sae-

159 936 211 964 bae
225 935 318 963 dicunt
579 942 612 970 pe
625 935 698 962 cadit
711 936 737 962 in
751 935 789 970 ig-

159 971 230 1007 quod
247 971 340 1000 Helian

159 1012 264 1042 oportet
280 1008 334 1047 pri-

579 978 641 998 ncm
653 991 660 1003 ,
677 975 703 998 et
718 970 758 1005 (d)
774 970 823 997 ali-

579 1006 689 1041 quando
703 1006 724 1042 1-
739 1007 765 1033 iit
779 1013 808 1033 a-

159 1050 232 1070 mttm
250 1042 319 1071 veni-
582 1042 627 1069 15.
649 1049 738 1077 quam.
757 1042 789 1069 Et
802 1049 853 1078 op-

160 1079 205 1106 H.
226 1079 274 1106 re?
293 1079 333 1107 Ad
348 1079 406 1114 ipse
581 1078 629 1105 tuli
643 1086 704 1105 eum
720 1078 777 1114 dis-

160 1113 339 1148 respondens,
362 1113 365 1114 ⁷
580 1114 678 1148 cipulis
695 1113 761 1146 tuis,
778 1117 806 1141 et

160 1151 199 1177 ait
213 1158 219 1176 :
234 1149 324 1177 Helias
339 1151 399 1185 qui—
580 1157 635 1177 non
652 1154 746 1184 potue-

160 1185 222 1213 dein
240 1191 369 1213 venturus
580 1190 644 1213 runt
655 1192 734 1213 cura-

160 1227 202 1249 est
212 1228 351 1257 conpone—
580 1228 611 1248 re
624 1229 697 1248 eum.

161 1257 206 1284 12.
227 1264 257 1284 re
270 1259 372 1285 omnia.
388 1257 453 1286 Dico

159 1298 250 1319 autem
267 1293 356 1326 vobis,

160 1327 233 1363 quod
248 1328 338 1355 Helias

162 1363 270 1398 quidem
283 1363 338 1398 jam

162 1399 246 1431 venit,
260 1404 352 1426 etnon

162 1439 348 1469 cognoverunt

161 1477 235 1502 eum,
251 1470 299 1497 sed
312 1471 385 1498 fece-

162 1511 225 1534 runt
241 1506 277 1540 (b)
291 1506 316 1533 ei
328 1505 349 1541 ᾧ
358 1513 443 1541 quan-

163 1546 188 1568 ta
200 1541 353 1568 voluerunt.
580 1541 686 1568 Adhuc.
702 1562 708 1568 .
723 1561 729 1568 .
745 1549 761 1568 e
775 1541 826 1570 hoc

164 1577 208 1604 13.
228 1577 305 1605 Tunc
318 1577 424 1605 intelle-
581 1577 659 1604 illum
671 1577 704 1604 ad
722 1585 775 1605 me.

380 1634 494 1664 CODEX
515 1634 751 1669 CORBEIENSIS.

163 1688 205 1711 les
231 1689 321 1711 autent
340 1683 432 1710 octtlos
459 1690 542 1716 suos,
577 1683 715 1710 nentinem
740 1683 879 1714 viderunt,
909 1683 960 1711 nisi

163 1720 251 1747 Solum
271 1719 376 1747 Jesum.
394 1720 401 1734 ¹
418 1719 451 1746 Et
474 1727 536 1746 cuut
563 1719 765 1747 descenderent
787 1718 821 1746 de
847 1724 940 1747 monte
954 1739 962 1750 ,

164 1755 303 1790 praecepit
316 1755 369 1782 illis
381 1754 462 1782 Jesus
477 1754 572 1782 dicens
586 1756 613 1781 :‘
632 1755 726 1782 Videte
742 1763 776 1782 ne
791 1755 835 1782 cui
857 1754 960 1782 dixeri-

163 1791 209 1824 tis,
226 1791 312 1818 donec
326 1791 412 1818 Filius
425 1790 544 1818 ltomiuis
557 1798 572 1818 a
587 1791 701 1818 mortuis
717 1796 849 1826 resurgat.
864 1791 874 1805 ³
888 1790 962 1818 Tunc

164 1827 402 1861 interrogaverunt
426 1827 500 1853 illum
515 1826 525 1841 "
538 1826 662 1861 discipuli
680 1848 687 1860 ,
708 1826 850 1854 dicentes:
873 1826 962 1860 Quare

165 1870 232 1895 ergo
248 1862 361 1889 Scriltae
377 1862 470 1889 dicunt
484 1863 494 1878 "
509 1862 571 1897 qttia
594 1868 702 1897 oportet
718 1863 835 1897 primum
859 1862 962 1889 Heliam

166 1897 281 1924 venire?
292 1898 394 1930 Quibus
411 1899 581 1931 respondens
591 1918 598 1929 ,
613 1899 649 1924 ait
666 1907 672 1924 :
691 1898 780 1925 Helias
794 1898 903 1933 quident
918 1906 964 1924 vc-

167 1933 235 1963 nict,
247 1933 373 1959 utomuia
389 1934 523 1959 restituat.
536 1933 588 1960 Sed
603 1941 654 1967 ego
664 1934 725 1960 dico
734 1934 823 1965 vobis,
836 1934 963 1968 quoniant

167 1968 259 1995 llelias
269 1968 325 2002 jam
336 1969 421 1999 venit,
438 1973 463 1995 ct
478 1976 531 1995 ll0tt
546 1974 732 2003 cognoverunt
753 1977 827 2002 enin,
852 1969 899 1996 sed
925 1968 964 1995 fe-

165 2007 261 2030 cerunt
288 2003 325 2039 (b)
350 2004 374 2030 ei
404 2003 425 2039 τ
440 2009 538 2039 quanta
562 2004 717 2031 voluerunt.
736 2009 749 2023 τι
764 2004 840 2032 Tunc
862 2004 964 2031 6intel-

167 2039 293 2066 li-xerttut
308 2039 431 2072 discipuli
446 2040 506 2073 ejus
516 2040 578 2073 quia
604 2040 637 2066 dc
664 2039 789 2067 Jultaune
802 2040 868 2067 dixit
885 2040 957 2067 illis:

163 2075 210 2102 Sic
223 2080 251 2101 et
263 2074 349 2102 Filius
364 2075 482 2102 hominis
493 2075 502 2090 ⁷
520 2082 648 2109 passurus
660 2080 702 2102 est
716 2076 751 2103 ab
766 2076 817 2103 eis.
841 2075 876 2103 Et
896 2083 960 2103 ecce

163 2109 199 2137 de
211 2110 288 2136 turba
302 2110 418 2138 accessit
429 2111 461 2137 ad
473 2118 534 2138 eum
549 2111 559 2126 ⁸
583 2110 787 2146 ltoinogeuibus
800 2111 961 2146 provolutus

165 2145 341 2180 depraeeaus.
358 2151 384 2173 et
399 2145 511 2173 dicens:
529 2146 654 2178 Domine.
672 2145 806 2175 miserere
817 2148 872 2174 lilio
889 2155 960 2180 meo,

164 2182 228 2216 quia
243 2181 378 2209 lunalicus
395 2188 446 2215 est,
462 2187 489 2209 et
515 2182 606 2210 male9
633 2187 746 2210 vexatur
770 2191 777 2209 :
807 2183 962 2217 frequenter

164 2217 236 2244 enim
248 2217 321 2254 cadit
348 2225 373 2254 a7
390 2218 533 2245 daemonio
554 2219 580 2245 in
602 2218 691 2253 ignem
703 2238 711 2251 ,
733 2222 762 2245 et
775 2218 920 2254 aliquando
936 2219 962 2245 iu

164 2260 273 2287 aquam.
292 2253 323 2280 Et
349 2253 434 2280 obtuli
453 2261 514 2280 cuin
529 2253 671 2288 discipulis
683 2254 746 2286 tuis,
760 2259 787 2281 et
801 2262 854 2281 non
869 2259 963 2288 potue-

164 2293 229 2315 runt
241 2289 261 2304 ¹⁰
275 2288 347 2315 illum
372 2296 479 2316 sanare.
504 2289 681 2324 Respondeus
700 2290 725 2317 ei
738 2289 817 2318 Jesus
836 2290 924 2317 dixit:
942 2290 964 2317 0

165 2325 239 2351 natio
252 2324 390 2352 incredula
402 2328 430 2352 et
448 2332 575 2359 perversa
591 2346 599 2357 ,
633 2333 773 2360 quousque
788 2327 808 2341 “
825 2326 964 2354 vobiscum

165 2361 246 2387 sum?
261 2360 381 2396 quaitdiu
403 2367 451 2388 vos
465 2361 571 2395 patior?
587 2360 689 2388 Afferte
708 2361 782 2389 illum
812 2362 874 2389 huc.

581 1257 626 1284 16.
643 1257 675 1284 Et
686 1256 855 1292 respondens

579 1292 676 1326 Jesus,
691 1293 729 1320 ait
744 1300 751 1319 :
768 1292 790 1320 0
803 1299 850 1328 ge—

580 1329 685 1355 neratio
699 1329 740 1355 in-

580 1363 717 1390 credibilis
726 1384 733 1396 ,

581 1403 608 1426 ct
622 1406 749 1433 perversa
761 1419 769 1432 ,

580 1441 722 1469 quousque
736 1434 789 1469 puti
796 1449 804 1455 -

580 1477 611 1496 ar
624 1470 692 1496 \‘ns?
706 1476 847 1505 quietisque

580 1513 628 1533 cro
641 1506 801 1533 vobiscum?

422 114 555 144 EUSEBII
577 114 744 144 VERCELL.
768 113 995 143 EVANGEIJUM
1017 114 1087 143 CUM
1111 114 1222 144 VARIIS
1241 114 1319 144 COD.
1340 115 1535 145 COLLATUM.

1220 172 1337 201 CODEX
1357 173 1586 203 VERONENSIS.

1008 220 1036 248 8.
1057 220 1190 248 Levautes
1204 220 1306 255 autem}
1425 219 1549 252 (Ιίςοίμυίὶ
1563 221 1634 255 quod

1007 257 1102 284 oculos
1116 263 1180 285 suos
1190 278 1197 289 ,
1425 256 1458 282 de
1473 255 1597 284 Johaune

1008 292 1145 320 neminem
1162 292 1235 320 vide-
1428 291 1546 325 Baptista
1561 293 1601 319 di-

1008 333 1089 364 ruttt,
1107 327 1157 355 nisi
1172 335 1216 355 so—
1427 327 1495 364 xerit
1512 328 1584 364 illis:
1602 328 1638 364 (c)

1009 364 1063 391 lum
1077 363 1180 391 Jesuin.
1427 363 1471 389 Sic
1486 369 1509 389 cl
1528 363 1609 390 Filius

1009 399 1036 427 9.
1059 400 1091 427 Et
1106 399 1336 427 descendentibus

1010 435 1065 463 illis
1080 435 1112 462 de
1128 439 1235 468 monte,

1010 471 1146 506 praecepit
1161 471 1201 499 eis

1009 506 1090 534 Jrsus
1104 507 1198 534 dicens
1212 514 1218 533 :

1010 542 1116 570 Nemini
1131 542 1208 570 dixe-

1010 579 1071 606 ritis
1086 578 1171 605 visum
1183 598 1191 612 ,

1010 614 1097 642 donec
1110 613 1195 641 Filitts

1013 650 1129 677 hominis

1011 692 1026 712 a
1043 685 1156 712 mortuis
1172 693 1214 713 re-

1011 725 1115 756 surgat.

1013 757 1058 784 10.
1080 756 1115 784 Ει
1128 757 1277 793 interroga-

1013 797 1111 820 verunt
1123 800 1185 820 eum

1013 828 1138 862 discipuli
1147 848 1154 861 ,
1169 828 1211 855 di-

1013 868 1106 891 centes
1118 873 1125 890 :
1141 863 1211 897 Quid

1013 907 1079 935 ergo
1093 899 1205 929 Scribae

1013 936 1107 962 dicunt
1120 936 1190 970 quod

1012 971 1117 998 Heliam
1132 976 1241 1005 oportet

1013 1006 1132 1041 primum
1147 1008 1258 1034 venire?

1014 1043 1057 1069 11.
1075 1042 1115 1069 Ad
1131 1043 1189 1076 ipse
1204 1051 1247 1070 rc-

1012 1079 1166 1112 spoudens,
1182 1079 1220 1106 ait
1234 1088 1240 1105 :

1013 1114 1104 1141 Helias
1119 1115 1227 1149 quidem

1013 1155 1144 1186 venturus
1159 1155 1199 1177 est
1214 1150 1253 1186 (η)

1013 1185 1158 1221 restituere
1169 1185 1189 1221 1r

1014 1220 1058 1249 12.
1080 1220 1182 1249 omnia.
1198 1222 1262 1251 Dico

1429 398 1546 426 hontinis
1562 407 1609 426 uc-

1428 441 1504 461 cesse
1520 435 1600 462 habet

1428 470 1483 503 pati
1497 471 1530 496 :tlt
1544 471 1582 497 vis

1429 505 1472 531 ili.
1495 506 1529 532 Et
1544 514 1604 533 cum
1620 515 1668 534 ve-

1427 541 1513 568 nisset
1528 542 1560 568 ad
1577 547 1634 569 tur-

1428 576 1490 603 bam
1507 578 1623 606 accessit

1428 611 1462 638 ad
1474 619 1535 640 eum
1548 614 1629 640 homo

1429 648 1542 682 genibus
1559 657 1657 684 provo-

1432 683 1506 712 lutus
1521 683 1584 712 ante
1598 693 1659 712 eum
1673 706 1680 718 ,

1430 726 1527 754 rogans
1542 728 1616 754 eum,
1630 726 1658 749 et

1429 760 1524 788 dicens
1539 766 1545 784 :
1562 757 1674 784 Domine
1684 777 1691 789 ,

1429 796 1560 823 miserere
1575 792 1633 819 liIio
1647 799 1719 825 meo,

1429 831 1491 866 quia
1505 827 1639 856 luuaIicus

1428 865 1481 899 est,
1497 871 1524 891 et
1539 865 1609 891 male

1430 906 1573 938 torquetur
1579 908 1589 938 A:
1606 905 1667 938 nam

1429 936 1512 973 saepe
1525 936 1601 973 cadit
1611 937 1639 973 in

1430 971 1519 1013 isrém
1529 992 1537 1005 ν
1549 976 1579 1013 δτι
1592 971 1632 1013 (ά)

1430 1007 1575 1044 aiiquaudo
1588 1007 1609 1043 ἰ-
1623 1007 1649 1035 in

1431 1044 1475 1073 15.
1498 1051 1607 1079 aquatn.

1430 1082 1464 1109 Et
1478 1079 1563 1115 optuli

1432 1114 1647 1150 eum’discipulis

1433 1152 1497 1185 tuis,
1510 1155 1539 1179 et
1552 1159 1605 1179 non

1432 1192 1577 1224 potuerunt
1591 1192 1689 1215 curare

1014 1231 1058 1249 ‘IZ.
1080 1231 1182 1249 Oﬂllﬂa.
1198 1231 1262 1251 UICO
1430 1231 1504 1251 eum.

1013 1262 1107 1294 autem
1115 1258 1210 1294 vobis,
1431 1259 1475 1287 16.
1497 1257 1674 1294 Respondeas

1014 1292 1085 1327 quod
1102 1292 1192 1321 Helias
1429 1296 1518 1327 Jesus,

1011 1328 1067 1363 jam
1082 1328 1156 1356 venit
1166 1349 1175 1362 ,

1014 1368 1041 1391 et
1054 1372 1106 1391 IN)“
1122 1372 1170 1391 CO-

1014 1404 1166 1434 gnoverunt

1015 1443 1076 1462 eum
1093 1456 1100 1468 ,
1117 1441 1144 1462 et
1159 1435 1229 1463 fece-

1015 1475 1077 1498 runt
1092 1470 1129 1506 (b)
1146 1472 1169 1498 ei
1182 1471 1202 1507 -ι-

1015 1511 1114 1540 quanta
1131 1508 1225 1534 volue—

1016 1542 1060 1569 15.
1083 1548 1156 1570 runt.
1174 1543 1208 1570 Et
1223 1548 1287 1571 tunc

1016 1578 1208 1606 intellexerunt

1430 1331 1468 1358 ait
1483 1340 1490 1358 :
1505 1330 1527 1357 0
1542 1329 1682 1364 generatio

1431 1365 1601 1394 incredibilis
1611 1386 1618 1399 ,
1634 1369 1661 1392 et

1432 1409 1559 1438 perversa
1564 1421 1572 1434 ,
1587 1408 1673 1436 qthllS
1678 1415 1690 1421 '

1432 1437 1485 1473 que
1499 1437 1587 1473 patiar

1432 1473 1500 1501 vos?
1514 1480 1655 1508 quousque

1432 1516 1480 1537 ero
1496 1508 1655 1536 vobiscum?

1433 1544 1544 1572 Adferie
1558 1545 1610 1571 huc

1434 1581 1509 1608 illum
1524 1580 1557 1608 ad
1572 1588 1627 1608 me.

1248 1637 1364 1665 CODEX
1384 1637 1583 1666 BRIXIANUS.

1014 1687 1056 1711 tes
1085 1688 1174 1711 autent
1214 1684 1307 1711 oculos
1329 1692 1394 1712 suos
1428 1685 1565 1713 nemiuem
1604 1684 1729 1712 viderunt
1763 1684 1812 1711 nisi

1015 1720 1101 1747 solum
1113 1719 1215 1747 Jcsum.
1229 1720 1261 1747 Et
1271 1720 1500 1748 descendentibus
1515 1721 1569 1748 illis
1582 1720 1616 1748 de
1632 1725 1723 1747 ntonte
1737 1727 1813 1754 prae-

1015 1755 1088 1790 cepit
1100 1755 1140 1782 cis
1160 1755 1239 1783 Iesus
1255 1756 1347 1784 dicens
1367 1757 1470 1784 Nemini
1490 1756 1614 1784 dixeritis
1638 1756 1707 1783 hanc
1729 1756 1813 1782 visio-

1016 1798 1088 1818 nem.
1109 1791 1196 1819 doiiec
1216 1792 1299 1819 Filius
1324 1791 1441 1819 hominis
1467 1800 1481 1819 a
1499 1793 1614 1820 mortuis
1629 1796 1762 1826 resurgat.
1780 1791 1813 1818 Et

1017 1827 1248 1862 interrogaverunt
1264 1835 1325 1855 cum
1353 1828 1476 1863 discipuli
1504 1829 1562 1861 ejus
1585 1827 1714 1854 dicentes.
1741 1826 1810 1859 Quid

1016 1870 1079 1897 ergo
1088 1863 1199 1890 Scribae
1211 1863 1303 1890 dicunt
1318 1863 1389 1898 quod
1403 1864 1506 1891 lleliam
1518 1867 1625 1897 oportet
1638 1865 1751 1897 primum
1766 1869 1813 1889 ve-

1016 1899 1084 1925 nirc.
1097 1898 1176 1926 Jesus
1188 1904 1277 1925 autent
1291 1897 1457 1934 respondens
1470 1900 1505 1926 ait
1518 1899 1583 1927 illis.
1602 1898 1693 1925 ilelias
1702 1897 1809 1933 quidem

1014 1935 1105 1960 veniet
1132 1936 1246 1969 primtttn
1263 1940 1290 1961 et
1306 1936 1429 1961 restituet
1456 1935 1556 1962 omnia.
1577 1935 1641 1961 Dico
1661 1939 1750 1960 autent
1764 1940 1813 1960 γο-

1016 1969 1067 1996 bis.
1084 1970 1145 2005 quia
1163 1970 1261 1997 Helias.
1277 1971 1331 2003 jam
1345 1971 1427 1998 venit.
1439 1975 1467 1997 et
1478 1978 1530 1997 tt0u
1543 1974 1812 2005 coguoveruuticum.

1016 2005 1062 2032 sed
1074 2005 1195 2032 fecerunt
1206 2006 1241 2033 ei.
1259 2013 1444 2040 quaecumque
1460 2006 1611 2033 voluerunt.
1626 2005 1670 2033 Sic
1684 2010 1711 2032 ct
1731 2004 1815 2031 Filius

1017 2041 1133 2068 hominis
1163 2049 1290 2075 passurus
1314 2046 1356 2068 est
1387 2042 1420 2069 ab
1442 2042 1491 2069 eis.
1509 2041 1584 2068 Tunc
1619 2041 1815 2068 intellexerunt

1015 2076 1150 2113 discipuli.
1172 2077 1233 2111 quia
1259 2076 1294 2104 de
1314 2077 1438 2105 Johaune
1459 2077 1578 2113 Baptista
1594 2076 1709 2113 dixisset
1725 2078 1774 2103 eis.

1052 2112 1085 2139 Et
1098 2120 1158 2140 cum
1173 2113 1292 2140 venisset
1305 2114 1340 2140 ad
1357 2113 1475 2140 turbam.
1487 2112 1602 2141 accessit
1612 2112 1645 2139 ad
1661 2119 1722 2139 cum
1734 2113 1814 2138 ltouto

1015 2148 1130 2182 genibus
1149 2149 1321 2184 provolutus.
1345 2153 1372 2176 et
1403 2149 1507 2176 dicens.
1537 2149 1659 2175 Domine.
1684 2148 1815 2184 miserere

1017 2183 1072 2210 lilio
1087 2183 1222 2219 ineo’quia
1238 2184 1460 2212 luuaticusest.et
1477 2184 1547 2212 male
1559 2185 1666 2217 patitur.
1683 2183 1810 2218 frequen-

1017 2226 1059 2257 ter
1072 2220 1146 2257 enim
1158 2220 1229 2247 cadit
1241 2222 1268 2257 in
1281 2221 1410 2257 ignettt.ct
1421 2220 1462 2257 (ά)
1476 2220 1620 2255 aliquando
1630 2219 1651 2255 ἰ-
1664 2221 1689 2246 in
1705 2226 1813 2252 aquam.

1019 2256 1053 2283 Et
1062 2255 1147 2282 obtuli
1157 2263 1217 2283 eum
1232 2255 1371 2290 discipulis
1386 2255 1484 2283 tuisiet
1493 2264 1546 2283 nou
1564 2260 1706 2290 potuerunt
1718 2261 1815 2282 curare

1018 2299 1091 2318 ettnt.
1125 2291 1305 2326 Respondeas
1336 2297 1426 2319 autent
1458 2291 1536 2319 Jesus
1559 2292 1598 2318 ait
1619 2290 1651 2317 Ο.
1674 2290 1815 2326 generatio

1020 2327 1155 2354 incredula
1181 2332 1209 2354 et
1234 2334 1514 2362 perversaquousque
1527 2334 1577 2354 ero
1600 2326 1750 2354 vobiscum.
1772 2332 1816 2352 us-

1020 2370 1127 2398 quequo
1142 2365 1226 2398 patiar
1237 2370 1294 2389 vos.
1310 2363 1411 2391 Alfene
1434 2363 1487 2391 ltuc
1500 2362 1576 2391 illum
1593 2362 1626 2390 ad
1650 2369 1703 2389 me.

507 2419 706 2448 VARIANTES
725 2418 918 2448 LECTIONES
937 2418 1070 2449 CODICIS
1090 2420 1146 2448 MS.
1167 2420 1197 2449 S.
1217 2419 1476 2448 GERMANENSIS.

197 2467 205 2483 ¹
223 2465 440 2493 Descendentibus
450 2468 498 2493 illis

197 2499 207 2514 ²
225 2497 322 2522 Nemini
334 2499 449 2524 dixeritis
460 2501 539 2524 visum

197 2530 208 2545 ³
225 2529 257 2554 Et
267 2530 483 2559 interrogaverunt

196 2560 207 2575 ⁵
223 2560 344 2590 discipuli.
358 2561 420 2590 Quid

196 2593 207 2608 ⁵
224 2591 289 2623 quod
302 2595 400 2622 oportet
418 2591 512 2617 Heliam
528 2593 631 2624 primum
643 2593 741 2618 venire.
758 2593 791 2618 At
802 2593 886 2624 ipse...
905 2600 964 2619 ven-

165 2625 235 2649 turus
247 2626 286 2648 est
297 2623 432 2647 restituere
445 2623 535 2648 omnia;
545 2624 605 2649 Dico
615 2627 697 2649 autem

197 2655 208 2670 ⁸
224 2657 395 2686 cognoverunt
405 2654 515 2685 discipuli
526 2655 619 2686 quod...
632 2655 663 2680 Et
678 2662 733 2680 cum
744 2657 854 2681 venisset
870 2656 900 2681 ad
912 2659 965 2682 tur-

1016 2468 1073 2494 bam

1049 2500 1059 2533 '_’
1077 2506 1183 2533 necesse
1195 2500 1270 2526 habet
1282 2500 1332 2533 pati

1048 2531 1060 2547 θ
1076 2531 1202 2567 quidam...
1217 2531 1353 2561 aitte'ettm,
1366 2531 1452 2556 dicens

1049 2563 1059 2578 θ
1079 2563 1143 2588 Uun
1157 2563 1230 2588 Vula.
1243 2569 1331 2588 usque.
1344 2563 1368 2587 in
1381 2563 1465 2588 timent

1051 2569 1059 2578 ν
1079 2569 1143 2588 uun
1159 2569 1230 2595 vuig.
1243 2569 1331 2618 ιιῖίιιε,
1344 2569 1368 2587 tn
1381 2569 1465 2593 ignem
1552 2592 1557 2598 _
1734 2592 1738 2597 _

1051 2594 1073 2609 η
1089 2600 1176 2618 curare
1190 2601 1255 2619 eum.
1291 2594 1431 2625 espoudens
1441 2593 1523 2621 Jesus.
1536 2596 1570 2617 ait
1582 2600 1587 2617 :
1597 2591 1617 2625 ς)
1627 2594 1756 2625 generatio

1052 2625 1072 2641 “
1092 2626 1168 2656 patiar
1188 2625 1247 2651 vos?
1258 2620 1387 2657 quousque
1407 2631 1452 2650 ero
1464 2620 1607 2649 vobiscum?
1624 2620 1684 2656 étc.,
1696 2627 1722 2648 ut
1744 2620 1819 2654 Vulg.

1018 2662 1103 2688 usque,
1116 2657 1210 2688 ejicere
1222 2656 1298 2681 illum.

827 2701 1011 2730 BLANCIIINI
1030 2702 1146 2730 NOTAE.

202 2749 215 2762 ιι
226 2745 285 2772 Duo
294 2753 360 2774 mss.
373 2744 482 2773 codices
492 2745 577 2773 nostri
590 2746 662 2773 hunc
675 2751 818 2774 contextus
840 2748 963 2776 ordinem

166 2785 294 2814 servant;
310 2781 336 2809 in
354 2781 466 2817 Vulgata
492 2786 584 2809 autem
600 2803 607 2815 ,
625 2781 670 2810 Sic
690 2787 714 2809 et
729 2782 817 2810 Filius
841 2783 964 2817 hominis,

1016 2754 1082 2781 etc..
1098 2749 1214 2784 positum
1229 2748 1329 2783 legitur
1343 2752 1406 2776 ante
1419 2769 1426 2780 ,
1446 2747 1518 2775 Tum:
1538 2747 1734 2780 intellexerunt,
1750 2749 1820 2780 etc.,

1016 2783 1195 2813 conl‘oi-miter
1210 2785 1245 2812 ad
1262 2784 1364 2812 l‘outcm
1379 2783 1516 2812 Graecum.

207 2837 304 2879 (ιο-ΙΨ
321 2842 349 2865 et
362 2839 516 2879 cod_._C_ant_.
533 2840 794 2879 ἀποκαταστῆσοει.-
808 2840 899 2879 (b)_|lu
921 2845 962 2869 ett

1019 2841 1110 2879 iCant.
1123 2844 1206 2879 αὐτῷ,
1219 2850 1258 2879 ex
1266 2841 1366 2879 Marco.
1377 2856 1414 2862 —-
1423 2840 1460 2879 (ig)
1475 2840 1543 2879 Qud.
1557 2848 1666 2879 qunque
1675 2840 1754 2869 Cant.
1769 2841 1822 2868 ltuc

172 2875 318 2907 transfert,
336 2881 397 2906 qua:
412 2875 489 2909 Vulg.
505 2876 565 2903 Lat.
580 2881 608 2905 et
624 2881 715 2904 textus
725 2875 842 2904 Grattius
855 2876 956 2905 habent
968 2878 995 2907 in
1012 2878 1066 2906 line
1080 2887 1107 2905 ν.
1124 2875 1229 2906 1Ω.’--
1248 2878 1288 2914 (d)
1309 2878 1347 2906 Ita
1360 2882 1388 2904 et
1401 2875 1463 2905 cod.
1479 2877 1557 2905 Cant.
1570 2875 1658 2904 talionis.
