4048 6188
296 275 404 335 959
828 268 1105 335 EUSEBII
1141 271 1476 332 VERCELL.
1520 268 1973 329 EVANGELIUM
2008 268 2151 329 CUM
2191 268 2421 327 VARIIS
2458 266 2614 327 COD.
2660 261 3056 324 COLLATUM.

693 389 927 446 CODEX
969 386 1502 445 VERCELLENSIS.

304 465 340 519 ti
371 474 496 520 sunt
523 464 640 520 lilii.

300 537 390 592 26.
432 536 505 593 Ut
533 548 713 592 autem
746 548 852 589 non

302 609 670 664 scandalixze—

303 696 421 745 mus
444 696 537 736 eos
558 722 571 747 ,
603 677 739 733 vade

300 753 365 805 ad
396 768 566 817 mare,
599 760 654 806 et
682 747 808 803 mit-

302 834 353 878 te
380 823 597 878 hamum
626 839 638 875 :
670 829 725 877 et

301 910 423 950 eum
459 895 682 964 piscem,

300 965 391 1036 qui
422 966 630 1036 primus

300 1038 632 1101 ascenderit,

304 1110 466 1164 tolle:
500 1120 549 1164 et
578 1112 767 1177 aperto
792 1120 851 1162 0-

302 1196 363 1235 re
387 1181 526 1251 ejus,
562 1181 710 1251 inve-

302 1250 427 1306 nies'
447 1253 521 1322 (a)
550 1251 622 1305 ibi
648 1250 689 1321 -ι-
718 1257 884 1304 state-

300 1337 416 1377 rem
443 1340 456 1376 :
498 1324 649 1377 illntn
681 1336 774 1377 su-

300 1409 456 1448 mens
482 1393 549 1448 da
579 1394 660 1448 eis

301 1479 400 1535 pro
426 1480 534 1532 me,
566 1473 623 1521 et
652 1474 722 1519 te.

441 1575 670 1634 CAPUT
709 1573 899 1632 XVIII.

302 1674 351 1727 t.
396 1671 453 1726 In
487 1672 576 1726 illa
605 1671 694 1726 die
718 1684 902 1726 acces-

299 1755 486 1799 serunt
515 1742 681 1797 disci—

301 1815 411 1885 puli
436 1815 501 1869 ad
532 1814 740 1877 Jesum,

297 1888 571 1943 dicentes:
617 1927 631 1941 .
676 1925 689 1939 .
734 1886 778 1941 is

298 1968 457 2027 putas
484 1958 656 2028 major

296 2039 381 2085 est
409 2030 462 2084 in
496 2044 664 2099 regno

298 2100 609 2156 caelorum?

295 2171 351 2225 2.
395 2171 465 2227 Εῑ
492 2171 651 2227 Jesus
680 2188 839 2230 voca-

297 2243 371 2297 vit
392 2243 459 2297 ad
485 2258 545 2298 se
569 2259 702 2314 pue-

294 2330 439 2380 rum,
469 2324 523 2369 et
548 2322 717 2370 statu-

296 2386 334 2438 it
358 2401 482 2440 eum
509 2384 565 2439 in
593 2402 706 2441 me-

295 2457 350 2511 5.
391 2458 481 2511 dio
506 2472 717 2527 eorum,
746 2464 802 2513 et

216 2562 223 2565 -
294 2528 465 2583 dixit:

295 2602 468 2654 Amen
492 2600 613 2653 dico
640 2616 735 2654 vo-

296 2669 399 2730 bis.
430 2671 528 2723 nisi
550 2684 780 2726 conver-

293 2742 338 2795 si
368 2741 600 2803 lueritis,
626 2750 681 2797 et

294 2811 606 2867 elliciamini

292 2882 433 2937 sicut
459 2882 638 2952 pueri,

294 2969 404 3008 non
437 2954 661 3009 intrabi-

294 3026 364 3079 tis
393 3026 445 3079 in
474 3040 643 3095 regno

292 3096 346 3149 4.
388 3096 683 3153 caelorum.
718 3095 847 3165 Qui-

293 3182 525 3238 cumque
552 3183 683 3238 ergo

295 3237 517 3293 humilia
527 3253 617 3293 ve-

294 3311 365 3365 rit
389 3327 446 3366 se
469 3312 606 3365 sicut
638 3325 770 3380 pue-

1124 470 1163 515 'r
1188 461 1311 524 iste,
1346 460 1433 513 hic
1456 459 1560 515 erit

1137 532 1310 599 major
1337 532 1388 584 in
1411 545 1530 601 rcg~

1136 618 1206 657 no
1227 603 1525 656 caelorum.

1136 676 1189 730 5.
1237 674 1299 727 Et
1321 673 1409 743 qui
1425 686 1682 744 accoepe—

1136 746 1204 799 rit
1234 760 1400 798 unum
1431 760 1562 814 pue-

1136 832 1252 869 rutn
1278 816 1458 883 talem,
1490 832 1576 871 me

1136 887 1190 942 6.
1233 886 1448 957 accipit.
1481 886 1581 957 Qui
1612 902 1707 942 au-

1138 969 1242 1014 tem
1269 958 1542 1013 scandali-

1136 1032 1337 1084 zaverit
1367 1045 1529 1084 unum

1135 1101 1204 1156 de
1232 1103 1463 1170 pusillis,
1495 1102 1587 1171 qui

1138 1172 1191 1226 iu
1219 1189 1303 1227 me
1332 1172 1580 1239 credunt,

1134 1244 1349 1311 expedit
1372 1244 1420 1297 ei
1446 1253 1502 1297 ut

1136 1314 1502 1381 SUSpendatur

1138 1384 1280 1439 mola
1297 1385 1529 1439 asinaria

1138 1456 1190 1510 in
1219 1457 1359 1510 collo
1386 1456 1525 1526 ejus,

1139 1536 1193 1580 et
1222 1526 1505 1597 demerga-

1140 1607 1226 1651 tur
1249 1599 1301 1652 in
1336 1598 1560 1667 profun-

1138 1670 1265 1723 dum
1287 1672 1473 1724 maris.

1138 1741 1191 1794 7.
1240 1740 1349 1795 Vae
1378 1752 1557 1796 autem
1589 1739 1713 1797 huic

1138 1812 1341 1866 mundo
1365 1828 1393 1865 a
1422 1828 1580 1868 scan-

1135 1883 1292 1938 dalis.
1331 1883 1477 1941 Nece
1526 1926 1538 1938 .
1590 1925 1601 1938 .
1649 1926 1665 1940 .
1710 1894 1794 1940 est

1135 1955 1278 2009 enim
1312 1956 1466 2011 venir
1513 1997 1526 2009 .
1579 1994 1593 2009 .

1133 2025 1493 2084 scandalazv
1542 2067 1555 2080 .
1604 2068 1619 2081 .
1669 2066 1683 2081 .

1133 2098 1785 2155 tam...vaeho..

1133 2169 1232 2234 illi,
1263 2185 1359 2240 per
1384 2186 1543 2240 quem

1132 2242 1448 2297 scandalum

1132 2313 1298 2366 venit.

1131 2382 1185 2437 8.
1226 2383 1379 2451 Quod
1410 2384 1455 2440 si
1491 2398 1682 2441 manus

1133 2464 1243 2520 tua,
1270 2456 1350 2509 vel
1384 2472 1475 2524 pes
1502 2467 1588 2511 tu-

1131 2539 1195 2579 us
1222 2526 1487 2581 scandali-

1132 2606 1219 2649 zat
1248 2604 1322 2663 te,
1355 2597 1575 2654 abscide

1132 2682 1277 2730 eum,
1311 2678 1364 2722 et
1393 2669 1574 2735 proice

1128 2736 1226 2791 abs
1256 2746 1340 2791 te:
1368 2739 1565 2793 bonum

1131 2807 1225 2861 tibi
1255 2819 1337 2862 est
1361 2809 1412 2863 in
1443 2810 1521 2863 vi-

1133 2887 1241 2931 tam
1270 2881 1461 2935 venire

1129 2948 1366 3004 debilem
1392 2952 1480 3006 vel

1129 3021 1368 3093 cludunt,
1396 3038 1560 3093 quam

1132 3092 1268 3146 duos
1293 3092 1456 3161 pedes
1487 3092 1571 3150 vel

1132 3162 1265 3219 duas
1289 3180 1478 3220 manus

1135 3234 1424 3290 habentem

1131 3308 1270 3361 mitti
1305 3308 1358 3362 in
1388 3309 1568 3379 ignem

2432 383 2667 440 CODEX
2706 378 3165 439 VERONENSIS.

2000 458 2136 513 ﬁlii?
2167 456 2467 529 Respondit

1997 530 2091 585 36.
2130 528 2298 586 certe.
2327 528 2395 586 Ut
2415 538 2594 585 autem

2001 616 2108 657 non
2131 602 2465 658 scandalize-

2001 688 2122 728 mus
2147 689 2262 739 eos,
2297 673 2431 728 vade

1998 744 2066 800 ad
2090 760 2257 811 mare,
2290 753 2343 799 et
2370 744 2523 798 mitte

2003 816 2221 870 hamum
2248 834 2260 870 :
2292 826 2345 870 et
2367 831 2491 869 eum

2001 890 2224 956 piscem,
2255 887 2349 958 qui
2375 887 2491 957 pri-

2002 973 2122 1012 mus
2145 958 2473 1022 ascenderit,

2002 1030 2133 1085 tolle
2163 1047 2176 1084 :
2207 1041 2258 1085 et
2286 1038 2478 1100 aperto

2002 1116 2097 1156 ore
2119 1102 2258 1170 ejus,
2289 1101 2442 1156 inve—

2004 1174 2119 1227 uies
2151 1170 2228 1246 (a)
2258 1173 2327 1246 ibi
2355 1172 2396 1241 -ι-
2426 1178 2534 1227 sta-

2003 1244 2175 1298 tereni
2199 1261 2212 1297 :
2244 1244 2394 1298 illum
2424 1257 2515 1297 su-

2003 1329 2158 1369 mens
2184 1314 2252 1370 da
2282 1316 2361 1369 eis
2380 1329 2477 1383 pro

2007 1401 2115 1459 me,
2142 1396 2196 1441 et
2226 1402 2322 1454 pro
2350 1393 2426 1441 te.

2159 1526 2387 1583 CAPUT
2420 1524 2606 1582 XVIII.

2080 1672 2131 1725 1.
2176 1671 2231 1725 1η
2262 1669 2345 1723 illa
2371 1668 2457 1725 die
2484 1685 2572 1725 ac-

2007 1751 2288 1799 cesserunt
2305 1742 2555 1811 discipuli

2006 1814 2072 1869 ad
2099 1813 2305 1878 Jesum,
2334 1813 2519 1868 dicen-

2008 1897 2133 1967 tes:
2163 1886 2296 1950 Quis
2318 1884 2503 1966 utique

2005 1966 2179 2026 major
2206 1966 2289 2011 est
2316 1972 2370 2009 III

2005 2044 2173 2097 regno
2194 2027 2508 2083 caelorum?

2004 2096 2169 2154 2.7Et
2198 2096 2355 2155 Jesus
2382 2113 2541 2154 voca-

2006 2172 2086 2227 bit
2107 2186 2356 2241 puerum,
2384 2178 2442 2226 et

2005 2244 2191 2298 statuit
2213 2257 2335 2297 eum
2362 2242 2413 2294 in

2006 2314 2189 2369 medio
2215 2329 2429 2379 eorum,

2004 2386 2060 2442 5.
2101 2395 2157 2441 ει
2181 2385 2315 2439 dixit
2344 2402 2355 2437 :
2385 2387 2556 2438 Amen
2612 2432 2617 2436 .

2003 2456 2127 2511 dico
2158 2471 2250 2509 vo-

2002 2527 2109 2595 bis,
2142 2524 2243 2582 nisi
2273 2541 2401 2581 con-

2005 2598 2153 2655 versi
2182 2597 2407 2663 fueritis,

2004 2683 2059 2724 et
2089 2669 2398 2725 elliciamini

2003 2743 2143 2796 sicut
2169 2738 2345 2810 pueri.

2005 2827 2113 2866 non
2142 2810 2412 2866 intrabitis

2004 2884 2059 2938 in
2093 2898 2259 2953 regno
2281 2896 2405 2937 eae-

2003 2954 2203 3008 lorum.

2002 3023 2059 3079 4.
2093 3026 2426 3095 Quicumque
2458 3038 2589 3094 ergo

2003 3095 2375 3151 butniliaberit
2401 3111 2459 3151 se

2001 3170 2144 3223 sicut
2169 3184 2299 3238 puer
2328 3169 2451 3230 istc,

2003 3238 2093 3293 hic
2121 3240 2292 3310 major
2321 3238 2425 3293 erit

2001 3310 2058 3365 in
2087 3328 2257 3382 regno
2286 3310 2467 3368 caelo-

2838 450 2889 505 5.
2921 468 3057 505 rum.
3087 451 3155 506 Et
3184 448 3275 519 qui

2834 523 3105 590 acceperit
3131 537 3298 576 unum

2838 610 3062 661 puerum
3097 595 3257 649 talem

2835 666 2889 720 in
2924 665 3140 719 nomine

2834 752 2978 803 meo,
3008 752 3092 791 me
3118 735 3333 805 accipit.

2836 808 2889 862 6.
2924 808 3025 876 Qui
3050 818 3230 863 autem
3263 822 3423 866 scan-

2837 878 3034 934 dalizat
3062 896 3226 934 unum

2836 951 2905 1007 de
2937 952 3143 1020 pusillis
3174 953 3312 1017 istis,

2877 1024 2925 1076 ui
2958 1025 3006 1075 in
3042 1037 3127 1077 me
3155 1038 3275 1078 cre-

2881 1104 2994 1160 unt,
3027 1094 3248 1164 expedit

2838 1165 2887 1220 ei
2917 1174 2973 1219 ut
2994 1166 3294 1235 suspenda—

2839 1244 2926 1291 tur
2956 1238 3096 1290 mola
3126 1238 3300 1292 asina-

2838 1308 2918 1362 ria
2950 1309 3001 1363 in
3033 1307 3178 1363 collo

2838 1379 2977 1448 ejus,
3006 1390 3062 1435 et
3094 1381 3305 1436 denter-

2840 1462 2997 1520 gatur
3028 1452 3078 1504 in
3114 1452 3333 1520 profun—

2840 1521 2966 1576 dttm
2998 1524 3185 1577 maris.

2843 1594 2892 1646 7.
2927 1593 3036 1648 Vae
3065 1604 3247 1649 autem

2847 1662 2973 1719 huic
3007 1666 3209 1721 mundo

2843 1735 2912 1790 ab
2942 1737 3227 1792 scandalis.

2842 1807 3077 1863 Necesse
3101 1817 3189 1864 est

2846 1879 2989 1934 enim
3027 1881 3216 1935 venire

2843 1951 3095 2006 scandala
3118 1970 3129 2004 :
3162 1967 3374 2007 verum—

2847 2034 3025 2077 tamen
3058 2038 3157 2079 vae
3193 2023 3289 2080 ho-

2844 2095 2974 2149 mini
3008 2093 3104 2159 illi,
3138 2111 3234 2166 per

2846 2182 3007 2234 quem
3041 2164 3361 2223 scandalum

2843 2238 3011 2293 venit.

2845 2309 2900 2364 8.
2916 2308 3087 2378 ‘Quod
3120 2310 3165 2365 si

2846 2396 3038 2435 manus

2847 2462 2935 2507 tua
2961 2450 3287 2507 scandalizat

2844 2532 2919 2587 te,
2951 2524 3033 2579 vel
3064 2538 3158 2593 pes

2847 2605 2992 2661 tuus,
3022 2591 3242 2675 abscide

2843 2682 2989 2729 eum,
3023 2676 3077 2720 et
3109 2680 3289 2734 prome

2845 2739 2941 2792 abs
2968 2747 3049 2793 te:
3082 2736 3285 2792 bonum

2848 2809 2942 2863 tibi
2971 2816 3054 2864 est
3080 2808 3130 2862 in
3159 2807 3238 2862 vi-

2752 2906 2759 2911 »
2853 2889 2960 2934 tam
2990 2880 3178 2935 venire
3206 2878 3305 2934 de-

2852 2951 3014 3006 bilem
3045 2950 3129 3005 vel
3153 2951 3274 3005 clo-

2840 3022 2993 3088 dum,
3024 3037 3187 3093 quam

2841 3094 2979 3149 duos
3008 3093 3176 3163 pedes

2842 3166 2923 3219 vel
2952 3166 3085 3220 duas
3118 3178 3309 3219 manus

2842 3236 3128 3292 habentem
3160 3236 3298 3291 mitti

2843 3310 2895 3362 in
2930 3310 3105 3378 ignem
3146 3318 3324 3362 aeter-

3491 260 3596 318 260

717 3399 950 3455 CODEX
987 3398 1462 3459 CORBKIENSIS.

294 3483 421 3527 sunt
452 3472 567 3529 lilii.
593 3474 682 3529 Ait
704 3472 898 3527 Petrus
928 3474 1033 3527 :lta
1069 3474 1310 3527 Domine.
1328 3473 1403 3528 Ne
1420 3484 1593 3528 tamen
1626 3472 1897 3529 scandali-

294 3560 479 3599 zemus
508 3561 632 3611 eos,
668 3544 803 3600 vade
832 3546 897 3598 ad
925 3560 1106 3613 mare,
1129 3556 1178 3598 et
1215 3547 1368 3599 mitte
1392 3548 1606 3599 hamum
1643 3563 1656 3599 :
1687 3556 1738 3599 et
1769 3562 1893 3601 eum

297 3614 519 3688 piscem,
566 3617 657 3688 qui
707 3619 912 3687 primus
939 3618 1267 3678 ascenderit,
1298 3618 1467 3672 tolle:
1502 3627 1557 3672 et
1587 3626 1774 3687 aperto
1797 3633 1895 3673 ore

296 3687 439 3756 ejus,
480 3687 725 3743 invenies
757 3692 773 3720 ι
801 3696 1057 3743 staterem
1112 3707 1123 3741 :
1178 3688 1325 3743 illum
1375 3689 1529 3745 dabis
1558 3704 1656 3759 pro
1688 3705 1795 3756 me,
1840 3699 1896 3744 et

297 3772 396 3827 pro
430 3769 501 3813 te.

372 3829 557 3883 XVIII.
599 3830 655 3883 In
685 3830 772 3884 illa
803 3830 892 3884 die
923 3841 1273 3885 accesserunt
1306 3831 1555 3900 discipuli
1588 3831 1653 3884 ad
1682 3831 1889 3891 .Iesnm.

295 3900 543 3956 dicentes
570 3918 582 3954 :
609 3902 739 3969 Quis
767 3901 787 3931 ¹
816 3904 918 3973 erit
945 3902 1113 3971 major
1140 3904 1190 3956 iu
1227 3918 1392 3973 regno
1423 3904 1744 3957 caelorum?
1776 3902 1845 3956 Et
1872 3903 1893 3933 ⁸

297 3987 500 4026 vocans
547 3973 807 4027 infantem
877 3972 1082 4035 Jesus,
1163 3976 1349 4027 statuit
1402 3989 1523 4027 cum
1596 3975 1647 4026 in
1717 3974 1894 4029 medio

297 4059 528 4107 eotum,
586 4053 640 4097 et
688 4044 765 4097 ait
808 4061 819 4097 :
876 4044 1047 4098 Amen
1101 4044 1225 4100 dico
1271 4045 1444 4109 vobis,
1497 4044 1599 4098 nisi
1643 4046 1893 4099 conversi

299 4115 527 4179 fueritis,
561 4115 732 4169 1‘lacti
781 4115 916 4169 tales
944 4117 1085 4169 sicut
1136 4115 1311 4170 infans
1350 4116 1436 4170 hic
1490 4126 1614 4179 est,
1649 4133 1753 4169 non
1814 4116 1896 4169 in-

300 4185 513 4240 trahitis
577 4187 629 4240 in
688 4201 853 4254 regno
907 4186 1204 4241 coelorum.
1267 4188 1287 4218 ⁸⁵
1342 4187 1408 4241 Ει
1480 4187 1567 4253 qtti
1613 4189 1889 4257 exceperit

301 4272 467 4311 unum
515 4258 675 4311 talem
748 4257 1002 4312 infantem
1054 4262 1107 4313 in
1166 4260 1383 4313 nomine
1440 4275 1600 4326 meo,
1650 4274 1734 4313 me
1789 4275 1888 4314 ex-

299 4330 449 4396 eipit.
498 4331 831 4399 Quicumque
893 4339 1071 4384 autem
1117 4331 1564 4386 scandalizaverit
1614 4346 1776 4385 unum
1824 4331 1895 4384 de

300 4399 507 4470 pusillis
526 4402 662 4461 istis.
684 4403 773 4468 qui
798 4402 847 4454 iu
873 4417 959 4456 me
979 4402 1227 4467 credunt,
1247 4402 1465 4471 expedit
1488 4404 1562 4456 illi
1585 4412 1640 4456 ut
1662 4418 1892 4471 suspen-

299 4473 457 4545 datur
481 4473 623 4545 mola
654 4473 887 4545 asinaria
909 4474 1051 4528 eollo
1092 4478 1229 4545 ejus,
1262 4487 1316 4529 et
1353 4474 1373 4504 ⁶
1419 4474 1800 4543 praecipitetur
1835 4474 1889 4528 in

301 4543 623 4610 profundum
646 4544 830 4598 maris.
852 4544 961 4599 Vae
990 4543 1167 4601 autem
1189 4547 1313 4602 huic
1340 4547 1542 4600 mundo
1563 4551 1633 4599 ab
1663 4548 1878 4602 scandao

300 4614 627 4679 lis.Necesse
652 4627 732 4671 est
764 4616 906 4671 enim
933 4621 1120 4673 venire
1144 4619 1398 4674 scandala
1430 4637 1442 4672 :
1472 4629 1843 4674 verumtamen
1870 4618 1890 4648 ⁷

296 4700 398 4742 vae
429 4689 501 4747 illi
536 4687 765 4750 homini,
801 4704 894 4757 per
920 4704 1081 4759 quem
1110 4691 1421 4745 scandalum
1453 4692 1649 4745 veniet.
1683 4690 1841 4756 Quod
1869 4692 1892 4723 ⁸

298 4760 345 4814 si
385 4767 440 4814 te
468 4776 656 4816 manus
689 4772 797 4827 tua,
827 4761 908 4814 vel
938 4775 1030 4829 pes
1059 4762 1409 4825 scandalizat,
1438 4762 1688 4829 praecide
1716 4763 1888 4827 illum,

300 4838 356 4884 et
385 4832 586 4899 projice
608 4848 637 4886 a
665 4845 744 4887 te:
775 4832 975 4887 bonttm
1004 4841 1085 4887 est
1114 4832 1208 4887 tibi
1246 4834 1311 4887 ad
1344 4836 1505 4887 vitam
1537 4836 1722 4889 venire
1742 4833 1896 4889 debi-

300 4900 409 4987 lem
435 4903 521 4955 vel
556 4903 826 4986 claudum,
854 4919 1021 4987 quam
1054 4904 1191 4959 duos
1221 4903 1386 4987 pedes
1413 4904 1496 4959 vel
1527 4904 1659 4959 duas
1702 4919 1895 4959 manus

300 4972 590 5029 habentem
616 4973 755 5028 mitti
778 4976 829 5030 in
854 4972 1198 5047 °igehennam
1221 4972 1381 5048 ignis.

2472 3401 2703 3459 CODEX
2746 3400 2932 3457 BRle
2952 3400 3144 3456 \NUS.

2001 3484 2131 3530 sunt
2154 3475 2265 3529 lilii.
2289 3475 2359 3531 Ut
2380 3484 2559 3530 autem
2586 3492 2691 3531 non
2718 3474 3145 3528 scandalizemus
3174 3487 3269 3526 eos
3298 3481 3323 3509 ⁸
3347 3513 3359 3526 .
3395 3512 3408 3524 .
3441 3513 3455 3525 .
3485 3513 3498 3527 .
3540 3517 3548 3524 .
3593 3508 3609 3525 .

2000 3550 2136 3601 vade
2166 3547 2232 3602 ad
2258 3564 2405 3602 mare
2435 3559 2487 3603 et
2507 3552 2659 3602 mitte
2685 3548 2899 3601 hamum
2928 3555 2979 3599 et
3007 3559 3129 3599 eum
3164 3545 3362 3611 piscem
3391 3546 3475 3613 qui
3503 3544 3609 3610 pri-

2004 3635 2123 3673 tuus
2152 3620 2461 3673 ascenderit
2493 3622 2641 3674 tolle.
2668 3627 2724 3674 et
2752 3628 2939 3686 aperto
2987 3632 3081 3670 ore
3122 3617 3239 3685 ejus
3278 3616 3516 3669 invenies
3546 3614 3602 3669 itt

2000 3704 2067 3744 eo
2094 3690 2399 3745 denarium.
2444 3692 2597 3746 illum
2632 3685 2873 3745 sumens.
2906 3688 2969 3753 da
3000 3690 3078 3741 eis
3107 3701 3204 3755 pro
3255 3703 3341 3742 me
3368 3695 3423 3742 et
3447 3696 3517 3740 te.
3550 3685 3607 3740 In

2003 3762 2091 3815 illa
2119 3761 2248 3817 hora
2273 3772 2620 3817 accesserunt
2646 3761 2893 3829 discipuli
2924 3758 3609 3829 adJesumdiceutes.Quis

2002 3848 2155 3902 putas
2185 3833 2357 3903 major
2376 3843 2459 3889 est
2491 3836 2544 3888 in
2576 3848 2743 3903 regno
2771 3828 3432 3903 eaelorum.Etadvoc:ms
3448 3828 3607 3884 Jesus

2002 3901 2307 3973 parvulum.
2331 3901 2658 3959 statuiteutn
2690 3906 2741 3957 in
2773 3903 2950 3958 medio
2977 3917 3171 3973 eorum
3191 3913 3243 3973 et
3266 3901 3607 3955 dixit.Amen

2001 3972 2125 4029 dico
2157 3976 2334 4030 vobis.
2368 3978 2469 4031 nisi
2502 3977 2751 4035 conversi
2774 3974 3006 4029 fueritis.
3034 3982 3089 4026 ut
3120 3972 3434 4027 elliciatnini
3468 3973 3611 4025 sicut

2004 4050 2209 4114 parvuli
2242 4064 2347 4103 non
2399 4049 2670 4103 intrabitis
2716 4063 2747 4101 τ]
2770 4061 2939 4117 regno
2959 4044 3241 4117 ctelorum.
3270 4046 3610 4117 Quicumque

2004 4135 2136 4185 ergo
2168 4118 2195 4157 ι)
2237 4120 2587 4174 humilaverit
2616 4135 2674 4174 se
2704 4114 2853 4173 sicut
2874 4118 3127 4185 parvulus
3160 4116 3280 4170 iste.
3316 4116 3401 4171 hic
3434 4114 3611 4184 major

2003 4193 2105 4244 erit
2154 4191 2207 4245 iu
2263 4206 2430 4261 regno
2487 4192 2784 4246 caelorum.
2837 4189 2903 4242 Et
2949 4188 3273 4257 quicumque
3341 4190 3611 4261 receperit

2004 4278 2170 4316 unum
2222 4259 2503 4332 parvulum
2551 4264 2709 4316 talem
2756 4261 2809 4314 iu
2842 4263 3063 4315 nomine
3102 4274 3348 4332 meorme
3389 4259 3607 4332 recipit.

2001 4333 2103 4401 Qui
2134 4330 2312 4389 autem
2346 4332 2811 4390 scandalizaverit.
2853 4347 3019 4385 unum
3044 4347 3109 4386 ex
3135 4330 3340 4399 pusillis
3370 4330 3488 4401 istis
3518 4330 3610 4397 qui

2002 4399 2054 4459 in
2088 4421 2172 4459 me
2203 4406 2433 4460 credunt
2460 4407 2684 4475 expedit
2714 4406 2784 4459 ei.
2833 4414 2891 4457 ut
2920 4402 3284 4471 suspendatur
3315 4399 3460 4475 mola
3493 4401 3613 4453 asi-

2003 4479 2235 4548 nariarin
2266 4480 2409 4534 collo
2432 4472 2568 4548 ejus.
2602 4486 2653 4532 et
2678 4476 3031 4548 demergatur
3058 4472 3469 4548 in__prol'undum
3498 4487 3614 4548 mae

2002 4549 2097 4603 ris.
2130 4547 2241 4603 Vae
2269 4549 2393 4604 huic
2414 4545 2636 4604 mundo.
2691 4549 2758 4602 ab
2785 4546 3075 4601 scandalis.
3100 4545 3334 4600 Necesse
3359 4553 3445 4598 est
3464 4545 3611 4598 enim

2002 4633 2059 4674 ut
2094 4622 2315 4674 veniant
2341 4622 2618 4677 scandala.
2647 4630 3021 4675 verumtamen
3051 4632 3152 4671 vae
3182 4615 3390 4670 homini
3416 4613 3496 4668 illi
3519 4629 3615 4683 per

2002 4707 2165 4762 quem
2197 4694 2510 4748 SCandalum
2539 4692 2740 4746 veniet.
2771 4689 2831 4762 Si
2859 4700 3039 4744 autem
3074 4702 3271 4762 manus
3294 4697 3383 4741 tua
3412 4686 3495 4762 vel
3516 4699 3614 4755 pes

2006 4757 2145 4817 tuus.
2207 4765 2536 4819 scandalizat
2566 4773 2617 4817 te
2649 4761 2868 4816 abscide
2894 4776 3016 4815 eum
3058 4766 3115 4815 et
3156 4759 3341 4829 proice
3387 4757 3485 4811 abs
3536 4768 3610 4829 te.

2005 4837 2204 4891 melius
2234 4848 2316 4891 est
2345 4836 2493 4892 enim
2529 4835 2620 4889 tibi
2651 4835 2701 4888 in
2740 4836 2901 4887 vitam
2957 4827 3171 4902 ingredi
3198 4827 3432 4902 debilem
3465 4828 3550 4881 vel
3586 4838 3608 4866 ε

2005 4908 2219 4962 clodum
2248 4924 2410 4977 quam
2443 4908 2575 4962 duas
2606 4918 2796 4959 manus
2817 4903 2905 4960 Vel
2933 4899 3071 4960 duos
3100 4902 3268 4974 pedes
3321 4899 3613 4956 habentem

2006 4980 2145 5033 mitti
2176 4980 2230 5033 iu
2265 4981 2443 5051 ignem
2471 4989 2630 5033 aeter-

961 5064 1356 5125 VARIANTES
1392 5064 1780 5127 LECTIONES
1817 5067 2085 5127 CODICIS
2124 5071 2235 5128 MS.
2276 5070 2332 5127 S.
2377 5066 2900 5128 GERMANENSIS.

361 5156 379 5223 ξ
416 5157 515 5223 ibi,
539 5166 659 5221 etc.,
681 5161 735 5223 td
759 5156 911 5218 Vulg.

356 5220 377 5285 ξ
412 5219 583 5285 utique
607 5219 758 5285 major
784 5228 862 5271 est

359 5282 381 5313 ³
413 5282 603 5334 vocavit
624 5282 774 5335 JeSus
798 5283 1070 5350 parvulum,
1095 5296 1148 5338 et

359 5343 382 5410 ξ
420 5347 482 5410 Ut
508 5346 653 5410 Vulg-
1043 5409 1049 5410 ,

357 5408 387 5482 ξ
415 5385 716 5482 (inmunisque
743 5413 873 5462 enim
906 5409 1233 5482 hnniiliavgrit
1269 5423 1325 5482 se
1358 5413 1484 5463 sicut
1518 5425 1641 5482 puer
1668 5415 1792 5477 iste,
1817 5415 1897 5466 hic

293 5473 447 5532 major
472 5473 567 5522 erit
587 5474 636 5522 in
659 5486 816 5538 regno
840 5474 1111 5527 coelorum.
1133 5473 1195 5525 Et
1217 5476 1301 5537 qui
1318 5473 1567 5537 acceperit
1598 5488 1747 5527 unum
1771 5473 1897 5540 pue-

2003 5177 2113 5227 rum
2135 5161 2302 5227 talem,
2331 5164 2448 5225 etc.,
2476 5169 2529 5214 ut
2564 5161 2712 5227 Vulg.

2066 5226 2086 5258 ⁸
2118 5226 2442 5289 demergatur

2064 5290 2083 5321 ⁷
2122 5304 2215 5340 vae
2238 5290 2450 5348 homini,
2476 5302 2628 5352 per...
2657 5289 2795 5339 venit

2064 5354 2086 5417 εξ
2120 5354 2162 5417 si
2186 5366 2356 5402 manus
2382 5345 2527 5402 tua.'..
2554 5359 2686 5417 tuus,
2708 5358 2831 5413 etc.,
2849 5352 2901 5401 ut
2931 5347 3080 5414 Vulg.
3112 5358 3284 5411 usque,
3310 5345 3484 5399 venire

2067 5415 2087 5446 ⁹
2124 5416 2294 5478 ignem
2315 5422 2579 5467 aeternum

1625 5560 1998 5617 BLANCHINI
2040 5560 2277 5622 NOTAE.

368 5639 393 5666 κ
424 5628 519 5682 Hic
540 5627 736 5685 desunt
761 5632 812 5686 in
829 5632 1030 5690 Codice
1050 5634 1246 5691 litterae
1263 5642 1317 5689 et
1338 5630 1513 5687 media
1536 5632 1705 5688 ferme
1726 5634 1889 5691 linea.

366 5700 392 5738 ιι
428 5699 794 5770 Humilaverit,
822 5719 923 5774 pro
946 5722 1014 5762 eo
1036 5706 1180 5778 quod
1201 5715 1287 5764 est
1315 5704 1683 5761 Immitiavcrit.

379 5792 459 5863 (a)
481 5789 649 5851 Addit
672 5792 764 5864 ibi,
791 5793 957 5852 etiam
978 5795 1114 5853 Cod.
1132 5797 1287 5855 Cant.
1308 5794 1453 5855 iiut.

2079 5646 2100 5674 ο
2133 5634 2373 5707 Clodum,
2408 5652 2505 5709 pro
2528 5637 2794 5694 claudum.
2846 5645 2849 5649 ’
