4048 6188
300 212 406 281 iet

693 332 922 391 CODEX
960 328 1495 392 VERCELLENSIS.

1130 429 1426 493 montibus,

1130 513 1185 557 et.
1211 502 1356 555 vadit
1382 514 1549 569 quae-

1131 588 1251 629 rere
1271 588 1387 627 eam
1415 587 1553 641 quae

1134 645 1219 699 13.
1251 643 1490 700 erravit?
1515 653 1567 698 et
1596 644 1642 699 si

296 438 604 487 aeternum.

295 503 352 558 9.
398 504 467 557 Et
488 504 534 557 si
557 500 739 557 oculus
759 509 881 557 tuus
901 514 1059 557 scau-

294 575 500 629 dalizat
529 585 602 637 te.
634 587 762 627 erue

292 662 449 713 eum,
473 654 527 700 et
546 646 727 715 proice

293 718 395 769 ahs
426 728 509 772 te:
546 718 740 769 bonum
1130 718 1417 786 contigerit

295 790 395 843 tibi
427 798 507 842 est
536 802 661 843 ocu-
1130 794 1189 843 ut
1218 787 1456 843 inveniat

293 861 405 915 lum
440 874 602 913 unum
1130 874 1283 914 eam:

294 932 588 986 habentem
1130 934 1300 985 Amen
1321 930 1444 987 dico
1472 946 1567 986 vo-

292 1003 348 1058 in
378 1008 542 1057 vitam
565 1015 659 1054 ve-
1129 1003 1232 1066 bis,
1264 1002 1405 1073 quod
1434 1018 1568 1073 gau-

294 1076 434 1140 nire,
461 1089 622 1144 quam
1130 1073 1278 1129 debit
1305 1075 1358 1128 in
1386 1089 1505 1129 eam

291 1146 429 1200 duos
458 1145 647 1200 oculos
1133 1146 1300 1215 magis
1322 1161 1480 1215 quam

294 1218 588 1272 habentem

291 1288 436 1343 mitti
465 1289 518 1343 in
547 1285 751 1356 gehen-

291 1376 416 1415 nam
448 1359 604 1431 ignis.

294 1432 381 1486 10.
416 1431 606 1487 Videte
632 1442 701 1483 ne
727 1441 861 1481 con-

290 1503 545 1558 temnatis
574 1515 738 1556 unum

292 1590 357 1630 ex
386 1574 472 1629 his
512 1574 719 1642 pusillis
743 1587 757 1623 :

295 1647 421 1700 dico
446 1648 590 1701 enim

293 1718 471 1782 vobis,
504 1716 647 1785 quod
671 1730 770 1770 an—

290 1790 395 1860 geli
421 1804 613 1844 eorum

290 1863 346 1915 in
373 1861 546 1915 caelis
565 1874 706 1914 sem-

291 1947 391 2002 per
417 1932 606 1987 vident
630 1931 707 1984 fa-

291 2005 432 2058 ciem
461 2004 640 2058 Patris

289 2077 419 2138 mei,
451 2075 543 2143 qui
575 2076 627 2128 in
657 2088 783 2128 cae-

289 2148 375 2201 11.
408 2147 475 2201 Iis
502 2155 605 2200 est.
640 2145 800 2200 Venit

286 2228 468 2273 autem
494 2216 665 2273 Filius

290 2288 529 2344 hominis
552 2289 660 2343 sal-

286 2376 438 2427 vare,
468 2360 612 2431 quod
645 2374 733 2429 pe-

288 2435 479 2488 rierat.

289 2504 375 2558 12.
408 2502 549 2572 Quid
570 2513 749 2559 autem
778 2518 873 2557 vo-

288 2576 370 2631 bis
399 2575 651 2630 videtur?

285 2648 331 2700 si
354 2647 564 2701 fuerint
589 2646 689 2699 ali-

286 2719 373 2772 cui
402 2717 479 2790 (b)
516 2716 714 2773 homini
746 2716 787 2787 τι

286 2800 505 2844 centum
534 2804 688 2847 oves.

289 2873 343 2915 et
370 2863 419 2915 si
443 2860 713 2916 erraverit

1132 1216 1184 1270 in
1208 1232 1409 1271 xcvuu.
1432 1231 1571 1288 quae

1134 1303 1240 1342 non
1270 1304 1493 1343 errave-

1136 1359 1222 1413 M.
1255 1368 1398 1414 runt.
1432 1360 1523 1415 Sic
1550 1375 1658 1417 nou

1133 1441 1216 1485 est
1240 1434 1493 1486 voluntas

1133 1510 1258 1558 ante
1281 1501 1497 1557 Patrem

1132 1583 1391 1639 vestrum,
1425 1574 1518 1641 qui
1691 1583 1717 1603 ⁸

1134 1654 1220 1699 est
1244 1647 1296 1699 in
1325 1645 1513 1712 caelis,
1538 1656 1599 1700 ut

1138 1725 1324 1786 pereat
1353 1732 1490 1771 unus

1134 1787 1203 1842 de
1229 1789 1439 1859 pusillis
1469 1790 1541 1842 is-

1138 1859 1227 1940 t5.
1262 1861 1349 1914 tis.
1385 1860 1540 1939 Quod

1134 1931 1182 1985 si
1211 1931 1514 2000 peccaverit

1133 2001 1185 2057 in
1219 2014 1273 2059 te
1300 2002 1467 2057 frater

1133 2082 1274 2141 tuus,
1309 2073 1462 2139 vade,
1496 2080 1550 2128 et

1127 2147 1342 2216 corripe
1363 2161 1485 2200 eum

1130 2217 1268 2272 inter
1300 2226 1372 2282 te,
1401 2227 1456 2272 et
1487 2217 1563 2287 ip-

1128 2304 1249 2342 sum
1278 2288 1474 2343 solum.

1127 2359 1185 2415 Si
1214 2370 1265 2414 te
1287 2360 1538 2423 audierit,

1130 2432 1367 2486 lucratus
1388 2433 1499 2485 eris

1129 2503 1349 2557 fratrem
1383 2512 1554 2556 tuum.

1130 2573 1218 2629 16.
1249 2574 1307 2628 Si
1336 2584 1517 2628 autem
1550 2586 1657 2626 non

1131 2654 1183 2699 te
1207 2645 1460 2708 audierit,
1488 2643 1573 2697 ad-

1128 2715 1256 2772 hibe
1285 2724 1464 2771 tecum

1127 2787 1306 2841 adhuc
1334 2796 1389 2841 et
1412 2800 1602 2851 unum,

1131 2860 1215 2913 vel
1244 2858 1379 2913 duos
1404 2874 1420 2921 ;
1454 2867 1511 2912 ut
1538 2856 1596 2912 in

1130 2944 1226 2984 ore
1252 2929 1483 2984 duorum

1132 3002 1369 3067 testium,
1404 3000 1487 3055 vel

1132 3074 1289 3128 trium
1322 3081 1427 3127 stet
1458 3089 1576 3126 om-

717 3207 947 3263 L'ODEX
986 3206 1460 3264 (lOliBEIl‘lNSlS.

288 3325 356 3380 Et
379 3323 428 3378 si
449 3324 641 3379 oculus
667 3336 788 3379 tuus
812 3325 1187 3387 scandalizat,’
1215 3326 1394 3380 exime
1424 3324 1659 3389 illum,et
1689 3323 1894 3395 projice

289 2948 391 2987 una
424 2949 491 2986 ex
519 2935 629 2987 eis:
662 2946 798 2986 uou-

289 3020 356 3059 ne
378 3004 646 3086 relinquet

289 3090 494 3134 ιςνιιιι.
532 3092 584 3130 ιη

288 3412 314 3449 a
334 3406 388 3451 te
425 3415 438 3448 :
466 3397 652 3451 utilius
688 3407 773 3451 est
802 3398 943 3451 enim
969 3398 1063 3450 tibi
1094 3412 1254 3451 unum
1275 3398 1487 3451 oculum
1509 3398 1797 3451 habentem
1820 3397 1899 3451 in-

289 3478 434 3521 trare
447 3468 512 3521 ad
525 3469 876 3537 vitam,quam
900 3469 1036 3522 duos
1052 3469 1237 3522 orulos
1256 3469 1541 3522 habentem
1567 3469 1702 3521 mitti
1730 3471 1779 3520 in
1803 3484 1867 3536 ge
1885 3499 1901 3509 -

290 3538 527 3593 bennam
545 3539 904 3609 ignis.Videte
938 3556 1003 3593 ne
1032 3542 1423 3593 contemnatis'
1444 3542 1507 3591 de
1539 3540 1619 3591 his
1646 3538 1891 3608 pusillis“

288 3610 641 3664 credentibus
665 3612 715 3664 in
751 3628 863 3665 me:
893 3611 1015 3666 όὶου
1042 3612 1186 3665 enim
1218 3612 1402 3673 vobis,
1436 3612 1686 3679 quoniam
1717 3611 1891 3681 angeli

287 3697 476 3735 eorum
499 3682 718 3736 ’vident
749 3696 965 3750 semper
994 3684 1180 3737 faciem
1217 3682 1387 3735 Patris
1417 3682 1542 3745 tnei,
1570 3681 1659 3750 qui
1689 3682 1736 3733 in
1762 3699 1883 3736 coe-

290 3753 357 3805 lis
381 3762 489 3807 est.
520 3752 538 3782 ‘
563 3752 587 3790 δ
614 3753 753 3821 Quid
788 3754 939 3807 vobis
962 3754 1205 3808 videtur?
1232 3754 1275 3806 si
1309 3753 1329 3782 ⁵
1350 3753 1437 3806 cui
1467 3752 1669 3806 homini
1694 3752 1895 3807 fuerint

286 3826 509 3878 centum
539 3841 690 3889 oves,
720 3835 773 3878 et
802 3829 1066 3879 erraverit
1098 3840 1202 3878 uua
1232 3840 1296 3878 ex
1324 3824 1428 3879 illis
1456 3842 1467 3877 :
1518 3840 1698 3877 nonne
1741 3824 1761 3855 °
1802 3840 1889 3879 re-

289 3896 483 3966 linquit
514 3898 1001 3965 nonagintanoveiu
1036 3897 1088 3949 iu
1132 3897 1403 3950 montibus
1424 3938 1438 3961 ,
1472 3904 1526 3949 et
1570 3895 1717 3950 vadit
1745 3911 1890 3964 qua:-

290 3983 409 4021 rere
450 3968 596 4021 illam
642 3985 764 4037 qua:
792 3969 1038 4021 erravit?
1077 3978 1130 4023 et
1159 3972 1201 4021 si
1234 3968 1524 4036 contigerit
1570 3978 1626 4019 ut
1655 3968 1893 4021 inveniat

289 4054 406 4092 eam
434 4056 448 4092 :
478 4039 651 4093 Amen
680 4040 805 4093 dico
828 4040 1004 4105 vobis,
1035 4041 1054 4069 ’⁷
1085 4039 1226 4108 quod
1262 4039 1380 4108 plus
1405 4038 1656 4109 gaudebit
1687 4040 1736 4090 in
1769 4054 1887 4092 eaut

289 4126 447 4178 quam
482 4114 532 4164 in
567 4112 1082 4177 ttouagiutauovem,
1113 4126 1251 4177 tutae
1281 4127 1383 4162 non
1409 4108 1750 4164 erraverunt.
1795 4108 1893 4165 Sic

292 4198 393 4234 non
427 4193 508 4235 est
536 4183 790 4236 voluntas
818 4194 944 4236 ante
968 4182 1184 4235 Patrem
1214 4192 1474 4247 vestrum,
1525 4183 1611 4251 qui
1640 4182 1691 4233 in
1719 4182 1893 4235 eoelis

292 4261 375 4305 est
400 4294 413 4315 ,
446 4263 502 4305 ut
527 4264 719 4322 pereat
746 4269 881 4307 ttutts
908 4253 974 4307 de
1004 4254 1210 4321 pusillis
1242 4256 1374 4306 istis.
1417 4253 1567 4319 Quod
1620 4253 1661 4306 si
1697 4268 1889 4320 pecca-

294 4326 427 4378 verit
458 4326 507 4377 in
543 4337 594 4378 te
643 4328 808 4379 frater
840 4335 963 4379 tuus
988 4367 1001 4389 ,
1036 4326 1170 4379 vade
1193 4369 1206 4391 ,
1240 4326 1261 4357 ⁸
1297 4326 1509 4393 corripe
1548 4324 1697 4377 illutn
1740 4324 1893 4379 solus

292 4409 413 4449 cum
447 4397 587 4449 solo.
620 4396 677 4451 Si
710 4406 760 4449 te
788 4397 1048 4461 audierit,
1083 4397 1319 4451 lucratus
1350 4410 1407 4448 es
1466 4397 1681 4449 fratrem
1718 4405 1891 4448 tuuin.

295 4469 316 4498 ⁸
342 4469 491 4532 Quod
525 4472 571 4522 si
616 4476 670 4522 te
718 4483 821 4521 non
864 4468 1092 4522 audierit
1122 4510 1136 4532 ,
1177 4467 1372 4521 adhibe
1406 4482 1605 4530 unum,
1636 4476 1725 4519 aut
1754 4469 1893 4521 duos

298 4545 473 4592 tecum
509 4556 523 4603 ;
553 4548 609 4593 et
640 4541 1012 4609 praesentibus
1043 4541 1252 4595 duobus
1281 4581 1295 4604 ,
1346 4540 1429 4594 vel
1465 4539 1633 4593 tribus
1666 4539 1896 4594 testibus

298 4612 461 4665 stabit
488 4626 599 4666 om-

1268 217 1717 280 EVANGELIUM
1755 216 2131 281 SECUNDUM
2171 212 2607 281 MATTIUEUM.

3484 227 3593 289 ιω

2432 336 2666 394 CODEX
2714 335 3165 395 VERONENSIS.

2839 433 3001 499 tibus,
3034 443 3087 487 et
3120 433 3264 489 vadit

2837 520 3101 573 quaerere
3122 519 3242 560 eam

2836 591 2971 643 quae
2999 578 3222 645 erravit,

2840 646 2925 701 15.
2953 657 3007 703 et
3033 650 3075 701 si

2840 720 3131 787 contigerit

2843 802 2898 843 ut
2928 792 3163 845 inveniat
3194 806 3348 847 eam:

2841 865 3010 917 Amen
3035 862 3157 917 dico
3188 878 3282 918 vo-

2840 933 2944 1005 bis,
2979 934 3120 1003 quod
3148 950 3279 1005 gau-

2840 1004 2987 1059 debit
3014 1005 3065 1059 iu
3097 1004 3219 1060 eam

2844 1077 3015 1145 magis
3045 1092 3205 1147 quam
3240 1078 3293 1132 in

2840 1163 3043 1202 xcvuu.
3069 1163 3210 1216 (tuae

2840 1234 2947 1273 non
2973 1235 3191 1277 errave-

2840 1300 2983 1345 l'llﬂl.

2841 1360 2927 1415 14.
2958 1362 3047 1417 Sic
3078 1378 3183 1416 non
3215 1373 3299 1418 est

2844 1434 3093 1487 voluntas
3123 1445 3251 1488 ante

2843 1503 3057 1559 Patrem
3087 1514 3345 1572 vestrum,

2844 1579 2933 1645 qui
2963 1578 3015 1630 in
3045 1576 3211 1635 caelis

2844 1656 2950 1711 est,
2984 1660 3041 1701 ut
3065 1659 3251 1717 pereat

2844 1734 2984 1773 unus
3012 1734 3080 1775 ex
3110 1734 3210 1789 pu-

2845 1790 2978 1844 sillis
3002 1790 3138 1845 istis.

2844 1860 2933 1916 15.
2967 1861 3119 1929 Quod
3143 1862 3188 1916 si
3217 1877 3341 1933 pec-

2843 1935 3047 1988 caverit
3077 1933 3128 1987 in
3162 1942 3215 1989 te

2843 2003 3008 2058 frater
3038 2013 3184 2071 tuus,

2844 2077 2997 2140 vade,
3023 2084 3078 2130 et
3102 2091 3225 2129 eor-

2843 2146 2959 2215 ripe
2979 2162 3101 2201 eum
3122 2148 3205 2200 itt-

2845 2228 2927 2272 ter
2950 2227 3019 2284 te,
3051 2228 3104 2271 et
3131 2217 3306 2288 ipsum

2842 2290 3041 2345 solum.
3074 2288 3132 2345 Si
3166 2302 3216 2345 te

2842 2361 3073 2415 audierit
3094 2402 3109 2424 .
3144 2363 3317 2417 lucra-

2846 2440 2930 2484 tus
2960 2432 3068 2485 eris
3097 2432 3316 2487 fratrem

2846 2510 3018 2555 tuum.

2847 2571 2934 2627 16.
2966 2572 3021 2626 Si
3048 2582 3226 2629 autem
3250 2587 3357 2629 non

1998 448 2149 485 num.

1998 504 2049 558 9.
2086 505 2151 558 Et
2178 503 2223 557 si
2253 503 2442 558 nettlus

2003 584 2122 630 tuus
2150 575 2482 630 scandalizat

2003 655 2079 710 te,
2111 662 2241 701 erue
2268 663 2413 709 eum,
2434 658 2439 664 '

2000 726 2058 773 et
2086 720 2268 788 proice
2296 719 2395 773 abs

2004 800 2054 844 te
2080 806 2094 845 '.
2128 790 2327 844 bonum
2362 789 2456 843 tibi

2000 871 2084 915 est
2115 864 2259 915 enim
2296 877 2425 915 neua

2002 931 2112 985 lum
2140 932 2425 987 habentem

2001 1005 2054 1058 in
2088 1005 2251 1058 vitam
2286 1004 2453 1059 intra-

2001 1090 2082 1138 re,
2114 1090 2272 1144 quam
2300 1075 2439 1131 duos

2001 1147 2189 1202 oculos
2214 1146 2500 1203 habentem

2001 1218 2139 1271 mitti
2174 1219 2223 1271 in
2250 1219 2452 1287 gehen-

2002 1305 2128 1343 nam
2158 1291 2317 1357 ignis.

2005 1360 2093 1415 10.
2133 1359 2321 1415 Videte
2348 1376 2416 1415 ne
2439 1375 2575 1417 con-

2004 1431 2256 1486 temnatis
2287 1448 2453 1487 unum

2004 1518 2070 1557 ex
2101 1502 2185 1557 his
2214 1502 2382 1571 pusil~

2005 1573 2093 1639 lis,
2125 1573 2201 1639 (α)
2232 1574 2319 1644 qui
2350 1589 2468 1631 cre-

2005 1646 2141 1699 dunt
2170 1647 2221 1700 iu
2252 1662 2337 1700 me
2364 1647 2441 1717 1-:

2003 1717 2126 1771 dico
2147 1718 2291 1772 enim
2320 1732 2413 1771 vo-

2002 1788 2108 1852 bis,
2138 1788 2283 1858 quod
2309 1804 2406 1842 an-

2002 1860 2107 1941 geli
2135 1875 2323 1941 eorum

2002 1931 2058 1983 in
2082 1931 2247 1985 caelis
2274 1946 2419 1986 sem-

2005 2017 2102 2071 per
2123 2003 2302 2057 vident
2332 2003 2408 2055 fa-

2006 2075 2147 2128 ciem
2173 2074 2349 2128 Patris

2006 2146 2137 2210 mei,
2167 2148 2257 2216 qui
2288 2144 2341 2199 in

2008 2216 2096 2270 11.
2129 2219 2294 2273 caelis
2320 2225 2424 2272 est.
2450 2216 2556 2273 Ve-

2008 2287 2089 2341 nit
2113 2288 2282 2343 Filius
2306 2288 2404 2342 lto-

2007 2358 2169 2412 minis
2198 2361 2429 2425 salvare,

2006 2431 2149 2496 quod
2180 2432 2432 2499 perierat.

2008 2500 2095 2553 12.
2128 2503 2264 2567 Quid
2294 2501 2448 2554 vobis

2003 2570 2253 2625 videtur?
2283 2573 2326 2625 si
2357 2571 2471 2626 fue-

2003 2642 2114 2695 rint
2138 2643 2296 2696 alicui
2340 2643 2417 2712 (b)

2006 2714 2209 2767 homini
2242 2714 2282 2783 -ι-
2304 2728 2433 2768 cen-

2006 2796 2118 2838 tum
2145 2798 2293 2853 oves,
2323 2794 2378 2840 et

2005 2858 2269 2911 erraverit
2294 2870 2395 2910 una

2845 2653 2897 2697 te
2924 2643 3178 2709 audierit,
3210 2644 3305 2700 ad-

2844 2712 2972 2769 hibe
3003 2725 3175 2770 tecum
3200 2717 3296 2770 ad-

2844 2784 2949 2840 huc
2974 2802 3164 2855 unum,
3198 2788 3283 2842 vel

2844 2856 3016 2923 duos;
3050 2868 3107 2912 ut
3127 2860 3181 2913 in

2006 2941 2070 2982 ex
2097 2927 2209 2981 eis:
2244 2942 2423 2983 nonne
2842 2943 2940 2984 ore
2968 2929 3200 2984 duorum

2007 2998 2275 3081 relinquet
2303 3015 2375 3055 xc
2843 3000 3086 3082 testium,
3117 3001 3206 3057 vel

2007 3078 2064 3123 et
2094 3086 2225 3125 vnn.
2255 3078 2311 3126 in
2338 3086 2493 3126 mon-
2845 3078 3005 3125 trium
3040 3081 3147 3127 stet

2472 3204 2705 3261 CODEX
2746 3205 3146 3265 BRIXIANUS.

2006 3337 2155 3377 num.
2194 3319 2257 3376 Et
2288 3322 2330 3376 si
2362 3322 2550 3378 oculus
2580 3331 2702 3377 tuus
2739 3323 3073 3377 scandalizat
3112 3333 3183 3380 te.
3217 3339 3348 3381 erue
3373 3338 3519 3381 eum.
3557 3336 3611 3382 et

2010 3397 2195 3477 proice
2234 3396 2331 3476 aliis
2379 3402 2451 3449 te.
2476 3394 2695 3480 .melius
2731 3407 2813 3480 est
2840 3398 2984 3448 enim
3018 3396 3280 3480 tibi._cu_tm
3317 3414 3422 3480 ang
3450 3398 3611 3480 oculo

2010 3467 2062 3519 in
2092 3468 2255 3518 vitam
2305 3466 2531 3535 ingredi.
2573 3482 2731 3534 quam
2756 3466 2892 3519 duos
2914 3468 3101 3521 oculos
3132 3466 3438 3522 habenteu'i.
3474 3470 3610 3523 mitti

2010 3538 2064 3590 in
2100 3538 2273 3605 ignem
2308 3549 2591 3590 .eternum.
2637 3536 2827 3591 Videte
2865 3552 2930 3592 ne
2956 3542 3314 3592 eoutemnatis
3349 3556 3512 3592 unum
3542 3556 3609 3593 ex

2008 3606 2221 3677 pusillis
2268 3607 2407 3661 ἰμιίδ.
2448 3610 2570 3661 dico
2597 3610 2740 3661 enim
2785 3608 2958 3660 vobis.
2990 3612 3111 3677 quia
3139 3611 3524 3678 angelicorum
3551 3609 3606 3664 in

2006 3680 2172 3751 caelis
2203 3695 2420 3746 semper
2462 3679 2645 3751 vident
2682 3679 2880 3751 faciem
2917 3680 3088 3733 Patris
3116 3682 3220 3734 mei
3254 3681 3344 3751 qui
3370 3683 3420 3735 in
3446 3682 3611 3738 caelis

2008 3748 2279 3822 est.Veuit
2310 3751 2451 3822 enim
2483 3749 2651 3804 Filius
2679 3750 2915 3804 hominis
2944 3752 3154 3805 salvare
3178 3748 3318 3819 quod
3353 3758 3609 3822 perierat.

2006 3820 2143 3889 Quid
2175 3823 2325 3877 vobis
2359 3821 2571 3876 videtur
2601 3823 2643 3875 si
2678 3822 2878 3876 fuerint
2903 3823 3064 3876 alicui
3088 3822 3165 3892 (b)
3193 3820 3463 3895 homini-1‘
3484 3840 3614 3878 cen-

2008 3902 2119 3947 tum
2153 3908 2300 3947 oves.
2355 3904 2408 3947 et
2434 3895 2699 3947 erraverit
2730 3909 2831 3947 una
2872 3910 2935 3948 ex
2970 3898 3068 3949 eis.
3117 3912 3299 3951 nonne
3347 3896 3615 3965 relinquet

2006 3975 2336 4034 nonnagmta
2356 3979 2546 4019 novem
2574 3966 2623 4017 in
2656 3966 3012 4020 montibus.et
3040 3969 3187 4020 vadit
3206 3982 3468 4036 quaerere
3492 3984 3613 4021 eam

2002 4051 2148 4162 (quae
2173 4039 2393 4090 erravit.
2424 4047 2476 4091 et
2507 4037 2550 4089 si
2582 4037 2891 4106 contigerit.
2926 4050 2979 4090 ut
3006 4038 3244 4093 inveniat
3270 4054 3408 4092 cuin.
3438 4042 3612 4094 Anien

2045 4109 2125 4162 ico
2142 4108 2313 4162 Vobis.
2336 4109 2456 4162 uuia
2477 4107 2731 4162 gaudebit
2750 4124 2913 4162 super
2926 4124 3043 4162 eam
3058 4148 3069 4161 .
3090 4113 3259 4162 magis
3274 4126 3432 4162 uuam
3452 4120 3612 4162 super

2045 4109 2125 4162 ico
2142 4108 2313 4180 Vobis.
2336 4109 2456 4178 quia
2477 4107 2731 4177 gaudebit
2750 4124 2913 4177 super
2926 4124 3069 4163 eam.
3090 4113 3259 4179 magis
3274 4126 3432 4179 quam
3452 4120 3614 4180 super

2002 4178 2332 4248 nonnagiuta
2361 4194 2551 4234 novem
2602 4196 2738 4248 quae
2770 4196 2874 4233 nou
2909 4178 3248 4235 erraverunt.
3280 4184 3368 4236 Sic
3395 4196 3498 4235 non
3522 4178 3615 4235 est

2002 4251 2250 4305 voluntas
2279 4252 2329 4304 in
2361 4260 2651 4320 conspectu
2682 4251 2856 4305 Patris
2887 4255 3045 4305 vestri
3071 4253 3159 4321 qui
3189 4254 3239 4305 in
3264 4252 3428 4307 caelis
3446 4262 3616 4307 est.ut

2002 4331 2189 4391 pereat
2224 4339 2361 4376 unus
2391 4324 2457 4376 de
2490 4322 2697 4391 pusillis
2726 4322 2924 4377 istis.Si
2950 4335 3129 4377 autem
3158 4326 3461 4392 peccaverit
3485 4326 3535 4378 in
3562 4335 3613 4379 te

2006 4393 2175 4448 frater
2207 4402 2329 4448 tuus
2366 4393 2498 4448 vade
2525 4404 2575 4448 et
2599 4395 2813 4463 corripe
2841 4409 2963 4447 eum
2990 4394 3130 4448 inter
3153 4403 3204 4448 te
3232 4405 3284 4449 et
3316 4396 3488 4462 ipsum
3527 4410 3615 4450 so-

2005 4464 2137 4519 lum.
2167 4466 2221 4519 Si
2258 4476 2309 4520 te
2340 4466 2565 4519 audierit
2597 4466 2831 4519 lucratus
2848 4464 3331 4520 esfratremtuum.
3358 4467 3414 4522 Si
3434 4475 3611 4521 autem

2008 4552 2113 4590 non
2147 4545 2198 4589 te
2236 4538 2468 4591 audierit
2497 4536 2693 4590 adhibe
2726 4543 2903 4591 tecum
2927 4537 3103 4591 adhuc
3148 4553 3313 4591 unum
3342 4539 3421 4593 vel
3450 4540 3610 4593 duos.

2007 4618 2065 4661 ut
2083 4609 2134 4661 in
2155 4622 2249 4662 ore
2274 4609 2502 4662 duorum
2529 4609 2745 4663 testium
2766 4607 2847 4663 vel
2872 4608 3033 4663 trium
3053 4618 3160 4664 stet
3179 4624 3298 4663 om-

971 4770 1366 4828 VARIANTES
1403 4767 1791 4826 LECTIONES
1836 4764 2109 4823 CODICIS
2150 4762 2262 4821 MS.
2305 4763 2361 4822 S.
2404 4763 2926 4822 GERMANENSIS.

356 4911 373 4941 ι
411 4916 482 4971 te,
497 4924 623 4960 eme
638 4922 791 4959 eum.
830 4911 918 4959 abs
929 4914 979 4960 te
1002 4925 1012 4959 :
1029 4910 1211 4958 bonum
1230 4908 1315 4959 tibi
1335 4917 1471 4959 est...
1486 4910 1536 4958 in
1552 4909 1704 4959 vitam
1720 4908 1896 4958 venire

353 4974 374 5004 ³
409 4986 559 5022 unum
583 4986 647 5022 ex
676 4971 862 5034 pusillis
880 4974 907 5003 ⁸
931 4975 1014 5034 qui
1034 4971 1242 5022 credunt
1265 4973 1316 5021 in
1342 4985 1424 5022 me

354 5034 376 5066 ³
406 5037 459 5083 in
482 5036 633 5097 coelis
656 5048 857 5097 semper
886 5034 1053 5097 vident

356 5098 377 5165 ξ
408 5097 559 5165 Venit
582 5096 611 5133 ι)
639 5096 793 5165 enim,
819 5104 868 5151 ut
892 5096 1040 5165 Vulg.

357 5160 378 5192 ⁵
410 5158 602 5212 fuerint
626 5160 776 5211 alicui

2071 4906 2094 4937 ⁸
2126 4903 2379 4968 relinquet

2068 4969 2093 5063 ζ
2125 4967 2683 5082 (ἐῖοὲιὲθυὲῗιέξῖἇῳθτ
2705 4979 2834 5028 eam,
2856 4969 3013 5031 magis
3035 4978 3182 5030 quam

2070 5043 2093 5063 ο
2129 5043 2196 5091 et,
2226 5043 2345 5090 etc.,
2372 5043 2421 5082 tu
2458 5043 2600 5097 vutg.

2068 5095 2091 5126 ⁸
2124 5092 2177 5142 Si
2199 5099 2384 5156 autem,
2411 5100 2533 5156 etc.,
2552 5097 2604 5144 ut
2630 5090 2777 5156 Vulg.

1618 5254 1982 5325 BLANCHINI
2014 5264 2244 5324 NOTAE.

364 5416 388 5444 ε
418 5404 494 5460 lta
524 5405 762 5462 Hilarius
792 5404 995 5479 addens
1018 5420 1141 5479 cum
1186 5420 1313 5479 mss.
1344 5406 1563 5479 nostris
1588 5447 1603 5473 ,
1656 5406 1749 5479 qui
1790 5423 1900 5479 cre-

292 5479 420 5532 dunt
448 5480 500 5532 in
525 5495 652 5550 mei,-
682 5477 828 5550 quod
854 5492 1014 5550 aeque
1035 5478 1313 5533 adnotavit
1340 5478 1392 5533 in
1427 5477 1690 5535 Versione
1724 5477 1899 5550 Anglo

291 5550 559 5606 Saxonica
584 5548 689 5605 Tb.
725 5548 1127 5605 Maresehallus.

2080 5402 2354 5478 blateger
2375 5403 2673 5478 versiculus
2698 5405 2787 5462 hic
2820 5421 3035 5478 quoque
3062 5407 3402 5464 desideratur
3428 5407 3481 5463 in
3506 5423 3609 5466 ms.

2007 5476 2325 5533 Corbeiensi
2349 5492 2361 5530 :
2393 5476 2643 5533 eumdem
2673 5492 2804 5534 vero
2832 5476 3031 5535 retinet
3054 5479 3225 5535 codex
3249 5479 3613 5537 San-Gertnaa

2008 5547 2231 5619 nensis,
2268 5545 2510 5621 Vulgata),
2536 5549 2760 5606 editioni
2790 5550 3167 5608 consentiens.

367 5689 662 5766 (a)_A_ddit,
715 5690 1042 5766 quicredunt
1085 5691 1138 5746 in
1192 5708 1288 5766 me.
1335 5690 1399 5745 Et
1453 5692 1521 5746 ita
1569 5693 1688 5752 cod.
1736 5692 1891 5749 Cant.

2011 5715 2035 5747 ν
2089 5689 2434 5748 πιστευόντων
2491 5692 2561 5753 εἰς
2626 5690 2748 5766 ini;
2804 5704 2835 5747 e
2878 5704 3038 5747 versu
3085 5689 3118 5747 6
3166 5689 3326 5765 hujus
3373 5709 3492 5766 cap.
3545 5726 3613 5737 ~—

298 5763 370 5836 (ὸ)
399 5761 567 5821 Addit
594 5761 810 5828 homini,
837 5763 998 5819 etiam
1029 5771 1204 5819 textus
1231 5763 1454 5820 Griecus
1480 5766 1753 5840 ἀνθρώπῳ.
