2024 3094
209 136 263 166 267

404 192 522 222 CODEX
541 190 812 221 VERCELLENSIS.

208 246 282 279 esset
295 242 315 277 ει-
328 248 432 279 sermo-
626 274 639 279 Α
659 246 724 279 una.
779 273 784 279 _

209 285 258 305 nes
271 274 338 305 istos
349 277 429 305 Jesus
440 297 446 309 .
623 274 649 302 6.
671 274 765 309 Itaque
775 274 830 309 jam
843 279 895 300 non

210 313 348 341 transtulit
361 320 391 340 se
441 308 444 309 ⁷
623 314 687 337 sunt
698 308 767 341 duo.
779 308 828 336 sed

208 357 222 376 a
236 349 365 381 Galilaea,
380 352 409 375 et

209 384 283 412 venit
298 385 324 411 in
340 384 399 411 ﬁtti-

206 421 257 448 bus
267 419 368 447 Judeae
378 424 406 447 et

205 460 281 483 trans
292 455 388 482 Jorda—

205 492 233 518 2.
256 499 320 523 nen,
333 495 361 517 et
374 496 451 518 secu-

206 531 250 554 tae
263 531 326 554 sunt
334 533 396 553 eum

205 562 300 590 turbae
311 561 382 588 mul—

204 601 260 630 tae,
273 601 300 625 et
312 596 416 624 curavit

201 632 275 660 illos.
300 653 307 660 .
330 652 337 658 .
360 651 367 659 .
391 652 398 659 .
421 653 427 659 .

203 668 231 695 5.
252 668 286 695 Et
300 671 474 698 accesserunt

203 703 237 731 ad
248 711 310 731 eum
322 703 416 731 Phari—

202 740 258 766 saei
272 744 403 773 temptan-

202 779 243 802 tes
257 779 283 802 et
297 774 391 801 dicen-

202 813 244 837 tes
258 818 265 836 :
281 810 309 837 Si
321 810 384 837 licet
397 809 447 842 ho-

202 846 268 873 mini
278 845 370 872 dimit-

201 885 259 908 lere
270 888 382 909 uxorem

200 924 276 943 suam
287 938 292 948 ,
306 924 436 951 quacum-

623 353 676 373 una
689 353 763 373 caro.

622 381 699 415 Quod
711 388 776 416 ergo
788 381 840 408 De-

621 425 653 444 us
663 416 803 451 conjunxit

623 452 649 479 in
664 459 747 480 unum
756 473 763 485 ,
780 458 834 479 non

622 488 686 516 licet
702 495 811 522 separa-

622 523 647 550 7.
671 523 704 550 ri.
722 523 821 550 Dicunt
832 522 871 550 illi
890 532 896 550 :

621 558 691 593 Quid
705 566 769 594 ergo
783 559 858 594 Moy-

620 602 665 622 ses
678 594 815 622 mandavit

619 629 677 657 dari
692 629 789 657 librutn

620 664 740 700 repudii,
755 670 782 693 et
794 664 835 692 di-

620 701 745 728 mittere?

619 735 645 763 8.
667 737 712 763 Ait
726 736 780 764 illis
794 735 871 764 Jesus
885 743 891 762 :
906 734 979 770 Quo-

619 772 692 799 niam
707 772 741 799 ad
754 771 830 799 duri-

620 807 684 834 tiam
698 806 790 834 cordis

618 843 703 870 vestri
718 842 818 878 peruti-

618 879 654 905 sit
664 879 741 914 vobis
753 878 823 914 Moy-

617 921 663 942 ses
676 913 814 942 dimittere

200 960 296 990 que_ex
311 953 412 990 causa?
617 957 716 990 uxores
726 957 791 990 _ves-'
806 984 812 990 η

199 987 226 1013 4.
251 988 283 1014 Ει
296 988 464 1021 respondens
616 989 672 1013 tras
685 995 692 1012 :
708 985 742 1012 ab
753 985 830 1013 initio

199 1023 279 1050 Jesus
290 1024 327 1050 ait
343 1032 349 1049 :
366 1023 423 1050 Non
615 1026 772 1048 autemnon

199 1058 301 1093 legistis
310 1079 317 1091 ,
337 1058 398 1092 qttia
616 1056 730 1093 fuitisic.

198 1091 242 1128 qui
257 1095 317 1121 iecit
333 1094 369 1129 (rt)
386 1094 418 1121 ab
434 1094 454 1121 ἱ-
616 1091 643 1129 9.
667 1092 732 1129 Dico
744 1096 833 1129 autem
847 1098 895 1119 vo—

197 1130 264 1156 nitio
277 1137 382 1156 mascu-

196 1165 252 1191 lum
268 1171 293 1191 ct
308 1165 384 1191 femi-

197 1208 259 1227 nam
275 1200 355 1228 fecit?
370 1205 398 1228 et

195 1235 266 1263 dixit
282 1245 289 1263 :

616 1127 674 1160 bis,
691 1128 727 1163 (b)
741 1128 864 1163 quicum-

615 1170 670 1198 que
685 1163 821 1190 dimiserit

615 1196 728 1226 uxorem
741 1206 817 1226 suam
830 1219 838 1232 ,
854 1196 892 1234 (c)

615 1235 665 1262 nisi
681 1234 716 1262 ob
728 1241 837 1262 causam

231 1271 260 1299 5.
280 1271 394 1306 Propter
410 1272 461 1299 ltoc
613 1269 771 1306 fornicatio—

232 1305 354 1334 remittet
611 1306 654 1341 nis
662 1327 669 1339 ,
681 1305 702 1341 -ι-
713 1310 740 1333 et
754 1306 835 1333 aliam

233 1341 316 1370 homo
330 1349 378 1377 pa-
611 1340 734 1374 duxerit,
749 1349 824 1369 moe-

230 1382 300 1405 trem
312 1376 340 1405 et
353 1385 410 1405 ma-
610 1382 699 1403 catur.
712 1376 751 1411 (ἀ)

231 1418 312 1446 trem,
329 1417 357 1441 et
371 1412 419 1441 he-
612 1411 656 1439 10.
678 1411 775 1439 Dicunt
786 1411 811 1439 ei
824 1411 879 1439 dis-

231 1449 301 1476 rebit
312 1456 378 1476 uxo-
610 1447 692 1482 cipuli
708 1447 767 1482 ejus
783 1457 788 1474 :
804 1447 834 1474 Si

231 1485 253 1512 ri
267 1492 333 1512 suae
343 1505 351 1517 ,
368 1488 396 1512 et
611 1483 650 1510 sic
661 1487 704 1510 est
718 1490 800 1510 causa

230 1525 310 1547 erunt
324 1520 378 1547 duo
610 1518 662 1545 viri
676 1525 737 1545 cum
751 1526 818 1546 uxo-

230 1556 258 1583 in
269 1563 350 1584 carne
612 1561 658 1587 re,
670 1561 723 1581 non
735 1561 818 1590 expe-

403 1600 523 1630 CODEX
542 1600 780 1629 CORBEIENSIS.

193 1656 287 1677 mones
303 1649 385 1681 istos,
402 1652 415 1666 ι
427 1646 566 1674 transtulit
580 1654 610 1673 se
625 1654 640 1673 a
660 1646 801 1679 Galilaea,
818 1651 845 1674 et
866 1646 941 1674 venit
965 1646 994 1673 in

193 1686 262 1713 fmes
277 1685 284 1699 ¹
300 1684 418 1712 Iudaeae
432 1687 460 1710 et
481 1688 556 1710 trans
575 1681 721 1709 Jordanem
732 1703 739 1715 ,
758 1686 785 1710 et
800 1687 910 1710 secutae
933 1687 995 1709 sunt

191 1728 255 1748 cum
277 1720 371 1747 turbae
386 1719 504 1752 multae,
521 1722 548 1745 et
562 1719 668 1746 curavit
683 1725 730 1745 eos
756 1718 803 1745 ibi.
821 1718 855 1744 Et
866 1724 994 1745 accesse~

192 1760 256 1783 runt
270 1755 304 1783 ad
316 1763 377 1783 ettm
401 1753 539 1781 Pharisaei
555 1759 691 1780 tentantes
714 1760 774 1781 eum
785 1774 791 1785 ,
804 1757 832 1781 et
845 1753 968 1780 dicentes
984 1762 990 1779 :

191 1792 219 1819 Si
243 1792 305 1818 licet
328 1789 428 1817 homini
450 1789 588 1817 dimittere
610 1796 727 1816 ttxorem
749 1796 845 1822 suam,
871 1797 903 1816 ex
926 1796 993 1824 qua-

191 1827 350 1862 quumque'
365 1825 601 1862 causs-a‘lertibus
618 1824 790 1862 respondens
805 1825 863 1862 ait;
881 1824 939 1852 Non
954 1826 993 1862 le—

190 1859 359 1898 gistis,'quia
375 1864 418 1895 qui
443 1861 505 1898 fecit
518 1860 528 1875 ³
540 1860 554 1879 ιι
565 1881 576 1898 ,ἢ
589 1860 739 1898 masculum
759 1865 788 1898 et
803 1860 930 1887 feminam
953 1859 994 1887 fe-

191 1896 228 1925 cit
242 1898 273 1924 ‘?
290 1896 317 1924 et
335 1897 404 1924 dixut
421 1906 427 1922 :
442 1896 558 1930 Propter
572 1896 622 1923 hoc
645 1896 766 1923 remittet
783 1896 864 1922 homo
886 1900 990 1930 patrem

189 1940 218 1962 et
229 1939 352 1965 matrem,
366 1937 393 1959 et
405 1931 562 1959 adhaerebit
577 1932 653 1958 uxori
678 1938 754 1963 suae,
781 1936 809 1958 et
831 1937 910 1958 erttnt
937 1931 993 1959 duo

189 1969 318 1997 in‘carne
340 1975 401 1995 una.
418 1967 509 2002 Itaque
531 1968 585 2000 jam
608 1975 659 1994 non
681 1971 743 1993 sunt
767 1966 842 1999 duo,
864 1967 911 1994 sed
936 1974 989 1993 una

190 2013 263 2032 caro.
281 2004 358 2038 Quod
373 2011 438 2038 ergo
454 2004 524 2030 Deus
539 2004 549 2018 ⁵
561 2003 649 2036 junxit
671 2002 698 2029 iu
713 2009 817 2038 unum,
839 2002 920 2029 homo
934 2010 988 2029 non

188 2037 334 2076 disiungat.
355 2037 484 2066 Dixerunt
503 2039 540 2065 illi
564 2038 759 2076 :_Qu.ire__erg_o
782 2037 888 2076 Moyses
907 2045 988 2076 prae-

189 2073 261 2111 cepit
277 2073 342 2103 dare
357 2076 479 2102 libellum
496 2073 625 2111 repudii_,_,
636 2079 662 2100 et
676 2073 812 2111 dimittere
823 2075 835 2099 ’ἰ
847 2073 893 2111 Ait
913 2073 987 2111 illis:

189 2109 319 2146 Quoniam
344 2111 377 2139 ad
402 2111 527 2137 duritiam
550 2109 640 2136 cordis
662 2109 744 2135 vestri
768 2110 890 2146 permisit
911 2109 989 2136 vobis

190 2144 317 2183 (Moyses
344 2147 480 2174 dimittere
499 2152 598 2172 uxores
615 2144 785 2183 vestraszab
804 2144 882 2171 initio
897 2149 987 2183 autem

190 2191 243 2210 non
257 2179 306 2209 iuit
325 2183 375 2210 sic.
391 2183 454 2209 Dico
474 2186 563 2208 autem
579 2181 670 2212 vobis,
685 2181 694 2196 "
710 2180 894 2215 quiqttumque
907 2179 987 2206 dimi-

189 2219 257 2246 serit
273 2225 383 2245 uxorcm
397 2224 471 2244 suam
486 2238 492 2249 ,
514 2221 626 2252 excepta
639 2223 734 2243 caussa
746 2216 879 2252 adulterii
892 2237 898 2249 ,
923 2215 990 2242 facit.

189 2262 249 2282 eam
266 2253 413 2280 moechari.
431 2253 527 2280 Dicunt
540 2254 565 2280 ei
579 2251 702 2288 discipuli
718 2260 724 2279 :
742 2251 770 2279 Si
785 2253 820 2278 ita
833 2256 875 2279 est
890 2258 986 2279 caussa

189 2291 200 2307 ⁸
210 2298 270 2319 cum
286 2297 386 2322 nitore,
401 2296 454 2315 non
468 2296 547 2323 cxpe-

480 135 616 164 EUSEBII
637 132 803 163 VERCELL.
827 130 1052 160 EVANGELIUM
1071 128 1143 160 CUM
1163 129 1278 159 VARIIS
1296 129 1374 159 COD.
1394 129 1592 160 GOLLATUM.

1804 131 1858 160 268

1276 187 1394 217 CODEX
1414 187 1638 218 VERONENSIS.

1059 244 1201 265 sermones
1215 236 1251 264 is—
1478 236 1526 263 sed
1541 243 1592 263 una
1603 242 1676 264 caro.

1061 277 1102 300 tos
1116 272 1209 305 Iesus,
1226 276 1314 301 trans-
1478 271 1553 306 Quod
1567 279 1632 306 ergo

1059 309 1120 336 tulit
1132 316 1162 336 se
1174 316 1189 335 a
1201 307 1253 336 Ga—
1479 307 1551 335 Deus
1564 306 1716 343 conjucxit,

1058 344 1152 377 lilaea,
1168 349 1195 371 et
1208 351 1254 372 ve-
1476 343 1557 370 homo
1571 350 1625 371 non
1639 350 1683 373 se-

1058 379 1099 407 nit
1113 379 1139 406 in
1155 379 1223 407 ﬁnes
1476 382 1564 407 Daret.

1496 434 1502 440 .
1524 414 1623 441 Dicunt
1637 414 1677 444 illi
1690 423 1697 442 :

1474 449 1543 484 Quid
1558 457 1623 487 ergo
1636 450 1710 487 Μοῖ-

1476 492 1521 513 scs
1537 486 1674 514 mandavit

1477 520 1535 548 dari
1547 521 1646 550 librum

1477 556 1599 591 repudii,
1613 561 1641 585 et

1477 592 1615 621 dimittere
1628 600 1695 622 uxo-

1477 635 1534 656 rem
1541 628 1553 655 ?

1057 414 1177 442 Judaeae
1190 420 1264 442 trans

1056 450 1085 478 ‘2.
1106 450 1252 479 Jordanem
1259 470 1268 484 ,
1283 454 1311 479 et

1057 490 1167 514 secutae
1183 491 1246 514 sunt

1056 529 1117 549 eum
1135 522 1228 549 turbae

1057 557 1157 585 multae
1168 578 1175 590 ,
1191 562 1219 585 et
1233 563 1279 585 cu-

1058 594 1127 620 rat'it
1141 600 1189 620 eos
1199 593 1245 621 ibi.

1058 628 1086 656 5.
1106 628 1141 655 Et
1150 633 1324 657 accesserunt

1057 664 1090 691 ad
1102 671 1165 691 eum
1184 663 1279 691 Phari-
1478 663 1504 691 8.
1529 663 1576 692 Ait
1588 664 1643 692 illis

1057 700 1113 727 saei
1127 703 1291 734 temptantes
1476 698 1556 727 Jesus
1569 709 1576 727 :

1056 742 1134 768 eum,
1150 740 1178 762 et
1195 735 1287 763 dicen-
1477 735 1610 767 Quoniam
1624 735 1659 763 ad
1671 734 1717 766 d‘u-

1477 770 1567 798 ritiam
1581 771 1672 799 cordis

1475 806 1558 834 vestri
1575 808 1699 841 permisit

1476 842 1554 878 vobis
1569 843 1677 878 Moyses

1475 877 1620 906 dimittere
1628 886 1696 907 uxo-

1475 920 1519 940 res
1534 918 1638 941 vestras
1651 922 1657 941 :
1673 915 1707 943 ab

1475 948 1554 976 initio
1569 953 1663 977 autem

1476 992 1531 1012 non
1548 984 1598 1012 fttit
1610 985 1661 1013 sic.

1476 1020 1503 1048 9.
1525 1019 1591 1047 Dico
1604 1025 1696 1051 autem

1057 775 1098 798 tes
1111 779 1118 798 :
1135 769 1163 797 Si
1178 770 1241 798 licet
1254 770 1304 798 ho~

1055 805 1122 833 mini
1137 806 1275 834 dimittere

1056 849 1167 869 uxorem
1188 849 1264 870 suam
1274 863 1281 876 ,

1054 884 1224 913 quacumque

1054 920 1088 940 ex
1101 913 1200 940 causa?

1054 947 1083 975 ι.
1105 949 1138 976 Et
1151 949 1319 983 respondens

1054 983 1133 1012 Jesus
1149 984 1185 1011 ait
1197 984 1250 1013 illis
1263 994 1269 1012 :

1054 1019 1112 1047 Non
1129 1020 1232 1055 legistis
1241 1041 1249 1053 ,

1054 1056 1119 1093 quia
1131 1057 1175 1091 qui
1191 1055 1230 1083 fe-
1259 1091 1264 1093 _
1474 1055 1566 1088 vobis,
1581 1056 1618 1093 (b)
1635 1057 1696 1092 qui-

1053 1091 1092 1118 cit
1104 1091 1313 1127 r(a)7masculum
1474 1091 1590 1127 cumque
1601 1091 1682 1122 dimi-

1054 1130 1083 1154 et
1099 1126 1227 1154 feminam
1473 1126 1668 1157 serit’uxorem

1039 1162 1087 1199 'ab
1105 1162 1183 1199 initio
1198 1163 1236 1191 fe-
1473 1170 1566 1196 suam,
1583 1163 1620 1199 (c)
1634 1165 1686 1192 nisi

1053 1197 1091 1224 cit
1110 1198 1175 1225 eos?
1191 1202 1219 1226 et
1474 1199 1511 1227 ob
1522 1197 1630 1227 causam
1645 1199 1688 1228 for

1053 1232 1122 1270 dixit
1137 1242 1143 1260 :
1235 1268 1242 1270 Α
1474 1235 1631 1267 nicationis,
1643 1234 1665 1270 -ι-

1054 1268 1080 1295 5.
1103 1270 1217 1304 Propter
1233 1268 1285 1298 hoc
1474 1273 1501 1297 et
1513 1270 1593 1297 aliam
1605 1268 1656 1298 du;

1053 1304 1188 1340 relinquet
1203 1305 1285 1333 homo
1472 1307 1557 1339 xerit,
1573 1313 1647 1334 moe—

1053 1345 1159 1374 patrem
1172 1345 1199 1368 et
1212 1349 1268 1378 ma-
1471 1345 1557 1378 catur.
1569 1341 1610 1378 (ἀ)

1471 1376 1517 1404 10.
1539 1376 1636 1406 Dicunt
1646 1377 1671 1406 ei
1685 1376 1728 1406 di-

1470 1413 1569 1447 scipuli
1583 1412 1659 1448 ejus:

1471 1447 1501 1476 Si
1514 1449 1549 1475 ita
1561 1447 1603 1476 est
1615 1451 1681 1478 cau-

1053 1380 1122 1403 trem
1131 1397 1138 1408 ,
1153 1381 1180 1403 et
1192 1376 1293 1404 adhae-

1053 1411 1124 1439 rebit
1137 1412 1214 1439 uxori
1229 1419 1294 1440 suae
1303 1433 1311 1446 ,

1051 1450 1079 1474 et
1093 1451 1174 1474 erunt
1187 1447 1241 1475 duo

1050 1482 1078 1509 in
1091 1489 1173 1510 carne
1187 1490 1250 1510 una.
1471 1491 1501 1512 sa
1516 1483 1568 1511 viri
1586 1491 1648 1512 cum

1051 1518 1078 1545 6.
1099 1517 1193 1553 Itaque
1204 1518 1260 1554 jam
1471 1526 1558 1548 uxore
1568 1541 1576 1554 ,

1052 1561 1105 1581 non
1119 1559 1183 1582 sunt
1197 1553 1266 1587 duo,
1473 1562 1527 1582 non
1538 1563 1587 1583 ex-

1286 1599 1401 1629 CODEX
1418 1601 1620 1631 BRleANUSa

1049 1654 1146 1675 mones
1161 1647 1239 1675 istos.
1253 1647 1393 1675 transtulit
1406 1655 1436 1675 se
1450 1656 1465 1675 a
1478 1648 1609 1676 Galilaea.
1623 1652 1650 1676 et
1665 1649 1741 1677 nni!
1751 1650 1860 1678 inlini-

1049 1682 1100 1710 bus
1127 1682 1239 1710 Judeae.
1257 1688 1337 1710 trans
1351 1683 1498 1711 Iordanen.
1528 1687 1556 1711 et
1576 1688 1670 1719 sequte
1698 1690 1765 1713 sunt
1788 1692 1854 1715 eum

1049 1718 1146 1746 turbae
1166 1719 1278 1746 utultae.
1293 1724 1320 1747 ct
1341 1723 1353 1739 ο
1367 1719 1473 1747 curabit
1491 1727 1542 1747 eos
1557 1718 1658 1747 ibiiEt
1676 1726 1854 1749 accesserunt

1051 1754 1083 1781 ad
1097 1762 1158 1781 eum
1176 1754 1313 1781 Pharisaei
1327 1759 1473 1783 temtantes
1488 1763 1551 1783 eum
1562 1760 1589 1782 et
1601 1755 1731 1784 dicentes.
1745 1757 1772 1784 Si
1789 1757 1854 1785 licet

1050 1789 1155 1826 homini
1168 1790 1302 1817 dimittere
1318 1798 1430 1817 uxorem
1446 1798 1532 1818 suam.
1545 1798 1713 1826 quacumque
1727 1798 1760 1819 ex
1781 1791 1834 1820 ἐπα
1845 1807 1855 1814 -

1051 1833 1091 1853 sa.
1111 1824 1191 1853 Jcsus
1212 1832 1302 1862 autem
1327 1826 1495 1862 respondens
1517 1824 1561 1853 ait'
1577 1827 1639 1854 illis.
1664 1824 1721 1854 Non
1745 1827 1853 1862 legistis

1048 1862 1113 1896 quia
1127 1862 1171 1895 qui
1190 1861 1252 1888 fecit
1267 1861 1306 1897 (al
1320 1861 1354 1888 ab
1370 1862 1446 1888 initio
1465 1862 1614 1889 masculum
1628 1868 1655 1890 et
1671 1861 1797 1890 feminam
1812 1863 1854 1891 fe-

1048 1898 1086 1924 cit
1099 1904 1156 1923 eos.
1173 1902 1200 1924 et
1213 1896 1298 1933 dixit.
1307 1897 1422 1932 Propter
1432 1897 1484 1924 hoc
1496 1897 1632 1931 relinquet
1648 1898 1729 1925 homo
1745 1904 1851 1933 patrem

1047 1937 1074 1959 et
1091 1937 1204 1959 matrem
1220 1938 1248 1959 et
1267 1932 1412 1960 adherebit
1437 1933 1514 1960 uxori
1539 1941 1612 1961 suae.
1639 1939 1666 1961 et
1690 1932 1769 1961 erunt
1795 1936 1852 1963 duo

1046 1968 1073 1994 in
1084 1975 1166 1995 carne
1182 1975 1245 1995 una.
1259 1968 1350 2002 Itaque
1362 1968 1417 2002 jam
1433 1976 1485 1995 non
1500 1974 1564 1996 sunt
1577 1969 1632 1997 duo
1645 1969 1692 1997 sed
1709 1978 1761 1997 una
1772 1977 1850 1998 caro.

1045 2003 1121 2037 Quod
1138 2011 1203 2038 ergo
1218 2004 1287 2031 Deus
1297 2004 1445 2036 coniunxit.
1461 2005 1541 2032 homo
1557 2011 1609 2032 non
1619 2010 1735 2039 separet.
1751 2006 1852 2034 Dicunt

1046 2039 1070 2066 ei
1084 2039 1172 2076 Quare
1187 2046 1252 2074 ergo
1268 2039 1373 2076 Moyses
1386 2040 1522 2076 mandavit
1537 2041 1594 2067 dari
1610 2040 1730 2068 lihellum
1744 2042 1851 2076 repudii

1049 2078 1077 2101 et
1098 2074 1235 2101 dimittere
1251 2082 1321 2102 eam.
1337 2074 1379 2101 Ait
1396 2076 1458 2103 illis.
1475 2075 1589 2109 Propter
1603 2076 1730 2105 duritiam
1757 2074 1852 2105 cordis

1046 2110 1142 2147 vestri.
1151 2110 1272 2144 permisit
1283 2110 1473 2147 vobieroyses
1482 2111 1617 2139 dimittere
1626 2119 1725 2140 uxores
1732 2116 1849 2140 vestras.

1046 2145 1162 2184 ah_nitio
1182 2150 1270 2184 autem
1287 2145 1474 2184 nonfuit'sic.
1489 2147 1555 2174 Dico
1574 2152 1665 2184 autem
1686 2148 1764 2184 vobis
1785 2148 1852 2184 quia

1045 2180 1209 2219 quicumque
1229 2181 1361 2219 dimiserit
1377 2190 1488 2219 uxorem
1504 2190 1580 2210 suam
1599 2183 1634 2219 (c)
1658 2183 1710 2210 nisi
1728 2183 1763 2211 ob
1785 2180 1853 2211 can-

1046 2223 1103 2243 sam
1113 2216 1323 2253 fornicationis.
1339 2217 1360 2253 τ
1370 2221 1397 2245 et
1408 2218 1487 2244 aliam
1500 2216 1630 2246 duxerit."
1644 2224 1795 2247 ntoecatur.
1822 2224 1852 2248 et

1045 2253 1090 2286 qui
1102 2252 1242 2279 dimissam
1254 2253 1360 2280 duxerit
1372 2259 1519 2281 moecatur.
1532 2253 1566 2281 Et
1576 2254 1703 2282 dixerunt
1726 2256 1750 2282 ei
1766 2255 1853 2283 disci-

1044 2288 1101 2322 puli
1112 2288 1170 2322 ejus
1183 2288 1212 2316 Si
1227 2289 1262 2315 ita
1278 2293 1319 2316 est
1331 2296 1412 2316 causa
1421 2289 1538 2317 hominis
1551 2288 1728 2319 cumduxore
1740 2298 1852 2319 nonex-

539 2345 733 2375 VARIANTES
752 2345 944 2374 LECTIONES
965 2345 1100 2375 CODICIS
1120 2346 1174 2374 MS.
1197 2346 1225 2375 S.
1246 2346 1501 2376 GERMANENSIS.

219 2396 436 2429 fJudaeaelrths
540 2424 544 2429 _
606 2423 615 2429 ν
702 2424 714 2429 ’ν
748 2424 753 2429 η

219 2428 230 2443 ²
248 2434 278 2452 ex
292 2434 385 2452 caussa.
398 2426 428 2451 Et
439 2424 593 2456 respondens
602 2423 675 2448 Jesus
686 2424 719 2448 ait
731 2424 768 2448 eis

221 2458 232 2491 ξ
248 2458 306 2483 fecit
315 2455 462 2491 abrinitionlﬂ
482 2455 489 2456 ί
505 2487 522 2491 ἢ
572 2489 577 2491 Δ
618 2486 625 2491 ι
709 2484 723 2491 υ
778 2486 783 2491 ⁸

220 2488 231 2504 δ
248 2495 301 2517 eos.
311 2493 337 2514 et
349 2489 492 2514 benedixit:
505 2487 610 2518 Propter
618 2486 665 2510 hoc
677 2484 797 2517 relinquit

218 2520 229 2537 ³
247 2520 382 2551 conjunxit,
393 2520 465 2544 homo
477 2525 526 2543 non
537 2516 649 2550 separet,
661 2521 721 2548 etc.,
735 2516 760 2543 ul
775 2516 850 2550 Vulg.

1073 2394 1085 2441 ξ
1201 2425 1247 2459 n_is_i
1257 2425 1290 2449 ob
1301 2430 1397 2450 causam
1411 2424 1590 2457 fornicationis,
1604 2429 1631 2452 et
1642 2425 1714 2451 aliam
1730 2425 1850 2459 duxerit,

1042 2457 1194 2482 moechatur.
1208 2456 1300 2482 Dicunt

1075 2488 1086 2504 ⁸
1104 2489 1216 2522 νὶιοίιουω

850 2558 1038 2589 BLANCHINI
1057 2560 1175 2589 ΝΟΤᾸΞ.

222 2615 235 2629 ιι
253 2610 300 2638 Sic
311 2609 383 2643 legas
401 2605 472 2640 apud
486 2605 616 2633 llilarium
633 2606 660 2633 in
676 2610 751 2633 textu
765 2605 983 2635 Commentario-

185 2653 243 2674 rum
258 2646 284 2673 in
299 2643 462 2672 Matthazum.

220 2681 233 2701 δ
248 2681 372 2715 Vulgata,
388 2678 432 2714 qui
449 2676 507 2715 [edi
528 2677 656 2715 [inminent
668 2677 707 2715 _ab
721 2677 807 2715 initio.
828 2677 981 2715 Utrumque

183 2717 281 2744 omittit
295 2712 433 2749 Exemplar
445 2712 611 2749 Corheiense
626 2712 676 2749 ,_id
697 2718 755 2744 est.
772 2713 904 2741 hominem
914 2735 920 2745 .
933 2712 960 2742 et
970 2735 979 2748 ,

182 2753 214 2779 ab
227 2752 299 2779 initio
316 2760 324 2778 :
347 2747 434 2778 codex
447 2753 539 2776 autem
554 2747 820 2776 San-Germanettsis
842 2749 908 2783 legit
919 2750 980 2784 qui-

1039 2606 1116 2647 dem,
1140 2608 1171 2634 ab
1185 2607 1276 2647 initio,-
1289 2608 1337 2636 sed
1352 2615 1412 2647 _nou
1431 2608 1516 2647 tegit,
1530 2608 1670 2647 hominem.
1685 2607 1848 2647 quueme-

1038 2644 1200 2680 rito,_quum
1216 2644 1288 2671 idem
1302 2644 1413 2680 verbum
1427 2644 1544 2679 positum
1559 2644 1675 2674 minime
1687 2644 1847 2680 reperiatur

1038 2678 1113 2715 apud
1125 2678 1283 2715 Hieronym.
1301 2678 1444 2708 Comment
1458 2680 1484 2707 itt
1502 2680 1598 2708 Matth.

1076 2720 1087 2734 ο
1103 2714 1158 2742 Sic.

1074 2749 1088 2769 τι
1104 2750 1206 2778 Finalis
1218 2759 1244 2777 m
1257 2751 1354 2780 detrita
1370 2755 1413 2779 est
1426 2758 1441 2779 a
1457 2756 1619 2780 correctore.

218 2810 255 2845 (α)
269 2809 331 2836 Post
344 2809 424 2845 fecit:
434 2807 508 2835 deest
525 2804 760 2845 ltolitittem_._elialn
772 2806 798 2832 in
814 2810 888 2845 textu
900 2807 1007 2845 Graeco:
1019 2823 1052 2828 -—
1067 2807 1107 2843 (b)
1122 2808 1186 2837 Post
1201 2810 1288 2842 vobis,
1303 2809 1380 2837 deest
1392 2810 1454 2845 quia
1468 2809 1496 2837 in
1510 2809 1571 2837 cod.
1593 2816 1700 2844 quoque
1712 2808 1790 2837 Cant.
1803 2824 1843 2830 —

179 2841 269 2883 (cilia
283 2850 310 2883 et
324 2841 385 2883 cod.
405 2843 483 2883 Cant.
505 2842 631 2883 παρεκτρς
651 2841 728 2883 λόγον
745 2843 875 2880 πορνείας.
888 2857 924 2863 —-

1047 2848 1058 2872 t
1072 2841 1238 2878 uicae/tatur,
1252 2845 1334 2882 deest
1350 2850 1373 2873 et
1386 2841 1429 2881 ᾳύἱ
1445 2845 1577 2873 dimissam
1592 2841 1704 2880 duxerit,
1717 2844 1844 2873 moecha-

178 2877 239 2917 tur,
263 2880 344 2910 etiam
366 2879 394 2907 in
418 2878 479 2906 cod.
504 2877 581 2907 Caitt.
605 2877 669 2912 hic,
686 2877 720 2905 et
743 2877 804 2913 cap.
826 2885 863 2912 ν,
878 2877 949 2908 vers.
964 2879 1010 2908 52.
