2024 3094
177 124 229 152 269
657 123 883 154 ΕνΑΝαιςιιυΜ
902 123 1088 155 SECUNDUM
1107 124 1328 156 MATTUIEUM.
1773 130 1827 158 2το

374 181 487 210 CODEX
508 181 776 212 VERCELLENSIS.

594 230 679 264 posita
695 230 745 257 illis
761 238 817 257 ma-

595 273 629 292 nu
641 287 648 298 ,
667 266 729 293 abiit
746 266 817 293 inde.

600 301 640 328 16.
664 302 696 328 Ει
710 309 771 329 ecce
786 308 854 330 unus

594 338 707 364 accessit
720 338 753 364 ad
769 345 830 364 eum
840 358 848 371 ,

594 378 619 399 cl
634 373 699 399 dixit
714 373 770 399 illi:

593 408 721 443 Magister
728 429 736 442 ,
751 408 815 443 quid

594 444 656 472 boni
673 443 769 471 faciam

594 485 622 506 ut
637 479 749 507 habeam

594 515 675 542 vitam
691 520 779 542 aeter-

174 227 215 255 dit
230 228 345 258 nubere.

177 264 222 291 ll.
245 264 317 291 Dixit
328 267 415 292 autem

173 299 229 327 illis
245 299 324 327 Jesns
336 307 343 329 :
357 299 415 328 Non

173 342 272 363 omnes
283 343 312 363 ca
317 335 355 370 pl-

174 375 225 398 unt
239 372 348 398 verbum

174 406 242 433 istut
252 428 258 438 ,
272 407 319 433 sed
334 409 394 442 qui—

173 443 225 469 bus
241 443 331 469 datum

175 478 219 505 te.
244 484 296 505 est.
313 478 381 506 Sunt
395 480 467 510 enim

172 513 323 547 spadones,
335 515 379 549 qui

172 549 209 577 (le
225 550 317 576 matris
331 556 408 579 utero

172 585 215 612 sic
228 587 280 612 uati
294 591 375 613 sunt:

171 624 201 648 et
211 624 276 648 sunt
288 628 351 656 spa-

171 656 259 684 dones
267 677 274 688 ,
288 656 335 690 qui

170 691 234 720 facti
251 696 315 720 sunt
326 692 361 720 ab

170 726 328 756 hominibus
343 737 350 758 :

171 767 201 790 et
215 768 279 791 sunt
292 761 391 799 spado-

596 551 637 577 17.
660 552 738 577 nam?
754 551 790 578 Ad
808 551 887 579 Jesus

594 586 661 613 dixit
672 587 695 613 ei
709 596 713 612 :
728 587 796 620 Quid

595 629 637 649 me
654 623 767 649 interro-

592 664 639 689 gas
650 658 683 684 dc
697 658 785 685 bono?

595 692 668 719 Unus
682 698 722 720 est
740 694 786 721 b0-

595 736 655 755 nus.
671 729 722 756 Sed
738 730 777 756 vis

593 763 620 791 in
633 764 714 791 vitam
727 772 772 793 ve-

171 806 236 840 pes,
251 799 296 834 qui
312 806 343 828 se
564 817 574 828 ο
593 799 669 827 nire?
682 806 759 828 serva

168 842 347 898 é‘i’iiie‘i‘ill‘l'
593 840 778 906 ῗὲῗθὲῗὲἶῗῑιιί
792 881 797 898 ε
812 871 904 906 Quae?

168 911 284 941 propter
301 914 361 942 reg-
564 917 567 920 ν
591 905 670 934 Jesus
684 912 773 935 autem
787 905 853 935 dixit
867 917 872 934 :

169 949 236 968 num
250 942 400 971 caelorum.
663 942 722 969 Non
735 944 806 970 occi-

167 977 220 1010 Qui
240 983 328 1013 potest
665 978 713 1005 des
727 988 733 1005 :
750 979 807 1006 Non

167 1021 284 1048 capere,
299 1013 396 1047 capiat.
664 1014 805 1042 moecabc—

664 1049 701 1076 ris
715 1058 720 1075 z
735 1050 791 1076 Non
804 1057 833 1077 a-

663 1084 812 1113 dulterabis
825 1094 832 1113 :

664 1120 721 1147 Non
737 1120 801 1148 faci-

169 1049 213 1075 l3.
236 1050 311 1076 Tunc
323 1049 404 1076 oblati
421 1052 487 1077 sunt

169 1085 196 1111 ei
209 1085 323 1112 iniautes
333 1106 349 1126 ,δ

171 1125 200 1146 ut
214 1128 311 1148 manus
326 1129 365 1148 ets

169 1155 331 1190 inponeret.
348 1160 377 1184 et
470 1176 473 1179 -
664 1163 694 1183 es
708 1155 807 1184 furtum
821 1165 827 1183 :

168 1196 290 1219 curaret.
309 1192 366 1219 Dis-
665 1190 724 1218 Non
739 1192 833 1219 falsum

167 1227 254 1260 cipuli
272 1232 363 1255 autem
670 1227 821 1255 testimoni-

168 1263 229 1298 ejus
245 1262 375 1298 probibe-
666 1270 710 1290 um
725 1263 798 1290 dices
809 1271 815 1289 :

167 1297 236 1325 bant
245 1297 304 1326 eos.
667 1298 710 1325 l9.
734 1298 842 1325 Honora

230 1334 311 1362 .lesus
318 1342 381 1362 vero
389 1334 429 1371 (a)
435 1333 499 1370 ιιι-ι·
507 1343 513 1362 :
520 1333 559 1362 Si-

168 1373 227 1397 nite
242 1377 341 1403 ριιετοε
354 1390 362 1402 τ

169 1409 198 1432 et
213 1405 298 1433 nolile
311 1413 360 1433 eos

169 1441 316 1475 prohibere
331 1438 365 1469 ad

169 1484 213 1502 me
227 1478 320 1504 venire
333 1485 339 1503 :
358 1481 396 1505 la-

170 1511 235 1539 lium
248 1517 289 1540 est
302 1513 376 1541 enim
666 1515 739 1538 tuum
755 1511 777 1551 si

168 1555 281 1582 regnum
292 1555 355 1576 cae—
518 1557 520 1561 ’
667 1552 712 1574 cut
728 1551 753 1574 te
770 1553 868 1581 ipsum.

172 1583 216 1611 15.
237 1584 337 1612 lorum.
349 1583 384 1611 Et
395 1583 438 1611 in-
594 1582 640 1610 20.
663 1582 734 1610 Dixit
748 1587 838 1610 autem

380 1640 494 1669 CODEX
513 1637 749 1668 CORBEIENSIS.

169 1699 208 1728 dit
227 1700 341 1728 nubere.
370 1700 377 1715 '
404 1699 476 1726 Dixit
512 1704 599 1725 autem
631 1697 662 1724 ad
698 1697 757 1724 illos
783 1697 859 1724 Jcsus
887 1707 891 1722 ;
915 1697 972 1724 Non

169 1743 263 1764 omnes
297 1735 408 1771 capiunt
431 1735 541 1762 verbum
577 1734 663 1771 istud,
696 1732 970 1771 scdquiliusdatum

170 1776 222 1799 est.
255 1769 339 1800 Sunt'
362 1771 433 1799 enim
472 1775 484 1788 ³
520 1769 669 1804 spadones,
716 1769 759 1803 qui
805 1769 838 1795 de
877 1770 971 1795 matris

172 1811 247 1835 utero
263 1808 304 1835 sic
330 1807 385 1834 nati
408 1811 470 1833 sunt
500 1815 506 1832 :
533 1811 559 1832 et
582 1810 644 1831 sunt
675 1804 826 1838 spadones,
862 1805 905 1838 qui
937 1805 970 1830 ali

140 1852 144 1858 ·
171 1842 325 1870 hominibus
346 1842 407 1869 facti
426 1847 508 1869 sunt:
526 1847 552 1867 et
565 1845 626 1867 sunt
641 1841 789 1873 spadones,
806 1840 849 1873 qui
867 1840 971 1873 soipsos

172 1879 182 1893 ¹
198 1882 418 1906 excastraverunt
438 1882 547 1911 propter
571 1884 680 1909 regnum
702 1876 847 1902 euelorum.
862 1875 910 1908 Qui
927 1883 972 1909 po-

172 1919 221 1942 Iest
234 1921 348 1949 capere,
364 1914 461 1948 capiat.
478 1913 555 1939 Tunc
568 1912 648 1939 oblati
674 1917 743 1949 sunt
760 1911 801 1949 illi
829 1911 945 1949 infantes
964 1932 970 1942 ,

171 1954 198 1977 ιιι
211 1946 309 1979 manus
326 1949 365 1976 eis
378 1946 530 1983 imponeret
543 1969 549 1980 ,
566 1954 592 1974 et
612 1952 711 1973 oraret.
738 1946 866 1983 Discipuli
881 1953 970 1973 :IlllClIl

174 1985 183 2000 ⁵
198 1986 255 2022 ejus
269 1984 452 2022 prohibebant
467 1991 523 2011 eos.
546 1983 706 2022 .lesus_vero
720 1983 752 2008 aiI
798 1991 803 2007 :
821 1982 906 2008 Sinite
917 2002 923 2010 .
936 1986 972 2022 _ct

173 2017 252 2050 nolite
267 2017 317 2049 ἐοε
339 2021 484 2056 prohibere
500 2021 590 2045 venire
603 2018 635 2044 ad
647 2026 721 2056 inci
735 2017 830 2056 taliuni
844 2022 884 2044 est
899 2017 970 2056 enim

172 2064 281 2092 regnum
293 2053 445 2084 caelorum.
464 2056 495 2082 Et
510 2055 519 2069 ⁵
535 2054 668 2092 impositis
685 2054 737 2080 illis
752 2054 889 2092 tnnttiblts.
906 2053 970 2092 abiit

172 2088 241 2121 inde.
259 2092 295 2120 Et
307 2099 370 2119 ecce
383 2099 454 2118 unus
469 2091 583 2117 accessit
605 2089 637 2115 ad
652 2097 728 2121 cum,
743 2094 768 2115 ct
789 2090 825 2115 ait
843 2089 878 2115 illi
894 2096 899 2114 :
916 2088 970 2114 λια-

172 2127 290 2164 gisler‘.
309 2127 372 2163 quid
395 2126 569 2164 buniiaciam
593 2125 750 2164 ulnhitllt‘illtl
772 2125 857 2164 _\'iI:im
883 2129 970 2164 acter-

174 2160 253 2191 Bam?
265 2164 276 2179 τ
294 2160 342 2191 Ciii
359 2162 498 2197 respondit
512 2161 606 2188 Jcsus:
622 2160 690 2193 Quid
707 2169 748 2186 me
772 2160 923 2197 inlcrt'ngus
938 2160 970 2197 de

174 2197 260 2226 bona?
274 2200 285 2215 ⁸
298 2198 375 2227 Unus
390 2203 432 2225 est
449 2198 520 2224 Deus
544 2197 639 2223 honus.
658 2197 684 2223 Si
709 2200 797 2221 autem
819 2196 859 2222 vis
875 2197 907 2221 ad
931 2196 970 2221 vi—

175 2236 246 2262 tam'
260 2234 382 2270 ingredi,
400 2240 477 2270 serra
494 2233 627 2270 mandata.
646 2231 714 2270 Dicit
733 2231 790 2257 illi:
810 2231 905 2270 Quae?
926 2230 971 2270 de-

175 2277 218 2299 sus
230 2267 321 2298 anteiit
333 2270 421 2297 dixit:
438 2269 494 2298 Non
510 2268 531 2283 ιθ
544 2267 652 2295 occides
667 2277 672 2292 :
689 2267 747 2293 Non
765 2267 950 2293 moeeliaheris
965 2275 971 2293 :

176 2304 230 2332 Non
249 2306 352 2334 furtum
368 2305 467 2332 facies:
484 2303 544 2331 Non
564 2303 660 2330 falsiuu
678 2303 859 2329 testimonium
874 2303 969 2329 dices:

177 2336 281 2370 Honora
307 2347 409 2376 patrem
438 2343 529 2372 tuum,
547 2343 574 2366 et
594 2343 706 2376 matrem
723 2343 794 2376 tuam
809 2347 818 2376 γι
835 2343 861 2365 ct
876 2338 970 2372 diliges

180 2374 328 2412 proximum
350 2381 423 2404 tuum
448 2380 582 2410 tamquam
610 2375 734 2407 tcipsum.
759 2374 828 2400 Dixit

667 1338 770 1368 patrem
786 1336 829 1360 tu-

666 1376 710 1396 um
719 1389 725 1401 ,
737 1373 764 1395 et
781 1376 839 1396 ma—

665 1409 733 1432 trem
749 1408 820 1431 tuam
835 1414 841 1432 :

664 1444 706 1471 et.
721 1439 815 1481 diliges

667 1483 819 1511 proximum

666 1515 739 1538 tuum
755 1511 791 1538 si-

1242 185 1359 214 CODEX
1379 182 1605 215 VERONENSIS.

1029 230 1103 265 pedit
1117 231 1228 259 nubere.

1029 267 1072 293 ll.
1094 266 1166 294 Dixit
1177 271 1265 295 autem

1029 302 1084 329 illis
1096 301 1195 329 Jesus:

1028 337 1087 365 Non
1101 345 1196 365 omnes
1212 345 1258 366 ca-

1027 374 1105 408 piunt
1120 373 1232 402 verbum

1028 410 1107 440 islut,
1119 409 1167 436 sed
1178 410 1234 444 qui<

1029 444 1078 471 bus
1091 444 1181 472 datum
1193 450 1244 473 est.

1030 480 1074 507 12.
1095 480 1163 508 Sunt
1178 481 1251 508 enim

1027 515 1162 550 spadones
1170 537 1177 550 ,
1191 517 1236 551 qui

1029 551 1063 579 de
1078 553 1173 579 matris
1188 559 1253 580 suae

1029 592 1107 615 utero
1117 587 1157 615 sic
1169 588 1223 615 nati

1028 627 1109 651 sunt:
1123 626 1152 651 et
1162 625 1227 651 sunt

1027 658 1163 693 spadones
1172 679 1179 691 ,
1193 658 1237 693 qui

1028 693 1091 721 facti
1106 699 1169 721 sunt
1184 694 1218 722 ab

1029 729 1184 757 hominibus
1198 738 1205 756 :
1221 733 1248 758 et

1028 770 1091 806 sunt
1105 764 1254 806 spadones,

1027 808 1072 836 qui
1088 808 1118 828 se
1133 808 1208 835 ipsos

1027 841 1214 865 castraverunt

1027 876 1138 908 propter

1027 916 1141 943 regnum

1026 944 1173 971 caelorum.

1027 979 1078 1013 Qui
1089 984 1179 1014 potest
1189 988 1233 1010 ca-

1029 1022 1115 1051 pere.
1127 1015 1226 1051 capiat.

1030 1051 1075 1078 15.
1096 1050 1171 1079 Tunc
1183 1052 1231 1080 ob-

990 1100 992 1104 -
1028 1085 1077 1113 lati
1089 1092 1153 1115 sunt
1165 1088 1190 1116 ei

1029 1122 1121 1157 pueri,

1030 1162 1059 1185 ut
1073 1166 1170 1186 manus

1029 1193 1070 1220 eis
1084 1194 1253 1229 imponeret,

1029 1233 1058 1256 et
1072 1235 1172 1257 οιιιιτθι.

1029 1263 1161 1299 Discipuli
1177 1273 1225 1293 au-

1030 1303 1083 1327 tem
1096 1299 1277 1334 prohibebant

1030 1334 1074 1362 14.
1096 1343 1153 1363 eos.
1170 1336 1249 1365 Jesns
1264 1344 1310 1365 ve-

1030 1378 1060 1407 [ρ
1076 1370 1114 1407 (α)
1128 1371 1164 1398 an
1180 1371 1200 1407 ι
1217 1380 1223 1399 =

1030 1405 1118 1434 Sinite
1130 1414 1178 1435 eos
1187 1405 1199 1439 Ἴ.

1028 1446 1055 1477 et
1071 1442 1154 1470 nolite
1169 1450 1232 1477 pro-

1029 1476 1123 1505 hibere
1137 1476 1176 1505 ad'
1186 1486 1230 1506 me

1031 1513 1124 1541 venire
1141 1522 1148 1540 :
1166 1514 1259 1542 talium

1029 1552 1070 1575 est
1080 1549 1152 1576 enim
1168 1557 1212 1577 re-

1028 1591 1110 1619 gnum
1125 1585 1273 1613 caelorum.

1448 232 1492 260 15.
1516 233 1547 259 Ει
1558 232 1692 267 impositis

1447 267 1501 295 illis
1513 268 1639 296 manibus
1652 290 1659 301 ,

1448 303 1512 330 abiit
1527 303 1598 331 inde.

1449 339 1492 366 16.
1514 339 1548 366 Et
1561 346 1626 367 ecce
1640 346 1710 367 unus

1447 375 1562 402 accessit
1578 375 1611 402 ad
1644 408 1646 410 _

1448 409 1542 443 illum,
1566 415 1593 438 et
1612 411 1649 439 ait

1448 445 1485 472 illi
1502 454 1508 472 :
1522 445 1648 481 Magister

1448 481 1519 509 bone
1530 502 1537 513 ,
1548 482 1611 516 quid

1449 516 1513 544 boni
1529 517 1624 545 faciam

1450 557 1479 580 ut
1493 552 1606 580 habeam
1619 555 1658 581 vi-

1449 593 1501 615 tam
1518 589 1673 617 aeternam?

1450 624 1483 650 17
1502 623 1543 651 Ad
1557 624 1636 652 Jesus
1651 624 1691 653 di-

1448 660 1486 686 xit
1501 660 1525 687 ei
1539 668 1546 688 :
1562 661 1632 693 Quid

1448 702 1492 722 me
1504 696 1655 729 interrogas

1446 730 1480 758 de
1494 731 1565 759 bono
1576 731 1587 758 ?
1597 730 1673 760 Unus

1446 771 1488 793 est
1503 766 1589 795 bonus

1447 801 1529 830 Deus.

1448 838 1502 866 Sed
1517 839 1540 866 si
1555 839 1595 867 vis
1610 839 1636 867 in

1448 874 1531 902 vitam
1543 879 1682 903 aeternam

1449 910 1543 938 venire
1554 931 1561 943 ,
1579 918 1656 939 serva

1448 946 1492 973 18.
1515 946 1650 974 mandata.
1667 945 1712 980 Dl-

1447 981 1486 1009 cit
1499 981 1538 1008 illi
1554 991 1560 1009 :
1577 982 1673 1016 Quae?

1446 1017 1526 1045 Jesus
1538 1022 1628 1046 autem

1447 1052 1515 1080 dixit
1532 1053 1612 1082 :Non
1627 1061 1672 1082 oc-

1448 1088 1516 1116 cidis
1529 1097 1536 1115 :
1553 1087 1611 1116 Non

1448 1124 1614 1152 adulterabis
1631 1133 1637 1151 :

1447 1159 1505 1186 Non
1520 1159 1622 1187 furtum

1446 1194 1529 1222 facies
1544 1205 1551 1221 :
1563 1195 1622 1222 Non

1446 1230 1544 1257 falsum
1559 1231 1634 1258 testi-

1444 1266 1564 1293 monium
1578 1266 1619 1293 di-

1446 1301 1488 1329 19.
1510 1308 1555 1329 ees
1572 1310 1577 1328 :
1596 1302 1703 1330 Honora

1445 1343 1549 1371 patrem
1565 1342 1638 1366 tuum
1651 1359 1659 1372 ,

1445 1377 1472 1399 et
1486 1376 1601 1400 matrem

1445 1412 1517 1435 tuam
1535 1417 1541 1435 :
1556 1413 1584 1436 et
1598 1430 1605 1442 ,

1444 1443 1540 1485 diliges
1553 1451 1615 1479 pro—

1446 1487 1550 1507 xunum
1566 1486 1639 1508 tuum

1445 1516 1515 1543 sicut
1531 1520 1556 1543 te

1445 1550 1544 1584 ipsum.

1444 1586 1492 1615 20.
1513 1586 1584 1614 Dicit
1596 1586 1634 1614 illi
1650 1585 1717 1614 adu-

1253 1642 1369 1671 CODEX
1389 1641 1588 1673 BRleANUS.

1023 1698 1097 1733 pedit
1131 1699 1242 1734 nubere.
1280 1699 1321 1727 Ad
1363 1700 1409 1728 ille
1435 1700 1502 1728 dixit
1547 1700 1597 1729 eis.
1630 1700 1689 1729 Non
1726 1708 1822 1729 omnes

1023 1736 1257 1771 capiuntverbum
1283 1736 1353 1763 istud
1378 1735 1424 1763 sed
1448 1737 1546 1771 quibus
1565 1736 1656 1764 datum
1679 1742 1730 1765 est.
1752 1737 1822 1765 Sunt

1024 1770 1095 1797 enim
1115 1769 1243 1798 eunuchi.
1260 1772 1304 1806 qui
1326 1779 1358 1799 ex
1383 1769 1463 1799 utero
1482 1772 1586 1799 matris.
1609 1772 1648 1799 sic
1669 1772 1724 1799 nali
1747 1777 1820 1799 sunt.

1024 1810 1051 1832 et
1064 1810 1126 1836 sunt
1139 1806 1266 1833 eunuchi.
1282 1807 1326 1841 qui
1344 1807 1407 1834 facti
1422 1811 1484 1834 sunt
1497 1806 1530 1833 ab
1542 1806 1707 1834 hominibus.
1720 1812 1747 1834 et
1761 1812 1824 1835 sunt

1024 1842 1150 1869 eunuchi.
1167 1842 1211 1878 qui
1228 1850 1257 1869 se
1278 1843 1351 1876 ipsos
1372 1847 1562 1870 castraverunt
1581 1848 1691 1876 pr0pler
1710 1851 1823 1878 regnum

1025 1877 1163 1905 caelorum
1178 1877 1229 1910 Qui
1245 1883 1332 1912 potest
1348 1886 1443 1910 capere
1456 1880 1555 1911 capiat.
1567 1878 1643 1905 Tunc
1656 1877 1822 1906 oblatisunt

1025 1912 1049 1939 ei
1063 1913 1174 1946 parvuli.
1186 1917 1214 1940 ut
1227 1921 1322 1940 manus
1333 1913 1372 1940 cis
1382 1914 1532 1948 imponeret
1543 1919 1570 1941 et
1580 1919 1680 1941 oraret.
1690 1913 1821 1947 Discipuli

1024 1955 1113 1976 autem
1121 1948 1178 1983 ejus
1190 1949 1369 1982 prohibebant
1379 1957 1436 1976 eos.
1447 1949 1526 1976 Jesus
1533 1954 1622 1976 autem
1635 1950 1671 1976 ait
1681 1950 1742 1977 illis.
1751 1949 1821 1976 Sini-

1026 1988 1050 2020 te
1064 1985 1198 2019 parvulos.
1217 1987 1244 2011 et
1258 1984 1341 2011 nolite
1353 1992 1400 2012 eos
1415 1984 1559 2020 prohibere
1572 1985 1663 2012 venire
1679 1984 1711 2012 ad
1727 1993 1769 2011 me
1782 1989 1821 2011 ta-

1024 2019 1090 2047 lium
1112 2023 1154 2047 est
1174 2021 1246 2047 enim
1271 2028 1382 2055 regnum
1396 2019 1544 2048 caelorum.
1563 2021 1597 2047 Et
1620 2021 1752 2053 inponens
1779 2021 1819 2047 eis

1024 2062 1130 2083 manus.
1155 2054 1221 2083 abiit
1240 2054 1313 2083 inde.
1330 2056 1362 2083 Et
1377 2063 1440 2083 ecca
1465 2064 1533 2083 unus
1548 2057 1661 2083 accessit
1673 2055 1706 2083 ad
1720 2062 1780 2083 eum
1793 2059 1821 2083 et

1022 2090 1089 2117 dixit
1112 2090 1237 2126 Magister
1256 2091 1324 2118 boue
1352 2091 1415 2126 quid
1442 2092 1503 2119 boni
1528 2091 1639 2126 faciam.
1662 2097 1689 2118 ut
1705 2091 1819 2118 habeam

1024 2126 1105 2153 vitam
1131 2131 1252 2154 eternam
1266 2126 1317 2160 Qui
1343 2125 1409 2154 dixit
1425 2128 1460 2155 ei.
1481 2127 1549 2160 Quid
1567 2135 1608 2154 me
1625 2125 1692 2154 dicis
1704 2126 1816 2154 bonum.

1025 2161 1111 2189 Nemo
1124 2162 1210 2189 bonus
1235 2162 1285 2189 nisi
1301 2170 1369 2190 unus
1382 2163 1461 2189 Deus.
1479 2161 1507 2190 Si
1523 2166 1611 2190 autem
1635 2163 1674 2189 vis
1688 2163 1721 2190 ad
1737 2164 1818 2189 vitam

1024 2197 1131 2232 ingredi
1143 2205 1221 2225 serva
1236 2198 1374 2227 mandata.
1388 2198 1428 2225 Ad
1444 2198 1487 2225 ille
1500 2198 1569 2225 dixit
1589 2198 1624 2225 ei.
1638 2198 1723 2231 Quae.
1739 2198 1818 2226 Jesus

1024 2239 1113 2261 autem
1139 2233 1218 2260 dixit.
1244 2234 1300 2260 Non
1328 2233 1446 2261 oecides.
1475 2233 1533 2260 Non
1555 2233 1731 2261 adulterabis.
1760 2233 1818 2260 Non

1024 2267 1038 2287 δ
1051 2269 1194 2296 iuraveris.
1209 2268 1267 2296 Non
1281 2270 1377 2296 falsum
1400 2268 1585 2296 testiinonium
1603 2269 1685 2297 dices.
1712 2269 1819 2296 llonura

1024 2308 1128 2341 patrem
1145 2308 1217 2331 tuum
1234 2308 1261 2332 et
1275 2309 1405 2341 matrem.
1426 2309 1452 2332 et
1465 2304 1561 2341 diliges
1577 2305 1727 2341 proximum
1745 2308 1819 2331 tuum

1024 2339 1094 2367 sicut
1110 2345 1135 2367 tc
1149 2340 1245 2376 ipsum.
1274 2340 1342 2368 Dicit

523 2431 719 2461 VABIANTES
738 2430 932 2460 LECTIONES
950 2429 1084 2459 CODICIS
1103 2430 1158 2458 MS.
1179 2430 1208 2459 S.
1229 2430 1483 2459 GERMANENSIS.

211 2494 220 2510 ²
234 2494 302 2519 Dixit
312 2496 396 2519 autem
406 2492 455 2518 illis
466 2491 535 2518 :Non

212 2526 221 2540 ’
236 2528 403 2551 castraverunt

215 2556 224 2571 ³
238 2557 396 2587 increpabant
408 2556 453 2580 eis.

214 2587 224 2619 ξ
240 2589 275 2613 eis
286 2596 292 2613 :
300 2586 379 2619 Sinite
391 2586 514 2619 parvulos,

215 2617 225 2634 ⁸
241 2619 270 2644 Ut
282 2618 355 2651 Vulg.
368 2617 453 2650 usque,
465 2618 531 2643 bone

1055 2492 1066 2507 θ
1086 2491 1162 2523 bone,

1055 2523 1065 2538 ⁷
1084 2522 1130 2552 Qui
1141 2523 1203 2548 dixit
1215 2524 1255 2547 ei:

1055 2554 1066 2601 ς
1082 2553 1161 2590 Nemo
1172 2555 1251 2579 bonus
1260 2554 1306 2579 nisi
1317 2560 1380 2578 unus
1392 2553 1460 2579 Deus
1473 2553 1495 2578 ο.

1083 2591 1180 2610 venire.

1056 2616 1078 2632 ιο
1231 2622 1314 2649 usque,
1329 2616 1479 2643 adolescens.

824 2656 1007 2686 BLANCHINI
1025 2656 1141 2686 ΝΟΤΛΕ.

220 2714 232 2747 ξ
244 2709 360 2747 Tertull.
370 2715 397 2738 et
407 2708 534 2746 Cyprian.
545 2707 636 2747 legunt
651 2705 833 2747 cumrduobus
849 2712 914 2747 mss.
927 2711 976 2747 no-

187 2745 246 2773 stris
267 2742 504 2779 codicibus,'§unt
524 2742 671 2779 spadones;
699 2746 727 2779 et
758 2742 794 2768 ita
819 2744 977 2779 constanter

187 2787 277 2809 nomen
290 2777 438 2816 spadonum
458 2777 574 2808 retinent
587 2778 613 2806 iu
629 2778 735 2807 caeteris
750 2785 799 2813 pro
813 2777 921 2805 nomine
932 2783 978 2805 eu-

189 2817 341 2845 nuchorum.

190 2909 198 2917 κ
221 2881 256 2919 (a)
269 2882 332 2912 Post
347 2883 383 2911 ait
394 2902 403 2918 ,
417 2882 495 2912 deest
509 2883 545 2910 eis
555 2901 563 2916 ,
579 2880 663 2910 etiam
683 2881 711 2912 in
726 2884 799 2909 textu
816 2879 924 2909 Graeco.

1064 2704 1078 2761 ἶ
1093 2705 1293 2776 ῗὶξιιιιεειίρῑυε
1305 2741 1397 2771 Codex
1415 2740 1672 2771 Sau-Germanensls
1686 2739 1767 2771 habet
1780 2738 1824 2770 hic

1031 2777 1102 2812 loci,
1118 2777 1195 2814 quod
1212 2777 1309 2814 legitur
1325 2778 1395 2814 apud
1415 2778 1531 2806 Marcum
1549 2785 1609 2814 cap.
1630 2786 1667 2811 ι,
1684 2786 1755 2807 vers.
1780 2778 1824 2806 18.
