4048 6188
1578 142 1612 171 ο

385 248 484 325 27⁸1
922 261 1190 321 EUSEBII
1227 254 1568 317 VERCELL.
1610 251 2067 313 EVANGELIUM
2109 250 2255 309 CUM
2297 247 2528 306 VARIIS
2556 244 2711 304 COD.
2744 240 3137 325 COLLATUM.
3581 236 3687 290 272

2532 358 2767 417 CODEX
2804 342 3254 415 VERONENSIS.

776 376 1009 435 CODEX
1043 371 1588 431 VERCELLENSIS.

382 476 475 547 illi
492 474 814 547 adulescens
839 488 853 525 :
1224 467 1278 547 i_n
1308 480 1476 536 regno
1507 478 1629 519 cae-

390 540 582 604 Ornnia
612 546 747 599 haec
1226 537 1425 591 lorum.

389 617 654 673 custodivi
681 632 711 670 a
736 615 828 685 ju-
1226 608 1322 685 25.
1365 607 1664 685 Hisautem
1688 620 1784 658 au-

390 698 615 743 ventute
647 678 761 740 mea
779 725 795 751 ,
1227 678 1361 751 ditis
1382 719 1395 740 ,
1430 678 1669 751 discipu-

388 759 519 831 quid
549 759 755 831 adhuc‘
782 749 788 751 ’
1227 749 1266 831 li
1293 749 1567 831 miraban—

389 819 525 885 fnihi
574 826 759 883 deest?
1227 828 1335 885 tur,
1370 819 1447 890 (a)
1475 829 1531 875 et
1560 819 1715 874 time-

388 901 483 956 21.
523 901 614 955 Ait
639 898 718 953 illi
741 896 900 953 Jesus
926 913 939 949 :
970 894 1030 951 Si
1226 892 1358 947 bant
1380 891 1422 962 ἰ-
1454 892 1641 955 valde,
1674 890 1762 946 di-

388 973 473 1027 vis
503 970 775 1041 perfectus
1227 971 1412 1018 centes
1443 980 1456 1013 :
1489 962 1620 1041 Quis

387 1033 544 1106 esse.
574 1044 740 1105 vade,
768 1054 900 1095 ven—
1227 1049 1361 1103 ergo
1392 1033 1593 1106 poterit

387 1113 457 1169 de
485 1105 624 1168 bona
650 1123 734 1167 tua
752 1150 767 1176 ,
1226 1106 1411 1176 salvus
1436 1118 1558 1176 esse
1582 1105 1606 1158 ?

384 1194 442 1241 et
464 1184 531 1239 da
560 1174 762 1253 paupe-V
1226 1175 1320 1230 26.
1363 1174 1649 1253 Aspicieus
1671 1188 1770 1253 au-

383 1245 574 1320 ribus,
599 1245 841 1309 ethabe—
1226 1256 1337 1320 tem
1363 1246 1522 1320 Jesus
1541 1285 1558 1311 ,
1589 1245 1726 1320 dixit

387 1326 476 1382 bis
502 1316 760 1382 tlt'ensau-
1224 1317 1336 1372 illis
1370 1335 1385 1372 :
1415 1316 1562 1385 Aput
1588 1317 1685 1372 lto-

381 1411 504 1453 rum
534 1397 589 1451 in
610 1412 739 1452 cae-
1226 1390 1400 1443 mines
1430 1388 1535 1441 hoc

382 1468 440 1522 lo
474 1486 486 1521 :
517 1478 571 1522 et
599 1467 757 1533 veni,
789 1482 879 1523 se-
1227 1458 1568 1533 impossibile

384 1553 555 1607 quere
578 1554 685 1593 me.
744 1528 753 1533 ’
1228 1539 1315 1586 est
1339 1548 1350 1583 :
1381 1528 1534 1607 apud
1557 1528 1725 1584 Deum

386 1598 480 1664 22.
522 1608 659 1665 Cum
699 1609 940 1664 audisset
1228 1616 1361 1656 vero
1388 1598 1568 1654 o'mnia

387 1693 571 1736 autem
610 1679 740 1735 adu-
1225 1671 1508 1741 possibilia
1532 1679 1677 1725 sunt.

1224 1739 1317 1797 27.
1360 1741 1513 1796 Tune
1539 1739 1880 1810 respondens

1225 1813 1426 1868 Petrus
1448 1854 1463 1877 ,
1496 1811 1633 1866 dixit

1220 1886 1271 1939 ei
1300 1902 1313 1937 :
1346 1885 1485 1939 Ecce
1513 1897 1616 1938 nos
1644 1897 1734 1939 re-

1218 1954 1476 2025 liquimus
1496 1968 1615 2009 om-

1222 2024 1315 2081 nia
1336 2068 1351 2092 ,
1382 2036 1437 2080 et
1460 2024 1632 2080 secuti

1225 2112 1412 2153 sumus
1440 2104 1493 2151 te
1525 2112 1538 2149 :
1571 2094 1700 2165 quid

1223 2183 1356 2239 ergo
1381 2169 1487 2239 erit
1513 2182 1611 2239 uo-

1222 2237 1315 2294 28'.
1360 2238 1489 2293 bis?
1517 2237 1673 2293 Jesus
1700 2252 1791 2292 au-

1225 2321 1337 2365 tam
1360 2308 1497 2365 dixit
1528 2308 1631 2363 illis
1666 2327 1679 2362 :

1223 2384 1400 2436 Amen
1433 2381 1557 2434 dico
1586 2394 1680 2435 vo—

1221 2452 1339 2516 bis,
1372 2450 1517 2522 quod
1544 2465 1641 2506 vos

1221 2527 1313 2593 qui
1336 2521 1511 2578 secuti
1541 2537 1629 2576 es—

1223 2595 1293 2649 tis
1320 2609 1408 2648 me
1434 2635 1448 2658 ,
1480 2594 1532 2645 in
1559 2607 1713 2663 rege—

1224 2666 1509 2718 neratione
1537 2679 1661 2717 cum

1223 2734 1427 2789 sederit
1452 2732 1628 2787 Filius

1225 2804 1463 2859 hominis
1490 2802 1545 2857 in

1127 2882 1131 2887 '
1223 2876 1357 2930 sede
1399 2873 1597 2942 majes-

1224 2948 1354 3001 tatis
1383 2960 1515 2999 suae
1535 2985 1550 3009 ,
1582 2958 1667 2997 sc-

1227 3016 1429 3071 debitis
1455 3025 1511 3070 et
1538 3028 1635 3069 vos

1226 3102 1392 3157 super
1418 3085 1578 3157 sedes

1226 3156 1325 3214 xii.
1374 3156 1681 3228 iudicantes

384 1751 604 1807 lescens
636 1752 740 1806 hoc

383 1823 612 1878 verbum
629 1862 642 1885 ,
670 1823 787 1877 abi-

381 1894 428 1949 it
454 1894 626 1948 tristis
658 1910 671 1946 :
699 1903 820 1949 erat

378 1965 523 2020 enim
554 1963 761 2019 habens

382 2036 584 2090 multas
613 2050 738 2103 pos—
818 2093 823 2098 _

381 2119 681 2161 885510085.

383 2176 478 2233 23.
516 2175 675 2231 Jesus
695 2185 877 2233 autem
909 2173 993 2230 di—

383 2248 465 2303 xit
491 2248 729 2316 discipu-

381 2320 453 2375 lis
478 2320 590 2375 suis
618 2333 633 2371 :
663 2321 834 2373 Amen

382 2391 509 2446 dico
541 2388 694 2444 vobis
713 2431 730 2456 ,

381 2460 547 2589 ﬂuod.
562 2460 714 2542 dives

424 2533 606 2587 ifﬁctle
631 2547 714 2585 m-

424 2533 606 2587 ifﬁcile
631 2532 716 2585 in-

383 2605 550 2660 travit
574 2602 628 2656 iu
670 2616 791 2670 reg-

384 2691 461 2731 no
487 2673 783 2729 caelorum.

383 2745 479 2800 24.
521 2745 721 2798 lterum
753 2740 877 2795 dico
909 2752 1003 2794 vo-

382 2816 473 2872 bis
505 2832 518 2867 :
551 2812 789 2868 Facilius

384 2896 471 2943 est
495 2882 788 2941 camellum

383 2973 488 3029 per
512 2955 758 3036 foramen

384 3043 519 3084 acus
551 3036 746 3082 11⁸³1181-

382 3115 448 3155 re
467 3140 482 3166 ,
512 3113 675 3169 quam
707 3094 844 3151 divi-

384 3179 499 3227 tem
522 3171 727 3225 intrare

818 3298 1055 3357 CODEX
1090 3293 1563 3352 CORBEIENSIS.

390 3404 468 3461 illi
516 3400 832 3457 adolescens
895 3410 909 3449 :
967 3392 1161 3447 Omnia
1232 3391 1365 3461 haec
1449 3388 1714 3444 custodivi
1764 3387 1993 3461 “,‘quid

398 3458 576 3531 adhuc
623 3469 754 3526 mihi
806 3464 1000 3523 deest?
1052 3462 1142 3519 Ait
1190 3461 1265 3515 illi
1305 3460 1577 3515 Jesus:Si
1612 3458 1995 3531 visperl‘ectus

392 3530 547 3611 esse,
584 3545 599 3576 ¹
627 3541 762 3597 vade
781 3581 798 3608 ,
849 3547 930 3611 et_
958 3534 1139 3611 vende
1161 3532 1340 3587 omnia
1370 3548 1507 3611 quae
1535 3530 1778 3611 possides
1801 3572 1815 3594 ,
1849 3539 1904 3584 et
1929 3530 1995 3611 da

390 3601 741 3689 pauperibus,
768 3601 821 3667 et
847 3606 1073 3689 habebis
1106 3605 1418 3689 thesaurum
1443 3602 1498 3656 in
1519 3602 1674 3689 coelo
1699 3620 1723 3689 _:
1753 3611 1810 3657 et
1835 3601 1994 3689 veui_,

394 3673 786 3758 sequereme.
839 3676 1305 3758 Quuttraudisset
1362 3673 1914 3758 antem_adolescens
1964 3674 1984 3702 ¹

394 3743 621 3814 verbum
647 3756 749 3809 hoc
772 3794 787 3819 ,
810 3743 941 3806 abiit
970 3750 1142 3803 tristis
1189 3764 1201 3799 :
1230 3755 1347 3819 erat
1374 3743 1759 3819 enimuhabens
1789 3750 1989 3819 multas

393 3815 794 3901 possessiones.
822 3822 1012 3901 .tlesus
1064 3826 1246 3901 autem
1478 3815 1774 3901 discipulis
1828 3817 1986 3895 suis:

398 3886 574 3955 Amen
600 3896 722 3950 dico
753 3892 934 3955 vobis,
964 3888 1106 3956 quod
1141 3888 1293 3942 dives
1325 3886 1549 3940 difﬁcile
1575 3886 1802 3939 intrabit
1828 3886 1881 3938 in
1906 3899 1992 3938 re-

402 3983 576 4042 gnum
611 3965 909 4042 coelorutn.
933 3960 953 3989 ³
984 3960 1181 4014 lterum
1227 3957 1350 4011 dico
1382 3958 1539 4037 vobis
1570 3973 1583 4008 :
1628 3956 1878 4042 Facilius.
1911 3965 1997 4009 est

404 4025 674 4096 Eamelum
706 4050 798 4103 per
825 4032 1065 4103 foramen
1109 4028 1558 4103 acus__trans_i_re_,
1590 4041 1749 4103 quam
1774 4025 1996 4103 divitem

406 4112 462 4167 in
490 4124 654 4179 regno
685 4096 990 4179 c'oelorum.
1013 4100 1132 4166 Quo
1169 4099 1393 4179 audito,
1422 4097 1672 4167 discipuli
1699 4098 1815 4178 ejus
1843 4096 1995 4179 ⁵111ὶὶ-

408 4167 673 4237 rabaiitur
700 4175 855 4230 valde
882 4214 896 4236 ,
938 4170 1219 4226 dicentes:
1271 4170 1404 4234 Quis
1434 4184 1564 4235 ergo
1593 4169 1793 4237 poterit
1816 4167 1999 4222 salvus

409 4250 575 4308 esse?
602 4250 622 4280 ³
650 4244 1006 4315 Conspiciens
1036 4251 1214 4315 autem
1245 4239 1403 4295 Jesus
1426 4281 1441 4305 ,
1482 4238 1754 4315 dittit_illis
1799 4257 1810 4290 :
1839 4237 1994 4305 Apud

411 4321 663 4378 homines
702 4310 815 4371 hoc'
850 4313 1213 4384 impossibileu
1238 4319 1321 4366 est
1367 4328 1379 4364 :
1424 4310 1563 4379 apud
1594 4311 1787 4384 Deum
1815 4319 1997 4363 autem

414 4396 595 4450 omnia
644 4381 943 4460 possibilia'
975 4394 1135 4460 sunt.
1174 4382 1325 4437 Tunc
1374 4382 1711 4460 respondens
1770 4381 1998 4460 l’etrus,

414 4465 553 4520 dixit
574 4463 595 4494 °
621 4452 804 4517 {Ecce
822 4473 919 4512 nos
947 4455 1263 4525 reliquimus
1288 4454 1469 4508 omnia
1491 4494 1506 4518 ,
1535 4462 1589 4508 et
1615 4452 1789 4525 secuti
1814 4465 2002 4525 stitutus

417 4545 511 4591 te:
540 4533 665 4605 quid
694 4546 824 4600 ergo
853 4527 969 4605 erit
1007 4523 1200 4605 nobis?
1240 4525 1400 4605 Jesus
1444 4534 1622 4579 autem
1674 4523 1808 4605 dixit
1834 4523 1999 4604 .illis:

417 4591 589 4663 Arnen
617 4604 740 4659 dico
757 4591 933 4655 "vobis
957 4639 974 4665 ,
1000 4598 1124 4667 quia
1146 4612 1241 4652 vos
1284 4596 1374 4666 qui
1405 4611 1491 4667 me
1529 4595 1704 4667 secuti
1748 4594 1921 4667 estis:
1949 4591 2004 4667 in

418 4674 869 4750 regeneratione,
934 4663 1348 4750 quum_s_cderit
1410 4666 1578 4721 Filius
1636 4664 1921 4750 hominis"
1948 4663 2004 4717 in

419 4734 617 4805 throno
642 4734 1024 4817 gloriae'suae,
1039 4738 1292 4795 sedebitis
1312 4746 1367 4793 et
1395 4754 1491 4793 vos
1511 4738 1853 4809 supergsedes
1872 4734 2006 4790 duo-

423 4820 598 4876 decim
620 4863 634 4888 ,
660 4816 967 4889 judicantes

2094 458 2306 514 lescens
2339 474 2351 509 :
2380 455 2506 512 Om-

2093 531 2181 585 nia
2213 530 2345 585 haec
2368 537 2553 583 custo-

2093 601 2201 657 divi
2225 617 2252 654 a
2269 600 2463 669 juven-

2095 679 2209 727 tute
2237 687 2355 725 mea
2373 712 2387 733 ,

2096 744 2222 813 quid
2247 743 2426 797 adhuc

2095 812 2226 868 mihi
2257 812 2451 868 deest?

2095 884 2186 939 21.
2231 886 2320 939 Ait
2350 884 2427 938 illi

2094 955 2255 1011 Jesus
2283 972 2300 1013 :
2326 955 2381 1011 Si
2414 955 2495 1009 vis

2094 1026 2367 1096 perfectus
2397 1041 2483 1082 es-

2093 1112 2153 1153 se
2174 1140 2188 1163 ,
2218 1097 2355 1153 vade
2378 1140 2394 1166 ,

2091 1169 2271 1225 vende
2295 1184 2412 1222 om-

2093 1241 2178 1294 nia
2205 1250 2293 1295 tua
2310 1280 2324 1303 ,
2356 1248 2411 1294 ct

2092 1310 2163 1365 da
2195 1325 2397 1379 paupe-

1999 1440 2003 1445 ,
2090 1381 2240 1437 ribus
2263 1424 2277 1448 ,
2313 1390 2369 1436 et
2398 1381 2493 1434 Ita-

2090 1451 2246 1507 bebis
2279 1452 2535 1507 thensau-

2091 1539 2211 1578 rum
2240 1524 2292 1578 in
2319 1523 2471 1578 caelo
2500 1539 2514 1573 :

2092 1601 2148 1648 et
2180 1595 2301 1650 veni
2323 1635 2339 1662 ,
2368 1606 2595 1664 sequere

2092 1680 2200 1720 me.

2091 1736 2182 1790 22.
2227 1734 2364 1791 Cum
2394 1734 2637 1789 audisset

2091 1817 2271 1864 autem
2303 1806 2491 1861 adule-

2090 1893 2253 1934 scens
2278 1878 2503 1933 verbum

2092 1950 2197 2005 hoc
2221 1992 2236 2016 ,
2278 1947 2411 2003 abiit
2443 1947 2537 2002 tri-

2093 2030 2207 2077 stes
2240 2038 2254 2075 :
2283 2029 2401 2076 erat
2429 2018 2576 2074 enim

2091 2090 2300 2146 habens
2330 2091 2526 2145 multas

2089 2162 2493 2232 possessiones.

2091 2234 2186 2289 25.
2229 2233 2389 2289 Jesus
2420 2241 2600 2287 autem

2092 2305 2234 2359 dixit
2261 2303 2541 2373 discipulis

2091 2376 2207 2431 suis
2238 2393 2252 2429 :
2283 2376 2456 2430 Amen

2090 2446 2216 2501 dico
2246 2447 2399 2500 vobis
2418 2488 2432 2511 ,
2464 2443 2609 2515 quod

2091 2518 2244 2572 dives
2274 2517 2496 2571 difﬁcile

2092 2588 2314 2642 intravit
2345 2590 2398 2642 in
2424 2604 2511 2643 re-

2092 2674 2199 2726 gno
2215 2660 2513 2715 caelorum.

2092 2729 2188 2784 24.
2234 2731 2431 2784 lterum
2462 2727 2582 2784 dico
2612 2776 2619 2782 .

2093 2800 2249 2856 vobis
2283 2818 2297 2854 :
2330 2800 2564 2854 Facilius

2093 2880 2180 2928 est
2202 2871 2478 2925 camillum

2093 2957 2192 3013 per
2220 2943 2462 3013 foramen

2093 3011 2225 3067 acus
2256 3011 2489 3067 transire
2518 3053 2532 3076 ,

2094 3098 2255 3153 quam
2276 3082 2498 3137 divitem

2095 3155 2305 3210 intrare
2330 3154 2383 3209 iu
2414 3168 2501 3209 re-

2926 463 3090 559 gnum
3115 444 3411 528 caelorum.

2956 521 2997 559 ες
3066 519 3274 559 ΔιηΙιιις
3300 522 3411 559 sum

2930 516 3016 574 25.
3062 516 3274 572 Auditis
3300 522 3486 569 autem

2929 588 3212 655 discipulis
3240 587 3375 641 haec
3401 626 3417 650 ,

2928 660 3284 723 mirabantur,
3319 656 3399 728 (a)

2927 743 2983 788 et
3007 730 3267 786 timebant
3291 729 3333 800 -ξ-

2929 802 3086 857 valde
3102 844 3116 868 ,
3148 802 3392 855 dicentes
3420 816 3434 852 :

2927 874 3059 942 Quis
3088 888 3219 941 ergo
3240 885 3337 942 po-

2928 947 3057 1000 terit
3081 945 3262 999 salvus
3295 942 3469 998 esse?

2925 1016 3017 1070 26.
3065 1014 3353 1084 Aspiciens
3385 1020 3573 1069 autem

2924 1087 3085 1142 Jesus
3108 1128 3122 1151 ,
3155 1086 3267 1141 dixi

2919 1158 3030 1214 illis
3064 1176 3077 1210 :
3110 1158 3257 1227 Aput

2923 1228 3175 1284 homines
3192 1227 3297 1283 hoc

2924 1300 3263 1369 impossibile
3292 1309 3378 1356 est
3411 1315 3424 1352 :

2926 1380 3056 1442 aput
3080 1371 3248 1426 Deum

2927 1440 3106 1498 autem
3139 1440 3323 1497 omnia

2928 1513 3210 1579 possibilia
3237 1522 3382 1569 sunt.

2925 1584 3017 1639 27.
3062 1584 3212 1639 Tunc
3232 1583 3573 1655 respondens

2926 1656 3122 1711 Petrus
3142 1697 3158 1723 ,
3190 1656 3329 1711 dixit

2925 1728 2979 1782 ei
3004 1744 3018 1782 :
3056 1726 3197 1782 Ecce
3226 1741 3329 1782 nos

2925 1797 3246 1868 reliquimus

2923 1871 3106 1924 omnia
3136 1910 3151 1936 ,
3202 1876 3257 1923 et
3315 1883 3402 1923 se-

2923 1942 3032 1996 cuti
3064 1955 3251 1995 sumus
3276 1949 3329 1994 te
3359 1957 3373 1993 ε

2923 2012 3051 2082 quid
3075 2027 3204 2082 ergo
3227 2011 3334 2067 erit

2924 2082 3081 2139 nobis
3100 2084 3124 2136 ?

2924 2155 3014 2210 28.
3063 2152 3220 2209 Jesus
3258 2161 3438 2208 autem

2925 2226 3064 2281 dixit
3092 2225 3197 2280 illis
3244 2243 3257 2279 :

2924 2299 3097 2353 Amen
3129 2296 3252 2351 dico

2925 2370 3081 2424 vobis
3105 2367 3301 2449 [quod

2927 2454 3023 2495 vos
3053 2455 3142 2509 qut
3176 2453 3263 2493 se—

2926 2511 3034 2566 cuti
3059 2510 3188 2565 estis
3216 2523 3333 2575 me,

2928 2582 2982 2636 in
3006 2595 3294 2650 regenera-

2927 2654 3074 2708 tione
3102 2665 3223 2705 cum

2925 2723 3130 2780 sederit
3154 2721 3330 2776 Filius

2928 2794 3166 2850 hominis
3204 2792 3259 2846 in

2927 2866 3058 2921 sede
3087 2860 3391 2935 majestatis

2927 2952 3059 2992 suae
3089 2977 3104 3002 ,

2931 3007 3192 3064 sedebitis
3218 3014 3275 3060 et

2930 3094 3029 3134 vos
3057 3093 3223 3149 super
3250 3091 3339 3149 se-

2932 3150 3031 3207 des
3061 3148 3157 3205 m.
3185 3148 3338 3220 judi-

2570 3291 2803 3350 CODEX
2832 3288 3232 3347 BRIXIANUS.

2096 3389 2173 3444 illi
2196 3389 2536 3447 adulescens.
2552 3388 2743 3444 Omnia
2756 3387 2911 3442 haec.
2927 3384 3189 3440 custodivi
3208 3398 3237 3437 a
3257 3381 3543 3448 iuventute
3555 3392 3697 3432 mea.

2098 3461 2227 3529 quid
2255 3461 2432 3515 adhuc
2462 3460 2593 3515 mihi
2623 3460 2795 3515 deest.
2818 3456 2907 3512 Ait
2928 3457 3002 3511 illi
3028 3455 3209 3529 Jesus:
3239 3453 3298 3508 Si
3320 3455 3400 3507 vis
3422 3452 3703 3529 perfectus

2099 3524 2243 3586 esse.
2272 3531 2409 3588 vade
2448 3531 2621 3586 vende
2650 3530 2829 3585 omnia
2858 3544 2997 3599 quae
3026 3525 3296 3599 possides.
3324 3534 3380 3580 et
3404 3524 3471 3579 da
3501 3535 3708 3599 paupe-

2101 3603 2273 3658 ribus.
2299 3612 2356 3659 et
2399 3603 2621 3657 habebis
2668 3591 3042 3655 thensaurum'
3072 3597 3127 3651 in
3176 3596 3350 3652 caelo.
3382 3605 3435 3649 et
3464 3591 3586 3647 veni
3615 3606 3706 3645 se-

2103 3690 2271 3744 quere
2300 3690 2404 3730 me.
2438 3674 2551 3728 lloc
2591 3672 2777 3726 audito
2807 3670 3131 3744 adulescens
3170 3666 3313 3744 abiit
3356 3665 3543 3720 tristis.
3579 3670 3704 3744 erat.

2094 3731 2239 3799 enim
2265 3746 2471 3799 habens
2501 3744 2700 3798 multas
2736 3742 3131 3811 possessiones.
3165 3739 3324 3811 Jesus
3352 3746 3543 3811 autem
3563 3731 3706 3811 digit

2094 3815 2375 3885 discipulis
2417 3816 2554 3871 suis.
2599 3802 2770 3868 Amen
2816 3813 2939 3885 dico
2967 3810 3149 3885 vobis:
3188 3810 3315 3879 quia
3356 3802 3708 3885 dil‘licilendi-

2096 3902 2191 3941 ves
2223 3875 2442 3941 intrabit
2467 3887 2519 3939 in
2552 3900 2777 3951 regnum
2802 3884 3098 3938 caelorum.
3130 3875 3331 3935 lterum
3358 3888 3544 3933 autem
3570 3875 3697 3929 dico

2096 3957 2254 4012 vobis
2277 3957 2512 4012 Facilius
2535 3966 2618 4011 est
2638 3955 2904 4010 camelum
2956 3970 3053 4023 per
3094 3952 3341 4008 foramen
3389 3963 3521 4023 acus
3549 3956 3699 4000 tran-

2100 4029 2233 4084 sire.
2277 4045 2435 4098 quam
2477 4029 2699 4082 divitem
2755 4019 2988 4098 introire
3037 4024 3087 4078 in
3142 4037 3367 4098 regnum
3400 4019 3701 4098 caelorum.

2100 4087 2313 4154 Auditis
2361 4109 2539 4153 autem
2596 4098 2680 4153 his
2734 4095 3008 4166 discipuli.
3046 4087 3582 4166 mirabantunvalde
3622 4087 3709 4141 di-

2101 4180 2286 4225 centes
2311 4171 2442 4237 Quis
2467 4186 2598 4239 ergo
2646 4170 2848 4238 poterit
2873 4162 3246 4239 salvus_esse._
3280 4162 3709 4239 Aspiciens__a_u-
3744 4172 3749 4175 δ

2110 4250 2218 4296 tem
2245 4229 2402 4296 Jeswus
2425 4229 2559 4295 dixit
2588 4229 2687 4295 eis.
2739 4242 2883 4308 Aput
2932 4237 3208 4308 homines
3235 4235 3337 4308 hoc
3361 4229 3708 4308 'inpossibile

2102 4320 2187 4367 est
2210 4354 2224 4379 ,
2256 4323 2385 4381 aput
2429 4313 2594 4366 Deum
2628 4300 2806 4365 autem
2835 4308 3017 4364 omnia
3048 4306 3329 4381 possibilia
3360 4300 3509 4381 sunt.
3556 4300 3713 4381 Tunc

2104 4372 2444 4453 respondens
2501 4384 2695 4438 Petrus
2745 4381 2882 4435 dixit
2927 4382 3007 4453 ei.
3034 4372 3192 4453 ‘Ecce
3245 4392 3343 4453 nos
3384 4372 3710 4453 reliquimus

2111 4444 2314 4511 omnia.
2348 4463 2404 4509 et
2430 4456 2598 4508 secuti
2624 4467 2813 4507 sumus
2843 4463 2892 4505 te
2922 4449 3050 4520 quid
3082 4465 3212 4519 ergo
3244 4449 3348 4502 erit
3377 4444 3566 4520 nobis.

2181 4525 2338 4581 Jesus
2367 4536 2547 4579 autem
2570 4523 2706 4578 dixit
2730 4523 2859 4577 illis.
2891 4512 3065 4576 Aincu
3111 4512 3235 4574 dico
3264 4519 3419 4573 vobis
3448 4512 3709 4585 quoniam

2113 4611 2212 4653 vos
2243 4598 2331 4666 qui
2360 4597 2533 4650 secuti
2555 4596 2685 4650 estis
2715 4608 2801 4648 me
2828 4594 2883 4649 in
2904 4594 3326 4666 resurrectione.
3349 4603 3481 4666 cum
3504 4585 3719 4640 sederit

2111 4660 2283 4724 Filius
2331 4667 2562 4722 hominis
2625 4681 2789 4736 supra
2854 4664 3065 4736 sedem,
3093 4660 3426 4736 majes_tatis_
3457 4672 3591 4736 suae
3631 4670 3721 4736 se-

2113 4738 2332 4796 debitis.
2381 4746 2437 4794 ct
2488 4754 2585 4794 vos
2629 4728 2794 4808 super
2843 4734 3130 4791 duodecim
3179 4728 3362 4789 sedes.
3407 4728 3720 4801 iudicantes

1104 4902 1499 5004 VARIANTES
1538 4941 1921 5003 LECTIONES
1958 4939 2224 4998 CODICIS
2262 4939 2375 4997 MS.
2418 4936 2475 4993 S.
2517 4932 3027 4995 GERMANENSIS.

488 5097 506 5128 ι
543 5092 687 5154 vade,
707 5091 1017 5154 vendeuquae
1037 5086 1214 5147 habes,

482 5160 505 5190 ²
540 5152 765 5216 verbum,
790 5152 911 5216 abiit.

484 5221 506 5253 ³
538 5219 621 5282 Et,
649 5211 768 5282 etei,
788 5219 841 5267 ut
867 5211 1015 5276 Vulg.
1034 5225 1204 5276 usque,
1224 5211 1525 5262 mirabantur

480 5282 505 5314 ‘
537 5280 700 5332 mirati
717 5282 850 5337 sunt,

2180 5080 2201 5169 ξ
2233 5074 2491 5169 ὲερὶεἱθηε

2116 5212 2119 5217 ‘
2180 5153 2201 5233 ζ
2238 5153 2483 5263 ῧίνηιθ.
2504 5210 2654 5264 usque
2674 5197 2739 5249 ad
2762 5195 2911 5249 etiam
2929 5193 3207 5248 sectionem.

1708 5352 2075 5412 BLANCHINI
2104 5351 2332 5410 NOTAE.
2386 5358 2406 5390 ἰ

493 5493 517 5519 α
545 5482 704 5537 Notat
740 5480 914 5536 Lucas
943 5473 1235 5545 Brugensis
1275 5472 1440 5539 illud,
1481 5489 1514 5525 a
1549 5474 1818 5545 juventute
1848 5489 2005 5545 _mea,

419 5555 562 5623 quod
589 5553 830 5621 sequitur
864 5552 918 5606 iu
951 5542 1172 5623 Vulgata
1203 5550 1388 5623 nostra
1416 5585 1429 5608 ,
1476 5558 1583 5597 non
1613 5542 2004 5623 l_ectum_fuisse

421 5610 610 5682 Crat-ce
651 5610 719 5679 ab
762 5610 1079 5692 interpretc'
1106 5616 1337 5683 Latino,
1384 5629 1484 5670 nec
1522 5613 1749 5684 proinde
1814 5610 2003 5667 Latine

2110 5470 2291 5528 datum
2320 5484 2463 5526 esse.
2514 5466 2669 5536 Quod
2720 5464 2933 5524 veritati
2980 5475 3283 5536 consonum
3321 5459 3554 5536 probant
3611 5458 3725 5536 duo

2109 5543 2465 5667 manuslcripti
2521 5531 2695 5596 nostri
2768 5538 2979 5603 Latini,
3049 5544 3105 5592 et
3191 5531 3726 5589 alia’vetustissima

2108 5628 2303 5670 exemp
2327 5628 2462 5668 arta.

2271 5631 2462 5684 ptarta.

466 5756 546 5831 (a)
576 5756 789 5813 Addunt
818 5766 863 5809 ct
892 5755 1151 5824 (intrabant,
1200 5768 1323 5810 cum
1366 5750 1486 5808 COd.
1514 5748 1674 5805 Cant.
1702 5750 1783 5804 καὶ
1812 5748 2116 5822 ἐφοϐήθσαν.
