4048 6188
338 316 440 373 275

1293 319 1747 378 EVANGELIUM
1784 316 2153 378 SECUNDUM
2190 318 2624 391 ΜΑΤΤΗᾹέυΜ.

728 435 957 493 CODEX
1000 435 1545 493 VERCELLENSIS.

328 544 427 584 xu.
462 526 636 584 tribus
664 528 737 583 ls-

326 600 530 653 traliel.

322 671 412 725 29.
466 670 535 725 Et
562 670 736 741 omnis
765 672 858 741 qui
888 686 971 727 re-

324 742 558 805 liquerit
582 740 802 797 domum
824 782 839 805 ,

320 812 410 868 vel
439 812 638 867 fratres
662 854 677 877 ,

319 893 417 939 aut
446 898 663 938 sorores
688 924 705 950 ,

320 965 422 1011 aut
448 966 662 1025 patrem
689 995 705 1018 ,

318 1036 415 1081 aut
457 1036 690 1081 matrem
714 1067 731 1092 ,

318 1107 415 1152 aut
442 1097 584 1152 filios
611 1139 626 1163 ,
655 1104 748 1149 aut

320 1184 485 1239 agros
509 1211 523 1234 ,
556 1176 779 1239 propter

319 1255 524 1295 nomen
548 1254 665 1294 me-

317 1328 412 1366 um
435 1354 451 1376 ,
484 1308 742 1379 centuplo

319 1383 560 1453 accipiet
590 1422 607 1448 ,
638 1388 697 1435 et
720 1380 801 1435 vi-

316 1460 432 1508 tam
459 1464 738 1508 aeternam

315 1525 412 1579 30.
451 1522 774 1594 possidebit.
805 1520 943 1577 Mul-

318 1597 361 1650 ti
392 1604 569 1651 autem
601 1601 729 1649 sunt

315 1668 483 1737 primi
516 1666 699 1722 novis-

311 1736 442 1791 simi
466 1781 481 1805 ,
516 1749 569 1793 et
599 1736 783 1791 novis-

314 1810 448 1864 simi
472 1809 655 1880 primi.

514 1922 745 1980 CAPUT
776 1923 894 1979 XX.

310 2020 368 2074 1.
415 2017 603 2073 Simile
629 2027 712 2072 est
740 2017 884 2072 enim

316 2131 330 2143 .
386 2130 401 2143 .
448 2129 463 2143 .
544 2125 559 2141 .
607 2090 953 2146 .umcaelo—

312 2176 441 2217 rum
483 2160 689 2213 homini

311 2231 464 2303 patri
494 2230 730 2285 familias
746 2271 762 2297 ,

312 2305 412 2372 qui
438 2303 575 2357 exiit
604 2303 713 2371 pri-

315 2389 416 2429 mo
445 2388 608 2427 mane
636 2387 767 2427 con-

313 2445 526 2527 ducere
549 2459 743 2525 opera-

313 2531 435 2572 nos
464 2532 520 2570 111
541 2530 693 2569 vme—

312 2589 376 2641 2.
412 2602 500 2641 am
530 2600 705 2641 suam.
728 2583 871 2643 Con-

315 2659 577 2714 venﬁone

320 2740 510 2785 autem
540 2728 677 2784 facta
750 2728 762 2737 ’

317 2816 443 2856 cum
474 2800 715 2869 operari-

321 2873 370 2925 is
402 2888 467 2926 ex
499 2872 726 2926 denario

319 2943 521 2997 diurno
543 2983 558 3004 ,
591 2942 692 2997 mi—

324 3016 399 3068 sit
428 3029 525 3069 eos
555 3014 608 3068 in
636 3014 789 3069 vine-

321 3100 411 3139 am
438 3099 615 3139 suam.

322 3156 379 3210 ‘5.
417 3156 479 3211 Et
512 3170 766 3227 egressus

326 3228 519 3283 iterum
550 3229 700 3284 circa

1165 531 1353 585 horam
1372 530 1528 585 terti-

1162 617 1247 655 am
1279 642 1295 667 ,
1326 601 1402 672 (a)
1433 600 1636 656 invenit
1663 600 1705 671 -ι-

1161 674 1302 727 alios
1330 680 1539 727 stantes

1165 744 1219 798 in
1246 743 1361 798 foro
1388 745 1528 799 otio-

1162 813 1219 868 4.
1261 829 1352 869 sos
1372 854 1387 879 ,
1418 824 1472 869 et
1498 814 1635 869 dixit
1664 813 1729 868 il-

1165 886 1228 939 lis
1261 903 1275 941 :
1308 885 1385 940 lte
1414 894 1470 940 et
1492 900 1588 940 vos

1165 956 1239 1011 in.
1291 996 1303 1009 .
1350 997 1363 1011 .
1408 972 1568 1012 neam

1160 1043 1235 1082 m.
1280 1066 1295 1082 .
1341 1068 1355 1082 .
1402 1068 1416 1081 .
1465 1068 1477 1080 .
1512 1026 1657 1097 quod

1164 1136 1178 1151 .
1226 1140 1240 1154 .
1286 1140 1298 1152 .
1344 1139 1357 1151 .
1406 1139 1418 1151 .
1462 1096 1657 1153 m'fue-

1162 1169 1235 1223 rit
1260 1169 1402 1240 dabo
1428 1186 1522 1224 vo—

1162 1241 1216 1296 5.
1259 1240 1362 1296 bis.
1396 1240 1475 1295 llli
1499 1249 1681 1295 autem

1161 1313 1430 1383 abierunt.
1465 1309 1539 1383 (c)

1159 1382 1357 1437 lterum
1381 1382 1422 1453 ἰ-
1449 1381 1582 1437 exiit
1611 1381 1717 1436 cir-

1160 1467 1221 1508 ea
1250 1462 1456 1508 sextam
1487 1462 1543 1507 Cl.

1161 1540 1359 1580 nonam
1390 1523 1581 1579 horam
1614 1539 1629 1576 :

1163 1594 1294 1651 fecit
1322 1595 1597 1653 similiter.

1159 1666 1213 1721 6.
1254 1665 1407 1722 Circa
1439 1666 1610 1722 unde-

1159 1740 1300 1793 cima
1323 1747 1501 1793 autem

1160 1810 1325 1874 exiit,
1355 1819 1411 1865 et
1438 1811 1590 1865 inve-

1160 1881 1402 1949 nit_alios
1429 1890 1579 1935 stan-

1161 1962 1241 2007 tes
1261 1994 1277 2018 ,
1308 1961 1364 2006 et
1392 1951 1525 2006 dicit
1556 1952 1619 2007 il-

1159 2022 1227 2076 lis
1260 2040 1273 2077 :
1305 2021 1443 2089 Quid
1475 2022 1562 2077 hic

1157 2094 1312 2147 statis
1342 2100 1456 2147 tota

1157 2163 1212 2217 7.
1248 2164 1334 2219 die
1359 2164 1563 2219 otiosi?
1594 2164 1683 2219 Di-

1159 2246 1289 2290 cunt
1316 2238 1363 2290 ei
1392 2253 1405 2290 :
1436 2235 1573 2304 Quia

1159 2321 1318 2361 nemo
1349 2320 1450 2361 nos

1158 2377 1439 2432 conduxit.

1158 2448 1298 2503 Dicit
1327 2449 1433 2503 illis
1458 2465 1471 2501 :

1157 2518 1236 2575 lte
1264 2526 1320 2574 et
1352 2534 1448 2573 vos
1476 2520 1530 2574 in

1155 2591 1367 2646 vineam
1398 2605 1518 2645 me-

1156 2661 1211 2717 8.
1254 2676 1363 2716 am.
1398 2659 1535 2715 Cum

1157 2746 1671 2792 ser........m

1160 2804 1359 2858 factum
1388 2845 1402 2857 .
1436 2841 1451 2856 .
1492 2845 1503 2856 .
1537 2815 1642 2873 set,

1159 2874 1292 2930 dicit
1320 2873 1574 2933 dominus

1156 2946 1347 3001 vineae
1370 2962 1494 3014 pro-

1149 3018 1386 3073 curatori
1411 3034 1547 3075 suo:

1167 3088 1309 3143 Voca
1342 3103 1535 3159 opera-

1160 3160 1293 3223 rios,
1323 3167 1380 3215 et
1406 3163 1530 3216 red-

1161 3230 1230 3287 de
1256 3230 1364 3285 illis
1390 3248 1533 3289 mer-

2463 437 2696 494 CODEX
2738 438 3194 496 VERONENSIS.

2025 540 2213 586 cantes
2238 529 2450 585 duode-

2017 602 2127 659 cim
2157 601 2327 665 tribus
2354 601 2402 658 Is

2027 672 2228 728 trabel.

2023 744 2117 799 29.
2161 744 2229 798 Et
2256 744 2436 800 omnis

2072 817 2124 870 ui
2159 814 2444 884 reliquerit

2072 901 2276 949 omum,
2310 886 2394 941 vel

2034 957 2277 1021 fratrem,
2309 967 2406 1012 aut

2033 1042 2276 1093 sorores,
2308 1038 2399 1081 aut

2033 1108 2287 1162 matrem,
2315 1111 2410 1157 aut

2032 1170 2195 1235 filios,
2228 1179 2322 1224 aut

2031 1256 2212 1311 agros,
2246 1252 2470 1313 pr0pter

2028 1327 2232 1366 nomen
2262 1326 2467 1380 meum,

2027 1382 2338 1451 centuplum
2369 1401 2459 1441 ac-

2028 1454 2211 1522 cipiet,
2240 1462 2296 1507 et
2324 1456 2404 1510 vi-

2031 1534 2137 1578 tam
2158 1533 2433 1582 aeternam

2030 1593 2347 1663 possidebit.

2029 1667 2117 1721 50.
2161 1665 2309 1722 Multi
2340 1680 2519 1727 autem

2028 1746 2155 1792 sunt
2185 1738 2347 1806 primi

2028 1809 2337 1877 nobissimi,
2363 1816 2417 1868 et

2028 1880 2314 1936 nobissimi

2027 1952 2211 2020 primi.

2213 2065 2443 2121 CAPUT
2483 2064 2602 2120 XX.
2645 2119 2649 2123 .

2022 2160 2075 2214 1.
2120 2157 2308 2214 Simile
2338 2166 2423 2213 est

2018 2246 2245 2299 regnum
2272 2230 2453 2284 caelo-

2022 2317 2142 2355 rum
2176 2301 2381 2356 bomini

2022 2370 2422 2442 patrifamilias.

2020 2444 2113 2513 qui
2142 2443 2276 2497 exiit
2315 2444 2423 2512 pri-

2021 2528 2112 2568 mo
2139 2529 2299 2567 mane
2323 2527 2459 2568 con-

2020 2583 2222 2639 ducere
2248 2598 2440 2651 opera-

2021 2656 2132 2709 rios
2163 2655 2214 2708 in
2245 2656 2460 2709 vineam

2021 2726 2075 2779 2.
2118 2741 2294 2782 suam.
2338 2729 2484 2781 Con-

2024 2797 2279 2852 ventione
2312 2812 2408 2852 au-

2023 2877 2132 2924 tem
2161 2869 2300 2923 facta
2325 2885 2449 2927 cum

2020 2941 2284 3010 operariis
2312 2956 2381 2996 ex

1961 3036 1968 3043 -
2022 3010 2247 3067 denario
2273 3013 2421 3069 diur-

2024 3098 2118 3167 no,
2146 3083 2306 3166 .misit
2332 3099 2427 3141 eos

2024 3171 2078 3209 111
2110 3170 2322 3210 Vineam
2355 3171 2529 3212 suam.

2024 3226 2079 3281 '5.
2126 3226 2192 3280 Et
2220 3240 2475 3298 egressus

2868 532 3012 588 circa
3046 532 3237 587 horam

2866 604 3105 665 tertiam.
3142 602 3219 675 (a)
3251 604 3335 659 in-

2866 675 3014 729 venit
3042 675 3085 745 -ίσ
3110 674 3248 745 alios

2867 744 3073 801 stantes
3098 745 3153 799 in
3182 744 3301 803 foro

2865 815 2922 869 4.
2964 817 3188 879 otiosos,
3221 828 3278 875 et

2866 887 2944 943 ait
2971 888 3108 943 illis:
3146 887 3227 942 Ite

2868 972 2925 1013 et
2957 972 3054 1012 vos
3085 959 3135 1013 in
3168 958 3245 1027 (ὁ)
3274 962 3357 1015 vi-

2868 1044 3026 1085 neam
3053 1032 3117 1099 1-,
3145 1038 3201 1084 et

2867 1099 3011 1170 quod
3048 1102 3256 1170 justum

2865 1170 3031 1226 fuerit
3059 1171 3202 1225 dabo

2864 1241 2917 1297 5.
2960 1242 3138 1297 vobis.
3174 1241 3262 1299 illi
3289 1261 3393 1302 au-

2867 1320 2977 1368 tem
3007 1313 3281 1371 abierunt.

2865 1382 3169 1457 (cinerum1
3200 1386 3241 1457 δι

2863 1455 2999 1509 exiit
3027 1456 3173 1509 circa
3202 1455 3330 1513 Sex-

2867 1533 2974 1579 tam
3002 1534 3056 1580 et
3085 1540 3283 1583 nonam

2865 1594 3055 1650 horam
3081 1614 3094 1648 :
3135 1604 3191 1651 et
3216 1598 3295 1655 fe-

2864 1666 2939 1720 cit
2962 1666 3235 1723 similiter.

2864 1736 2916 1791 6.
2960 1736 3119 1793 Circa
3148 1741 3377 1799 undeci-

2864 1823 3007 1861 mam
3041 1818 3220 1865 autem
3251 1815 3382 1869 exiit

2862 1887 2915 1933 et
2944 1879 3151 1934 invenit
3176 1882 3315 1939 alios

2862 1958 3090 2014 stantes,
3122 1962 3177 2006 et
3202 1953 3334 2010 dicit

2862 2019 2969 2075 illis
2993 2040 3008 2076 :
3042 2023 3183 2088 Quid
3213 2023 3301 2081 hic

2863 2093 3021 2146 statis
3051 2101 3160 2147 tota
3188 2094 3276 2149 die

2864 2163 2917 2216 7.
2959 2163 3121 2218 otiosi
3144 2164 3168 2218 Ἰ
3209 2166 3300 2219 Di-

2862 2242 2992 2288 cunt
3016 2235 3066 2289 ei
3096 2252 3109 2289 :
3143 2234 3282 2301 Quia

2860 2320 3023 2360 nemo
3044 2307 3304 2363 conduxit

2856 2391 2976 2430 nos.
3006 2376 3144 2432 Dicit
3170 2378 3236 2431 il—

2855 2445 2921 2500 lis
2955 2467 2967 2500 :
2997 2447 3073 2501 Ite
3089 2459 3143 2501 et

2852 2530 2950 2572 vos
2977 2522 3030 2572 in
3054 2522 3267 2577 vineam

2853 2604 3051 2647 meam.

2849 2661 2905 2714 8.
2942 2660 3077 2719 Cum
3100 2679 3224 2720 sero

2850 2739 3034 2789 autem
3064 2736 3262 2793 factum

2850 2812 2998 2857 esset
3014 2847 3029 2871 ,
3058 2807 3191 2861 dicit

2853 2874 3108 2932 dominus
3137 2880 3220 2933 vi-

2848 2960 2983 3018 neae
3004 2963 3260 3018 procura-

2850 3016 2953 3071 tori
2976 3016 3075 3073 suo
3100 3038 3111 3072 :
3141 3020 3289 3079 Voca

2859 3091 3139 3157 operarios
3155 3133 3169 3156 ,
3192 3103 3248 3148 et

2860 3159 3029 3215 redde
3065 3161 3177 3217 illis

2859 3234 3189 3301 mercedem,

3388 1857 3406 1883 ν

3533 315 3644 373 274

754 3328 991 3422 cooEx
1026 3365 1493 3426 CORBEIENSIS.

328 3483 613 3557 duodecim
640 3483 813 3538 tribus
828 3484 991 3540 Israel
1002 3528 1011 3538 .
1023 3485 1088 3539 Et
1101 3486 1277 3540 omnis
1302 3485 1629 3557 quicumque
1642 3486 1927 3557 reliquerit

329 3555 566 3619 domum,
582 3557 669 3610 vel
685 3557 897 3619 fratres,
912 3566 1284 3623 autsorores,‘l
1299 3568 1387 3611 aut
1404 3555 1632 3613 matrem
1644 3568 1754 3623 ,aut
1767 3555 1923 3623 lilios,

331 3637 616 3696 autagros,
648 3636 868 3696 propter
896 3644 1090 3682 nomen
1120 3644 1321 3694 meum,
1346 3630 1652 3695 centuplum
1675 3629 1925 3697 accipiet,

332 3707 382 3750 et
408 3700 570 3779 vitam
592 3699 1398 3779 aeternampossidebit._Multi
1429 3700 1574 3754 enim
1608 3712 1733 3754 sunt
1767 3700 1928 3768 primi

335 3770 607 3823 novissimi
635 3812 651 3835 ,
685 3781 742 3825 et
770 3771 1049 3824 novissimi
1095 3773 1273 3838 primi.

404 3838 520 3913 XX.
544 3840 741 3895 Simile
762 3848 1101 3913 estregnum
1139 3844 1417 3897 coelorum
1452 3842 1655 3897 homini
1699 3840 1923 3913 patrifa-

336 3911 504 3965 milias
532 3952 545 3972 .
571 3913 668 3982 qui
694 3914 709 3943 ί
731 3912 899 3982 exivit
921 3913 1096 3981 primo
1127 3929 1285 3969 mane
1312 3914 1617 3968 conducere
1639 3911 1922 3982 operarios

338 3982 388 4033 in
409 3981 619 4055 vineam
644 3998 821 4037 suam.
853 3981 1226 4055 Conveulione
1254 3996 1433 4039 autem
1465 3986 1599 4038 facta
1631 3981 1751 4039 cum
1794 4000 1925 4055 ope—

339 4054 487 4106 rariis
514 4069 581 4108 ex
608 4054 836 4109 denario
854 4054 1083 4118 diurno,
1111 4058 1257 4109 misit
1286 4071 1380 4109 eos
1411 4060 1462 4109 in
1507 4057 1718 4109 vineam
1748 4054 1920 4109 suam.

342 4122 403 4176 Et
431 4140 683 4192 egressus
712 4129 853 4180 circa
900 4126 1087 4179 horam
1119 4128 1351 4191 tertiam,
1384 4128 1514 4181 vidit
1543 4128 1674 4180 alios
1722 4136 1927 4180 stantes

342 4194 389 4246 in
422 4198 531 4250 loro
558 4199 786 4258 otiosos,
814 4206 867 4251 et
892 4198 1027 4251 dixit
1057 4199 1193 4251 illis:
1250 4199 1325 4251 ite
1379 4210 1435 4253 et
1486 4213 1583 4251 vos
1631 4198 1682 4250 in
1716 4200 1927 4251 vineam

346 4280 544 4331 meam,
578 4283 628 4321 et
658 4270 800 4336 quod
828 4268 1030 4336 justum
1066 4269 1225 4323 fuerit
1265 4268 1406 4322 dabo
1435 4270 1609 4322 vobis.
1644 4269 1720 4322 llli
1755 4278 1931 4322 autem

344 4336 602 4391 abierunt.
635 4339 831 4393 lterum
851 4341 870 4369 ²
895 4340 1064 4392 exivit
1088 4342 1232 4393 circa
1279 4350 1488 4394 sextam
1519 4350 1572 4392 et
1611 4355 1811 4393 11011311]
1841 4338 1936 4393 lio-

346 4423 454 4460 rant
485 4428 497 4462 ;
526 4410 547 4440 ³
578 4418 636 4463 ut
674 4411 812 4463 idem
840 4410 986 4463 fecit.
1024 4409 1180 4465 Circa
1221 4412 1559 4465 undecimam
1590 4426 1716 4465 vero
1745 4410 1930 4476 exivit,

345 4488 395 4530 et
428 4480 624 4534 invenit
648 4483 784 4535 alius
824 4491 1062 4546 stantes,
1087 4492 1142 4535 et
1185 4482 1321 4535 dixit
1351 4483 1456 4535 illis
1486 4499 1498 4533 :
1534 4482 1671 4546 Quid
1717 4482 1802 4535 hic
1824 4492 1934 4534 sta-

346 4551 414 4600 tis
437 4559 535 4603 tota
559 4552 647 4606 die
669 4552 875 4606 otiosi?
901 4553 1158 4605 Dixerunt
1187 4554 1235 4607 ei
1260 4571 1272 4606 :
1300 4554 1431 4619 Quia
1466 4568 1625 4607 nemo
1678 4567 1775 4607 nos
1803 4566 1933 4606 con-

346 4621 513 4676 duxit.
573 4624 712 4678 Dicit
757 4624 861 4676 illis
916 4641 928 4675 :
975 4623 1051 4677 lle
1084 4624 1183 4679 "et
1223 4638 1356 4689 vos,
1398 4624 1701 4691 operamini
1752 4626 1803 4677 in
1855 4624 1934 4676 vi-

2492 3365 2725 3445 comzx
2762 3368 3156 3429 BRIXIANUS.

2027 3480 2315 3558 duodecim
2344 3480 2518 3558 tribus
2546 3480 2575 3519 δ
2620 3481 2871 3536 Sdrahel.
2930 3483 2997 3537 Et
3025 3487 3203 3540 omnis
3231 3487 3323 3556 qui
3353 3487 3627 3558 relinquet

2030 3552 2272 3606 domum.
2314 3552 2395 3605 vel
2448 3551 2675 3617 fratres,
2729 3564 2819 3607 aut
2856 3568 3093 3625 sorores.
3124 3565 3217 3611 aut
3250 3551 3487 3625 patrem.
3513 3551 3629 3613 'aut

2032 3630 2283 3677 matrem.
2314 3631 2406 3675 aut
2437 3638 2689 3698 uxorem.
2717 3635 2811 3677 aut
2853 3624 3011 3698 filios.
3056 3634 3147 3679 aut
3189 3624 3349 3698 agros
3398 3640 3622 3698 propter

2032 3708 2231 3749 nomen
2259 3708 2442 3764 meum
2475 3694 2785 3762 centuplum
2813 3696 3124 3764 accipiet.et
3154 3694 3317 3751 vitam
3345 3694 3620 3753 aeternam

2034 3763 2355 3846 possidebit.
2408 3764 2557 3846 illum
2604 3773 2781 3819 autem
2835 3763 2995 3821 erunt
3038 3769 3198 3839 primi
3239 3769 3524 3825 novissimi
3564 3778 3623 3825 et

2026 3849 2307 3891 "OVISSlml
2341 3850 2519 3904 pruni.

2099 3907 2288 3981 Simile
2331 3917 2415 3981 est
2443 3905 2587 3981 enim
2634 3921 2860 3981 regnum
2892 3908 3190 3981 caelorum.
3233 3911 3437 3966 homini
3483 3912 3624 3981 patri

2031 3977 2283 4051 familias.
2316 3968 2405 4045 (ῖιιί
2446 3978 2599 4051 exiit_
2620 3968 2792 4046 prima
2820 3994 2979 4033 tuane
3009 3980 3316 4037 conducere
3342 3968 3624 4051 Operarios

2034 4051 2086 4104 in
2117 4050 2327 4120 vineam
2355 4063 2528 4120 suam.
2562 4047 2934 4104 Conventione
2964 4060 3142 4106 autem
3174 4052 3312 4107 facta
3339 4047 3460 4107 cum
3494 4069 3623 4120 cpe-

2035 4119 2215 4174 rariis.
2245 4135 2308 4173 ex
2338 4118 2562 4173 denario
2591 4121 2809 4174 diurno.
2834 4121 2981 4175 misit
3006 4137 3101 4176 eos
3132 4124 3181 4176 in
3210 4127 3422 4178 vineam
3447 4118 3621 4178 suam.

2039 4191 2104 4245 Et
2130 4205 2384 4259 egressus
2422 4192 2565 4245 circa
2614 4191 2802 4246 horam
2847 4193 3057 4247 tertiam
3090 4194 3222 4249 vidit
3250 4197 3385 4249 alios
3416 4203 3625 4249 stantes

2039 4264 2092 4317 in
2144 4262 2266 4315 foro
2315 4263 2541 4316 otiosos.
2594 4272 2648 4317 et
2702 4265 2776 4316 ait
2825 4263 2930 4316 illis
2972 4263 3050 4317 lte
3089 4273 3140 4318 et
3178 4281 3275 4318 vos
3313 4267 3364 4319 in
3412 4267 3625 4319 vineam

2040 4348 2235 4387 meam.
2269 4342 2323 4386 et
2349 4333 2494 4399 quod
2519 4332 2724 4401 justum
2757 4333 2921 4387 fuerit
2946 4333 3086 4387 dabo
3116 4336 3289 4389 vobis.
3336 4337 3417 4390 llli
3443 4347 3626 4391 autem

2037 4404 2309 4458 abierunt.
2343 4405 2411 4457 Et
2434 4404 2624 4458 iterum
2650 4405 2779 4457 exiit
2810 4404 2953 4457 circa
2987 4407 3172 4458 horam
3192 4415 3403 4461 sextam
3449 4417 3505 4461 et
3532 4424 3629 4459 uo-

2040 4490 2186 4529 nam.
2212 4483 2267 4528 et
2290 4475 2704 4530 fecitsimiliter.
2733 4474 2951 4529 Exiieus
2982 4487 3163 4530 autem
3194 4490 3245 4530 et
3272 4479 3414 4533 circa
3434 4477 3626 4532 boram

2038 4546 2399 4599 undecimam.
2428 4546 2631 4599 invenit
2661 4545 2796 4599 alios
2820 4553 3026 4599 stantes
3081 4547 3133 4600 in
3190 4547 3310 4602 foro
3340 4549 3543 4602 otiosos
3573 4556 3630 4601 et

2045 4616 2181 4671 dixit
2206 4616 2307 4669 eis.
2328 4616 2467 4682 Quid
2498 4618 2583 4669 hic
2611 4619 2768 4669 statis
2802 4625 2910 4669 tota
2937 4615 3027 4670 die
3052 4618 3238 4674 otiosi.
3261 4619 3341 4673 Ad
3370 4619 3445 4672 illi
3468 4619 3626 4672 dixe-

2047 4696 2171 4741 runt
2197 4687 2265 4740 ei.
2292 4686 2425 4754 Quia
2458 4702 2620 4741 nemo
2639 4702 2738 4740 nos
2758 4686 3041 4741 conduxit.
3073 4689 3211 4743 Dicit
3242 4690 3321 4744 eis
3349 4689 3423 4741 lte
3451 4698 3507 4740 et
3535 4702 3637 4743 vos

2044 4758 2348 4828 operamini
2380 4758 2429 4810 in
2466 4758 2681 4811 vineam
2711 4773 2908 4813 meam.
2932 4770 2987 4813 et
3008 4761 3362 4828 quodjustum
3386 4766 3471 4811 est
3491 4758 3638 4813 acci-

2046 4827 2364 4899 pietis.Cum
2382 4843 2506 4883 sero
2536 4839 2716 4883 autem
2736 4830 2933 4885 factum
2955 4838 3103 4885 esset
3122 4827 3253 4884 dicit
3272 4828 3532 4883 dominus
3558 4829 3641 4884 vi-

2045 4916 2179 4955 neae
2195 4901 2531 4971 procuratori
2547 4901 2821 4956 suo.Voca
2835 4902 3116 4969 Operarios
3134 4908 3191 4956 et
3202 4899 3369 4956 redde
3386 4900 3493 4955 illis
3506 4914 3641 4957 mer-

1024 5018 1419 5077 VARIANTES
1457 5017 1844 5076 LECTIONES
1879 5016 2149 5076 CODICIS
2186 5018 2294 5075 MS.
2338 5018 2397 5074 S.
2438 5016 2939 5074 GERMANENSIS.

422 5140 438 5169 ³
470 5143 581 5191 exiit
2103 5137 2125 5167 ⁸
2159 5141 2213 5186 et
2234 5136 2351 5186 fecit
2372 5135 2600 5185 similiter

420 5202 439 5230 ²
466 5212 616 5254 autem
636 5205 764 5256 exiit
2103 5198 2127 5231 ⁴
2161 5206 2215 5250 et
2237 5211 2323 5248 vos
2338 5200 2390 5249 iu
2408 5201 2604 5249 vineam
2626 5208 2805 5247 meam.

1661 5302 2029 5361 BLANCHINI
2060 5301 2286 5360 NOTAE.

346 4704 517 4745 neani.
556 4694 730 4761 Qu-uu
782 4709 907 4747 sero
942 4702 1119 4747 autem
1148 4695 1345 4748 factum
1372 4705 1539 4759 esset,
1589 4695 1719 4749 dicit
1763 4694 1938 4748 domi-

348 4764 655 4888 ἓιιξιῖςὶιιεειε
688 4766 1027 4835 procuratori
1050 4781 1153 4821 suo
1180 4765 1347 4821 :Voca
1375 4766 1655 4837 Operarios
1676 4807 1690 4833 ,
1728 4774 1783 4820 et
1813 4766 1937 4820 red-

387 4847 419 4886 e
445 4850 456 4886 l
499 4851 541 4889 ιε
563 4852 705 4893 mer-

444 5433 465 5458 ει
491 5424 751 5480 Nonnulla
784 5425 1113 5479 omittuntur
1135 5423 1300 5478 verba
1346 5423 1398 5476 in
1426 5422 1794 5490 manuscripto
1824 5420 1958 5474 Cor—
2067 5427 2296 5490 monent
2320 5432 2426 5490 nos!
2446 5420 2721 5476 variantes
2749 5421 3016 5478 lectiones
3041 5420 3282 5477 Graecae
3302 5429 3432 5477 tom.
3473 5435 3526 5477 vt
3552 5422 3655 5480 Po-

369 5492 594 5558 beiensi.
622 5498 837 5551 scilicet
880 5507 969 5549 aut
1003 5508 1233 5563 patrem,
1279 5504 1374 5560 et,
1415 5504 1503 5546 aut
1550 5488 1781 5547 uxorem.
1826 5492 1971 5559 Quaa-
2067 5492 2253 5563 lyglot_.
2278 5488 2508 5563 Londin.

367 5566 515 5621 etiam
559 5569 757 5623 desunt
814 5567 869 5621 in
932 5560 1299 5635 manuscripto
1358 5564 1826 5634 Cantabrigiensi,
1900 5570 1958 5617 ut
2092 5560 2097 5561 “
2140 5561 2166 5599 ι’
2212 5561 2342 5619 Diti
2372 5560 2599 5618 Sdrahel
2633 5563 2825 5619 derasa
2853 5572 2935 5618 est
2961 5579 2992 5618 a
3021 5572 3352 5619 correctore.

448 5724 519 5795 (a)
569 5725 647 5780 Ita
696 5735 747 5781 et
792 5724 915 5801 cod.
944 5724 1103 5801 Cant.
1140 5722 1306 5801 εὗρεν.
1338 5754 1410 5764 -—
1446 5723 1524 5793 (ὁ)
1567 5723 1698 5779 Post
1741 5725 1968 5788 vineam,
2017 5725 2173 5781 deest
2223 5742 2429 5791 meam,
2476 5735 2536 5781 ut
2586 5727 2639 5779 in
2698 5734 2844 5779 textu
2871 5724 3080 5780 Gra'co.
3110 5754 3182 5767 -—
3215 5727 3285 5797 (c)
3316 5728 3443 5789 Post
3470 5731 3680 5798 iterum,

376 5792 522 5849 deest
548 5808 743 5862 nutent,
774 5795 936 5850 etiam
970 5798 1021 5850 in
1051 5792 1435 5849 textu'Grazco.
