2024 3094
373 162 486 191 CUDEX
509 162 782 192 VERCELLBNSIS.

591 209 646 243 bis,
657 209 705 237 sed
715 209 813 245 quibus

173 227 183 237 ο
224 228 232 235 ο
274 228 281 235 α
322 228 329 236 ε
368 228 375 236 α
415 228 423 235 ο
462 228 470 237 ο
510 227 519 237 ι

174 262 518 273 ........
592 244 838 273 datumest....

173 288 519 308 ....aa.:
593 285 792 309 ..atremeo.

591 315 961 347 24.........ntes

173 369 517 379 ........
593 360 927 382 .........09ﬂ-

170 385 217 414 20.
238 386 355 416 accessit
367 385 402 414 ad
412 394 475 415 eum
591 387 689 415 tristati
704 392 768 415 sunt

170 426 261 450 mater
272 423 340 451 tilio-
523 421 532 431 '
590 422 624 450 de
639 423 721 451 duob.
743 442 752 450 .
775 443 782 450 .

169 465 231 485 rum
248 457 384 487 Zebedaoi
589 457 694 486 fratrib.
717 478 724 486 .
746 479 754 487 .
774 478 781 486 .
803 477 812 486 .
833 477 841 487 .
860 478 869 490 ο

169 494 377 522 cumtiliissu-
593 513 600 521 .
639 514 647 521 .
687 512 695 521 .
735 514 742 521 .
782 513 790 521 .
830 514 838 522 .
878 515 885 523 .
925 515 932 523 .

170 528 205 561 is,
220 530 349 562 adorans,
363 534 391 558 et
592 548 599 555 .
639 549 646 556 .
687 550 694 556 .
735 548 742 556 .
782 551 787 557 .
830 550 837 557 .
878 550 885 558 .
925 551 933 559 .

169 565 383 601 petensaliquid
593 584 600 591 .
640 584 647 592 .
687 585 694 592 .
734 585 741 591 .
781 584 788 592 .
829 586 837 594 .
877 585 884 594 .
925 586 932 594 .

168 599 450 629 dari....'....
592 619 933 630 ........

168 635 470 665 2Ltemdixit....

169 670 426 704 QuidvisiA...
591 693 598 700 .

168 707 223 734 illa.
243 708 291 735 Dic
303 712 342 736 ut.
363 726 371 735 .
393 728 401 735 .
588 707 634 736 25.
655 714 750 735 eorum
765 715 772 734 :
786 712 814 735 et

169 742 316 771 deantduo
591 750 842 771 .......res

172 779 467 814 .7.r.eiun.....
590 782 878 814 ..nt,p...estn-

169 813 203 841 ad
214 813 307 842 dexte.
330 835 338 842 .
360 833 368 842 .
390 833 398 842 .
420 834 428 842 .
449 835 458 843 .
478 835 486 843 .
509 835 516 842 .
592 836 599 843 .
622 834 630 842 .
650 822 693 842 em
704 813 835 842 exercent

173 849 241 877 alius
252 850 287 877 ad
306 850 382 878 sinis.
406 870 412 877 .
436 871 443 878 .
588 851 633 880 26.
654 850 680 877 in
694 850 743 877 eis.
759 850 818 878 Non
832 851 868 878 ita

172 889 254 912 tuam.
277 905 285 913 .
310 907 316 913 .
339 906 346 912 .
369 905 377 913 .
398 903 407 913 .
588 887 641 917 erit
656 886 727 913 inter
741 893 812 914 vos:

172 927 207 956 no
220 926 275 948 tuo.
591 945 597 951 .
620 942 628 950 .
649 943 657 949 .
679 942 685 948 .
706 921 763 956 qui.
785 941 792 949 .

172 955 513 993 22.Respo.......
592 955 790 986 .....’erit

175 1010 515 1022 ...ι-..ι
589 1000 866 1023 ......osma-

591 1028 934 1066 .......(b)erit1-

177 1082 516 1093 -....ι..
591 1073 810 1095 ......ηι-

176 1118 227 1126 ..
266 1119 273 1126 .
315 1118 324 1127 .
362 1120 370 1127 .
411 1116 419 1127 ε
460 1121 468 1129 .
507 1121 514 1128 .
587 1100 898 1136 27.ster:etquivo-

176 1222 930 1237 .....σσ......σ..

174 1248 272 1269 sumus.
590 1261 929 1272 ...ο-...

173 1276 552 1316 g5.Aitillis(a)1esus-j~:0a-
591 1302 597 1308 .
638 1301 644 1306 .
684 1300 690 1308 .
734 1298 739 1304 .
780 1296 787 1306 .
828 1299 835 1307 .
875 1296 883 1305 .
922 1297 930 1306 .

173 1311 246 1339 licem
261 1311 372 1349 quidem
467 1311 474 1316 ⁷
591 1337 597 1343 .
639 1336 645 1342 .
686 1334 694 1342 .
734 1333 741 1340 .
781 1335 789 1341 .
828 1335 833 1341 .
876 1334 883 1341 .
923 1333 930 1341 .

174 1355 412 1377 meu.....e-
589 1369 929 1380 ...-....

173 1383 464 1415 tis:sede......

173 1418 350 1447 temaddex-

173 1455 339 1486 lrammeam

171 1489 424 1527 autadsinistt‘am,
588 1514 596 1521 .
635 1512 642 1520 .
683 1513 690 1520 .
731 1512 738 1519 .
777 1512 784 1519 .
826 1512 834 1520 .
874 1513 881 1520 .
922 1513 929 1520 .

171 1527 349 1555 nonestme-

171 1567 212 1587 um
222 1560 287 1589 dare
297 1570 348 1589 vo-
587 1564 631 1592 tis.
650 1562 685 1601 (ο)
700 1563 754 1592 Vos
767 1566 858 1591 autem

377 1619 495 1649 CODEX
513 1620 751 1650 CORBEIENSIS.

169 1667 193 1691 et
206 1661 398 1703 ﬂagellandum
408 1688 416 1701 ,
430 1672 457 1694 et
472 1667 683 1703 cruciilgendum
696 1689 704 1702 ,
720 1672 749 1696 et
769 1667 849 1695 tertia
862 1666 907 1703 die
920 1674 964 1703 re-

171 1698 270 1734 surget.
286 1698 362 1729 Tunc
375 1698 491 1730 accessit
511 1703 544 1730 ad
559 1698 621 1730 e'um
638 1698 725 1730 mater
750 1703 867 1730 ﬁliorum
880 1702 962 1730 Zebcv

171 1735 225 1762 daei
242 1744 304 1763 cum
319 1738 380 1764 filiis
395 1738 462 1771 suis,
480 1739 488 1754 '
505 1739 622 1766 adorans
633 1746 706 1772 eum,
719 1744 746 1764 et
757 1743 852 1772 petens
863 1738 962 1772 aliquid

169 1771 200 1798 ab
212 1779 255 1799 eo.
269 1772 331 1805 Ipse
344 1779 435 1801 autem
451 1774 519 1801 dixit
532 1774 556 1801 ei
572 1783 577 1801 :
591 1774 660 1807 Quid
672 1774 734 1800 vis?
753 1771 786 1801 Et
812 1774 849 1800 ait
877 1783 884 1800 :
909 1771 962 1800 'Dic

169 1811 195 1833 ut
217 1807 331 1835 sedeam
358 1808 383 1835 hi
413 1809 468 1837 duo
498 1810 544 1836 (iiii
571 1810 636 1842 mei,
657 1816 726 1836 unus
756 1809 789 1836 ad
819 1810 958 1837 dexteram

171 1845 255 1879 tuam,
280 1848 311 1871 et
329 1851 399 1871 unus
426 1845 459 1872 ad
489 1846 639 1878 sinistram,
667 1846 694 1872 in
720 1852 803 1879 regno
821 1850 876 1871 luo.
892 1844 960 1871 Res-

168 1878 287 1911 pondens
315 1883 405 1907 autem
432 1880 528 1913 Iesus,
555 1880 626 1908 dixit
658 1881 697 1908 eis
727 1878 871 1907 :Nescitis
894 1879 959 1915 quid

169 1915 273 1950 petatis.
304 1915 421 1943 Potestis
450 1916 543 1943 bibere
565 1917 700 1949 calicem,
730 1923 810 1950 quem
837 1923 888 1949 ego
916 1915 958 1942 bi-

168 1948 270 1976 biturus
294 1950 376 1977 sum?
400 1951 498 1978 Dicunt
508 1952 550 1979 ei:
566 1951 722 1978 Possumus.
735 1948 780 1978 Ait
795 1948 958 1978 illis’Jesus:

168 1985 279 2020 Calicem
308 1986 418 2020 quidem
439 1994 527 2013 meutn
558 1987 677 2014 hibetis:
699 1987 795 2014 sedere
817 1991 906 2013 autem
926 1986 959 2013 ad

167 2019 304 2048 dexteram
318 2019 406 2048 meam
420 2027 446 2049 et
461 2023 493 2049 ad
509 2022 659 2053 sinistram.
675 2030 727 2049 non
743 2028 784 2048 est
794 2030 881 2049 meum
894 2021 959 2049 dare

169 2055 258 2091 vobis,
275 2058 324 2083 sed
347 2058 445 2091 quibus
460 2063 581 2091 paratum
597 2062 639 2085 est
653 2066 666 2084 a
683 2057 762 2084 Putre
776 2065 847 2084 meo.
861 2057 894 2084 Et
913 2064 960 2083 au-

169 2090 269 2119 dientes
286 2090 379 2119 decem
389 2113 396 2125 ,
408 2090 563 2120 contristati
576 2098 641 2121 sunt
652 2093 686 2121 de
699 2093 805 2120 duobus
820 2092 958 2120 fratribus.

169 2125 242 2154 .lvsus
255 2133 348 2155 autem
372 2128 479 2155 vocavit
493 2136 541 2156 eos
561 2129 593 2155 ad
615 2136 655 2161 se,
672 2135 700 2156 et
720 2129 757 2155 ait
771 2138 777 2155 ε
793 2128 874 2156 Scitis
888 2127 960 2159 quod

172 2161 301 2197 principes
314 2163 432 2198 gentium
443 2164 617 2191 dominantur
624 2172 734 2191 eorum:
749 2169 775 2191 et
785 2165 829 2198 qui
845 2165 961 2198 majores

171 2202 245 2231 sunt,
259 2204 390 2226 exercent
410 2205 572 2234 potestatem
588 2200 613 2227 in
629 2200 679 2227 eis.
697 2200 754 2226 Non
777 2199 812 2226 ita
826 2200 878 2226 erit
892 2200 962 2226 inter

173 2239 214 2272 vos
231 2233 297 2261 :sed
312 2233 497 2272 quiquumque
512 2236 626 2272 voluerit
636 2236 722 2272 major
737 2243 797 2262 esse
810 2236 878 2263 inter
894 2242 941 2261 vos
955 2256 961 2265 .

173 2271 204 2294 sit
217 2273 306 2297 vester
320 2271 462 2298 minister:
476 2277 502 2298 et
516 2271 561 2306 qui
578 2271 692 2299 voluerit
714 2271 783 2298 inter
796 2278 844 2298 vos
860 2271 962 2305 primus

173 2310 237 2337 esse,
253 2305 305 2333 erit
319 2312 411 2333 vester
423 2305 531 2334 servus.
544 2306 620 2334 Sicut
630 2307 701 2335 lilius
716 2306 834 2334 hominis
847 2314 899 2333 non
916 2313 963 2333 ve-

174 2340 373 2376 nit‘tninistrnri,
388 2342 435 2369 sed
448 2343 612 2376 ministrare,
627 2349 654 2370 et
666 2343 732 2370 dare
743 2343 859 2369 animam
872 2349 962 2375 suatn,

176 2373 369 2405 redemtionem
378 2385 427 2413 pro
442 2379 544 2406 multis.
560 2375 570 2394 ⁵
587 2373 666 2406 δ’νοε
677 2383 767 2406 autem
790 2385 872 2413 quae-

676 105 904 136 INANGILIUM
923 105 1108 136 SECUNDUM
1124 106 1345 137 nmmum

1744 130 1747 133 .
1770 110 1824 139 278

1237 164 1355 194 CODEX
1375 164 1602 195 VERONENMS.

1026 216 1053 238 et
1066 210 1273 245 ﬂagellandum,
1443 217 1490 240 aut
1503 212 1654 246 sinistram,

1025 251 1051 282 et
1065 246 1225 282 cruciﬁgenl
1443 255 1497 276 non
1513 253 1555 276 est
1573 256 1664 277 meum

1025 281 1100 314 dum,
1113 287 1140 309 et
1155 281 1208 309 ter-
1443 283 1509 311 dare
1520 284 1607 317 vobis,

1025 317 1062 354 tia
1076 317 1119 354 di_e
1136 322 1270 353 resurget.
1443 319 1491 346 sed
1504 319 1601 354 quibus
1616 327 1663 354 pa-

1024 352 1070 380 20.
1090 352 1166 381 Tunc
1179 352 1294 382 accessit
1444 352 1530 381 ratum
1542 360 1585 382 est
1599 352 1681 383 a'Pa-

1022 388 1056 415 ad
1068 396 1129 415 etim
1146 396 1204 416 ma-
1443 395 1484 417 tre
1499 398 1571 417 meo.

1024 428 1065 451 ter
1078 423 1195 451 ﬁliorum
1442 424 1488 452 24.
1510 425 1542 452 Et
1559 425 1700 455 audientes

1024 458 1158 487 Zebedaei
1173 467 1234 487 cum
1442 460 1537 488 decem
1552 462 1655 490 contri-

1441 497 1503 523 stati
1519 501 1582 523 sunt
1591 497 1626 525 de

1441 531 1546 558 duobus
1560 532 1696 561 fratribus.

1441 566 1488 594 ‘25.
1508 567 1588 595 Jesus
1599 573 1690 596 autem

1441 603 1548 630 vocavit
1561 610 1609 630 eos

1441 637 1474 664 ad
1489 645 1528 670 se,
1544 644 1571 665 et
1581 639 1634 666 ait:

1023 494 1087 522 ﬁliis
1099 495 1166 528 suis,

1022 530 1151 563 adorans,
1164 536 1192 558 et

1023 570 1120 600 petens
1131 566 1231 602 aliquid

1022 601 1057 628 ab
1071 608 1115 628 eo.

1022 636 1068 672 21.
1089 636 1150 672 Ipse
1168 642 1258 665 autem

1023 671 1092 708 dixit
1104 671 1130 708 ei
1143 682 1164 708 :7
1441 672 1522 701 Scitis
1535 674 1607 708 qttod

1022 706 1167 744 Quidvis?
1441 706 1577 743 principes
1591 710 1712 744 gentium

1021 743 1068 769 Ait
1080 742 1105 770 ei
1120 742 1165 770 illa
1183 751 1190 770 :
1441 742 1616 771 dominenttir

1022 777 1072 805 Dic
1084 783 1112 804 nt
1123 779 1236 806 sedeant

1021 813 1049 839 hi
1060 813 1113 840 duo
1125 813 1174 841 ﬁlii

1022 849 1075 875 mei
1086 869 1093 880 ,
1108 857 1178 876 unus

1023 884 1057 911 ad
1071 884 1194 912 dextram

1025 923 1108 951 tuam,
1122 924 1149 947 et
1162 928 1231 948 unus

1022 955 1055 982 ad
1069 956 1205 983 sinistram

1021 990 1048 1017 in
1062 998 1146 1024 regno
1161 996 1217 1018 tuo.

1441 786 1535 818 eorum
1549 788 1555 806 :
1569 785 1595 807 et
1606 780 1662 818 qui;

1442 814 1559 849 majores
1569 814 1643 849 sunt,

1441 855 1601 885 potestatem
1614 859 1666 879 ex-

1439 890 1533 913 ercent
1549 887 1574 913 in
1587 894 1644 914 eos.

1439 920 1486 948 26.
1501 921 1560 948 Non
1575 922 1610 949 ita
1622 923 1674 951 erit

1440 957 1514 984 inter.
1525 964 1573 984 vos
1587 966 1593 986 ι

1440 992 1486 1019 sed
1501 992 1664 1028 quicumque

1019 1026 1067 1053 22.
1087 1026 1265 1061 Respondens
1439 1026 1557 1055 voluerit
1570 1026 1642 1057 inter

1021 1064 1116 1098 autem
1129 1061 1220 1095 Jesus,
1439 1070 1489 1098 vos
1503 1064 1589 1098 major
1603 1064 1674 1098 ﬁeri,

1020 1096 1089 1138 dixit
1101 1097 1154 1124 illis
1168 1106 1174 1125 ι
1193 1098 1246 1126 Ne-
1438 1097 1479 1159 ab)
1495 1096 1580 1140 erit}
1593 1096 1683 1128 vester

1020 1137 1096 1159 SClllS
1107 1132 1171 1159 quid
1183 1141 1229 1159 ne-
1459 1134 1482 1159 7.
1494 1138 1618 1159 minister
1631 1145 1638 1159 :
1654 1140 1682 1159 in

1020 1132 1096 1171 scitis
1107 1132 1171 1171 quid
1183 1141 1229 1171 pe-
1438 1132 1482 1171 27':
1494 1132 1618 1171 minister
1631 1145 1638 1163 :
1654 1140 1682 1165 et
1692 1137 1738 1171 qui

1021 1168 1093 1195 tatis.
1108 1168 1224 1197 Potestis
1439 1169 1557 1196 voluerit
1570 1170 1639 1198 inter

1019 1202 1113 1231 bibere
1126 1203 1238 1231 calicem
1249 1225 1258 1238 ,
1438 1212 1486 1231 vos
1499 1205 1602 1238 primus
1614 1212 1676 1234 esse
1687 1216 1694 1234 :

1018 1246 1099 1272 quem
1114 1246 1166 1273 ego
1437 1240 1488 1266 erit
1504 1245 1593 1267 vester
1606 1247 1712 1269 Servus.

1436 1274 1482 1302 28.
1498 1274 1574 1302 Sicut
1588 1275 1659 1304 ﬁlius

1436 1310 1554 1337 hominis
1567 1318 1622 1338 non

1436 1345 1510 1383 venit
1522 1346 1693 1383 ministrari,‘

1437 1381 1664 1419 sed_minlst_rare,

1437 1420 1464 1443 et
1478 1416 1542 1444 dare
1553 1417 1612 1444 atti-

1438 1460 1509 1482 mnm
1525 1459 1616 1486 suam,

1435 1487 1601 1521 redemptio-

1435 1531 1496 1553 nem
1510 1529 1559 1557 pro
1573 1526 1640 1553 mu]-

1435 1562 1480 1589 tis.
1496 1559 1532 1594 (ε)
1546 1557 1602 1589 Vos
1615 1567 1663 1590 au.

1249 1619 1366 1648 CODEX
1384 1619 1581 1649 BRIXIANUS.

1015 1671 1043 1695 et
1057 1666 1257 1703 ﬂagellandttm.
1281 1669 1308 1694 et
1332 1668 1553 1700 cruciﬁgendum.
1570 1671 1596 1695 et
1620 1667 1698 1694 tertia
1716 1667 1759 1694 die
1772 1674 1816 1693 re-

1015 1709 1118 1737 surget.
1160 1703 1237 1730 Tunc
1264 1705 1378 1729 accessit
1414 1704 1446 1729 ad
1478 1711 1540 1730 cum
1578 1708 1663 1729 mater
1696 1703 1811 1729 filiorum

1015 1738 1131 1765 Zebedei
1167 1745 1228 1765 cum
1256 1738 1317 1765 [iliis
1347 1739 1411 1765 suis.
1442 1739 1557 1764 adorans
1591 1742 1618 1764 et
1646 1743 1740 1772 petens
1764 1738 1813 1764 oli-

1015 1773 1078 1809 quid
1105 1773 1139 1800 ab
1167 1781 1209 1801 eo.
1236 1773 1296 1807 ipse
1322 1780 1411 1800 autem
1441 1774 1508 1800 dixit
1534 1774 1568 1799 ei.
1593 1774 1660 1806 Quid
1692 1774 1741 1799 vis.
1769 1773 1813 1799 Ait

1015 1808 1065 1836 illi.
1079 1809 1136 1835 Dic.
1160 1813 1190 1835 ut
1210 1809 1322 1835 sedeant
1347 1810 1372 1835 ili
1388 1810 1440 1836 duo
1458 1809 1503 1835 tilii
1519 1810 1570 1835 mei
1587 1816 1653 1835 unus
1667 1808 1698 1834 ad
1719 1809 1813 1835 dexte-

1012 1853 1069 1872 ram
1094 1848 1214 1871 luam-et
1230 1851 1296 1871 unus
1316 1845 1348 1871 ad
1366 1845 1502 1872 sinistram
1524 1849 1594 1871 tuum
1610 1844 1635 1870 in
1652 1851 1734 1878 regno
1754 1847 1809 1870 tuo.

1011 1880 1189 1915 Respondens
1227 1884 1316 1907 autem
1357 1880 1436 1907 Jcsus
1474 1881 1541 1907 dixit
1590 1880 1652 1905 illis.
1695 1878 1810 1906 Nescitis

1011 1916 1076 1950 qttid
1103 1916 1210 1950 petatis.
1254 1915 1371 1942 Potestis
1396 1916 1488 1943 bibere
1510 1915 1622 1942 culicem
1650 1922 1732 1949 quem
1761 1921 1811 1946 ego

1013 1949 1147 1978 hihilurus
1164 1959 1233 1977 sutn.
1250 1956 1296 1977 aut
1312 1952 1443 1984 baptisma
1461 1952 1590 1982 baptizari
1606 1959 1658 1985 quo
1678 1958 1737 1984 ego.
1766 1949 1811 1976 Di-

1012 1992 1078 2014 cunt
1093 1987 1128 2014 ei.
1149 1987 1296 2014 l’ossumus
1312 1986 1356 2013 Ait
1374 1987 1436 2013 illis.
1463 1987 1581 2013 Culicem
1597 1987 1704 2020 quidem
1723 1991 1811 2011 meum

1012 2022 1110 2049 bibatis
1127 2027 1154 2049 et
1172 2022 1305 2056 baptisma
1327 2031 1380 2056 quo
1398 2030 1448 2057 ego
1469 2023 1601 2056 lulptizor.
1630 2020 1812 2055 ltaptiznniini.

1012 2058 1108 2085 sedere
1118 2061 1209 2084 autem
1219 2058 1251 2084 ad
1263 2057 1402 2085 dexteram
1416 2066 1500 2084 nteant
1515 2059 1553 2083 vel
1566 2057 1599 2083 ad
1611 2057 1746 2083 sinistram
1759 2063 1812 2082 non

1013 2098 1056 2121 est
1072 2101 1160 2120 meutn
1173 2094 1238 2120 dare
1252 2094 1329 2119 vobis
1340 2093 1388 2120 sed
1399 2094 1496 2128 quibus
1514 2097 1635 2127 paratum
1651 2096 1692 2128 est
1706 2099 1721 2128 a
1734 2092 1812 2128 Patre

1013 2137 1084 2155 meo.
1107 2129 1139 2155 Et
1155 2129 1295 2155 audientes
1316 2127 1415 2155 decem’
1425 2128 1553 2163 indignati
1573 2130 1637 2155 sunt
1653 2127 1688 2154 de
1706 2127 1813 2163 duobus

1014 2163 1155 2191 fratribus.
1171 2163 1251 2191 Jesus
1266 2169 1356 2191 autetn
1369 2164 1473 2191 vocavit
1486 2162 1538 2190 eos
1557 2163 1589 2189 ad
1607 2170 1635 2190 se
1650 2168 1678 2190 et
1693 2163 1739 2189 ait.
1754 2162 1812 2189 Sci-

1020 1273 1155 1301 bibiturus
1170 1276 1251 1302 sum?

1020 1307 1119 1335 Dicunt
1132 1311 1156 1337 ei
1169 1318 1177 1337 :

1019 1343 1177 1373 Possumus.

1018 1378 1064 1406 εδ.
1084 1379 1196 1418 minus
1208 1381 1301 1418 (0)16-

1018 1421 1065 1441 sus
1076 1414 1096 1449 -ί-
1110 1424 1116 1441 :
1130 1414 1248 1445 Calicem

1018 1449 1126 1484 quidem
1143 1460 1233 1479 meutn

1017 1484 1115 1513 bibetis
1129 1495 1135 1514 :
1152 1488 1248 1516 sedere

1017 1525 1107 1548 autem
1123 1523 1156 1550 ad
1171 1523 1261 1552 dexte-

1018 1563 1076 1583 ram
1088 1565 1175 1586 meam

1017 2201 1050 2226 tis
1062 2200 1122 2239 quin
1138 2199 1273 2234 principes
1287 2200 1406 2234 gcnlium
1422 2198 1812 2239 dominantur-eorum1etqui

1016 2235 1133 2270 majores
1146 2239 1209 2262 sttnt
1225 2239 1383 2269 potestatein
1396 2240 1524 2262 exercent
1540 2235 1565 2261 in
1578 2235 1627 2261 eis.
1640 2234 1698 2261 Non
1714 2234 1748 2261 ita
1761 2234 1813 2270 erit

1016 2271 1086 2297 inter
1104 2278 1163 2297 vos.
1189 2273 1235 2297 sed
1258 2270 1423 2306 quicumque
1439 2271 1555 2298 voluerit
1574 2271 1643 2297 inter
1657 2274 1714 2306 Vos
1726 2269 1812 2306 major

1016 2306 1084 2332 ﬁeri.
1102 2306 1137 2344 sit
1148 2312 1238 2333 vester
1249 2306 1383 2344 minister.
1399 2311 1426 2333 et
1440 2307 1603 2344 quicumque
1614 2305 1728 2344 voluerit
1742 2305 1813 2344 inter

1016 2349 1064 2369 vos
1078 2343 1182 2376 primus
1195 2349 1255 2369 esse
1269 2342 1321 2368 crit
1340 2347 1429 2370 vester
1445 2338 1641 2370 Servus—Sicut
1653 2340 1723 2367 enim
1741 2338 1812 2376 [illius

1016 2374 1133 2404 hominis
1144 2385 1197 2404 non
1212 2377 1286 2404 venit
1296 2378 1451 2406 ministrari.
1469 2377 1516 2405 sed
1529 2377 1692 2404 ministrare.
1707 2379 1733 2402 et
1746 2374 1812 2402 (iure

1014 2414 1131 2440 animam
1146 2420 1221 2441 suam
1236 2413 1451 2449 redemptionem
1467 2420 1517 2448 pro
1531 2411 1682 2439 multis.....

508 2471 705 2500 VABIAN'TES
724 2470 915 2499 LECTIONES
927 2469 1062 2499 CODICIS
1081 2471 1136 2499 MS.
1156 2470 1184 2499 S.
1206 2470 1457 2500 GERMANENSIS.

204 2517 212 2550 ξ
228 2517 258 2550 gi
272 2517 345 2550 Vulg.
354 2522 430 2549 usque
440 2516 650 2550 adaddimenttun
659 2517 709 2543 Vos
720 2522 812 2548 autem,
826 2522 873 2543 etc.

204 2548 213 2563 ³
228 2547 274 2574 Vos
283 2547 367 2574 aufem
376 2547 497 2580 quaeritis
504 2549 536 2574 de
547 2548 636 2581 pusillo
647 2555 773 2580 crescere,
788 2547 813 2575 et
822 2550 855 2575 de
866 2550 961 2575 minore

1013 2517 1118 2549 majores
1128 2518 1191 2544 ﬁeri.
1204 2517 1234 2543 Et
1246 2518 1441 2549 egredientibus,
1455 2520 1504 2542 etc.

824 2591 1008 2621 BLANCHINI
1027 2593 1142 2621 ΝΟΤᾸΞ.

210 2640 220 2654 ¹
234 2634 280 2666 Ms.
293 2637 381 2665 codex
397 2637 655 2665 monasteriiSancti
666 2637 788 2665 Andreae
800 2645 879 2666 secus
893 2640 962 2667 Ave-

180 2671 272 2711 nionem
282 2674 352 2711 idem
363 2673 460 2711 retinet
472 2672 694 2704 additamentum,
707 2673 882 2711 scduitidiori
893 2675 964 2711 stylo

179 2706 201 2733 in
212 2704 276 2736 hunc
290 2709 401 2736 modum
413 2717 419 2734 :
437 2707 488 2735 Vos
502 2714 587 2735 autem
603 2710 726 2744 quaeritis
745 2708 777 2736 de
786 2710 881 2744 pusillo
898 2704 966 2738 cr};-

178 2751 225 2771 cere
237 2765 243 2775 ,
258 2749 281 2771 et
296 2746 327 2771 de
343 2745 442 2779 magnis
469 2745 580 2779 majores
606 2753 668 2771 esse.
685 2745 816 2772 lntrames
834 2751 917 2773 autent
933 2747 967 2774 ad

1016 2648 1122 2668 coenam
1137 2640 1215 2668 nolite
1228 2641 1373 2668 recumbere
1388 2641 1413 2668 in
1426 2639 1489 2669 locis
1500 2641 1668 2669 eminentibus
1681 2661 1687 2672 ,
1703 2647 1735 2666 ne
1746 2641 1816 2676 forte

1019 2676 1117 2703 clarior
1141 2683 1164 2703 te
1176 2678 1339 2712 superveniat
1356 2699 1362 2711 ,
1379 2683 1402 2704 et
1416 2679 1539 2705 accedens
1552 2677 1594 2712 qui
1608 2677 1641 2702 ad
1656 2684 1761 2703 coruum
1776 2686 1821 2704 ro-

1021 2712 1087 2738 cat-it
1106 2717 1139 2745 te,
1155 2713 1222 2739 dimi
1239 2713 1283 2740 tibi
1300 2722 1308 2738 :
1321 2711 1407 2740 adhuc
1427 2713 1546 2740 deorsum
1560 2712 1660 2743 accede,
1673 2716 1696 2738 et
1710 2713 1819 2746 confun-

1022 2748 1103 2775 (laris.
1122 2749 1152 2776 Si
1167 2754 1251 2779 autem
1266 2750 1292 2776 in
1315 2749 1370 2776 loro
1386 2750 1501 2784 inferiori
1516 2747 1661 2774 rerubueris
1675 2769 1681 2781 ,
1694 2754 1716 2775 et
1730 2757 1820 2784 snper-

210 2813 245 2849 (a)
259 2811 446 2853 Additdents,
461 2814 547 2853 etiam
562 2814 630 2853 Cod.
647 2814 725 2843 Cant.
742 2816 755 2845 ὁ
770 2815 874 2847 Ἰησοῦς.
890 2831 926 2837 -
940 2818 954 2852 (Α

1014 2822 1036 2853 In
1061 2820 1088 2844 ct
1110 2817 1171 2844 cod.
1197 2816 1275 2844 Cant.
1299 2816 1381 2845 ἔσται.
1396 2831 1431 2837 —
1451 2814 1486 2852 (c)
1510 2815 1566 2843 Hoc
1580 2821 1764 2845 assumentum
1783 2822 1825 2847 est

179 2849 249 2882 etiam
264 2852 290 2881 in
304 2852 384 2882 codd.
401 2852 478 2883 Cant.
504 2850 552 2880 Gr.
568 2855 595 2879 et
608 2850 689 2887 l.at.;
713 2853 739 2879 in
762 2853 898 2884 nonnullis
912 2849 1002 2883 tamen
1023 2852 1176 2890 discrepant
1190 2853 1261 2881 inter
1275 2859 1315 2881 se.
