2024 3094
205 137 259 165 279

404 193 521 222 CODEX
542 192 812 221 VERCELLENSIS.

210 240 340 277 quaeritis
355 240 394 277 (α)
408 240 443 268 de
628 239 675 277 29.
691 239 724 277 Et
735 238 900 277 egredienti-

210 274 309 312 pusillo
323 274 398 312 cres-
629 275 679 312 bus
687 275 730 312 eis
745 274 778 302 ad
790 274 855 302 Hie—

210 310 273 340 cere
282 333 289 344 ,
303 315 332 339 et
343 311 378 339 de
392 318 450 338 ma-
629 310 732 342 riccho,
754 317 832 338 secu-

209 347 269 382 jore
283 347 404 375 minores
629 350 657 382 ta
670 351 711 382 est
722 353 783 382 eum
806 366 812 372 .
835 364 842 372 .
865 366 871 373 .

210 382 316 419 esse-la
332 382 369 419 (b)
381 382 487 409 lntran-
627 381 671 409 50.
683 381 721 419 ba_
730 381 814 408 multa
825 389 831 407 :
846 385 874 409 et

210 422 251 446 tes
266 416 401 453 fantem,
416 422 445 445 et
628 423 693 444 ecce
705 416 759 453 duo
773 423 834 444 cae-

210 452 300 490 rogati
315 453 349 490 (ε)
364 453 398 481 ad
412 459 478 481 coe-
632 453 656 480 ci
671 452 798 490 sedentes

211 488 274 516 nam
288 488 324 525 ᾖ
339 497 366 517 n.
390 509 397 515 .
420 508 427 515 .
449 508 457 516 .
478 509 486 516 .
631 494 711 515 secus
725 488 808 525 viam.

211 523 352 552 recumbe.
375 545 382 552 .
403 543 411 551 .
434 543 441 551 .
632 543 639 550 .
662 542 669 550 .
693 544 700 550 .
725 544 731 550 .
748 523 838 551 ierunt

212 560 448 587 inlocise....

212 595 420 622 nentiorib...
632 614 640 622 .
680 614 687 621 .
728 614 735 621 .
776 614 782 620 .
824 613 831 620 .
873 613 880 620 .
920 612 927 618 .
968 612 975 619 .

212 630 398 658 nefortecla-
633 649 640 656 .
681 651 688 657 .
729 650 735 656 .
778 648 785 655 .
824 648 832 656 .
872 647 880 655 .
920 647 928 655 .
968 648 976 655 .

211 666 421 694 riortesn...
633 684 735 692 ...
777 684 783 691 .
824 684 832 690 .
872 684 880 690 .
921 682 976 689 ..

213 701 506 734 veniat;......

212 735 522 773 cede..s(d)quiad
633 754 783 773 .__._._.
823 754 829 761 .
872 756 879 762 .
920 754 926 761 .
968 754 975 761 .

214 779 309 800 cenam
325 770 412 800 voca-'
439 770 447 772 ”
632 771 677 799 51.
697 770 788 798 Turba
803 773 893 798 autem

213 808 252 834 vit
267 812 292 835 te
306 807 327 842 -ξ-
344 828 352 841 ,
367 807 439 835 dicat
455 808 488 835 ti-
632 807 677 834 ine
697 826 703 833 .
726 825 733 833 .
757 826 763 832 .
788 826 796 834 .
818 826 825 833 .
848 825 855 833 .

213 843 260 870 bi:
276 843 372 871 Adhuc
384 843 431 871 dc-
633 849 681 870 eos
695 846 723 868 ut
738 846 780 869 lac
802 862 809 869 .
833 861 839 867 .
863 861 870 867 .
893 860 900 867 .
924 860 931 868 .

213 885 306 906 orsum
328 899 335 905 .
362 898 369 905 .
390 886 436 906 ce-
633 877 673 905 Ad
689 877 726 904 illi
741 884 784 904 ma
808 896 815 903 .

212 914 258 947 de,
271 918 298 941 et
311 914 426 942 coniun-
633 912 754 941 clatuaba
775 933 783 941 .
807 932 813 938 .
838 932 844 939 .
869 933 876 940 .

212 949 503 977 da......tem
632 948 904 976 dice.......

215 983 253 1025 (ς)
271 985 298 1012 in
318 985 339 1025 ςι-
357 985 417 1013 loco
435 984 461 1012 in
483 1005 491 1011 .
516 1006 522 1011 .
540 984 597 1011 rio-
635 984 702 1025 Mise
723 1003 730 1009 .
747 1002 791 1025 λη.
815 1002 821 1009 .
844 1003 851 1010 .
871 1003 878 1010 .

214 1020 237 1047 ri
252 1020 355 1047 recubu
370 1038 379 1047 .
402 1042 408 1048 .

216 1055 265 1088 ris,
278 1061 304 1082 et
318 1063 415 1090 super-

215 1091 323 1119 venerit
338 1091 390 1118 hu-

217 1126 307 1153 milior
319 1131 345 1154 te
359 1126 380 1162 ἰ-
390 1146 398 1159 .
415 1127 455 1155 di-

215 1167 259 1189 cet
275 1162 322 1189 tibi
337 1162 383 1197 qui
394 1167 421 1191 te

216 1197 249 1224 ad
263 1205 358 1225 cenam
373 1205 420 1225 vo-

635 1019 728 1050 nobis.
745 1018 782 1046 ﬁli
805 1039 812 1046 .
835 1038 842 1044 .
865 1037 874 1045 .

633 1054 679 1083 52.
701 1054 756 1081 vid.
773 1054 807 1081 Et
819 1058 861 1082 ste
881 1074 889 1082 .
917 1074 924 1081 .

633 1090 723 1123 Jesus,
742 1093 770 1117 et
784 1097 866 1117 voea-

634 1125 673 1152 vit
684 1133 731 1153 eos
745 1124 779 1152 ad
792 1132 835 1157 se,

635 1165 663 1188 et
677 1161 715 1188 ait
725 1160 796 1188 illis:
809 1159 880 1194 Quid

637 1197 684 1236 .__»'.
716 1217 723 1223 .
748 1216 755 1223 .
773 1196 807 1223 tis
818 1195 859 1236 (ρ)
875 1194 970 1236 faciam

216 1233 304 1260 cavit:
321 1232 357 1268 (f)
368 1232 476 1261 Accede
634 1232 678 1260 55.
703 1251 709 1258 .
735 1249 743 1258 .
758 1251 773 1268 ζ
792 1249 801 1259 .
828 1232 925 1268 Dicunt

218 1268 306 1295 adhuc
321 1266 430 1303 superi-
636 1286 643 1294 .
667 1286 674 1294 .
698 1287 704 1294 .
730 1287 736 1293 .
758 1266 883 1303 Domine,
907 1269 938 1293 ut

216 1311 257 1330 us.
271 1303 304 1330 Et
316 1302 367 1330 erit
380 1304 433 1331 hoc
637 1323 644 1329 .
671 1323 678 1330 .
703 1323 709 1329 .
733 1323 740 1329 .
768 1322 775 1329 .
799 1302 904 1329 riantur

217 1338 264 1366 tibi
279 1338 372 1366 utilius
387 1338 418 1373 ’ξπ
637 1358 643 1365 .
666 1358 672 1364 .
696 1358 703 1364 .
727 1356 734 1365 .
758 1357 765 1364 .
787 1357 794 1364 .
818 1337 904 1365 nostri

429 1406 547 1435 CODEX
561 1405 796 1434 CORBEIENSIS.

217 1463 283 1491 retis
297 1463 331 1491 de
350 1463 449 1498 pusillo
464 1469 598 1496 crescere,
617 1467 645 1491 et
654 1462 688 1490 de
701 1462 804 1498 majore
814 1462 936 1498 minores
948 1461 1017 1498 ﬁeri.

217 1497 455 1527 lntrantes’autem
477 1499 511 1526 ad
535 1506 647 1527 coenam
661 1498 759 1533 rogati,
769 1498 853 1525 nolite
862 1497 1018 1525 discumbe-

217 1542 247 1561 re
261 1535 287 1561 in
303 1535 368 1561 locis
382 1534 622 1566 eminentioribus,
639 1541 673 1561 ne
688 1533 871 1569 forteclarior
885 1537 1020 1569 tersuper-

219 1571 329 1602 veniat;
343 1574 371 1597 et
386 1570 519 1598 accedens
536 1570 582 1604 qui
593 1569 717 1597 invitavit
730 1573 774 1601 te,
790 1569 863 1604 dicat
877 1568 923 1604 tibi
937 1577 944 1594 :
963 1568 1019 1595 Ad—

219 1604 272 1632 huc
286 1604 415 1632 deorsum
434 1603 550 1632 accede.’
562 1605 592 1631 Et
609 1605 661 1632 erit
674 1604 720 1631 tibi
735 1603 870 1633 confusio.
886 1603 915 1631 Si
929 1607 1019 1630 autem

218 1640 246 1667 in
259 1640 319 1667 loco
330 1640 452 1668 inferiori
463 1640 642 1673 discubueris,
655 1644 682 1667 et
695 1640 883 1674 supervenerit
894 1639 1022 1666 humilior

219 1681 255 1708 te,
270 1676 344 1703 dicet
357 1676 405 1703 tibi
416 1676 461 1710 qui
473 1681 499 1703 te
512 1675 545 1703 ad
558 1683 671 1703 coenam
684 1675 800 1702 vocavit.
813 1674 920 1702 Accede
933 1674 1022 1701 adhuc

218 1718 338 1738 sursum.
352 1712 385 1739 Et
398 1711 452 1738 erit
468 1711 517 1738 tibi
532 1711 584 1739 hoc
598 1711 701 1738 utilius.
717 1710 751 1737 Et
770 1710 973 1744 egredientibus
988 1710 1021 1736 il-

219 1745 253 1773 lis
267 1747 301 1774 ab
316 1746 455 1779 Hiericho,
471 1752 580 1774 secutae
595 1751 659 1774 sunt
670 1753 731 1774 eum
746 1746 842 1773 turbae
858 1745 959 1773 multae
972 1753 978 1771 :
995 1750 1022 1772 et

219 1789 283 1809 ecce
297 1782 350 1809 duo
361 1783 436 1810 caeci
447 1782 575 1810 sedentes
590 1789 670 1809 secus
684 1782 756 1809 viam
768 1802 776 1814 ,
791 1781 937 1808 audierunt
949 1780 1022 1813 quod

219 1816 300 1845 Jesus
315 1818 460 1845 transiret:
476 1823 504 1846 et
520 1818 751 1849 exclamaverunt,
764 1816 904 1844 dicentes:
921 1816 928 1831 ¹
942 1815 1024 1843 illise-

219 1860 281 1880 rere
294 1854 392 1886 nostri,
405 1854 444 1880 iili
454 1854 549 1881 David.
562 1853 671 1880 Turbae
683 1856 774 1880 autem
786 1852 964 1887 increpabant
974 1858 1023 1879 eos

221 1892 250 1914 ttt
265 1892 397 1916 tacerent.
422 1890 457 1916 At
472 1889 510 1915 illi
527 1889 613 1923 magis
628 1888 795 1919 clamabant,
810 1888 950 1923 dicentes:
970 1887 1023 1914 Do-

218 1923 310 1956 mine.
324 1923 455 1951 miserere
468 1924 554 1951 nostri
565 1922 624 1956 ,Vlili
640 1923 735 1950 David.
751 1923 787 1950 Et
799 1922 979 1955 stetitJesus,
996 1926 1024 1949 et

220 1959 231 1972 ¹
247 1965 348 1985 vocans
360 1966 423 1991 eos,
442 1959 481 1986 ait
493 1959 548 1986 illis
561 1968 567 1985 :
581 1958 651 1992 Quid
667 1958 750 1985 vultis
765 1962 795 1985 ut
814 1958 911 1985 faciam
925 1958 1022 1984 vobis?

219 1992 316 2026 Dicunt
329 1993 368 2021 illi
380 2015 388 2027 ,
402 1994 515 2022 Domine
527 2015 535 2028 ,
554 1998 584 2022 ut
597 1994 753 2029 aperiantur
764 1993 834 2021 oculi
850 1992 946 2020 nostri.

457 135 593 166 EUSEBH
612 134 783 164 VERCELL.
805 133 1032 163 EVANGELIUM
1052 133 1123 163 CUM
1143 133 1258 163 VARIIS
1278 133 1355 162 COD.
1377 132 1576 163 COLLATUM.

1038 549 1040 552 .
1064 522 1149 550 nolite
1164 530 1272 549 recum-

1275 191 1392 221 CODEX
1411 190 1636 220 VERONENSIS.

1478 238 1529 267 erit
1545 238 1595 266 hoc
1607 238 1653 265 tibi

1478 274 1570 302 utilius
1581 274 1613 309 1-.
1683 308 1686 309 ν
1742 308 1756 309 η
1847 294 1850 296 .

1481 309 1526 337 29.
1550 308 1802 344 Ειδετθᾱίθηιὶδυε
1847 330 1852 335 .

1482 345 1522 374 eis
1534 345 1568 372 ab
1582 344 1700 376 Jericho,

1482 386 1574 408 886012
1591 385 1632 407 est
1646 388 1708 408 eum

1481 417 1527 444 '5’).
1554 416 1629 443 turba
1646 415 1748 442 multa:
1764 419 1791 443 et

1479 459 1543 479 ecce
1559 451 1611 478 duo
1626 451 1699 478 caeci

1484 488 1609 515 sedentes
1624 494 1701 513 secus

1484 524 1553 549 viam
1566 522 1708 549 audierunt

1483 558 1553 592 quod
1568 558 1645 585 .lesus

1062 243 1115 266 tem
1131 238 1253 273 quaeritis

1062 274 1101 310 (ιι)
1115 273 1149 301 de
1161 274 1260 309 pusillo

1063 316 1188 337 crescere
1195 330 1203 342 ,
1217 314 1245 337 et

1063 345 1098 372 de
1113 344 1219 373 minore
1229 353 1285 373 ma-

1062 381 1138 416 jores
1153 387 1213 408 esse
1224 380 1255 416 -ξκ

1063 415 1102 452 (b)
1118 415 1253 444 Intrantes
1264 416 1286 451 1-

1062 456 1164 487 autem,
1180 455 1208 479 et
1222 452 1308 487 rogali

1064 488 1107 523 (cl
1113 486 1147 514 ad
1162 486 1263 514 cenam
1273 487 1305 523 1-,

1065 558 1130 585 bere
1144 557 1170 584 in
1186 557 1254 585 locis

1065 593 1251 621 eminentiori-
1484 594 1578 620 transit
1595 604 1602 621 :

1065 628 1124 661 bus,
1144 636 1180 656 ne
1193 628 1264 657 forte
1484 634 1510 655 et
1521 630 1716 662 elamaverunt,

1064 664 1164 691 clarior
1180 668 1206 691 te
1485 665 1623 691 dicentes:

1066 706 1160 735 super—
1485 700 1611 727 Miserere
1625 707 1674 727 no-

1068 735 1175 768 veniat;
1189 739 1217 762 et
1228 735 1278 763 ad-
1486 736 1526 762 his
1541 756 1548 768 ,
1574 735 1609 761 ﬁli
1631 736 1683 762 Da—

1066 770 1167 798 cedens
1177 770 1217 806 (ά)
1486 772 1530 798 :31.
1552 770 1605 797 vid.
1622 771 1710 798 Turba
1725 778 1774 798 au-

1066 806 1113 840 qui
1125 806 1158 833 ad
1172 813 1268 834 cenam

1069 841 1174 877 vocavit
1190 846 1217 869 te
1229 841 1250 877 -ι-
1258 863 1265 874 ,

1068 876 1140 904 dicat
1154 877 1218 905 tibi:
1234 877 1289 904 Ad-

1071 912 1124 939 lme
1139 912 1266 940 deorsum

1067 947 1178 981 accede.
1193 952 1222 975 et

1068 983 1254 1011 confundaris.
1270 983 1299 1011 Si

1068 1023 1160 1046 autem
1176 1019 1213 1054 (ε)
1227 1019 1253 1046 in

1068 1054 1129 1082 loco
1143 1054 1264 1082 inferiori

1071 1089 1231 1117 recubueris
1241 1110 1249 1123 ,
1262 1094 1290 1118 et

1070 1126 1261 1159 supervenerit

1069 1159 1198 1188 humilior:
1213 1165 1240 1189 te
1250 1160 1281 1196 1',

1069 1195 1141 1223 dicet
1155 1196 1205 1223 tibi

1070 1231 1116 1265 qui
1130 1231 1162 1258 ad
1179 1238 1275 1259 cenam

1070 1266 1178 1303 vocavit
1192 1271 1219 1295 te
1229 1275 1236 1303 ς
1254 1266 1291 1303 (Γ)

1071 1301 1178 1329 Accede
1192 1301 1283 1330 adhuc

1071 1343 1190 1366 sursum.
1205 1338 1241 1365 Et

1486 811 1540 833 tem
1555 806 1712 841 increpabat

1486 849 1534 869 Cos
1548 846 1577 868 ut
1590 846 1720 869 tacerent.

1488 877 1527 904 Ad
1543 877 1581 903 illi
1595 878 1679 912 magis

1487 913 1652 946 clamabant,

1486 948 1608 975 dicentes
1622 956 1629 976 :

1487 983 1611 1017 Domine.
1628 983 1680 1011 mi-

1487 1026 1579 1047 serere
1598 1020 1686 1054 nobis,
1707 1019 1745 1046 ﬁli

1489 1054 1582 1082 David.

1487 1090 1532 1117 52.
1555 1090 1587 1118 Ει
1602 1091 1676 1118 stetit
1688 1090 1730 1118 Je-

1486 1133 1545 1159 sus,
1561 1130 1588 1153 et
1604 1127 1711 1154 vocavit

1487 1166 1515 1189 et
1528 1161 1580 1188 ait:
1595 1162 1664 1194 Quid

1490 1196 1571 1224 vultis
1587 1197 1626 1232 (g)
1647 1197 1742 1226 faciam

1489 1233 1534 1260 55.
1555 1232 1648 1259 vobis?
1663 1232 1760 1260 Dicunt

1489 1268 1538 1301 illi,
1553 1267 1674 1301 Domine,

1489 1307 1518 1330 ut
1535 1304 1689 1338 aperiantur

1487 1339 1560 1367 oculi
1575 1339 1671 1366 nostri.

1303 1408 1419 1437 CODEX
1433 1408 1631 1438 BRIXIANUS.

1071 1463 1105 1491 Et
1126 1464 1283 1499 egrediente
1301 1471 1335 1492 eo
1356 1464 1390 1492 ab
1409 1464 1519 1493 Iericho
1536 1469 1630 1492 secuta
1651 1468 1691 1492 est
1710 1471 1771 1492 eum
1793 1463 1871 1491 turba

1071 1500 1165 1526 multa.
1180 1504 1207 1527 et
1220 1506 1284 1527 ecce
1294 1500 1348 1527 duo
1359 1500 1445 1528 caeci.
1457 1501 1585 1528 sedentes
1595 1508 1674 1527 secus
1686 1500 1766 1527 viam.
1780 1503 1809 1526 ut
1821 1507 1872 1526 an-

1071 1535 1181 1562 dierunt
1191 1535 1264 1570 quod
1274 1535 1353 1563 Jesus
1366 1536 1502 1564 transiret.
1517 1536 1740 1563 exclamaverunt
1748 1535 1871 1562 dicentes

1073 1570 1201 1598 Miserere
1216 1571 1300 1598 nostri
1323 1571 1436 1599 Domine
1451 1571 1488 1598 iiii
1503 1572 1597 1599 David.
1618 1570 1708 1598 Turba
1723 1575 1813 1597 autem
1831 1571 1872 1598 in-

1073 1605 1202 1640 crepabat
1218 1614 1276 1634 eos.
1300 1612 1329 1633 ut
1349 1612 1481 1634 tacerent.
1502 1608 1535 1634 At
1555 1607 1593 1634 illi
1614 1606 1698 1642 magis
1716 1606 1872 1633 clamabant

1073 1641 1198 1669 dicentes
1213 1641 1342 1670 Miserere
1357 1642 1434 1670 nobis
1448 1643 1562 1670 Domine
1580 1642 1616 1669 ﬁli
1636 1641 1730 1669 David.
1748 1642 1779 1669 Et
1795 1642 1872 1669 stetit

1072 1677 1152 1704 JeSus
1167 1681 1194 1704 et
1207 1678 1313 1705 vocabit
1328 1685 1376 1705 eos
1391 1683 1418 1705 et
1430 1679 1468 1705 ait
1483 1678 1546 1705 illis.
1558 1677 1626 1712 Quid
1637 1677 1717 1704 vultis
1731 1682 1760 1704 ut
1774 1677 1871 1703 faciam

1075 1712 1161 1740 vobis.
1174 1713 1271 1741 Dicunt
1285 1713 1332 1741 illi.
1349 1713 1462 1742 Domine
1475 1718 1505 1742 ut
1518 1715 1674 1750 aperiantur
1688 1713 1758 1741 oculi
1773 1712 1871 1740 nostri.

562 2071 760 2101 VARIANTES
779 2072 969 2101 LECTIONES
987 2070 1122 2100 CODICIS
1141 2070 1196 2099 MS.
1217 2070 1247 2099 S.
1268 2068 1522 2099 CERMANENSIS.

256 2133 264 2148 ι
282 2132 396 2162 Domine,

1103 2129 1113 2143 ¹
1131 2128 1227 2153 vocavit
1238 2133 1292 2159 eos,
1305 2131 1328 2153 et
1342 2126 1377 2152 ait
1387 2133 1393 2150 :
1403 2125 1464 2156 Quid

878 2190 1062 2219 BLANCHINI
1078 2192 1194 2220 ΝΟΤΑΞΞ.

182 2265 185 2267 .
219 2243 315 2270 venerit
325 2241 449 2268 humilior
460 2245 498 2273 le,
517 2240 583 2266 dicet
605 2238 650 2266 tibi
662 2238 704 2274 qui
720 2243 743 2265 le
755 2239 788 2265 ad
799 2245 912 2274 coenant
928 2238 1020 2274 inritu-

217 2279 252 2305 vit
265 2287 274 2306 :
286 2277 384 2305 Accede
396 2276 480 2303 adimo
499 2284 611 2303 sursum.
629 2273 721 2301 Et'hoc
735 2274 783 2301 erit
795 2274 840 2300 tibi
853 2273 955 2300 utilius.
972 2273 1016 2300 ln-

220 2314 325 2349 signius
339 2320 391 2340 non
406 2316 451 2349 est
463 2312 489 2338 in
501 2316 557 2338 toto
570 2310 691 2349 Matthaei
703 2310 840 2349 volumine
851 2308 1020 2349 additamen-

218 2344 285 2383 tuin,
301 2353 412 2384 propter
426 2347 546 2384 virorum
562 2346 702 2384 doctor_um
717 2344 1019 2384 qumstipne_s_l'amosis-

218 2379 413 2419 sinias'quibus
425 2382 584 2419 ventilatum
599 2379 792 2419 est.L_egebant
805 2379 1018 2419 illudiuvgncus

218 2415 360 2456 presbyter
375 2427 408 2448 ac
421 2418 450 2447 S.
467 2417 586 2445 llilarius
600 2417 628 2443 in
642 2416 698 2443 suis
711 2416 917 2450 exemplaribus
930 2415 1019 2442 Evan-

1071 2238 1184 2274 gelicis:
1198 2244 1223 2265 at
1234 2238 1289 2265 Leo
1298 2238 1409 2273 Magnus
1418 2237 1484 2265 nihil
1492 2237 1608 2274 amplius
1615 2237 1735 2264 additum
1748 2237 1876 2265 habuisse

1071 2273 1177 2301 videtur
1191 2275 1216 2301 in
1238 2281 1287 2301 suo
1302 2274 1459 2308 evangelica
1474 2273 1611 2300 volumine
1639 2279 1736 2308 praeter
1748 2281 1787 2300 'ea
1812 2282 1875 2308 qua:

1072 2311 1169 2337 retinet
1183 2317 1236 2337 ms.
1250 2313 1343 2336 noster
1357 2308 1634 2337 San—Germanensis.
1649 2309 1767 2335 Consule
1780 2309 1875 2336 Adho-

1072 2346 1189 2372 tationes
1203 2350 1311 2372 nostras
1320 2345 1435 2379 scriptas
1447 2346 1473 2371 in
1490 2344 1641 2371 versionem
1653 2344 1770 2371 Italicam
1781 2344 1874 2371 Sancti

1072 2381 1202 2414 Mattbari,
1214 2380 1301 2409 ubide
1314 2380 1364 2408 hoc
1379 2384 1536 2408 assutnento
1549 2379 1656 2407 abunde
1664 2379 1872 2415 disputavimus.

255 2513 293 2548 (α)
307 2512 461 2548 Cod.Cant.
473 2512 532 2539 Lat.
548 2510 580 2537 de
589 2509 694 2536 minimo
705 2516 828 2540 crescere,
841 2512 865 2535 et
880 2508 911 2534 de
926 2516 1010 2548 ntagm

1072 2507 1128 2548 sui;
1141 2506 1209 2548 βοὰ,
1318 2507 1406 2548 (ἓν-ἐκ
1417 2509 1511 2548 lentem?
1524 2507 1641 2547 αςιξῆσαι,
1656 2508 1698 2548 ’δαὶ
1716 2507 1744 2533 ἑκ
1757 2507 1874 2548 religent,-

217 2541 322 2577 tAolﬁov
334 2545 409 2580 εἶναι,
425 2548 477 2580 hoc
491 2551 543 2579 est,
557 2554 570 2573 e
584 2553 661 2580 parvo
674 2552 796 2580 crescere,
814 2548 841 2580 et
856 2552 869 2570 ε
881 2541 977 2579 majori
995 2552 1010 2569 υ

1072 2551 1079 2570 ι
1095 2543 1161 2578 ﬁeri.
1179 2557 1214 2563 —-
1226 2543 1267 2580 (b)
1281 2542 1346 2580 Cod.
1368 2541 1447 2580 Cant.

1487 2546 1524 2569 at.
1541 2542 1744 2568 introeuntes.—
1754 2542 1790 2577 (ε)
1803 2543 1874 2570 Cod.

217 2585 294 2612 Cant.
312 2583 370 2610 Lat.
387 2577 511 2615 coenare,-
528 2577 701 2616 adhieretqne
714 2579 792 2607 Cant.
807 2578 854 2607 Gr.
867 2577 1005 2616 qui'ha_bet
1017 2599 1024 2611 ,
1035 2578 1183 2616 ξειπνῆσαι.
1203 2593 1239 2616 _-—
1256 2577 1384 2616 '(d)_tlod.
1400 2579 1478 2616 (iant.
1495 2577 1555 2604 Lat.
1580 2577 1624 2604 hic
1642 2577 1764 2616 et_infra
1778 2585 1877 2605 coenae

215 2621 347 2651 invitator,
372 2618 432 2645 cod.
457 2613 535 2644 Cant.
552 2616 599 2644 Gr.
615 2617 628 2644 ὁ
639 2613 835 2653 Simoenta-mlo.
851 2613 887 2635 -ἒ
898 2614 934 2653 (e)
947 2614 1013 2653 Cod.
1030 2614 1106 2653 Cant.
1122 2614 1180 2653 Lat.
1201 2614 1227 2640 in
1249 2614 1385 2653 minimum.
1404 2614 1537 2653 locumlel
1550 2613 1711 2653 superveniat
1723 2613 1807 2653 minor
1827 2617 1874 2647 le;

216 2655 294 2682 Cant.
310 2647 357 2683 Gr.
373 2655 409 2685 εἰς
422 2654 464 2682 τὸν
477 2653 570 2681 ἥττονα
586 2652 664 2679 τόπον
688 2652 726 2687 (in
744 2647 893 2687 inferiorem
903 2647 1002 2685 locum)

1084 2649 1174 2687 ἐπέλθῃ
1187 2660 1234 2677 σου
1253 2650 1348 2681 ἥττων,
1366 2647 1420 2687 ἄνω
1436 2651 1478 2676 καὶ
1491 2648 1564 2687 geret:
1579 2659 1621 2676 σοι
1639 2652 1714 2687 τοῇτο
1726 2651 1873 2687 χρὴσιμογ.

217 2681 435 2724 Ιῖίὶιηιγὶιιῖίξιιοέθν
451 2687 569 2715 Graecus
587 2692 675 2713 textus
689 2681 868 2724 Cant."rpgz;
879 2686 906 2724 δὲ
918 2681 1010 2724 ζητεῖ-ἒς

1072 2681 1165 2724 μικροί
1175 2686 1292 2724 αὐξῆσᾳι,
1307 2686 1349 2724 χαί
1361 2685 1387 2711 ἐκ
1401 2686 1513 2724 μείζονος
1528 2682 1631 2724 ξ’λατῖον
1653 2681 1874 2724 εἶναιίὲὶσερχό-

236 2726 319 2753 ενοιδέ
340 2719 602 2761 καίνπαρακὶπιοέντες
618 2723 760 2761 δεςιξγ-ἥοᾌιι2
776 2719 816 2757 μὴ’
826 2722 986 2761 ὰγακλίνασρε
1000 2719 1279 2761 (ῐιὶείᾶςιὰκλςὶνασθαε)
1296 2721 1330 2751 εἰς
1343 2719 1405 2761 “rotis
1417 2721 1554 2761 ὲξέχονταί
1566 2720 1672 2761 ςτόποίδς.
1688 2723 1786 2761 Hirro-rs
1802 2719 1875 2761 ἔῗδο-

236 2739 284 2753 ενοι
293 2739 319 2753 οε
340 2739 382 2753 και
402 2739 600 2761 παραιιαηπηνιι,
618 2739 760 2753 νιιμνιιυυιι,
776 2739 810 2757 μη
826 2739 986 2749 νιιυυιιιιινιυνι
1000 2739 1062 2757 \um.
1079 2739 1279 2754 κινιιηιιιινωιινιιι
1296 2739 1327 2751 ει,
1347 2739 1399 2751 ινα,
1417 2739 1549 2755 ιιθῦΛυιινιι
1571 2739 1672 2750 «νηννιι
1688 2739 1786 2755 totum“.
1802 2739 1874 2747 ,νυνί

215 2739 316 2798 ἕότερός
330 2772 377 2788 σου
391 2761 497 2796 ἐπέλθῃ,
511 2761 554 2786 καὶ
566 2757 710 2798 τῖροςίλθὼν
722 2757 734 2783 ὀ
746 2756 929 2798 ξειτι-ιοκᾏήτῖιιρ
945 2756 1003 2798 εἵη-ῃ
1009 2767 1067 2798 μοι,
1082 2756 1120 2798 ἔτ]
1131 2757 1204 2784 κάτω
1228 2758 1322 2793 χώρει,
1338 2757 1382 2798 ﬁeri
1395 2756 1617 2798 κξταισχυγθρσῃ.
1631 2754 1689 2781 Ἓαν
1702 2755 1728 2782 δέ
1741 2756 1874 2798 ἀναπέσης

216 2789 252 2826 ei:
266 2789 410 2825 recurrere:
424 2789 511 2828 τότέοέι,
523 2796 564 2821 καὶ
579 2789 667 2834 ἐξέλθῃ
680 2802 730 2834 σῃ
742 2793 834 2834 vir-rora.
847 2793 899 2828 ἐρεῖ
908 2789 996 2831 eoeo.
1006 2791 1202 2833 δειπνφλήτωρ·
1225 2789 1321 2834 eli-23:7:
1342 2791 1380 2818 ἔτι
1405 2790 1476 2834 ἱιῖνω,Ι
1491 2789 1535 2834 έᾳὶ
1555 2789 1628 2834 {affert
1647 2801 1688 2834 G'O't
1703 2794 1783 2834 τοῦτςΙ
1798 2789 1873 2834 [fri-

215 2825 300 2867 σιξαον.
317 2846 351 2867 έ
363 2830 397 2866 (f)
414 2832 479 2867 Cod.
497 2825 576 2857 Catil.
591 2825 762 2867 Lat.'_collige
776 2825 864 2867 adhuc
875 2827 1008 2867 superius;

1072 2827 1102 2853 rit
1118 2829 1163 2854 (ibi
1175 2825 1222 2855 hoc
1233 2825 1303 2860 utile,
1317 2829 1394 2861 juxta
1406 2826 1487 2861 quod.
1501 2827 1577 2854 Cant.
1592 2825 1640 2853 Gr.
1652 2827 1746 2861 σύναγε
1766 2825 1803 2854 ἔτι
1813 2825 1871 2854 ἄνω

213 2861 354 2901 (shrsunr).
367 2861 403 2886 ’ἓ-
419 2865 457 2900 (g)
470 2867 537 2893 Ante
551 2865 644 2900 {nciam
655 2861 784 2895 deest'ut,
797 2863 878 2889 etiam
899 2861 925 2889 in
946 2866 1019 2889 textu
1033 2861 1148 2890 Graeca.
