4048 6188
432 220 539 279 287

825 334 1058 393 CODEX
1093 335 1631 394 VERCELLENSIS.

437 433 584 514 sicut
611 430 848 514 prophe-
1266 431 1352 514 ei:
1377 428 1827 514 .(blulflovissimus
1854 428 1917 499 οἷ’.

434 505 527 559 27.
570 501 724 559 tam.’
744 502 812 556 Et
1271 501 1416 558 Dixit
1445 501 1551 557 illis
1578 501 1735 557 Jesus
1760 518 1773 553 :

440 573 771 646 responden—
1270 575 1441 629 Amen
1470 574 1594 646 dico
1620 586 1715 627 vo-

439 643 619 702 tes'ad
648 643 856 708 Iesum,
1272 646 1353 700 bis
1377 686 1392 711 ,
1424 643 1566 714 quod
1588 657 1762 699 mere-

442 718 699 773 dixerunt
732 733 746 771 :
1274 718 1466 784 trices,
1498 725 1554 772 et
1585 757 1598 770 .
1627 755 1641 769 .
1671 754 1687 770 .
1715 752 1729 767 .
1761 754 1776 769 .
1804 755 1815 768 .

441 788 680 844 Nescim.
727 827 741 841 .
782 784 962 842 .Iesus.
1006 826 1021 840 .
1070 827 1081 839 .
1277 786 1473 842 blicani
1508 828 1521 841 .
1552 829 1565 841 .
1596 829 1610 843 .
1639 827 1653 839 .

445 861 609 915 virtu.
656 896 673 912 .
718 899 732 913 .
778 898 791 913 .
838 898 851 911 .
898 895 915 909 .
1276 858 1475 914 cedunt
1502 874 1599 914 vos

447 931 610 987 facio.
671 1000 676 1002 λ
705 1000 715 1002 _
1282 970 1295 983 .
1323 970 1355 1002 μ.
1401 968 1415 983 .
1457 945 1624 1002 regno
1655 929 1773 987 Dei.

443 1004 538 1058 28.
580 1000 840 1068 Quidau.
884 1041 899 1055 .
946 1038 959 1053 .
1007 1041 1021 1054 .
1067 1038 1080 1053 .
1126 1039 1140 1053 .
1276 1000 1369 1059 :52.
1418 1043 1432 1056 .
1598 1002 1772 1056 niten
1815 1035 1831 1053 .
1875 1034 1890 1051 .

448 1074 531 1129 bis
556 1072 768 1128 videtur
782 1073 808 1127 ‘l
856 1112 877 1133 κ

453 1146 626 1200 Homo
648 1144 762 1214 qui.
808 1187 821 1199 .
866 1184 881 1198 .
927 1182 940 1197 .

452 1217 686 1271 habebat
709 1214 849 1270 duos

452 1288 592 1343 ﬁlios
617 1304 631 1352 ;
662 1294 716 1341 et
736 1301 825 1341 ac-

451 1358 656 1415 cedens
680 1357 745 1410 ad
772 1356 883 1425 pri-

1344 1113 1358 1126 .
1404 1113 1418 1127 .
1460 1087 1523 1128 os
1550 1072 1752 1128 Johan-

1280 1143 1685 1199 .-..invia

1273 1214 1558 1285 jnstitiael.
1604 1253 1620 1270 .
1667 1254 1681 1267 .
1726 1250 1743 1267 .

1282 1300 1388 1341 non
1414 1286 1560 1341 credi
1601 1326 1615 1340 .
1664 1325 1677 1338 .
1723 1324 1737 1337 .
1785 1321 1800 1337 .

1287 1396 1299 1409 .
1329 1397 1343 1410 .
1373 1397 1386 1410 .
1420 1358 1465 1412 is
1489 1358 1538 1411 ei
1564 1374 1579 1413 :
1612 1355 1786 1428 publi-

452 1445 622 1489 mum.
661 1426 799 1482 dixit
1283 1428 1401 1483 cani
1434 1426 1654 1495 autem,

455 1500 531 1555 illi
564 1518 577 1554 :
612 1499 759 1554 Vade
789 1498 888 1552 ho-
1284 1508 1339 1554 et
1369 1501 1609 1553 meretri-

459 1571 549 1626 die
578 1570 799 1640 Operari
1282 1583 1375 1625 ces
1403 1570 1651 1626 credide-

458 1644 511 1697 in
542 1642 755 1696 vineam
782 1639 882 1713 (a).
1284 1650 1411 1696 runt
1443 1680 1458 1695 .
1485 1681 1499 1696 .
1532 1655 1689 1713 .ivos

455 1714 548 1769 29.
591 1713 684 1767 Ille
707 1711 887 1767 autem
1284 1719 1463 1768 autem
1492 1711 1683 1768 viden-

460 1782 755 1854 responde.
794 1822 830 1854 ᾗ
859 1819 875 1836 .
918 1818 934 1833 .
1286 1790 1368 1838 tes
1393 1824 1407 1849 ,
1441 1798 1540 1838 nec
1569 1797 1697 1853 poe-

460 1856 536 1910 ait
557 1853 579 1909 7:
611 1854 751 1909 Non.
792 1853 861 1906 Et
1288 1854 1572 1909 nitentiam

462 1935 649 1997 postea
662 1967 676 1991 ,
708 1922 899 1994 paeni-
1290 1925 1552 1980 habuistis

464 1998 636 2052 tentia
663 2010 782 2050 mo-

466 2077 553 2123 tus
582 2065 715 2121 abiit
742 2066 797 2121 in

462 2141 700 2194 vineam.

466 2211 560 2266 '50.
603 2206 848 2264 Accessit
875 2214 1059 2263 autem

466 2281 532 2335 ad
560 2280 821 2345 alterum,

459 2361 515 2408 et
540 2351 673 2406 dixit
702 2351 853 2405 simi-

462 2423 587 2477 liter
611 2459 626 2475 .
662 2421 740 2476 Ad
765 2420 857 2477 ille

460 2493 801 2563 respondens
826 2535 842 2559 ,

462 2565 575 2630 ait;
608 2578 675 2619 eo
697 2608 710 2631 ,
740 2563 894 2619 dom-

470 2650 539 2689 ne
565 2676 580 2700 ,
611 2642 666 2687 et
698 2649 802 2687 non
831 2635 911 2693 iit.

466 2706 556 2759 51.
598 2705 731 2770 Quis
754 2720 822 2759 ex
845 2706 977 2764 duo-

471 2777 574 2831 bus
605 2775 732 2830 fecit
757 2790 853 2844 pa-

475 2848 572 2901 tris
590 2846 837 2901 volunta-

476 2918 628 2973 tem?
656 2917 853 2975 Dicunt

1293 2005 1477 2066 postea
1502 2036 1518 2062 ,
1550 1994 1694 2067 quod

1297 2082 1402 2121 non
1427 2068 1610 2122 credi-

1294 2139 1460 2196 d...
1493 2141 1653 2196 tisei.

1297 2210 1388 2266 55.
1431 2209 1914 2272 Aliam.......

1307 2850 1359 2904 in
1391 2864 1509 2905 eam
1541 2859 1651 2905 tor-

1306 2922 1460 2976 cular
1485 2963 1501 2989 ,
1541 2932 1594 2977 et
1622 2936 1714 2979 ae-

907 3036 1142 3094 CODEX
1178 3036 1651 3093 CORBEIENSIS.

478 3140 535 3185 ut
594 3130 915 3202 pr0pbetam
983 3130 1312 3202 habuerunt.
1396 3130 1462 3184 Et
1519 3130 1934 3202 respondentes
2008 3131 2075 3186 ad

479 3217 629 3267 sum,
671 3201 933 3256 dixerunt
972 3220 985 3253 :
1029 3201 1335 3256 Nescimus.
1385 3204 1475 3256 Ait
1514 3201 1663 3257 illis?
1695 3204 1711 3233 ¹
1739 3202 1897 3258 Jesus
1939 3224 1952 3259 :
1993 3203 2081 3258 Je-

479 3272 666 3341 Neque
709 3288 811 3343 ego
838 3272 994 3328 vobis
1024 3274 1201 3327 dicam
1230 3274 1281 3326 in
1314 3289 1418 3340 qua
1447 3281 1714 3342 potestate
1752 3276 1883 3329 haec
1917 3274 2074 3328 facio.

478 3343 618 3415 Quid
671 3354 850 3399 autem
902 3344 1055 3415 vobis
1094 3345 1383 3398 videtur?”
1419 3344 1593 3398 Homo
1633 3345 1847 3415 quidam
1898 3345 2084 3400 habuit

478 3414 613 3468 duos
638 3415 806 3480 filios;
839 3414 1105 3470 accedens
1131 3416 1197 3469 ad
1220 3417 1475 3481 primum,
1498 3415 1635 3470 dixit
1654 3414 1702 3471 ei
1734 3436 1745 3469 :
1773 3416 1925 3481 Fili,‘
1947 3417 2081 3471 vade

479 3488 694 3554 cperari
744 3486 903 3541 hodie
940 3486 995 3539 in
1024 3487 1196 3540 vinea.
1227 3486 1320 3541 Ille
1341 3494 1521 3542 autem
1552 3488 1888 3555 respondens
1910 3528 1925 3551 ,
1959 3488 2033 3540 ait
2066 3507 2079 3543 :

479 3556 634 3611 Nolo.
685 3556 707 3587 ³
761 3556 827 3611 Ει
878 3566 1062 3625 postea
1147 3558 1472 3626 poenitentia
1555 3559 1747 3614 ductus
1812 3558 1943 3612 abiit
2029 3559 2080 3612 in

480 3626 716 3681 vineam.
766 3629 1009 3682 Accessit
1061 3636 1238 3683 autem
1292 3628 1359 3682 ad
1408 3628 1677 3691 alterum,
1736 3638 1792 3685 et
1835 3630 1971 3683 dixit
2004 3630 2082 3684 illi

481 3699 749 3753 similiter.
799 3697 896 3753 Cui
939 3700 1317 3768 respondens,
1361 3700 1499 3754 dixit
1561 3718 1574 3753 :
1636 3700 1753 3764 Eo,
1823 3701 2079 3765 domine,

484 3785 617 3841 non
656 3770 806 3841 abiit.
897 3770 1030 3841 Quis
1105 3786 1233 3841 ergo
1302 3785 1370 3825 ex
1456 3770 1665 3825 duobus
1737 3771 2067 3825 voluntatem

488 3840 655 3913 patris
714 3839 880 3913 fecit?
911 3841 931 3871 ⁸
976 3839 1184 3896 Dicunt
1214 3841 1333 3913 ei;
1380 3845 1406 3873 ⁸
1462 3841 1905 3913 Novissimusf.
1942 3842 2081 3896 Dicit

488 3910 816 3983 illisiJesus:
849 3912 1020 3966 Amen
1072 3913 1193 3965 dico
1216 3912 1369 3967 vobis
1395 3954 1409 3977 ,
1441 3913 1563 3983 quia
1613 3910 1929 3967 meretrices
1957 3952 1970 3976 ,
2022 3925 2078 3967 et

487 3982 754 4051 publicani
788 3983 1117 4053 praecedent
1144 3999 1242 4037 vos
1274 3984 1326 4037 in
1354 3982 1525 4052 regno
1571 3984 1591 4014 ⁸
1633 3984 1934 4038 coelortnn.
1968 3983 2073 4037 Ve-

491 4057 569 4107 nit
597 4055 740 4107 enim
787 4054 853 4107 ad
885 4070 979 4107 vos
1010 4054 1284 4108 Iohannes
1325 4054 1377 4108 in
1424 4057 1505 4109 via
1549 4054 1777 4124 justitia:
1803 4096 1816 4119 ,
1869 4065 1923 4108 et
1972 4070 2079 4108 non

491 4124 802 4198 credidistis
824 4126 872 4180 ei
895 4141 910 4180 :
937 4125 1209 4195 publicani
1238 4135 1416 4179 autem
1464 4137 1518 4181 et
1550 4126 1866 4181 meretrices
1898 4126 2079 4180 credi~

489 4194 684 4250 derunt
749 4198 768 4227 ⁷
820 4194 1093 4251 νοείνειεο
1139 4212 1260 4252 cum
1293 4198 1717 4266 cognovissetis,
1766 4213 1865 4252 nec
1896 4198 2083 4266 poeni-

486 4266 708 4320 tentiam
735 4266 997 4322 habuistis
1023 4277 1205 4336 postea
1228 4309 1242 4332 ,
1273 4266 1295 4298 ⁸
1328 4278 1385 4322 nt
1409 4269 1455 4321 ei
1486 4268 1802 4323 crederetis.

565 4336 729 4409 ΧᾼΧΙΙ.
780 4339 954 4392 Aliam
1003 4339 1311 4409 parabolam
1359 4339 1582 4396 audite:
1617 4340 1791 4393 Homo
1840 4349 1957 4394 erat
1986 4354 2083 4409 pa-

488 4414 570 4460 ter
595 4406 859 4480 familias,
903 4406 1018 4480 qui'
1059 4410 1317 4479 plantavit
1349 4413 1597 4476 vineam,
1646 4420 1701 4465 et
1755 4426 1940 4479 sepem
1982 4406 2087 4465 cir-

488 4478 769 4533 cnmdedit
789 4482 809 4512 ⁸
831 4478 949 4534 eam
967 4523 982 4547 ,
1015 4478 1069 4537 et
1093 4481 1228 4537 fodit
1249 4483 1301 4536 in
1324 4498 1390 4537 ea
1418 4484 1592 4537 lacum
1612 4523 1628 4548 ,
1656 4491 1711 4536 et
1729 4478 1876 4536 aedi-

974 220 1249 279 EUSEBII
1284 217 1626 279 VERCELL.
1669 215 2120 275 EVANGELIUM
2158 216 2303 275 CUM
2346 216 2570 275 VARIIS
2596 219 2750 276 COD.
2791 220 3184 279 COLLATUM.

3646 217 3747 274 2S8

2567 335 2801 392 CODEX
2841 337 3292 395 VERONENSIS.

2138 442 2243 482 nen
2272 426 2413 482 sicut
2434 442 2565 497 pro.
2978 446 3043 485 ex
3074 429 3283 485 duobus
3306 428 3382 484 fe-

2137 498 2378 569 phetam.
2974 501 3047 556 cit
3074 503 3241 569 patris
3265 501 3455 555 volun-

2137 569 2232 623 27.
2255 567 2343 623 'Et
2372 569 2667 640 responde-
2977 567 3122 627 tate?
3146 571 3337 627 Dicunt
3366 573 3414 626 ei
3444 590 3456 625 :

2141 650 2276 722 runt_
2291 640 2357 694 ad
2381 641 2565 697 Iesum
2593 684 2609 707 ,
2975 642 3051 767 ἕξ)
3078 642 3421 725 ,Νρὺξεείωυε
3449 645 3512 714 1-.

2141 720 2195 766 et
2227 712 2514 766 dixerunt:
3026 721 3118 767 tctt
3140 713 3249 767 Illts

2141 720 2195 766 et
2227 712 2476 766 dixerunt
2501 730 2514 765 :
2977 712 3118 767 Dicit
3140 713 3249 767 illis

2140 782 2443 838 Nescimus.
2478 783 2568 838 Ait
2966 784 3126 840 Iesus
3148 802 3161 838 :
3184 783 3321 841 Ame

2969 857 3091 910 dico
3115 857 3292 921 vobis,

2970 926 3114 997 quod
3136 928 3450 986 meretrices

2142 855 2251 908 illis
2275 862 2331 909 et
2359 856 2509 923 ipse:

2141 925 2250 1007 l‘jec
2277 940 2378 1007 ego
2407 926 2560 981 vobis

2142 996 2265 1051 dico
2296 997 2346 1050 in
2378 1012 2481 1067 qua
2975 996 3031 1053 et
3061 997 3328 1066 publicani

2184 1077 2413 1123 otestate
2446 1070 2577 1125 haec
2974 1069 3301 1139 praecedent
3329 1086 3425 1127 vos

2167 1138 2308 1192 'acio.
2976 1141 3028 1195 in
3060 1155 3228 1205 regno
3244 1140 3358 1195 Dei.

2146 1208 2239 1263 28.
2278 1208 2416 1277 Quid
2447 1218 2625 1266 autem

2146 1281 2303 1335 vobis
2329 1281 2577 1337 videtur?

2150 1351 2323 1423 Homo
2350 1353 2567 1423 quidam

2150 1422 2383 1479 habebat
2407 1423 2544 1479 duos

2150 1494 2291 1549 filios
2313 1511 2327 1560 ;
2359 1504 2412 1551 et
2440 1510 2597 1551 acce-

2149 1566 2285 1621 dens
2312 1566 2376 1620 ad
2418 1566 2646 1633 primum
2673 1611 2687 1635 ,

2152 1637 2333 1692 dixit:
2389 1636 2527 1704 Fili,

2154 1708 2291 1764 vade
2324 1708 2486 1764 hodie

2154 1794 2383 1847 operare
2412 1782 2465 1836 in

2156 1853 2502 1923 29.0vineam
2536 1854 2633 1926 (a).
2666 1855 2761 1911 Ille

2159 1935 2347 1997 autem
2369 1935 2707 1997 respondens

2159 1999 2237 2051 ait
2260 2017 2272 2052 :
2309 1996 2465 2051 Nolo.

2976 1211 3067 1267 52.
3102 1210 3259 1265 Venit
3283 1214 3429 1268 enim

2978 1282 3044 1336 ad
3062 1296 3157 1337 vos
3178 1282 3385 1338 Johan-

2984 1368 3084 1407 nes
3110 1354 3161 1406 in
3190 1355 3273 1407 via
3292 1355 3379 1423 ju-

2982 1424 3183 1489 stitiae,
3207 1434 3263 1480 et
3288 1440 3397 1484 non

2983 1495 3293 1551 credidistis
3313 1499 3395 1553 ei:

2985 1567 3256 1636 publicani
3279 1583 3377 1622 att-

2988 1649 3117 1700 tem.
3141 1647 3196 1693 ΕΙ.
3221 1655 3394 1696 mere-

2990 1709 3155 1764 trices
3179 1711 3423 1768 credide-

2991 1788 3118 1835 runt
3147 1782 3196 1835 ei
3214 1797 3313 1836 vos

2992 1859 3171 1905 autem
3200 1853 3471 1920 videntes,

2994 1937 3093 1993 nec
3121 1925 3509 1993 paenitentiam

2996 1992 3259 2069 habuistis
3284 2006 3496 2069 postea,

2162 2069 2357 2123 Postea
2994 2066 3136 2135 quod
3172 2080 3278 2121 non

2163 2140 2497 2195 Paenitentia
2530 2153 2644 2195 mo-
3000 2136 3306 2195 Credidistis
3334 2141 3402 2195 ei.

2164 2220 2250 2266 tus
2277 2210 2408 2265 abiit
2435 2211 2489 2266 in
3004 2208 3093 2263 '55.
3123 2209 3301 2266 Aliam

2166 2284 2401 2336 vineam.
3002 2280 3234 2350 parabo-

2167 2355 2261 2411 50.
2287 2353 2536 2409 Accessit
3006 2352 3110 2404 lam
3140 2352 3320 2408 audite
3346 2370 3362 2407 :

2170 2432 2351 2480 autem
3006 2421 3180 2476 Homo
3210 2434 3327 2477 erat

2171 2496 2239 2551 ad
2266 2497 2517 2564 alterum,
2546 2506 2600 2552 et
3007 2500 3163 2564 pater
3186 2492 3438 2562 familias,

2167 2568 2305 2623 dixit
2324 2566 2592 2621 similiter.
3008 2564 3099 2637 qui
3120 2563 3379 2632 plantavit
3504 2632 3511 2637 .

2169 2638 2251 2693 Ad
2275 2638 2365 2692 ille
2385 2652 2605 2708 respon-
3010 2635 3244 2702 vineam,
3274 2646 3329 2691 et
3349 2650 3468 2691 sae-

2170 2711 2326 2773 dens,
2359 2709 2433 2762 ait
2456 2707 2602 2776 (Eo,
3011 2721 3079 2776 pe
3107 2707 3461 2764 circumdedit

2169 2781 2407 2843 domine,
2440 2789 2494 2834 et
3010 2777 3082 2843 ei,
3112 2787 3167 2831 et
3196 2778 3327 2834 fodit

2171 2852 2262 2906 51.
2296 2866 2402 2905 nun
2429 2852 2507 2906 iit.
3012 2850 3064 2903 in
3089 2862 3205 2902 eam
3231 2850 3490 2917 torcular,

2172 2923 2305 2992 Quis
3010 2929 3066 2976 et
3094 2920 3398 2977 aediﬁcavit

2648 3037 2883 3095 CODEX
2922 3036 3316 3093 BRIXIANUS.

2181 3134 2322 3188 sicut
2370 3131 2710 3204 prophetam.
2771 3131 2857 3204 Et,
2890 3131 3282 3204 reSpondentes
3322 3128 3387 3183 ad
3418 3127 3600 3204 .lesum
3629 3126 3793 3204 dixe-

2164 3213 2311 3259 -runt
2359 3199 2653 3259 nescimus.
2686 3203 2778 3258 Ait
2827 3203 2934 3258 illis
2977 3199 3034 3258 et
3082 3203 3195 3272 ipse
3218 3216 3317 3256 nec
3345 3216 3446 3272 ego
3472 3200 3625 3254 vobis
3651 3199 3785 3253 dico

2188 3278 2240 3330 in
2260 3291 2361 3345 qua
2382 3284 2649 3345 potestate
2680 3276 2795 3329 haec
2818 3273 2976 3328 facio.

2260 3342 2396 3413 Quid
2420 3357 2600 3401 autem
2635 3346 2789 3400 vobis
2818 3346 3052 3400 videtur.
3083 3344 3259 3398 Homo
3304 3344 3522 3413 quidam
3546 3384 3561 3403 ,
3597 3342 3792 3395 habuit

2191 3417 2327 3473 duos
2352 3419 2493 3473 filios
2520 3461 2533 3483 ,
2567 3426 2621 3471 et
2650 3417 2912 3472 accedens
2935 3418 3001 3469 ad
3033 3418 3262 3485 primum
3287 3458 3301 3480 ,
3334 3416 3469 3467 dixit
3515 3413 3653 3467 Fili.
3689 3428 3791 3465 va-

2188 3491 2256 3545 de
2288 3489 2449 3544 hodie
2478 3503 2689 3558 operari
2722 3490 2773 3542 in
2820 3490 3032 3542 vineam
3062 3487 3161 3557 (a).
3210 3485 3307 3539 Ille
3340 3496 3518 3540 autem
3555 3499 3791 3553 respon-

2187 3561 2322 3615 dens
2377 3561 2451 3615 ait
2505 3561 2678 3613 nolo.
2756 3560 2885 3613 Post
2936 3568 3159 3625 antem,
3218 3558 3546 3627 paenitentia
3604 3567 3793 3627 motus

2186 3632 2338 3688 abiit.
2370 3632 2844 3687 Accedensautem
2904 3629 2971 3684 ad
3027 3624 3281 3684 alterum.
3344 3629 3479 3682 dixit
3525 3627 3597 3680 illi
3635 3624 3795 3680 simi-

2183 3704 2308 3758 liter
2334 3721 2346 3756 :
2381 3706 2448 3757 At
2477 3703 2567 3757 ille
2598 3703 2929 3770 respondens
2954 3702 3048 3754 ait.
3085 3701 3159 3754 Eo
3186 3700 3407 3754 domine
3444 3708 3500 3753 et
3527 3698 3791 3770 nonibit.

2184 3774 2314 3841 Quis
2346 3775 2507 3843 igitur
2528 3790 2589 3826 ex
2616 3768 2826 3827 duobus
2852 3773 2980 3827 fecit
3005 3770 3563 3843 voluntatempatris.
3593 3768 3794 3843 Dicunt

2185 3840 2255 3899 ei.
2291 3840 2528 3899 Primus.
2586 3845 2719 3898 Dicit
2751 3845 2858 3899 illis
2883 3843 3062 3899 Iesus.
3109 3845 3281 3897 Amen
3308 3841 3428 3895 dico
3458 3842 3633 3894 vobis.
3663 3840 3790 3908 quia

2186 3915 2457 3986 pnblicmi
2489 3930 2538 3970 et
2576 3918 2916 3970 meretrices.
2947 3912 3299 3986 praecedunt
3347 3927 3444 3986 vos
3475 3914 3791 3986 inregnum

2187 3983 2303 4042 Dei.
2341 3988 2666 4061 Venitenim
2711 3988 2775 4041 ad
2810 3985 3206 4061 vosJohannes
3231 3985 3280 4037 in
3309 3985 3393 4037 via
3422 3983 3691 4061 jusﬁtiae.
3737 3990 3791 4035 et

2185 4075 2292 4115 non
2337 4059 2644 4113 credidistis
2687 4061 2759 4113 ei.
2807 4056 3077 4126 publicani
3124 4066 3301 4109 autem
3356 4064 3411 4109 et
3473 4056 3794 4109 meretrices

2186 4130 2538 4185 crediderunt
2568 4131 2635 4183 ci.
2662 4145 2757 4184 vos
2784 4138 2962 4183 autem
2993 4128 3241 4181 videntes
3274 4141 3372 4180 nec
3402 4126 3792 4195 paenitentiam

2185 4202 2370 4270 egistis
2406 4212 2590 4271 postea
2629 4213 2685 4254 ut
2712 4199 3009 4255 crederetis
3039 4199 3108 4253 ei.
3134 4199 3313 4271 Aliam
3342 4196 3653 4271 parabolzm
3698 4210 3795 4271 an-

2186 4265 2296 4327 dite
2343 4265 2512 4327 Homo
2542 4273 2759 4343 quidam
2799 4280 2919 4325 erat
2973 4265 3360 4343 paterfamilias
3400 4267 3495 4343 qui
3524 4265 3796 4343 plantavit

2189 4344 2426 4404 vineam,
2474 4353 2529 4399 et
2560 4337 2774 4408 'saepen
2806 4337 3162 4398 circumdedit
3190 4356 3309 4396 eam
3348 4337 3581 4395 et’fodit
3628 4337 3683 4391 in
3729 4350 3796 4389 ea

2190 4417 2428 4472 torcular
2455 4425 2505 4471 et
2537 4413 2845 4470 aediﬁcavit

1204 4574 1606 4632 VARIANTES
1643 4574 2031 4633 LECTIONES
2068 4574 2333 4631 CODICIS
2372 4571 2486 4631 MS.
2526 4573 2585 4628 S.
2613 4567 3151 4637 GERMANENSISQ

550 4668 566 4698 ί
605 4673 654 4717 et
682 4667 789 4728 ipse
812 4679 823 4714 :
843 4664 948 4716 Nec
966 4678 1063 4728 ego
1086 4666 1194 4717 dico
1218 4668 1354 4717 vobis

546 4731 567 4760 ²
602 4729 805 4788 Quidam
830 4728 973 4778 homo
995 4730 1265 4780 habebat...
1289 4737 1343 4780 et

551 4744 567 4760 -
602 4744 805 4788 uuluam
830 4744 973 4778 nomo
995 4744 1265 4780 naoeoat...
1289 4744 1343 4780 et

551 4792 572 4854 β
606 4792 727 4841 vade
751 4792 918 4854 hodie,
942 4803 1151 4854 operare
1184 4795 1233 4841 in
1257 4796 1449 4842 vineam
1468 4803 1646 4843 meam.

454 4868 463 4875 ‘
550 4853 573 4927 ξ
703 4851 1047 4927 Vulg._ttsqtte,_
1064 4854 1233 4905 dicunt

554 4915 574 4945 ⁸
610 4911 838 4967 Dtcuat'a
862 4911 1162 4968 Novissimus

2250 4667 2271 4697 ⁸
2304 4667 2417 4718 Dei.

2249 4729 2270 4794 ’ζ
2313 4733 2374 4780 Ut
2402 4728 2547 4794 Vulg.

2253 4791 2275 4822 ⁸
2308 4802 2364 4844 ιιι
2385 4791 2678 4843 crederetis.

2254 4856 2277 4885 θ
2314 4857 2392 4918 ei,
2420 4861 2467 4905 et
2496 4854 2668 4923 effodit
2691 4855 2739 4923 in
2757 4852 3073 4923 eaiorcular,
3094 4855 3215 4915 etc.,
3236 4849 3359 4902 utin
3386 4844 3534 4915 Vulg.
3555 4860 3709 4912 usque
3729 4846 3800 4899 ad

2194 4917 2343 4983 ﬁnem
2368 4917 2635 4981 parabam,
2660 4921 2705 4967 et
2725 4917 2914 4978 capitis.

1847 5031 2216 5090 BLANCHINI
2254 5032 2483 5088 ΝΟΤᾸΕ.

572 5138 598 5167 α
640 5127 1011 5200 Adulterinam
1040 5129 1180 5184 hanc
1221 5129 1540 5200 pronuntiat
1573 5127 2095 5200 scriptttramiexem-

504 5198 993 5272 plariumrmin’ime
1024 5198 1272 5272 verorum
1320 5201 1493 5255 Lucas
1522 5198 1834 5272 Brugensis.
1870 5199 2094 5272 Fatetur

504 5270 681 5327 tamen
719 5271 980 5325 Hilarium
1021 5270 1091 5324 ita
1122 5271 1318 5339 legisse
1338 5312 1354 5333 .
1385 5288 1505 5324 cum
1556 5271 1830 5341 nonnullis
1859 5270 2094 5341 antiquis

502 5343 966 5415 e_xemp|arihus_,_
1000 5357 1226 5415 quorum
1281 5342 1525 5415 meminit
1570 5342 1687 5415 ipse
1735 5340 2094 5415 Hieronymus

505 5411 809 5469 Comment.
846 5414 896 5467 in
921 5412 1254 5467 Matlhmum.
1288 5411 1525 5465 Exstant
1551 5412 1898 5466 nihilominus
1919 5414 2096 5465 omnis

506 5486 720 5555 generis
766 5485 887 5540 libri
922 5486 975 5540 in
1016 5483 1211 5554 quibus
1242 5483 1466 5552 legitur,
1516 5480 1710 5535 Dicunt
1743 5484 1821 5536 ei:
1854 5481 2094 5535 Novissi-

2201 5142 2351 5192 mus;
2379 5142 2487 5181 non
2511 5167 2525 5193 ,
2560 5125 2751 5179 Dicunt
2776 5125 2853 5179 ei:
2883 5123 3118 5179 Primus.
3150 5121 3523 5178 Consulendus
3553 5121 3657 5176 hoc
3676 5122 3801 5177 loco

2202 5197 2306 5252 Th.
2338 5195 2991 5263 Mareschallus,0bserv.
3014 5197 3065 5249 in
3084 5196 3391 5249 versionem
3417 5193 3761 5262 Anglo-Sax.
3784 5234 3800 5256 ,

2198 5284 2319 5339 pag.
2346 5269 2452 5323 498
2469 5277 2524 5322 et
2538 5268 2664 5324 499.
2680 5269 2786 5323 Sed
2808 5282 2911 5321 non
2925 5275 3009 5321 est
3028 5266 3355 5339 omittendus
3377 5268 3547 5339 major
3570 5280 3671 5339 ms.
3700 5280 3801 5318 co-

2202 5333 2302 5394 de}
2328 5341 2384 5395 S.
2413 5340 2647 5394 Andreae
2673 5354 2827 5392 secus
2856 5342 3188 5393 Avenionem
3211 5379 3224 5401 ,
3257 5338 3345 5402 qui
3377 5337 3536 5403 legit,
3568 5333 3800 5389 Dicunt:

2204 5409 2529 5465 Novissima:
2555 5452 2567 5473 ,
2616 5412 2768 5479 juxta
2801 5426 3007 5463 morem
3038 5408 3323 5464 Corbeien.
3351 5420 3407 5461 et
3426 5405 3803 5479 Satn-Germa-

2203 5498 2328 5537 nen.
2352 5498 2417 5538 ac
2440 5478 2764 5538 caelerorum
2790 5480 3279 5536 vetustissimorum
3312 5478 3732 5549 exemplarium.

581 5622 659 5695 (α)
702 5623 829 5695 Post
868 5625 1097 5687 vineam,
1148 5623 1304 5695 deest
1330 5638 1495 5677 meam
1522 5622 1573 5675 in
1596 5620 1721 5695 cod.
1768 5636 1983 5693 quoque
2034 5618 2284 5676 Cant.-—-
2321 5619 2397 5692 (b)
2422 5620 2497 5678 Ita
2524 5629 2581 5677 et
2606 5620 2890 5677 cod.Cant.
2922 5620 3041 5675 Lat.
3070 5618 3241 5675 etGr.
3274 5617 3529 5689 ἔσχατος.
3560 5616 3801 5674 Consule

500 5690 719 5750 Milllum
751 5694 857 5760 hic,
876 5704 929 5749 et
955 5696 1008 5749 in
1032 5691 1434 5765 Prolegomenis
1456 5708 1576 5763 pag.
1606 5690 1694 5745 72.
