2024 3094
215 109 269 139 295
466 107 604 138 EUSEBII
623 107 792 137 VERCELL.
813 108 1042 139 EVANGELIUM
1062 109 1134 138 CUM
1155 109 1269 138 VARUS
1286 108 1364 137 COD.
1385 106 1580 138 COLLATUM.
1809 107 1862 136 296

1277 165 1394 196 CODEX
1412 166 1528 196 VERON
1532 166 1638 195 ENSIS.

410 167 525 196 CODEX
539 166 817 206 .VERCELLENSIS.

215 216 295 245 Jesus
307 225 314 244 :
328 215 444 243 Reddite
631 218 722 242 autem
738 214 825 241 omni-

216 260 286 288 quae
300 255 364 288 sunt
376 251 443 278 Cae—
632 258 679 288 um
693 254 721 277 et
731 249 830 277 mulier

217 284 296 321 saris.
311 287 411 314 Caesa-
631 284 758 321 defuncta
769 288 821 312 est.

216 323 252 354 ri.
266 320 375 357 etquae
387 325 450 349 sunt
630 320 676 349 28.
697 321 737 348 in.
760 341 766 348 .
790 341 796 347 .
817 327 874 348 sur.
897 339 904 346 .

216 359 262 386 22.
284 357 514 391 Dei,Deo.Etil-
633 375 641 383 .
681 377 688 384 .
729 376 736 383 .
777 375 784 383 .
824 377 832 384 .
873 375 881 382 .
922 374 929 382 .

217 394 236 422 li
249 394 390 422 audientes

636 411 643 418 σ
682 412 690 420 ο
730 412 736 418 ι
778 411 785 418 1
825 412 832 419 .
873 411 880 418 ο
921 411 928 418 .

218 427 488 462 ......isunt.

218 469 440 494 .....ιοεο
635 481 926 490 .......

218 504 397 530 ....11111ιο
636 517 929 526 .....-.

216 534 563 566 25.......dieac-
636 553 644 561 .
685 555 692 561 .
733 553 740 560 .
780 553 788 562 .
829 553 836 560 .
876 553 883 560 .
924 553 932 561 .

217 576 391 601 c..erunt
634 587 927 596 .......

217 607 408 645 adenmSad-
633 624 690 645 zu.
730 625 737 631 .
778 624 785 631 .
825 624 832 631 .
867 624 879 645 ε
919 624 928 631 .

217 643 324 677 ducaei,
340 643 386 678 qui
632 640 707 678 29._.
730 659 741 678 ε
762 660 768 667 .
791 660 798 667 .
818 640 909 668 escien

219 675 322 708 dicunt'
328 675 382 706 non
633 675 804 710 tes_Scriptu-

217 723 279 744 esse
290 722 382 743 resur-
633 719 688 743 ras.
703 718 791 747 neque

218 751 383 783 rectionem;
634 746 762 783 virtutem
776 746 834 774 Dei.

218 791 248 814 et
265 786 381 814 interro-
634 783 681 810 50.
702 782 730 810 In
741 789 879 810 resurrec-

236 826 352 849 averunt
635 819 738 846 tionem
750 817 823 846 enim

240 858 263 884 i.
284 865 345 885 eum
359 856 452 884 dicen-
633 861 730 889 neque.
753 872 761 880 .
783 873 790 880 .
813 873 819 879 .
843 873 849 879 .
874 872 881 879 .

218 898 258 920 tes
273 902 279 919 :
294 892 386 927 Magis-
633 896 728 925 neque.
754 909 761 916 .
784 908 792 916 .
814 908 821 916 .
845 909 852 916 .
875 908 883 916 .

217 928 389 962 ter,Moyses
635 945 642 952 .
683 944 690 952 .
731 944 738 951 .
778 944 785 951 .
825 943 833 951 .
873 943 881 951 .
920 943 927 951 .

218 963 427 998 dixit:Siquis
635 981 643 987 .
776 979 784 988 .
825 978 833 988 .
873 981 879 985 .
921 978 928 986 .

217 1003 341 1027 mortuus
355 996 413 1027 fue—
634 996 722 1032 angeli

217 1035 253 1063 rit
265 1042 319 1063 non
330 1034 380 1062 ha-
634 1032 672 1060 lo.
695 1052 702 1059 .
725 1053 731 1060 .
754 1052 761 1059 .
784 1050 791 1058 .
814 1051 821 1059 .
844 1048 852 1057 .
874 1049 882 1058 .

246 1078 525 1099 .ns........
634 1068 949 1102 3!,......

279 1105 491 1134 .duc.....

307 1159 316 1169 .
336 1140 395 1177 ejus
409 1147 475 1168 uxo—
636 1144 755 1168 tuorum.
778 1158 794 1177 ._
807 1158 845 1177 .__.
867 1157 874 1164 .
896 1157 903 1164 .

217 1195 226 1204 .
247 1197 255 1205 .
278 1197 285 1204 .
308 1195 315 1204 .
337 1172 418 1204 .'lius
637 1195 644 1202 .
666 1194 674 1202 .
696 1194 704 1202 .
724 1173 796 1209 quod
813 1172 856 1202 dic

215 1216 463 1242 .....tsem—
635 1214 785 1239 tumest..

214 1353 446 1382 25.nxoreduC-
637 1371 645 1380 .
685 1371 694 1380 .
733 1372 741 1380 .
780 1372 788 1379 .
828 1370 835 1378 .
874 1371 882 1379 .
922 1370 931 1379 .

216 1394 254 1423 ta,
274 1389 418 1418 defunctus
636 1407 644 1416 .
685 1408 692 1415 .
732 1407 741 1415 .
781 1406 788 1413 .
828 1406 835 1413 .
876 1406 883 1413 .
924 1405 931 1413 .

217 1425 386 1454 estnonha-
637 1443 644 1450 .
686 1444 692 1450 .
733 1441 741 1448 .
781 1442 789 1449 .
829 1442 836 1449 .
876 1440 884 1448 .
923 1440 932 1448 .

214 1460 405 1494 benssemen,
638 1479 645 1488 .
686 1479 694 1486 .
733 1476 743 1486 .
781 1477 788 1484 .
826 1477 833 1485 .
875 1476 883 1485 .
923 1477 931 1484 .

216 1496 330 1532 reliquid
344 1503 414 1524 uxo-
637 1513 645 1522 .
685 1512 693 1520 .
734 1513 741 1521 .
780 1511 789 1519 .
828 1511 836 1520 .
877 1513 885 1520 .
925 1511 934 1520 .

216 1539 361 1560 remsuam
638 1547 933 1557 ...ι-ι.

215 1567 262 1595 26.
283 1567 360 1595 fratri
372 1574 432 1595 suo.
448 1566 491 1595 Si-
637 1586 644 1592 .
686 1585 692 1592 .
732 1584 739 1592 .
781 1584 787 1591 .
828 1583 835 1591 .
875 1583 882 1591 .
923 1583 931 1591 .

215 1603 446 1631 militerse...

216 1638 277 1672 dus,
292 1642 320 1666 et
334 1638 411 1666 terti.
635 1636 681 1668 35.
702 1636 800 1663 bantur
812 1634 840 1663 in
851 1634 916 1664 doc-

217 1681 259 1707 us,
276 1681 361 1709 usque
369 1673 403 1701 ad
635 1672 704 1700 trina
716 1671 786 1707 ejus.

217 1710 375 1744 septimum.
638 1728 646 1735 .
686 1727 694 1735 .
734 1726 741 1734 .
781 1727 789 1735 .
828 1727 837 1735 .
877 1727 884 1734 .
925 1725 933 1734 .
972 1726 979 1733 .

213 1745 260 1772 27.
280 1744 431 1774 Novissima
637 1763 646 1770 .
685 1763 693 1771 .
733 1761 742 1769 .
782 1762 789 1770 .
830 1761 838 1770 .
877 1762 885 1770 .
925 1763 932 1769 .
972 1762 979 1769 .

429 1813 544 1842 CODEX
564 1811 805 1841 CORBEIENSIS.

216 1862 296 1890 Jesus
320 1871 327 1889 :
354 1860 470 1889 Reddite
495 1867 565 1895 quae
590 1859 715 1887 Caesaris
732 1863 806 1891 sunt,
838 1858 968 1895 Caesari,
992 1864 1020 1887 et

216 1905 286 1933 quae
302 1897 348 1924 Dei
369 1901 443 1928 sunt,
459 1894 527 1923 Deo.
546 1896 734 1933 Et_audientes
755 1894 844 1922 mirati
877 1899 941 1922 sunt
956 1915 964 1926 ,
992 1899 1020 1933 et

216 1930 313 1960 relicto
327 1939 361 1959 eo
380 1935 564 1959 recesserunt.
586 1930 614 1958 ln
631 1931 676 1958 illa
704 1930 749 1958 die
783 1936 959 1958 accesserunt
984 1930 1018 1957 ad

217 1975 279 1996 eum
299 1966 461 1999 Sadducaei,
487 1970 621 2002 negantes
637 1965 865 1994 resurrectionem
896 1971 1018 2002 mortuo-

218 2011 294 2033 rum;
319 2007 347 2031 et
368 2002 496 2030 dixerunt
515 2002 541 2029 ei
568 2010 575 2029 :
599 2001 734 2036 Magister.
760 2002 768 2017 ί
790 2002 896 2037 Moyses
920 2001 986 2028 dixit
1011 2009 1018 2027 :

218 2039 247 2067 Si
256 2038 317 2073 quis
324 2037 535 2071 mortuusfuerit
549 2045 602 2064 non
614 2037 733 2065 habens‘
742 2037 824 2070 ﬁlios,
831 2042 861 2065 ut
872 2038 954 2064 frater
963 2037 1021 2071 ejus

220 2081 334 2102 uxorem
353 2073 427 2101 illius
451 2073 576 2108 accipiat,
589 2078 618 2100 et
631 2073 744 2100 suscitet
757 2080 850 2100 semen
869 2073 945 2100 fratri
958 2080 1017 2099 suo.

218 2109 305 2137 Erant
318 2117 382 2144 ergo
393 2108 463 2143 apud
486 2116 535 2135 nos
549 2113 652 2143 septem
664 2108 773 2141 fratres;
785 2113 811 2136 ct
823 2109 938 2143 primus,
952 2115 1020 2135 uxo-

217 2153 275 2173 rem
289 2145 376 2178 duxit,
397 2149 424 2172 et
437 2144 583 2172 defunctus
607 2148 649 2171 est
671 2151 725 2171 non
749 2144 845 2171 relicto
860 2144 976 2176 semine,
992 2147 1021 2171 et

220 2181 331 2215 reliquit
345 2187 456 2208 uxorem
472 2187 548 2207 suam
558 2179 634 2206 fratri
649 2187 709 2207 suo.
724 2179 856 2215 Similiter
871 2183 899 2206 et
921 2186 1019 2206 secun-

218 2214 323 2250 dus,’et
338 2216 444 2248 tertius,
458 2223 545 2250 usque
569 2215 603 2243 ad
627 2215 783 2249 septimum.
805 2214 956 2242 Novissima
970 2222 1019 2242 au-

218 2256 273 2279 tem
287 2251 408 2279 omnium
420 2255 449 2278 et
457 2251 555 2278 mulier
568 2250 695 2278 defuncta
710 2256 762 2278 est.
776 2250 803 2277 In
819 2250 1019 2278 resurrectione

217 2294 283 2323 ergo
302 2286 482 2323 cujusieritde
495 2291 598 2323 septem
615 2286 702 2323 uxor]
715 2286 896 2323 omnesenim
918 2285 1019 2323 habue-

216 2321 281 2350 runt
293 2330 364 2350 eam.
378 2321 557 2356 Respondens
570 2326 661 2349 autem
684 2321 775 2353 Jesus,
796 2322 833 2348 ait
849 2322 919 2349 illis:
936 2321 1020 2348 Erra-

216 2359 263 2391 tis,
286 2358 440 2386 nescientes
466 2357 630 2391 Scripturas,
656 2365 745 2392 neque
760 2358 887 2385 virtutem
914 2357 972 2384 Dei.
989 2357 1017 2384 In

215 2394 419 2422 resurrectione
433 2393 506 2420 enim
521 2400 608 2429 neque
620 2393 737 2429 nubent,
752 2400 842 2429 neque
856 2393 994 2420 nubentur
1008 2400 1015 2418 :

216 2429 265 2456 sed
275 2434 339 2457 sunt
360 2429 433 2457 sicut
453 2428 540 2464 angeli
554 2427 603 2464 Dei
619 2428 753 2464 incmlo.
764 2427 804 2464 De
814 2428 1017 2464 resurrectione

217 2469 308 2492 autem
324 2462 557 2493 mortuornm'non
571 2462 674 2499 legistis
684 2463 755 2498 quod
766 2463 869 2491 dictum
879 2468 922 2491 est
933 2471 948 2499 ξι
963 2463 1021 2491 Deo

217 2499 325 2527 dicente
335 2500 412 2527 vobis
422 2509 428 2526 :
437 2500 494 2534 Ego
504 2507 564 2528 sum
575 2499 647 2527 Deus
658 2499 808 2532 Abraham,
818 2499 919 2527 etDeus
932 2498 1018 2532 Isaac,

217 2538 246 2562 et
262 2534 334 2562 Deus
346 2535 514 2563 JacohiNon
529 2539 572 2563 est
586 2535 656 2563 Dens
667 2539 847 2568 mortuorum,
861 2535 871 2550 ³
884 2534 933 2562 sed
943 2534 1019 2562 vivo~

218 2578 289 2606 rum.
298 2570 332 2606 Et
340 2570 493 2598 audientest
505 2572 588 2599 urbae
599 2570 768 2599 mirabantur
778 2570 806 2599 in
816 2570 940 2599 doctrina
948 2570 1018 2606 ejus.

252 2605 394 2634 Pharisaei
408 2610 498 2634 autem
512 2607 655 2635 audientes

1064 213 1119 241 illis
1129 212 1227 241 Jesus:

1064 248 1179 277 Reddite
1189 256 1258 283 quae

1065 288 1129 312 sunt
1148 284 1272 313 Caesaris
1280 305 1289 317 ,

1064 319 1184 351 Caesari.
1198 324 1226 348 et
1239 327 1310 355 quae

1065 361 1130 383 sunt
1144 356 1202 389 Dei,

1065 389 1111 417 22.
1134 391 1199 418 Deo.
1215 390 1250 417 Et
1267 390 1305 418 illi

1065 426 1208 454 audientes
1225 426 1314 454 mirati

1065 465 1139 495 sunt,
1154 466 1182 489 et
1194 461 1260 489 reli-

1066 502 1111 525 cto
1120 504 1154 525 eo
1166 497 1301 525 abierunt.

1066 533 1113 561 25.
1132 532 1161 560 In
1177 533 1222 561 illa
1233 533 1278 561 die

1066 573 1241 597 accesserunt

1067 604 1101 632 ad
1114 611 1176 632 eum
1192 604 1261 632 Sad-

1068 639 1174 673 ducaei,
1194 639 1239 674 qui

1068 674 1161 703 dicunt
1175 682 1229 703 non

1068 718 1130 739 esse
1140 718 1261 739 resurre-

1068 747 1196 779 cti0nem;
1209 750 1238 774 et

1069 782 1306 817 interrogaverunt

1069 826 1131 845 eum
1145 817 1265 845 dicentes
1281 827 1288 845 ε

1069 854 1207 889 Magister,
1220 853 1327 889 Moyses

1068 889 1137 917 dixit
1149 898 1158 918 :
1172 889 1200 917 Si
1215 889 1276 923 quis

1069 929 1192 952 mortuus
1207 925 1265 952 fne-

1069 960 1105 988 rit
1119 967 1173 988 non
1188 959 1292 988 habens

1069 995 1170 1023 filium:
1185 1001 1216 1024 ut
1226 995 1275 1023 du-

1070 1035 1114 1059 cat
1128 1031 1211 1059 frater

1070 1067 1130 1102 ejus
1144 1074 1255 1095 uxorem

1068 1102 1157 1136 illius,
1171 1107 1199 1131 et
1212 1110 1257 1130 su—

1068 1139 1149 1167 scitet
1161 1145 1255 1167 semen

1068 1174 1144 1202 fratri
1157 1182 1217 1202 suo.

1067 1209 1114 1237 25.
1126 1210 1211 1238 Erant
1221 1214 1311 1238 autem

1068 1250 1135 1281 aput
1148 1253 1198 1273 nos

1068 1286 1172 1322 septem
1186 1281 1301 1314 fratres;

1068 1321 1096 1344 et
1110 1321 1211 1351 primus
1220 1338 1228 1350 ,

1069 1360 1154 1381 uxore
1167 1352 1248 1380 ducta
1258 1374 1266 1386 ,

1068 1387 1210 1416 defunctus
1225 1393 1268 1416 est

1068 1430 1163 1452 semen
1181 1431 1234 1451 non

1069 1458 1188 1493 habens,
1203 1457 1317 1494 reliquid

1069 1501 1181 1522 uxorem
1197 1502 1273 1522 suam

1068 1529 1147 1557 fratri
1161 1537 1221 1557 suo.

1068 1564 1115 1592 26.
1129 1565 1259 1593 Similiter
1270 1572 1313 1593 se-

1069 1600 1188 1634 cundus,
1204 1605 1231 1629 et

1068 1637 1182 1672 tertius.
1197 1643 1284 1672 usque

1068 1671 1102 1699 ad
1116 1672 1273 1700 septimum.

1068 1707 1116 1734 27.
1131 1707 1282 1736 Novissime

1069 1749 1160 1771 autem
1170 1744 1291 1772 omnium

1485 217 1512 240 et
1528 212 1625 240 mulier

1484 247 1609 276 defuncta
1623 252 1675 275 est.

1484 283 1530 311 28.
1542 283 1570 311 In
1583 283 1758 312 ressurectio-

1486 326 1521 346 ne
1533 324 1622 347 autem

1485 354 1563 389 cujus
1575 354 1628 382 erit

1486 390 1570 417 uxor?
1583 398 1627 417 se-

1485 431 1557 460 ptem
1580 426 1651 453 enim

1485 469 1545 488 eam
1560 462 1723 489 habuerunt.

1484 497 1529 523 29.
1540 497 1726 532 Respondcns.

1485 532 1564 559 .Iesus
1575 553 1582 564 ,
1598 534 1635 559 ait

1487 568 1557 595 illis:
1574 569 1676 596 Erratis
1685 590 1691 601 ,

1487 604 1641 631 nescientes
1660 604 1729 631 Scri-

1487 644 1579 674 pturas
1588 660 1595 671 ,
1608 648 1694 675 neque

1487 675 1616 703 virtutem

1486 710 1532 738 30.
1552 711 1610 739 Dei.
1625 711 1655 738 In
1669 718 1710 739 re-

1487 747 1658 774 surrectione

1486 785 1577 817 autem
1591 789 1680 817 neque

1488 816 1609 850 nubunt,
1627 816 1713 852 neque

1487 860 1586 881 uxores
1600 854 1718 881 ducunt:

1486 888 1533 915 sed
1547 894 1609 916 sunt
1621 889 1693 916 sicut

1489 924 1526 964 _(a)
1542 925 1629 964 angeli
1651 924 1670 959 ἦ

1488 968 1515 986 111
1532 967 1616 988 C3810.

1490 996 1533 1023 51.
1553 997 1590 1023 De
1606 1004 1726 1024 resurre—

1490 1032 1580 1058 ctione
1595 1037 1684 1059 autem

1489 1071 1658 1096 mortuorum

1490 1110 1544 1129 non
1555 1102 1658 1138 legistis

1488 1138 1548 1171 quia
1564 1138 1664 1167 dictum

1488 1178 1529 1200 est
1543 1182 1557 1200 a
1575 1175 1630 1202 Deo

1489 1209 1595 1237 dicente
1610 1218 1654 1237 vo-

1488 1244 1532 1281 ζὴ.
1547 1245 1603 1272 his:
1619 1245 1676 1281 Ego

1487 1279 1558 1307 Deus

1487 1316 1622 1343 Abraham
1634 1338 1640 1349 ,
1656 1322 1684 1344 et

1488 1351 1558 1379 Dens
1578 1352 1634 1379 lsac
1643 1373 1651 1385 ,

1487 1392 1513 1413 et
1525 1388 1595 1414 Deus
1608 1387 1708 1415 Iacob?

1489 1423 1534 1450 53.
1549 1423 1607 1451 Non
1622 1428 1663 1451 est

1490 1459 1561 1486 Deus

1489 1498 1670 1529 mortuorum,

1488 1529 1536 1557 sed
1550 1531 1710 1559 viventium.

1489 1564 1524 1593 Et
1538 1573 1601 1594 cum

1488 1600 1614 1629 audirent

1489 1636 1764 1673 turbaeimirabantur
1799 1668 1805 1673 ,

1487 1679 1570 1710 super
1577 1672 1730 1710 doctrinam
1743 1672 1814 1710 ejus.

1487 1708 1534 1735 51.
1553 1708 1692 1737 Pharisaei
1704 1716 1753 1737 au-

1490 1748 1544 1772 tem
1558 1744 1702 1773 audientes

1304 1810 1421 1840 (IODEX
1440 1810 1636 1840 ΒιιιΧιΑΝυδ.

1070 1859 1160 1886 Jesus.
1173 1858 1288 1887 Reddite
1302 1867 1367 1894 ergo
1379 1866 1448 1892 quae
1460 1863 1523 1886 sunt
1536 1859 1673 1886 Caesaris.
1695 1858 1813 1886 Caesari.
1842 1864 1875 1887 et

1071 1902 1141 1929 quae
1152 1899 1215 1922 sunt
1229 1895 1285 1921 Dei.
1300 1895 1365 1922 Deo.
1380 1895 1414 1922 Et
1432 1894 1573 1922 audientes
1605 1895 1694 1922 mirati
1709 1899 1771 1922 sunt
1785 1898 1814 1921 et
1828 1902 1875 1922 re-

1071 1930 1134 1958 licto
1145 1938 1188 1957 eo.
1203 1929 1373 1958 abierunt.ln
1385 1930 1429 1957 illa
1441 1930 1671 1958 die.accesserunt
1684 1930 1717 1958 ad
1728 1937 1788 1958 eum
1804 1930 1874 1958 Sad-

1069 1966 1219 2000 ducaeiqui
1229 1966 1323 1993 dicunt
1335 1973 1387 1993 non
1400 1973 1462 1993 esse
1476 1965 1718 1993 resurrectionem.
1740 1970 1768 1993 et
1788 1966 1875 1993 intar-

1070 2005 1235 2043 rogaverunt
1248 2009 1309 2043 eum
1321 2001 1459 2043 di_centes._
1470 2002 1606 2043 Magister.
1628 2001 1734 2043 Moyses
1748 2002 1832 2043 dixjt.
1841 2001 1873 2029 Si

1071 2036 1131 2071 quis
1143 2042 1266 2064 mortuus
1281 2036 1375 2065 fuerit.
1385 2045 1439 2064 non
1452 2036 1557 2064 habens
1569 2037 1639 2064 filios
1654 2043 1683 2063 ut
1696 2037 1777 2064 ducat
1784 2037 1871 2064 frater

1071 2072 1131 2106 ejus
1154 2080 1267 2100 uxorem
1293 2073 1377 2100 illius.
1401 2077 1430 2100 et
1453 2073 1566 2100 suscitet
1587 2079 1682 2100 semen
1704 2073 1780 2100 fratri
1805 2079 1868 2099 suo.

1070 2108 1156 2135 Erant
1176 2113 1269 2136 autem
1289 2113 1354 2142 aput
1374 2115 1434 2136 nos.
1455 2113 1558 2143 septem
1582 2108 1690 2136 fratres.
1714 2113 1742 2135 et
1766 2108 1870 2142 primus

1071 2151 1157 2171 uxore
1182 2144 1273 2171 ducta.
1297 2143 1443 2171 defunctus
1464 2148 1507 2171 est
1529 2148 1557 2171 et
1576 2151 1630 2171 non
1650 2143 1755 2171 habens
1773 2151 1869 2171 semen

1071 2179 1180 2213 reliquit
1195 2187 1310 2207 uxorem
1326 2186 1402 2207 suam
1418 2179 1493 2207 fratri
1509 2186 1568 2207 suo.
1582 2179 1716 2207 Similiter
1730 2185 1819 2206 autem
1840 2184 1871 2206 et

1072 2215 1216 2243 secundus.
1238 2220 1266 2242 et
1281 2215 1377 2242 tertius
1392 2222 1477 2250 usque
1492 2214 1525 2241 ad
1540 2214 1873 2250 septimumrNovissimac

1070 2254 1162 2278 autem
1183 2251 1305 2278 omnium
1320 2255 1349 2278 et
1364 2249 1461 2278 mulier
1474 2249 1601 2278 defuncta
1614 2255 1666 2278 est.
1687 2249 1716 2277 ln
1731 2258 1876 2278 resurrec-

1071 2287 1144 2313 tione
1158 2294 1235 2321 ergo.
1251 2287 1331 2320 cujus
1344 2286 1379 2313 de
1393 2291 1507 2321 septem.
1525 2287 1579 2313 erit
1593 2293 1661 2313 uxor
1680 2293 1777 2312 omnes
1796 2286 1874 2313 enim

1072 2320 1224 2350 habuerunt
1243 2329 1315 2349 eam.
1340 2320 1519 2356 Respondeas
1538 2327 1628 2349 autem
1648 2321 1727 2348 Jesus
1746 2321 1786 2348 ait
1806 2321 1874 2348 illis.

1072 2356 1178 2384 Erratis
1200 2358 1354 2385 nescientes
1373 2357 1538 2385 Scribturas.
1559 2364 1649 2392 neque
1664 2357 1791 2384 virtutem
1807 2357 1874 2392 Dei.

1071 2392 1100 2419 ln
1116 2393 1318 2421 resurrectione
1331 2393 1415 2421 enim.
1433 2401 1521 2427 neque
1534 2393 1636 2420 nubent
1658 2399 1746 2427 neque
1767 2391 1876 2419 nuben-

1075 2433 1128 2455 tur.
1145 2428 1193 2456 sed
1208 2433 1272 2456 sunt
1286 2429 1356 2456 sicut
1375 2428 1465 2464 angeli
1480 2429 1506 2456 in
1521 2429 1607 2456 caelo.
1622 2428 1659 2464 De
1671 2428 1876 2464 resurrectione

1075 2468 1165 2492 autem
1191 2469 1360 2492 mortuorum
1381 2462 1435 2492 non
1456 2464 1559 2499 legistis
1578 2463 1649 2499 quod
1670 2462 1772 2491 dictum
1791 2467 1836 2490 est
1857 2471 1875 2490 τι

1075 2499 1131 2535 Deo
1146 2500 1253 2528 dicente
1267 2500 1354 2527 Vobis.
1371 2500 1428 2535 Ego
1442 2498 1503 2527 sum
1518 2498 1595 2527 Deus
1604 2498 1740 2527 Abraham
1755 2502 1788 2535 et?
1800 2498 1878 2526 Deus

1073 2534 1148 2563 Isaac
1159 2541 1186 2562 et
1193 2536 1265 2563 Deus
1274 2535 1360 2563 Jacob
1365 2534 1424 2563 Non
1435 2540 1477 2563 est
1485 2536 1555 2563 Deus
1565 2540 1732 2563 mortuorum
1742 2534 1788 2562 sed
1797 2534 1878 2562 vivo-

1073 2577 1144 2598 rum.
1155 2570 1333 2599 Etaudientes
1348 2571 1653 2599 turbaemirabanturin
1662 2569 1787 2599 doctrina
1800 2569 1876 2605 ejus.

1109 2606 1248 2634 Pharisaei
1259 2611 1351 2634 autem
1362 2606 1506 2635 audientes

560 2662 757 2692 VARIANTES
776 2663 969 2694 LECTIONES
981 2662 1115 2693 CODlClS
1132 2663 1189 2692 MS.
1209 2662 1239 2691 S.
1259 2662 1517 2692 GERMANENSIS.

250 2719 260 2734 ι
278 2718 360 2744 Moses

248 2750 260 2766 ¹
278 2750 310 2776 ιιι
323 2748 397 2782 Vulg.
406 2755 491 2783 tuque,
505 2749 551 2776 sed
562 2754 636 2776 erunt
648 2751 714 2777 sicut

1107 2721 1117 2737 ³
1131 2721 1178 2747 sed
1189 2720 1260 2747 Dens
1269 2721 1414 2748 viventium.

877 2805 1062 2834 BLANCHINI
1080 2805 1196 2836 ΝΟΤΑΕ.

258 2859 298 2899 (a)
313 2861 378 2889 Post
390 2862 481 2900 Angeli
495 2863 574 2893 deest
586 2863 650 2900 Dei,
666 2864 749 2894 etiam
765 2864 791 2893 in
805 2863 867 2893 cod.
880 2864 958 2893 Cant.
