4048 6188
730 380 959 438 CODEX
998 381 1542 441 VERCELLENSIS.

1171 479 1259 533 45.
1295 479 1386 534 Ait
1420 480 1564 534 illis:
1598 480 1827 548 Quomo-

1171 550 1241 606 do
1269 566 1400 622 ergo
1431 551 1598 606 David

1172 622 1226 676 in
1254 623 1444 693 Spiritu
1469 633 1628 680 vocat

1169 695 1824 750 eumD......di-

1168 763 1260 820 44.
1301 765 1562 821 censzDi
1605 806 1618 820 .
1663 807 1676 818 .
1723 804 1738 819 .
1783 806 1798 821 .
1844 807 1857 819 .

1313 837 1573 893 Dominus
1602 837 1834 893 Domino

1307 923 1560 964 1110οτ58
1603 949 1617 962 .
1665 949 1677 962 .
1725 952 1738 964 .

1306 994 1336 1034 a
1366 979 1528 1036 dextr
1568 1021 1582 1032 .
1628 1017 1702 1035 ..

1311 1052 1448 1106 meis
1463 1096 1476 1118 ,
1510 1050 1606 1106 do-

1311 1136 1411 1176 nec
1439 1137 1632 1190 ponam

1312 1193 1462 1247 inimi
1505 1232 1519 1247 .
1562 1233 1578 1249 .
1626 1235 1638 1247 .
1684 1235 1696 1248 .

1313 1273 1702 1320 ῑυο.....

1317 1335 1506 1391 billum

1316 1407 1511 1476 pedum

1314 1489 1526 1532 tuorum
1547 1479 1570 1532 ?

1172 1546 1263 1602 45.
1293 1547 1348 1604 Si
1384 1564 1516 1617 ergo
1547 1549 1720 1604 David

1172 1634 1295 1674 eum
1329 1621 1404 1691 (ά)
1451 1621 1502 1674 in
1534 1621 1724 1691 spiritu
1753 1620 1794 1690 ’ἲ

1173 1700 1330 1746 vocat
1362 1693 1646 1748 Dominum
1668 1734 1682 1759 ,

1174 1776 1672 1829 quomo.....

1175 1832 1636 1890 Iius......

1174 1904 1265 1959 46.
1311 1906 1602 1963 Etnemo.
1657 1949 1667 1960 .
1717 1949 1728 1960 .
1775 1947 1787 1959 .

1177 1983 1315 2049 terat
1339 1993 1564 2049 respon-

1176 2046 1306 2103 dere
1333 2051 1381 2103 ei
1409 2046 1528 2105 v'er-

1178 2117 1304 2174 bum
1341 2137 1353 2174 :
1384 2136 1557 2192 neque

1176 2203 1339 2247 ausus
1363 2201 1448 2247 est
1469 2195 1618 2247 ouis-

1176 2277 1338 2330 quam
1372 2279 1437 2318 ex
1458 2263 1547 2318 illa

1172 2333 1305 2389 hora
1333 2349 1458 2388 eum
1491 2350 1608 2390 am—

324 1808 340 1821 .
429 1807 442 1820 ο
526 1807 539 1820 ο
624 1804 638 1818 ⁸
720 1805 734 1818 ο
816 1803 830 1818 ο
915 1806 927 1818 ο
1011 1805 1025 1819 ο

319 1911 420 1965 58.
453 1921 602 1964 mum
635 1949 648 1970 ,
682 1917 738 1963 et
778 1907 890 1977 pri-

317 1997 475 2036 mum
518 1995 671 2035 man-

316 2054 414 2108 39.
447 2052 655 2107 datum.
691 2049 896 2106 Secun-

317 2124 452 2179 dum
491 2131 671 2178 autem

322 2237 337 2250 .
391 2236 404 2248 .
449 2235 463 2251 .
509 2194 579 2250 ile
605 2201 687 2248 est
717 2191 882 2249 huic:

323 2266 533 2337 Diliges
563 2279 687 2338 pro-

321 2352 537 2393 ximum

318 2450 336 2466 .
426 2450 441 2465 .
525 2450 538 2463 .
621 2447 637 2461 .
717 2444 732 2460 .
814 2423 828 2436 ·
911 2447 927 2462 .
1006 2445 1020 2460 .
1171 2404 1502 2472 pliusinter—

319 2519 335 2535 .
426 2521 440 2534 .
523 2517 538 2532 .
795 2519 824 2548 ί.
907 2519 920 2531 .
1003 2516 1017 2530 .
1167 2489 1383 2548 rogare.

318 2550 629 2678 ggn‘iaiisn
661 2547 746 2604 his
775 2547 989 2606 duobus
1242 2547 1253 2548 ’
1315 2591 1541 2649 CAPUT
1582 2591 1771 2648 XXI".

324 2735 339 2749 .
395 2734 410 2747 .
455 2734 470 2749 .
518 2733 532 2746 .
580 2733 593 2747 .
638 2705 759 2747 ersa
797 2693 884 2749 lex
1175 2688 1230 2742 I.
1271 2685 1424 2740 Tunc
1448 2684 1609 2741 Jesus
1655 2725 1667 2732 .
1716 2725 1730 2740 .
1777 2726 1789 2740 .
1839 2700 1938 2739 .u-

321 2765 560 2834 pendet,
597 2773 658 2820 et
687 2777 803 2833 pro-
1177 2769 1313 2814 tuse
1343 2797 1356 2810 .
1404 2795 1417 2810 .
1463 2796 1477 2811 .
1525 2795 1538 2810 .
1580 2756 1795 2834 ad_tu_r-

323 2829 488 2892 I‘etae.
545 2829 554 2832 ’
688 2829 701 2833 ’
1178 2869 1192 2883 .
1238 2869 1252 2883 .
1297 2867 1312 2882 .
1359 2869 1371 2880 .
1417 2867 1431 2882 .
1477 2869 1491 2882 .
1537 2870 1550 2882 .
1595 2870 1609 2882 .
1651 2829 1848 2899 iscipu—

319 2909 419 2963 4t.
449 2906 805 2978 Congregatis
1172 2901 1228 2955 2.
1274 2941 1289 2954 .
1333 2938 1347 2952 .
1396 2937 1412 2954 .
1457 2941 1470 2953 .
1516 2939 1530 2952 .
1570 2901 1932 2978 os_,dicens:

319 2988 511 3037 autem
553 2971 628 3033 ,⁷.
669 2971 694 3030 ἷ
735 3016 748 3032 .
794 3016 808 3031 .
856 3016 870 3031 .
1177 3013 1190 3026 .
1235 3011 1250 3026 .
1297 3013 1311 3027 .
1357 3009 1372 3024 .
1418 3012 1430 3025 .
1478 3009 1491 3023 .
1532 2971 1718 3029 cathe—

327 3092 342 3105 .
430 3091 442 3106 .
527 3092 540 3104 .
624 3089 637 3101 .
717 3088 730 3101 .
815 3089 829 3102 .
911 3087 925 3102 .
1009 3083 1024 3099 .
1173 3041 1524 3114 dramMoysi

428 3163 442 3178 .
525 3159 540 3174 .
620 3159 636 3174 .
719 3161 732 3174 .
814 3160 826 3172 .
909 3159 922 3171 .
1005 3155 1022 3172 .
1173 3113 1597 3171 sederunt’scri-

1172 3187 1430 3249 bae,et.

319 3264 420 3321 42.
463 3304 476 3316 .
525 3305 540 3319 .
585 3302 600 3316 .
645 3260 849 3388 ,ἕοὺὶε
1172 3257 1226 3313 5.
1268 3256 1464 3318 Omnia

326 3349 754 3388 .....re

326 3349 754 3391 .....rue
1175 3365 1931 3383 .........

322 3404 769 3474 Christo?cujus
1174 3439 1190 3456 .
1271 3442 1283 3454 .
1369 3441 1382 3454 .
1465 3441 1476 3452 .
1558 3441 1572 3454 .
1658 3441 1669 3454 .
1752 3442 1764 3454 .

319 3472 741 3534 filiusest?Di-
1175 3513 1189 3526 .
1271 3513 1283 3525 .
1365 3508 1380 3525 .
1462 3513 1473 3524 .
1557 3512 1570 3524 .
1654 3513 1666 3524 .
1747 3511 1760 3526 .
1845 3472 1933 3543 .3.

319 3546 786 3611 cuuteizDavid,
1179 3587 1189 3597 .
1271 3583 1284 3599 .
1367 3583 1381 3596 .
1463 3585 1477 3596 .
1560 3583 1572 3595 .
1657 3584 1670 3597 .
1751 3583 1766 3597 .
1847 3583 1859 3596 .
1915 3582 1933 3594 ..

750 3658 985 3717 CODEX
1022 3656 1498 3715 CORBEIENSIS.

319 3755 475 3827 quod
488 3753 752 3827 silentium
766 3752 1106 3827 imposuisset
1122 3749 1472 3812 Sadducaeis.
1484 3761 1860 3827 convenerunt
1871 3751 1924 3807 in

319 3823 498 3882 tinum
528 3843 542 3879 :
580 3835 631 3880 et
653 3825 1002 3895 interrogavit
1030 3838 1161 3895 eum,
1185 3838 1322 3876 unus
1352 3823 1527 3895 cxreis
1554 3823 1685 3893 legis
1714 3824 1921 3887 doctor.

320 3909 545 3955 tentans
559 3912 711 3952 eum:
739 3894 1008 3966 Magister,
1025 3894 1165 3964 quod
1180 3904 1262 3966 cst
1281 3894 1585 3948 mandatum
1608 3911 1854 3964 maguum
1872 3896 1922 3948 in

318 3969 593 4040 tege?Ait
616 3967 693 4040 illi
740 3967 947 4022 Jesus:
1004 3966 1197 4040 Diliges
1247 3965 1529 4040 Dominum
1579 3967 1741 4040 Deum
1776 3977 1923 4020 tuum

319 4037 404 4096 in“
424 4051 540 4095 toto
568 4038 732 4094 corde
773 4047 901 4102 tuo,
947 4046 1001 4091 et
1041 4037 1093 4091 iu
1140 4044 1247 4091 tota
1290 4037 1463 4090 anima
1494 4046 1616 4105 tua,
1649 4049 1700 4092 et
1730 4039 1782 4092 iu
1818 4048 1928 4094 tota

323 4121 628 4166 mentetua.
650 4109 763 4163 Hoc
783 4119 866 4164 est
895 4109 1212 4172 maximum,
1246 4116 1300 4162 et
1333 4108 1558 4176 primum
1592 4111 1922 4164 mandatum.

320 4182 638 4240 Secundum
670 4189 850 4234 autem
892 4179 1065 4234 simile
1087 4187 1171 4232 est
1193 4179 1346 4250 huic:
1395 4178 1599 4249 Diliges
1622 4182 1925 4250 proximum

326 4267 482 4310 tuum
507 4297 522 4318 ,
554 4255 698 4309 sicut
728 4253 976 4322 teipsum.
1013 4251 1029 4280 ι
1077 4250 1142 4304 Ει
1188 4251 1241 4322 in
1277 4249 1366 4304 his
1408 4249 1636 4322 duobus
1661 4254 1928 4307 mandatis

321 4329 584 4381 universa
621 4324 705 4378 lex
735 4321 967 4392 pendet,
1001 4329 1057 4376 et
1087 4321 1405 4390 prophetae.
1449 4321 1802 4393 Congregatis
1833 4341 1929 4379 att-

323 4411 437 4453 tem
489 4391 844 4457 Pharisacis,
899 4393 1253 4462 interrogavit
1307 4407 1402 4446 eos
1452 4391 1922 4462 Jesusfdicens:

320 4468 466 4537 Quid
511 4467 664 4520 vobis
705 4464 915 4519 videtur
935 4464 1010 4537 de
1036 4461 1254 4537 Christo
1272 4462 1310 4537 ?_
1327 4465 1481 4533 cujus
1516 4461 1657 4537 [ilius
1686 4468 1806 4520 est?
1837 4468 1924 4522 Di—

321 4533 455 4596 cunt
490 4540 570 4592 vi:
603 4537 787 4590 David.
819 4537 908 4589 Ait
934 4535 1039 4587 illis
1065 4533 1255 4588 Jesus:
1286 4535 1570 4600 Quomodo
1601 4552 1728 4604 ergo
1759 4538 1927 4592 David

320 4615 384 4667 in
416 4610 613 4681 spiritu
644 4618 796 4661 vocat
824 4621 945 4660 cum
991 4606 1271 4681 Dominum
1292 4606 1490 4681 dicens
1516 4629 1527 4661 :
1555 4607 1707 4681 Dixit
1746 4609 1927 4662 Domi-

324 4676 690 4737 nns'Domino
719 4693 839 4732 meo
870 4695 882 4730 :
927 4676 1056 4732 sede
1077 4692 1107 4731 a
1129 4677 1336 4730 dextris
1359 4678 1512 4744 meis,
1537 4677 1709 4734 donec
1733 4695 1928 4746 ponam

321 4746 582 4809 inimicos
601 4761 721 4804 tuos
741 4748 1034 4804 scabellum
1069 4748 1262 4815 pedum
1290 4756 1501 4802 tuorum
1524 4749 1546 4802 ?
1577 4750 1633 4804 Si
1661 4766 1789 4819 ergo
1825 4751 1928 4806 Da—

321 4827 418 4878 vid
449 4832 607 4878 vocat
637 4838 758 4875 cum
807 4820 1093 4873 Dominum
1118 4859 1132 4883 ,
1159 4819 1431 4886 quomodo
1461 4819 1602 4874 ﬁlius
1633 4822 1751 4889 ejus
1803 4822 1927 4876 est?

326 4897 577 4951 Etuemo
596 4901 808 4962 poterat
833 4892 881 4945 ei
912 4890 1240 4962 respondere
1267 4891 1494 4962 verbum
1524 4909 1536 4942 :
1564 4907 1741 4962 neque
1762 4907 1927 4947 ausus

323 4968 431 5024 fuit
451 4961 738 5034 quisquam
770 4978 833 5016 ex
884 4963 974 5016 illa
1009 4961 1110 5034 die
1140 4975 1263 5015 cum
1297 4961 1525 5034 amplius
1559 4961 1924 5034 interrogare.

404 5032 605 5092 XXIV.
638 5035 793 5089 Tunc
819 5033 979 5088 Jesus
1009 5033 1260 5102 loquutus
1299 5041 1385 5087 est
1429 5032 1496 5085 ad
1529 5032 1711 5087 turbas
1733 5075 1746 5097 ,
1775 5044 1830 5088 et
1859 5035 1926 5088 ad

328 5109 632 5179 discipulos
673 5120 802 5179 suos
828 5143 847 5168 τ
875 5103 1114 5179 dicens:
1149 5102 1324 5179 super
1369 5103 1681 5179 cathedram
1711 5107 1730 5136 ²
1758 5104 1931 5177 Moysi

325 5174 590 5237 sederunt
606 5177 840 5239 scribae,
859 5189 914 5230 et
931 5174 1424 5229 Pharisaeiﬂmnia
1441 5189 1572 5245 ergo
1599 5174 1931 5246 quaequuin-

328 5268 442 5324 que
470 5251 706 5307 dixerint
745 5247 942 5317 vobis,
997 5255 1233 5311 servate,
1292 5257 1347 5300 et
1398 5247 1556 5302 facite
1588 5265 1600 5300 :
1633 5248 1932 5303 secundum

1302 266 1753 327 EVANGELIUM
1791 265 2167 326 SECUNDUM
2206 263 2636 323 MATTII/EUM.

1951 2086 1962 2094 .
2046 2047 2136 2102 '58.
2170 2055 2281 2101 tua.
2315 2046 2429 2102 Hoc
2450 2055 2533 2102 est

3528 271 3636 329 298

2481 382 2718 442 CODEX
2755 380 3206 442 VERONENSIS.

2041 478 2184 550 quod
2212 478 2487 550 silentium
2879 477 3020 550 Illius
3049 489 3131 533 est
3153 480 3176 530 ‘l

2044 548 2222 619 posuit
2267 549 2477 605 Saddu—
2879 548 3075 604 Dicunt
3113 550 3163 604 ei
3190 567 3204 602 :

2042 622 2134 677 55.
2163 622 2327 682 eaeis.
2352 636 2550 677 conve—
2711 652 2718 657 ~
2877 620 2968 674 45.
3012 621 3199 676 David.
3232 621 3323 676 Ait

2043 701 2242 764 nerunt
2263 691 2338 764 (α)
2370 693 2437 748 ad
2879 689 2984 745 illis
3009 709 3021 744 :
3053 691 3336 758 Quomodo

2044 779 2168 819 eum
2190 763 2231 835 ἰ-
2265 763 2466 836 έγειὶη-
2880 777 3008 836 ergo
3041 764 3204 818 David
3237 765 3288 819 in
3312 767 3425 836 spi-

2047 834 2484 906 terrog’aviteum
2883 834 2989 906 ritu
3020 843 3177 890 vocat
3201 851 3324 892 eum

2045 923 2182 962 unus
2201 905 2278 961 ex
2307 905 2388 960 eis
2879 905 3167 960 Dominum

2044 979 2178 1049 legis
2202 978 2421 1042 doctor,

2043 1058 2312 1119 temptans
2341 1063 2463 1104 eum
2492 1089 2507 1114 ,

2044 1122 2133 1175 36.
2158 1118 2242 1190 (ὁ)
2272 1130 2326 1176 et
2347 1121 2532 1175 dicens
2563 1118 2604 1189 -ι-
2637 1137 2646 1170 ;

2043 1191 2299 1263 Magister
2321 1233 2335 1256 ,

2084 1263 2186 1318 uod
2218 1272 2302 1318 est
2331 1277 2482 1316 mau-

2083 1345 2230 1389 atum
2265 1349 2516 1404 magnum

2165 1405 2217 1459 in
2247 1404 2405 1476 lege?
2447 1405 2536 1458 Ait

2047 1475 2154 1531 illis
2181 1475 2338 1532 Jesus
2364 1492 2376 1528 :

2879 977 3063 1033 dicens
3089 996 3104 1033 :

2881 1046 2971 1100 44.
3017 1048 3156 1104 Dicit
3187 1051 3444 1109 Dominus

2881 1119 3108 1175 Domino
3131 1137 3252 1178 meo
3280 1142 3291 1175 :

2879 1191 3008 1246 sede
3035 1192 3101 1246 ad
3129 1192 3260 1249 dett--

2880 1262 2976 1316 tris
3003 1263 3136 1318 meis
3158 1306 3171 1327 ,

2882 1332 3056 1390 donec
3087 1350 3287 1405 ponam

2885 1405 3132 1481 inimicos
3147 1480 3150 1481 ν
3165 1418 3283 1464 tuos
3304 1408 3384 1481 (ε)

2885 1476 2986 1551 sub
3015 1478 3241 1551 pedibus
3270 1476 3374 1535 tuis
3395 1482 3435 1551 ’ξ-
3461 1481 3484 1534 ?

2045 1547 2242 1621 Diliges
2267 1547 2446 1602 Domi-
2883 1548 2975 1603 45.
3019 1550 3087 1621 Si
3115 1566 3245 1621 ergo
3274 1547 3442 1607 David

2045 1634 2173 1673 num
2205 1618 2372 1694 Deum
2884 1635 3004 1675 eum
3032 1620 3115 1694 (ιζ)
3147 1618 3200 1676 in
3229 1623 3416 1693 spiritu
3448 1627 3488 1694 ἰ-

2048 1698 2194 1744 tuum
2224 1690 2277 1744 in
2306 1698 2420 1745 toto
2886 1690 3049 1747 vocat
3067 1690 3353 1749 Dominum
3374 1735 3389 1760 ,

2047 1761 2211 1817 corde
2241 1769 2330 1816 tuo
2346 1803 2362 1829 ,
2885 1763 3155 1833 quomodo
3186 1765 3329 1820 lilius

2046 1843 2100 1887 et
2123 1833 2177 1887 in
2210 1841 2318 1887 tota
2351 1833 2471 1914 aoni-

2048 1919 2135 1958 ma
2163 1913 2272 1971 tua,
2298 1911 2353 1959 et
2377 1911 2431 1965 in

2049 1984 2158 2030 tota
2186 1984 2368 2030 mente

2885 1835 3001 1902 ejus
3030 1835 3155 1890 est?

2885 1905 2974 1962 46.
3018 1905 3088 1961 Et
3110 1923 3270 1962 nemo

2884 1987 3099 2048 poterat
3125 1994 3352 2050 respon-

2879 2050 3010 2105 dere
3030 2051 3080 2104 ei
3103 2066 3226 2105 ver-

2882 2121 3007 2175 bum
3039 2138 3051 2174 :
3080 2136 3254 2192 neque

2880 2206 3044 2246 ausus
3066 2202 3148 2247 est
3183 2193 3329 2263 quis-

2880 2279 3038 2332 quam
3073 2279 3141 2319 ex
3169 2265 3260 2320 illa

2880 2335 2968 2389 die
2993 2350 3115 2391 eum

2881 2407 3109 2476 amplius
3140 2408 3305 2463 inter-

2880 2490 3091 2546 rogare.

3023 2546 3250 2602 CAPUT
3301 2547 3494 2604 XXIII.

2885 2620 2936 2673 I.
2978 2617 3131 2674 Tunc
3156 2619 3319 2676 Jesus

2886 2691 3096 2746 locutus
3127 2698 3212 2746 est

2882 2761 2949 2816 ad
2973 2761 3156 2816 turbas
3178 2803 3194 2828 ,
3219 2771 3277 2818 et

2882 2833 3178 2901 discipulos
3208 2847 3336 2889 suos
3353 2876 3367 2897 ,

2878 2903 2933 2957 ‘2.
2976 2904 3162 2960 dicens
3191 2922 3203 2958 :
3229 2905 3402 2975 Super

2878 2975 3187 3030 cathedram

2878 3047 3047 3116 Moysi
3074 3046 3231 3102 sede-

2881 3127 3008 3173 runt
3036 3117 3245 3174 scribae
3265 3161 3280 3188 ,

2046 2120 2338 2173 maximum
2370 2159 2384 2184 ,

2043 2199 2099 2245 et
2130 2190 2362 2258 primum

2045 2261 2353 2316 mandatum
2375 2301 2392 2328 ,

2042 2332 2134 2388 59.
2168 2331 2477 2388 Secundum

2042 2413 2221 2458 autem
2265 2405 2440 2459 simile
2467 2413 2551 2460 est

2042 2473 2168 2528 huic
2202 2491 2214 2527 :
2248 2475 2452 2543 Diliges
2481 2489 2606 2542 pro-

2042 2545 2244 2598 ximum
2278 2555 2428 2599 tuum
2453 2587 2468 2612 ,

2041 2615 2181 2685 sicut
2210 2624 2260 2670 te
2290 2615 2485 2685 ipsum.

2041 2684 2131 2742 40.
2172 2685 2228 2740 In
2255 2684 2338 2741 his
2368 2685 2502 2741 duo-

2041 2756 2144 2812 bus
2173 2758 2443 2813 mandatis

2041 2829 2294 2884 universa

2040 2899 2128 2956 Iex
2158 2900 2390 2971 pendet,

2035 2983 2095 3027 et
2125 2971 2443 3043 prophetae.

2040 3045 2131 3098 41.
2161 3043 2512 3115 Cougregatis

2039 3122 2222 3170 autem
2248 3115 2438 3169 Phari-

2039 3187 2201 3251 saeis,
2223 3186 2453 3242 interro—
2882 3199 2937 3244 et
2952 3188 3211 3244 Farisaei.

2040 3259 2300 3332 gaviteos
2327 3257 2416 3314 Je-
2872 3262 2925 3316 3.
2968 3259 3158 3315 Omnia
3197 3275 3328 3332 ergo

2040 3343 2154 3402 sus,
2179 3329 2367 3402 dicens
2393 3347 2421 3402 :_
2447 3399 2456 3402 _
2871 3346 3243 3402 quaecumque

2039 3400 2131 3455 42.
2173 3400 2309 3466 Quid
2337 3399 2491 3456 vobis

2039 3471 2252 3525 videtur
2280 3471 2350 3526 de

2039 3541 2299 3597 Christo?
2329 3541 2483 3613 cujus

2873 3402 3108 3458 dixerint
3138 3405 3307 3470 vobis,

2883 3482 3116 3536 servate,
3146 3483 3202 3527 ει

2880 3544 3038 3599 facite
3060 3561 3072 3595 :
3103 3559 3296 3598 secun-

2509 3655 2741 3714 CODEX
2781 3658 3175 3716 BRIXIANUS.

2042 3751 2472 3821 quodsilentium
2493 3753 2817 3822 inposuisset
2832 3753 3568 3816 Sadducaeis.convenerunt
3583 3765 3633 3818 in

2045 3840 2210 3905 unum
2225 3826 2300 3905 (α)
2314 3824 2378 3879 ad
2392 3841 2536 3880 eum.
2551 3825 2656 3894 'j‘ct
2677 3826 3171 3905 ititerrogat'itetitn_
3190 3843 3400 3905 unusex
3416 3831 3491 3886 eis
3507 3835 3639 3905 legis

2041 3895 2250 3971 doctor.
2277 3904 2507 3951 temtans
2527 3913 2647 3950 eum
2663 3895 2754 3971 >(b)_
2772 3906 2827 3950 ct
2849 3897 3110 3971 dicensgj‘
3128 3898 3378 3971 Magister
3391 3905 3529 3971 quod
3556 3895 3641 3960 Est

2040 3967 2350 4042 mandatum
2378 3983 2628 4035 magnum
2662 3969 2714 4022 in
2744 3969 2880 4038 lego.
2905 3969 3100 4042 Aitilli
3124 3969 3281 4024 Jesus
3308 3967 3503 4042 Diliges
3529 3977 3636 4031 Du-

2036 4041 2240 4094 minum
2264 4039 2430 4094 Deum
2459 4049 2628 4092 tuum.
2655 4054 2721 4094 ex
2751 4048 2862 4094 toto
2890 4040 3053 4094 corde
3079 4051 3189 4094 tuo.
3220 4049 3274 4096 et
3293 4058 3359 4096 ex
3386 4039 3494 4099 tota
3517 4049 3603 4102 aui
3621 4083 3634 4090 -

2034 4126 2119 4164 ma
2135 4120 2238 4165 tua.
2256 4119 2310 4166 et
2330 4126 2393 4165 ex
2421 4119 2530 4165 tota
2545 4119 2724 4165 mente
2747 4120 2855 4164 tua.
2877 4110 2989 4166 Iloc
3005 4112 3357 4181 estprimum.
3382 4126 3435 4170 et
3462 4121 3634 4173 maxi-

2033 4198 2182 4236 mum
2223 4181 2554 4236 mandatum.
2598 4181 2906 4236 Secundum
2940 4193 3118 4237 autem
3151 4183 3329 4252 simile
3359 4197 3442 4241 est
3473 4189 3620 4246 huic.

2037 4253 2240 4323 Diliges
2268 4254 2574 4322 proximum
2623 4263 2768 4306 tuum
2800 4254 2941 4307 sicut
2972 4263 3024 4308 te
3057 4255 3256 4323 ipsum.
3290 4256 3346 4310 In
3378 4257 3460 4314 his
3490 4263 3625 4317 duo-

2035 4327 2135 4378 bus
2161 4323 2446 4379 mandatis.
2469 4325 2718 4378 universa
2746 4324 2835 4396 lex
2867 4325 3086 4394 pendet.
3115 4335 3170 4379 et
3199 4329 3514 4396 prophetae.

2106 4396 2458 4470 Congregatis
2495 4405 2693 4470 autem
2744 4394 3097 4470 _I_’liat_‘i_saeis.
3123 4394 3500 4470 interrogavit
3529 4420 3623 4459 eos

2032 4466 2192 4546 {esus
2221 4463 2428 4546 dicens.
2485 4466 2624 4546 Quid
2669 4463 3169 4546 vlvlii_s_vidctur_dc
3199 4463 3433 4546 Christo.
3467 4477 3618 4546 cujus

2035 4540 2180 4591 ﬁlius
2205 4549 2318 4609 est.
2348 4537 2551 4609 Dicunt
2575 4538 2646 4591 ei.
2685 4536 2871 4590 David.
2899 4536 2989 4591 Ait
3016 4537 3121 4592 illis
3142 4537 3320 4594 Jesus.
3345 4536 3625 4609 Quomodo

2034 4623 2165 4677 ergo
2197 4607 2385 4661 David.
2416 4609 2680 4676 iuspiritu
2711 4617 2861 4661 vocat
2895 4623 3019 4662 eum
3053 4609 3337 4665 Dominum
3364 4607 3519 4669 suum
3542 4618 3624 4670 di-

2035 4693 2186 4735 cens.
2218 4679 2360 4732 Dixit
2384 4679 2643 4732 Dominus
2670 4679 2897 4732 Domino
2922 4694 3063 4740 meo.
3097 4681 3226 4737 sede
3251 4684 3315 4736 ad
3339 4683 3622 4741 dexteram

2037 4765 2233 4804 meam.
2263 4749 2437 4824 donec
2468 4765 2661 4824 pona_m
2696 4750 2943 4824 inimicos
2968 4762 3085 4805 tuos
3109 4754 3400 4824 scabellum
3425 4758 3619 4824 pedum
3648 4776 3652 4780 δ

2038 4832 2275 4875 tuormn.
2325 4820 2380 4876 Si
2430 4837 2560 4891 ergo
2599 4820 2764 4875 David
2793 4821 2874 4890 (τι)
2910 4823 2961 4876 in
2993 4823 3186 4890 spiritu
3227 4823 3268 4892 ’ί-
3298 4820 3453 4879 vocat
3498 4844 3620 4884 eum

2038 4893 2345 4968 Dominum.
2379 4893 2649 4968 quomodo
2677 4893 2818 4946 filius
2857 4893 2972 4962 ejus
2999 4903 3100 4968 est.
3132 4895 3384 4968 Et_ncmo
3412 4910 3627 4968 poterat.

2033 4965 2082 5036 ei
2105 4963 2438 5033 respondere
2463 4966 2684 5019 verbum
2707 4979 2809 5018 nec
2829 4979 2991 5036 ausus
3015 4965 3110 5017 fuit
3127 4963 3504 5036 quisquam—ex
3529 4973 3623 5028 illa

2034 5035 2121 5090 die
2153 5036 2385 5104 amplius
2411 5051 2535 5091 eum
2571 5035 3088 5103 interrogare.'I‘unc
3115 5034 3280 5090 Jesus‘
3299 5037 3512 5096 locutus
3542 5057 3626 5098 est

2035 5106 2102 5180 ad
2136 5108 2343 5180 turbas.
2369 5115 2424 5180 et
2446 5107 2510 5160 ad
2536 5105 2830 5180 discipulos
2857 5119 2986 5180 suos
3010 5105 3218 5180 dicens.
3243 5109 3417 5180 Super
3443 5115 3628 5170 cathe-

2035 5177 2189 5231 dram
2235 5178 2434 5248 Moysis
2480 5177 2737 5248 sederunt
2763 5176 2973 5248 scribae
2997 5188 3050 5232 et
3098 5176 3393 5236 Pharisaei.
3435 5184 3628 5240 Omnia

2038 5263 2188 5319 ergo.
2221 5246 2590 5318 quaecumque
2603 5246 2842 5302 dixerint
2863 5247 3062 5306 vobis..
3078 5262 3340 5309 ..servate
3362 5261 3417 5309 et
3441 5254 3624 5312 facile.

1012 5357 1404 5417 VARIANTES
1441 5359 1820 5418 LEC’IIONES
1857 5358 2122 5418 CODICIS
2160 5360 2272 5417 MS.
2314 5359 2372 5417 S.
2413 5358 2922 5440 GERMANENSIS.

397 5481 606 5534 ‘Inhis

2103 5478 2124 5507 ²
2156 5475 2279 5536 Mosi

1682 5584 2050 5644 BLANCI-IINI
2086 5585 2320 5643 NOTAE.

405 5709 609 5792 (n)_Ita
628 5703 1165 5792 etgcod.7Can-t.nLat.
1195 5713 1250 5760 et
1287 5703 1384 5792 Gr.
1414 5704 1494 5792 ἑτέ
1526 5706 1772 5792 αὐτρἶ.-·
1798 5705 1873 5780 (b)
1905 5707 1924 5761 1

2099 5716 2146 5792 et
2165 5706 2371 5792 dicens,
2396 5707 2558 5787 etiam
2592 5701 3043 5792 textus'Grar-cus,
3073 5706 3158 5792 διχὶ
3185 5710 3435 5784 λέγωνρ-
3459 5721 3528 5792 (ε)
3570 5721 3644 5781 [ia

327 5794 389 5842 et
413 5775 544 5840 ‘cod.
571 5783 726 5840 Cant.
762 5781 879 5837 Lat.
929 5788 984 5833 cl.
1008 5778 1102 5834 Gr.
1145 5781 1380 5835 ὑποκάτω
1409 5786 1509 5844 τῶν
1539 5775 1863 5855 ποδῶννσοὺ.
1887 5808 1924 5820 -

2036 5777 2068 5846 ῐ)
2097 5777 2262 5833 Addit
2315 5779 2368 5833 in
2418 5776 2635 5847 spiritu,
2683 5775 2806 5831 cod.
2839 5789 3053 5846 quoque
3094 5775 3256 5838 Cant:
3282 5789 3332 5842 ἐν

855 5875 1133 5938 Punor...
1184 5872 1328 5934 XII.

3048 5871 3124 5932 10
