4048 6188
405 252 516 310 299
911 251 1225 311 'EUSEBII
1257 249 1598 310 VERCELL.
1643 244 2098 307 EVANGELIUM
2136 245 2277 306 CUM
2317 228 2548 306 VARIIS
2583 246 2740 306 COD.
2781 247 3178 307 COLLATUM.
3603 247 3704 308 500

2541 363 2772 422 CODEX
2814 362 3265 422 VERONENSIS.

755 398 758 401 -
802 366 1037 425 CODEX
1074 365 1616 424 VERCELLENSIS.

1246 458 1298 514 9.
1342 459 1412 514 Et
1433 467 1642 528 patrem
1671 472 1770 513 no-

414 573 430 589 .
512 577 526 590 .
607 574 620 588 .
701 571 716 586 .
795 568 811 583 .
891 569 904 582 .
985 567 999 581 .
1082 571 1166 584 ..
1247 530 1558 585 litevocare

415 645 430 661 .
512 647 523 658 .
605 645 620 660 .
700 644 713 656 .
794 643 809 657 .
889 641 903 655 .
986 643 1000 658 .
1243 602 1588 671 vobissuper

1246 681 1445 728 terram
1472 691 1484 726 2
1511 685 1648 726 unus

1245 745 1387 800 enim
1418 753 1500 798 est
1520 744 1621 797 Pa—

1247 825 1329 870 ter
1351 825 1531 871 vester
1556 856 1570 876 .

1244 889 1334 956 qui
1358 887 1412 941 in
1443 885 1609 941 caelis

1244 957 1334 1013 10.
1376 969 1479 1014 est.
1515 957 1622 1012 Nec
1650 970 1810 1013 voce-

1242 1029 1373 1083 mini
1417 1029 1614 1099 magis-

1244 1101 1309 1153 tri
1336 1117 1350 1166 ;
1382 1104 1503 1170 quia
1517 1098 1724 1169 Magis-

1241 1170 1410 1241 gister
1450 1181 1630 1226 vester
1644 1212 1658 1235 ,

1241 1251 1326 1296 est
1348 1241 1620 1296 Christus.

411 718 426 732 .
476 721 485 732 .
527 674 867 732 ezdicunt.
911 713 925 728 .
972 711 987 728 .

409 749 543 813 nim,
572 756 626 801 et
652 761 757 800 non

407 822 460 874 4.
503 819 730 874 faciunt.
760 813 898 872 Alli-

405 900 535 961 gant
561 898 740 945 autem

403 977 568 1016 onera
597 976 721 1030 gra—

402 1034 516 1099 via,
543 1042 598 1088 et
620 1033 776 1100 inpo-

400 1113 540 1159 nunt
568 1108 619 1158 in
651 1103 750 1156 htt-

401 1191 588 1231 meros
620 1172 795 1229 homi-

343 1271 348 1276 ο
399 1263 528 1302 ιιιιιιι
560 1264 572 1299 :
604 1245 774 1316 digito

400 1327 582 1372 autem
612 1314 712 1371 suo
1243 1314 1328 1368 11.
1373 1315 1475 1381 Qui
1506 1314 1620 1368 vult
1643 1327 1756 1368 ma-

400 1390 680 1444 noluntea
787 1443 789 1446 ,
1237 1383 1329 1453 jor
1359 1385 1410 1438 in
1443 1385 1597 1440 vobis

398 1461 443 1516 5
497 1472 735 1514 movere.
769 1455 913 1528 Ope—
1246 1497 1258 1508 .
1287 1498 1320 1528 _.
1369 1497 1380 1508 .
1427 1496 1440 1509 .
1601 1494 1620 1528 γ.
1667 1497 1680 1510 .
1723 1469 1845 1511 ves—

395 1547 456 1585 ra
486 1547 615 1586 vero
638 1539 733 1585 Sua
823 1526 836 1528 “
1241 1526 1331 1581 12.
1374 1537 1476 1582 ter.
1511 1526 1614 1594 Qui
1641 1537 1823 1582 autem

393 1601 600 1657 faciunt
633 1611 690 1656 ut
1240 1613 1300 1653 se
1331 1599 1607 1654 exaltave—

399 1673 693 1728 videantur
1238 1683 1266 1722 r
1308 1710 1320 1723 .
1370 1708 1384 1721 .
1430 1710 1443 1722 .
1498 1707 1512 1721 .
1561 1708 1573 1722 .
1621 1709 1634 1722 .
1681 1710 1694 1724 .
1744 1707 1758 1722 .

1235 1739 1383 1810 bitur
1412 1758 1423 1793 :
1456 1749 1510 1794 et
1541 1741 1630 1810 qui
1653 1754 1712 1796 se

1234 1809 1546 1866 httmiliave-

1231 1883 1333 1950 rit,
1367 1882 1630 1938 exaltabi-

1236 1954 1322 2010 15.
1368 1962 1472 2007 tur.
1509 1954 1621 2008 Vae
1644 1968 1739 2008 au-

394 1745 464 1799 ab
495 1742 730 1799 homini-

390 1815 494 1871 bus
527 1834 540 1869 :
572 1816 800 1870 dilatant

387 1888 535 1942 enim
569 1887 774 1940 ﬁlacte—

386 1958 468 2012 ria
497 1974 615 2023 sua,
642 1965 698 2012 et
725 1970 872 2026 mag—

389 2029 615 2083 nificant
637 2027 753 2082 ﬁm-

391 2098 446 2154 6.
487 2099 656 2154 brias.
690 2096 890 2152 Amant

1231 2032 1339 2079 tem
1365 2025 1521 2078 vobis
1545 2024 1691 2081 Scri-

1227 2095 1326 2151 bae
1348 2106 1402 2151 et
1424 2095 1584 2149 Phari
1628 2136 1639 2147 .
1688 2133 1700 2150 .
1747 2132 1762 2148 .

388 2182 572 2226 autem
601 2170 710 2241 pri-
1234 2207 1246 2220 .
1293 2207 1305 2218 .
1352 2205 1366 2220 .
1416 2207 1428 2218 .
1473 2167 1676 2237 hypocr
1705 2206 1721 2222 .
1773 2211 1784 2221 .

383 2257 506 2296 mos
529 2241 761 2297 discubi-
1229 2246 1337 2304 tae,
1385 2276 1398 2290 .
1448 2278 1460 2290 .
1509 2276 1521 2291 .
1569 2279 1580 2290 .
1629 2280 1642 2292 .
1691 2278 1703 2292 .

385 2321 469 2367 tos
508 2315 557 2367 in
591 2312 774 2367 convi-
1227 2308 1356 2363 ditis
1400 2350 1410 2362 .
1461 2352 1473 2364 .
1520 2349 1534 2362 .
1581 2349 1596 2363 .
1643 2350 1654 2362 .
1705 2349 1718 2364 .

381 2383 506 2444 viis.
541 2395 595 2439 et
619 2383 823 2454 primas
1227 2394 1327 2434 cae
1373 2421 1396 2454 ,γ
1433 2421 1445 2433 .
1493 2419 1505 2432 .
1551 2419 1568 2435 .
1612 2421 1625 2434 .
1671 2420 1684 2434 .

381 2456 670 2510 oathedras
1225 2461 1352 2504 ante
1385 2453 1455 2504 ho
1489 2490 1503 2504 .
1552 2489 1565 2503 .
1616 2495 1627 2505 .
1676 2492 1687 2504 .

349 2525 442 2593 _in
471 2525 759 2596 synagogis
787 2566 802 2590 ,
1229 2536 1324 2576 nes
1365 2561 1378 2596 _.
1426 2561 1438 2573 .
1487 2562 1500 2574 .
1547 2560 1561 2574 .
1600 2564 1612 2576 .
1652 2563 1665 2577 .
1714 2562 1726 2575 .

381 2597 436 2651 'l.
480 2592 534 2651 et
559 2592 816 2649 salutatio
835 2625 844 2628 -
1229 2607 1336 2646 non
1364 2592 1534 2646 intra-

381 2681 482 2721 nes
508 2668 563 2720 in
596 2665 733 2729 foro,
771 2673 828 2720 et
1226 2663 1328 2728 tis,
1359 2679 1458 2718 nec
1491 2665 1664 2719 intro-

375 2739 563 2791 vocari
593 2737 662 2790 ab
688 2736 786 2789 ho-
1225 2743 1419 2788 euntes
1447 2733 1583 2786 siui-

378 2809 616 2863 minibus
647 2807 791 2860 Rab—
1228 2802 1295 2857 tis
1333 2804 1558 2858 intrare.

1219 2873 1307 2928 15.
1350 2873 1463 2928 Vae
1488 2875 1637 2930 vobis
1664 2874 1814 2930 Scri-

1215 2945 1315 3000 bae
1337 2953 1392 2999 et
1416 2945 1693 3001 Pharisaei

1217 3016 1567 3098 hypocritae;

1217 3104 1342 3156 quia
1375 3101 1576 3141 curcul-

1220 3158 1292 3212 tis
1321 3173 1469 3213 mare
1504 3169 1557 3213 et
1586 3173 1644 3212 a-

1221 3229 1362 3296 rida,
1397 3241 1452 3282 ut
1479 3228 1644 3285 faeci-

1223 3300 1326 3354 atis
1355 3315 1526 3355 unum

1224 3373 1562 3444 proselytum
1597 3389 1613 3426 :

809 3485 1046 3546 CODEX
1080 3485 1558 3544 CORBEIENSIS.

375 3601 542 3656 opera
594 3598 724 3640 vero
773 3597 966 3639 eorum
1021 3580 1186 3634 nolite
1219 3581 1397 3635 facere
1432 3597 1445 3634 :
1479 3579 1665 3656 dicunt
1695 3577 1845 3656 enim
1878 3621 1890 3642 ,
1929 3587 1985 3633 et

379 3649 486 3712 non
517 3657 733 3712 faciunt.
766 3657 1211 3722 Alligantautem
1243 3666 1412 3706 onera
1447 3654 1652 3719 gravia,
1697 3660 1750 3702 et
1776 3649 1987 3719 impor-

383 3727 592 3793 tabilia,
643 3737 698 3782 et
747 3725 1036 3793 imponunt
1087 3726 1136 3776 in
1173 3725 1433 3778 humeros
1459 3723 1738 3775 hominum
1769 3739 1783 3773 :
1812 3723 1984 3790 digito

379 3807 559 3853 autem
590 3813 688 3851 suo
717 3798 911 3851 nolunt
940 3812 1001 3848 ea
1037 3809 1278 3848 movere.
1307 3795 1499 3846 Omnia
1526 3808 1656 3846 vero
1688 3807 1854 3860 opera
1885 3808 1982 3846 sua

386 3871 590 3924 faciunt
643 3877 700 3921 ιιι
747 3865 1030 3920 videantur
1078 3865 1146 3917 ab
1194 3865 1541 3917 homini-bus:
1575 3863 1808 3917 dilatant
1838 3864 1982 3917 enim

383 3939 714 4011 pliylacteria
742 3954 860 4002 sua,
893 3945 948 4011 et.
984 3935 1333 4011 magnilicant
1361 3935 1618 4011 liuibrias.
1657 3937 1853 4011 Amant
1875 3951 1985 4011 _:itt-

383 4005 491 4066 ient
527 4011 728 4080 primos
761 4009 1036 4063 recubitus
1070 4008 1356 4080 incoenis,
1386 4009 1670 4080 et‘primas
1695 4005 1984 4080 cathedras

383 4081 438 4138 in
478 4074 797 4151 svnagogis,
832 4089 886 4151 et
909 4150 912 4151 ν
937 4077 1292 4151 salutationes
1335 4078 1388 4129 in
1412 4074 1576 4151 “foro,
1609 4085 1664 4129 et
1699 4077 1880 4151 vocari
1905 4077 1983 4151 ab

385 4147 710 4208 hominibus
752 4150 939 4204 liabbi.
986 4147 1091 4201 Vos
1124 4159 1304 4201 autem
1336 4148 1503 4200 nolite
1549 4149 1731 4200 vocari
1785 4149 1975 4201 liabhi.

390 4225 538 4280 Unus
595 4225 741 4277 enim
817 4232 902 4275 est
958 4219 1210 4288 Milgislef
1273 4229 1494 4275 vester.
1549 4234 1738 4272 omnes
1795 4227 1977 4273 autem

390 4311 484 4350 vos
512 4295 704 4349 fratres
731 4294 883 4348 estis.
919 4291 984 4346 Et
1029 4300 1234 4359 patrem
1275 4290 1438 4344 nolite
1469 4305 1662 4343 vocare
1695 4290 1847 4344 vobis
1889 4307 1981 4342 su—

383 4383 481 4438 per
509 4379 705 4438 teri-ain
736 4385 747 4417 :
784 4381 919 4417 unus
949 4372 1032 4438 est
1060 4361 1204 4438 enim
1251 4361 1404 4438 Pater
1434 4362 1748 4438 γὺψ-,τιυὶ
1779 4364 1829 4414 in
1856 4377 1985 4416 eoe-

384 4431 452 4494 iis
485 4445 586 4493 e<t.
625 4436 734 4491 Nec
763 4436 1027 4489 voceznini
1059 4435 1300 4504 magistri
1328 4449 1340 4485 :
1372 4435 1493 4500 quia
1526 4431 1777 4500 Magister
1805 4442 1986 4487 vester

387 4527 525 4564 tinus
549 4519 652 4573 est,
677 4508 946 4561 Christus.
982 4505 1082 4572 Qui
1124 4505 1294 4573 major
1338 4515 1418 4556 est
1449 4513 1710 4565 vestrum,
1739 4507 1842 4557 crit
1876 4507 1973 4557 tui-

383 4584 556 4637 nister
581 4589 777 4634 vester.
803 4578 903 4642 Qui
933 4581 1118 4640 autem
1136 4592 1195 4630 se
1219 4575 1557 4637 exaltaVerit,
1580 4576 1982 4630 huiniliabitur:

383 4666 438 4709 et
462 4655 548 4722 qui
576 4668 636 4708 sc
668 4648 1056 4722 hirtiniliavcrit,
1087 4645 1575 4722 exaltabitur._Vae
1618 4660 1795 4722 autem
1833 4647 1990 4701 vobis

389 4719 610 4780 Scribae
632 4730 686 4778 et
708 4719 983 4776 Pharisaei
1016 4719 1351 4788 hypocritae,
1371 4719 1461 4786 qui
1491 4719 1742 4772 clauditis
1762 4734 1987 4788 regnum

388 4799 664 4849 cocloruui
689 4805 814 4848 ante
848 4792 1115 4845 homines.
1141 4787 1246 4842 Vos
1279 4799 1456 4842 autent
1487 4805 1591 4841 non
1621 4787 1852 4855 intratis,
1888 4803 1989 4843 nec

386 4868 726 4920 introéuittes
776 4864 954 4920 sinitis
989 4863 1210 4913 intrare.
1240 4858 1396 4912 "Vae
1446 4860 1600 4912 Vobis
1661 4860 1885 4915 Scribae
1934 4867 1991 4913 et

391 4938 670 4993 Pharisaei
705 4939 1036 5006 hypocruae;
1073 4931 1196 5006 quia
1225 4929 1468 4985 circuitis
1502 4946 1652 4986 mare
1676 4941 1730 4985 et
1755 4933 1991 4996 aridam,

391 5019 452 5065 ut
489 5007 699 5062 faciatis
735 5005 898 5061 unum
934 5005 1269 5075 proselyluni
1301 5019 1314 5056 :

377 2878 433 2934 8.
479 2881 551 2934 hi.
589 2878 695 2932 Vos
724 2884 909 2932 autem
940 2889 1036 2930 no-

373 2950 472 3005 lite
502 2949 690 3004 vocari

382 3020 577 3076 Rabbi.
609 3019 760 3076 Unus

378 3094 522 3147 enim
562 3102 648 3146 est
677 3091 786 3145 Ma-

375 3162 549 3232 gister
574 3174 756 3218 vester
779 3203 793 3228 ,

376 3249 570 3290 omnes
601 3233 752 3289 enim

377 3320 476 3360 vos
499 3305 695 3361 fratres

382 3378 536 3432 estis.

2115 458 2242 513 dum
2272 460 2410 515 facta

2119 545 2248 585 vero
2278 545 2466 586 eorum

2112 602 2282 658 nolite
2308 603 2488 657 facere
2513 620 2526 655 :

2112 674 2302 728 dicunt
2327 675 2470 728 enim
2499 715 2514 740 ,

2111 754 2165 799 et
2189 745 2290 813 ipsi
2317 760 2419 798 non
2444 743 2669 800 faciunt.

2111 813 2165 868 4.
2211 816 2449 887 Alligant
2477 825 2659 873 autem

2111 901 2283 941 onera
2303 888 2517 958 gravia,

2111 967 2168 1013 et
2196 969 2402 1027 ponunt
2427 958 2483 1012 in

2112 1044 2330 1084 umeros
2354 1029 2531 1084 homi—

2112 1116 2240 1155 num
2267 1119 2280 1155 ι
2306 1103 2478 1172 digito

2113 1181 2294 1226 autem
2322 1188 2421 1228 SUO
2455 1186 2552 1226 110-

2113 1243 2231 1297 Ιιιηι
2257 1259 2319 1298 ea
2351 1257 2593 1299 movere.

2111 1315 2162 1369 5.
2205 1315 2398 1370 Omnia
2431 1328 2561 1368 vero

2111 1400 2275 1454 opera
2306 1401 2402 1440 sua
2441 1384 2647 1439 faciunt
2686 1393 2746 1439 ιιι

2111 1457 2395 1512 videantur
2424 1457 2493 1510 ab

2111 1529 2424 1583 hominibus
2449 1545 2462 1580 :
2491 1526 2545 1584 di
2562 1557 2576 1567 -

2112 1599 2280 1669 latant
2308 1599 2450 1654 enim
2485 1598 2568 1669 fy—

2105 1668 2326 1725 lacteria
2355 1686 2474 1736 sua,
2506 1668 2560 1724 et

2107 1741 2457 1812 magniﬁcam
2489 1740 2612 1794 lim-

2105 1812 2252 1868 brias
2275 1827 2420 1866 suas.

2109 1882 2162 1938 6.
2207 1885 2406 1938 Amant
2435 1889 2617 1938 autem

2108 1954 2184 2024 (a)
2231 1954 2460 2024 primum
2488 1968 2646 2010 recu-

2106 2026 2280 2080 bitum
2326 2025 2367 2096 'j-
2410 2027 2463 2081 in

2106 2097 2374 2152 conviviis
2396 2139 2410 2162 ,
2443 2104 2500 2152 et

2105 2169 2308 2238 primas
2342 2179 2490 2222 cate-

2103 2240 2230 2311 dras
2256 2239 2307 2293 in
2337 2238 2626 2311 synagogis
2646 2277 2662 2304 ,
2687 2247 2743 2294 et

2103 2310 2159 2364 7.
2202 2310 2561 2365 salutationes

2102 2382 2158 2436 in
2188 2381 2308 2435 foro
2332 2423 2346 2446 ,
2378 2391 2434 2437 et

2102 2453 2285 2507 vocari
2308 2453 2375 2507 ab

2103 2523 2416 2579 hominibus
2442 2523 2640 2579 Rabbi.

2103 2595 2156 2650 8.
2207 2594 2311 2649 Vos
2337 2595 2517 2649 autem
2557 2608 2653 2648 no-

2103 2665 2200 2719 lite
2227 2667 2414 2720 vocari
2445 2665 2636 2721 liabbi.

2101 2735 2255 2791 Unus
2284 2748 2363 2790 est
2388 2742 2534 2792 enim

2101 2806 2359 2877 Magister
2385 2818 2565 2862 vester
2585 2849 2600 2873 ,

2101 2892 2293 2932 omnes
2322 2887 2504 2933 autem

2102 2963 2205 3004 vos
2232 2947 2430 3005 fratres

2102 3019 2156 3075 9.
2202 3021 2354 3074 estis.
2405 3021 2472 3075 Et
2499 3034 2596 3091 pa-

2101 3098 2241 3146 trem
2275 3092 2442 3147 nolite

2102 3176 2300 3218 vocare
2333 3162 2488 3217 vobis

2102 3247 2268 3302 super
2301 3243 2502 3290 terram
2525 3251 2538 3286 :

2953 469 3154 526 vester,
3192 459 3284 529 qui

2951 529 3006 585 in
3037 533 3202 586 caelis
3229 536 3333 584 est.

2950 603 3039 657 10.
3083 601 3192 657 Nec
3229 599 3500 656 vocemini

2950 674 3194 742 magistri
3221 690 3234 725 :
3276 673 3404 743 quia

2948 744 3202 813 Magister
3229 753 3438 811 vester,

2952 832 3093 870 unus
3119 815 3394 870 Christus.

2953 889 3042 942 11.
3085 887 3185 953 Qui
3215 886 3389 956 major
3414 893 3500 941 est

2955 967 3215 1025 vestrum,
3249 957 3357 1013 erit
3386 965 3571 1013 vester

2954 1030 3222 1085 minister.

2953 1100 3040 1156 12.
3085 1101 3184 1168 Qui
3211 1107 3396 1156 autem
3424 1116 3484 1156 se

2950 1172 3292 1237 exaltaberit,

2951 1242 3368 1298 humiliabitur:

2951 1323 3005 1368 et
3031 1317 3119 1384 qni
3150 1330 3209 1369 se
3236 1313 3336 1368 hu-

2951 1385 3272 1449 miliabitur,

2950 1457 3300 1510 exaltabitur.

2953 1528 3044 1581 15.
3090 1527 3202 1582 Vae
3228 1537 3407 1582 autem

2951 1599 3105 1654 vobis
3136 1599 3360 1654 Scribae

2950 1678 3006 1726 et
3039 1669 3279 1725 Farisaei
3314 1669 3411 1741 hy-

2952 1742 3216 1811 pocritae,
3233 1741 3356 1810 quia

2951 1812 3168 1883 clyditis
3197 1826 3427 1881 regnum

2950 1883 3228 1938 caelorum
3260 1884 3356 1938 ho-

2952 1955 3210 2008 minibus.
3259 1953 3367 2010 Vos

2951 2025 3099 2080 enim
3133 2041 3240 2080 non
3274 2026 3358 2081 in-

2951 2097 3126 2164 tratis,
3161 2112 3262 2168 nec

2949 2168 3292 2224 introeuntes

2948 2239 3127 2293 sinitis
3161 2241 3384 2296 intrare.

2949 2310 3038 2364 14.
3067 2310 3176 2365 Vae
3208 2312 3356 2366 vobis
3385 2310 3536 2370 Scri-

2948 2381 3052 2437 bae
3083 2389 3138 2435 et
3170 2381 3241 2435 Fa
3251 2382 3406 2437 risaei

2950 2452 3264 2523 liypocritae
3291 2470 3304 2505 :
3333 2468 3474 2522 quo-

2948 2527 3092 2576 niam
3123 2523 3410 2578 comeditis

2945 2593 3137 2664 domos
3165 2595 3482 2664 viduarum,

2948 2662 3026 2736 (ὁ)
3064 2668 3394 2720 occansione

2947 2735 3109 2806 longa
3135 2736 3175 2806 ἦ·
3202 2744 3425 2793 orantes
3450 2756 3466 2792 :

2943 2818 3169 2876 propter
3210 2808 3311 2864 hoc

2943 2879 3228 2948 accipietis
3257 2894 3374 2933 am-

2943 2951 3087 3018 plius
3119 2949 3411 3019 judicium.

2945 3019 3037 3075 15.
3061 3020 3172 3075 Vae
3197 3022 3353 3076 vobis
3368 3021 3598 3078 Scribae

2944 3100 3000 3146 et
3027 3091 3268 3164 Farisaei
3302 3093 3408 3164 hy-

2945 3163 3218 3234 pocritae:
3253 3163 3379 3234 quia

2943 3233 3183 3288 circuitis
3217 3233 3370 3290 mare

2944 3312 3002 3359 et
3030 3304 3260 3372 aridam,
3293 3316 3353 3362 ut

2945 3375 3156 3432 faciatis
3189 3393 3354 3434 unum
3386 3393 3514 3449 pro;

2574 3487 2806 3545 CODEX
2848 3486 3246 3546 BRIXIANUS.

2099 3581 2396 3638 secundum
2464 3595 2628 3652 opera
2675 3595 2806 3636 vero
2853 3596 3066 3635 eorum.
3129 3583 3300 3638 nolite
3361 3582 3556 3638 facere.
3628 3584 3712 3638 di-

2097 3664 2228 3708 cunt
2277 3655 2446 3708 enim.
2506 3651 2567 3707 et
2611 3667 2719 3706 non
2782 3653 3005 3706 faciunt.
3059 3651 3301 3724 Alligant
3347 3655 3485 3709 enim
3537 3668 3708 3709 onera

2093 3725 2298 3794 gravia.
2336 3736 2389 3778 et
2441 3723 2810 3789 inportabilia.
2858 3732 2914 3777 et
2955 3723 3224 3793 inponunt
3270 3741 3436 3795 super
3482 3740 3706 3781 umeros

2099 3797 2400 3850 hominum.
2457 3795 2624 3865 digito
2672 3806 2853 3865 autem
2919 3809 3041 3849 suo.
3095 3798 3289 3852 nolunt
3337 3813 3398 3851 ea
3462 3812 3704 3853 movere.

2095 3865 2290 3922 Omnia
2315 3881 2441 3920 vero
2470 3864 2637 3933 opera
2664 3881 2760 3919 sua
2785 3864 3011 3920 faciunt.
3039 3876 3095 3920 nt
3123 3868 3414 3923 videantur
3436 3869 3505 3921 ab
3525 3868 3704 3922 immi-

2095 3939 2275 3994 nibus.
2309 3938 2539 3992 dilatant
2568 3938 2712 3991 enim
2745 3937 3080 4006 phylacteria
3111 3954 3228 3992 sua.
3260 3949 3316 3994 et
3349 3941 3710 4010 magniﬁcam

2095 4010 2338 4064 ﬁmbrias
2358 4013 2808 4081 vestimentorum
2837 4023 3103 4081 suorum.
3135 4010 3334 4066 Amant
3379 4022 3562 4065 autem
3595 4012 3709 4081 pri-

2094 4098 2214 4136 mos
2275 4079 2576 4134 discubitus
2627 4081 2678 4133 in
2727 4080 2896 4134 cenis.
2957 4089 3011 4135 et
3062 4082 3263 4150 primas
3311 4079 3608 4141 cathedras
3653 4083 3708 4136 in

2101 3320 2242 3360 unus
2273 3315 2362 3360 est

2102 3376 2248 3431 enim
2277 3376 2438 3432 Pater

2040 4205 2044 4210 ,
2092 4152 2404 4224 synagogis.
2447 4162 2522 4224 _et
2578 4151 2934 4224 salutationes
2985 4151 3036 4205 in
3092 4151 3230 4205 foro.
3297 4163 3354 4208 et
3397 4155 3580 4208 vocari
3637 4153 3708 4208 ab

2094 4221 2404 4277 hominibus
2446 4221 2638 4278 Rabhi.
2698 4221 2808 4277 Vos
2845 4233 3029 4277 autem
3075 4224 3240 4279 nolite
3280 4225 3461 4279 vocari
3510 4224 3703 4280 Rabbi.

2095 4294 2250 4350 Unus
2292 4304 2376 4348 est
2427 4296 2572 4348 enim
2613 4295 2864 4363 Magister
2903 4305 3104 4349 vester.
3155 4311 3346 4351 omnes
3397 4306 3576 4350 autem
3607 4310 3708 4351 vos

2095 4365 2295 4421 fratres
2343 4367 2496 4420 estis.
2553 4365 2623 4419 Et
2673 4377 2902 4434 patrem.
2963 4365 3130 4420 nolite
3160 4367 3315 4422 vobis
3359 4381 3562 4422 vocare
3617 4382 3712 4421 su-

2098 4453 2196 4506 pur
2225 4450 2448 4508 terrain.
2489 4451 2628 4491 unus
2657 4447 2739 4491 est
2767 4437 2912 4491 enim
2947 4437 3109 4491 Pater
3141 4451 3342 4493 vester.
3369 4440 3461 4508 qui
3499 4438 3551 4491 in
3585 4452 3710 4492 cae—

2101 4509 2170 4562 lis
2218 4516 2318 4563 εει.
2381 4506 2569 4576 Neque
2621 4509 2888 4562 vocemini
2945 4509 3186 4578 magistri
3238 4506 3506 4564 unus—est
3556 4510 3706 4564 enim

2099 4579 2358 4650 Magister
2383 4591 2565 4650 vester
2596 4579 2865 4632 Christus.
2925 4578 3029 4646 Qui
3064 4593 3243 4635 autem
3285 4581 3457 4649 major
3486 4591 3572 4635 est
3613 4596 3711 4636 ve-

2100 4664 2294 4705 strum.
2327 4649 2430 4705 erit
2464 4659 2644 4704 vester
2677 4650 2945 4704 minister.
2996 4650 3100 4715 Qui
3129 4660 3310 4706 autem
3343 4667 3402 4707 se
3429 4653 3710 4706 exaltave-

2099 4723 2172 4776 rit
2204 4721 2595 4776 humiliahitur.
2630 4731 2684 4774 et
2715 4721 2804 4790 qui
2837 4735 2896 4775 se
2930 4721 3316 4778 lutmiliaverit.
3349 4723 3704 4778 exaltabitur.

2099 4793 2214 4866 Vae
2243 4801 2432 4866 autem
2455 4792 2629 4845 vobis.
2655 4791 2854 4866 AS-cribe
2883 4802 2935 4846 et
2966 4792 3239 4866 Pharisaei
3275 4797 3574 4866 hypocrite.
3610 4796 3706 4864 qui

2100 4864 2375 4919 devoratis
2404 4863 2594 4917 domos
2620 4863 2922 4916 viduarum.
2957 4864 3058 4918 sub
3081 4863 3324 4932 (iptentu
3343 4863 3552 4935 prolixe
3579 4863 3711 4920 ora-

2111 4937 2294 4989 tionis.
2338 4945 2619 5003 propterea
2669 4935 2894 4988 sumetis
2933 4936 3226 5004 pluriorem
3270 4938 3706 4992 damnationem.

2111 5005 2223 5061 Vae
2253 5008 2404 5060 vobis
2435 5005 2678 5079 Scribae,
2703 5016 2756 5059 et
2787 5005 3061 5079 Pharisaei
3095 5008 3408 5079 hypocritae
3430 5007 3554 5078 quia
3583 5012 3707 5063 ciu-

2108 5079 2246 5132 detis
2270 5093 2492 5145 regnum
2522 5078 2797 5132 caelorum
2829 5085 2953 5131 ante
2985 5077 3252 5134 homines.
3290 5077 3555 5135 Vosenim
3587 5095 3709 5135 non

2108 5147 2324 5202 intratis
2360 5165 2536 5216 neque
2565 5149 3118 5204 introeuntes.sinitis
3151 5152 3376 5207 intrare.
3407 5150 3520 5206 Vae
3546 5151 3710 5206 vobis

2106 5219 2684 5292 Si-rihaeetPharisaei
2715 5218 3170 5292 hypocritaequia
3197 5223 3435 5291 circuitis
3465 5237 3622 5280 mare
3651 5231 3713 5279 et

2103 5292 2333 5346 aridam.
2363 5300 2418 5346 ut
2447 5290 2656 5347 faciatis
2685 5290 2848 5346 unum
2895 5290 3254 5365 proselytum.

1719 5389 2086 5464 BLANCHINI
2124 5403 2354 5459 ΝΟΤΑς.

465 5533 488 5559 ει
521 5520 747 5574 Versum
789 5514 1055 5581 integrum
1091 5507 1142 5560 in
1171 5503 1397 5575 Vulgata
1429 5509 1614 5581 nostra
1655 5499 1846 5581 Latina
1879 5499 1982 5581 hoc

387 5595 510 5649 loco
538 5569 770 5658 pos—itum
804 5569 1240 5658 nonvagnoscuut
1277 5569 1408 5629 mss.
1439 5571 1610 5658 nostri
1637 5569 1981 5658 codice-spa-

386 5639 1045 5720 tivnivliailic-aiﬁversionis;
1093 5651 1231 5705 sicut
1261 5661 1360 5702 nec
1389 5642 1667 5711 exemplar
1695 5639 1980 5696 Cantabri-

2091 5496 2277 5567 giense
2309 5537 2321 5559 ,
2361 5509 2459 5548 nec
2509 5493 2626 5567 ipse
2685 5493 3071 5567 Hieronymus.
3104 5494 3321 5552 Videsis
3361 5495 3524 5554 Lucae
3561 5499 3707 5555 Bru-

2092 5565 2274 5637 gensis
2303 5569 2576 5637 variantes
2608 5565 3134 5622 lectiones'Latinas
3175 5567 3309 5623 Novi
3361 5572 3702 5636 testamenti,

2091 5635 2146 5692 et
2173 5638 2274 5692 Th.
2305 5635 2571 5726 li-laresch.
2618 5637 2902 5694 Observat.
2931 5639 2981 5693 in
3015 5654 3155 5694 vers.
3188 5635 3701 5714 Angl.Sax.p.499.

453 5775 530 5850 (a)
575 5775 648 5832 lta
675 5781 729 5830 et
760 5781 865 5829 tex.
906 5769 1000 5827 Gr.
1033 5775 1121 5829 τήν
1142 5766 1540 5845 πρωτοκλισίαν.
1567 5789 1635 5841 -τ
1656 5757 1734 5832 (b)
1759 5757 1836 5817 Ita
1863 5768 1920 5816 et
1942 5767 1983 5814 ιι

2096 5756 2174 5813 Gr.
2201 5759 2452 5834 προφάσει
2480 5763 2678 5832 μακρᾷ.
