4048 6188
321 335 434 395 305

719 458 949 516 CODEX
990 456 1533 517 VERCELLENSIS.

316 549 599 622 occidistis
1159 552 1367 622 templi.

318 621 465 677 inter
494 634 626 678 tem-
1159 625 1213 680 2.
1240 666 1252 679 .
1274 621 1288 678 ζ
1311 666 1323 677 .
1352 664 1398 678 ..
1440 638 1467 677 s
1508 662 1521 675 .
1549 662 1561 674 .
1591 629 1772 677 autem
1807 634 1924 676 res-

317 693 469 759 plum
500 706 553 749 et
579 695 709 748 alta—
1162 738 1175 749 .
1224 737 1235 749 .
1278 696 1483 750 ondens
1513 694 1596 748 di-

1157 768 1235 822 xit
1260 766 1364 822 illis
1390 784 1402 819 :
1435 765 1594 821 Vide-

1159 840 1228 892 tis
1261 840 1392 892 haec
1422 851 1538 890 om-

1160 910 1284 964 nia?
1314 911 1484 963 Amen
1515 908 1595 962 di-

1160 996 1225 1035 co
1248 980 1400 1035 vobis
1418 1020 1431 1044 ,
1463 978 1608 1049 quod

317 765 410 819 36.
446 780 522 819 re.
554 768 720 822 Amen

320 836 445 891 dico
468 836 619 892 vobis
636 878 651 905 ,

315 909 536 963 venient
568 909 699 965 haec

318 979 497 1033 omnia
530 994 693 1051 super

314 1066 452 1121 gene
496 1092 508 1104 .
557 1094 569 1105 .
614 1094 629 1105 .
672 1054 751 1109 io—
1161 1068 1267 1106 non
1296 1051 1460 1105 relin-

317 1138 386 1176 ne
421 1164 434 1175 .
481 1164 492 1175 .
539 1124 719 1179 istam.
1160 1122 1462 1193 queturhic

316 1194 407 1247 37.
452 1193 788 1253 Hierusalem
804 1240 817 1263 ,
1162 1191 1296 1265 lapis
1327 1208 1495 1265 super
1520 1191 1598 1245 la-

321 1265 657 1321 llierusalem
675 1310 691 1334 ,
1162 1266 1340 1334 pidem
1365 1308 1380 1334 ,
1415 1264 1503 1334 qui

313 1352 455 1406 quae
489 1337 692 1393 occidis
1161 1352 1266 1392 non
1295 1336 1328 1390 d
1373 1377 1385 1390 .
1432 1374 1445 1388 .
1491 1375 1503 1387 .
1549 1342 1661 1388 tru-

354 1408 554 1463 rofetas
576 1452 590 1475 ,
623 1420 679 1464 et
1160 1419 1301 1462 atur.

337 1480 523 1548 apidas
560 1495 658 1537 eos
1158 1479 1211 1533 3.
1257 1477 1398 1535 Sede
1455 1518 1468 1530 .
1514 1518 1527 1529 .
1573 1520 1583 1531 .
1632 1518 1645 1530 .
1692 1514 1706 1530 .
1751 1516 1765 1530 .

310 1552 490 1621 quiad
520 1562 571 1608 te
597 1553 726 1607 mis-
1158 1559 1287 1605 tem.
1335 1592 1347 1604 .
1394 1592 1406 1603 .
1455 1592 1469 1605 .
1514 1588 1527 1603 .
1576 1590 1588 1602 .
1633 1588 1647 1603 .

306 1625 707 1693 sisunt,quo-
1156 1637 1690 1693 perm......

308 1696 451 1749 tiens
478 1692 605 1749 volu
643 1734 661 1750 .
708 1737 719 1749 .
1154 1692 1307 1749 Olive
1348 1733 1361 1747 .
1406 1734 1419 1747 .
1465 1730 1481 1746 .
1520 1705 1670 1746 cces-

308 1781 611 1837 congrega-
1154 1774 1362 1820 serunt.
1407 1807 1420 1820 .
1466 1800 1482 1818 .
1512 1762 1545 1817 d
1574 1777 1699 1817 eum

305 1851 371 1891 re
403 1838 586 1892 liliost
628 1879 640 1893 .
685 1878 701 1895 .
740 1871 767 1883 -
1156 1837 1361 1906 discipn
1406 1876 1417 1888 .
1464 1875 1479 1890 .
1522 1873 1538 1889 .
1584 1873 1597 1887 .
1641 1848 1699 1888 e-

304 1910 865 1975 os,sicutg...-
1154 1907 1840 1971 creto,d.....en-

1154 1979 1492 2033 teszbicno
1535 2019 1547 2030 .
1595 2018 1606 2029 .
1648 1992 1712 2043 s,

306 1979 418 2033 lina
449 1994 587 2038 cong
630 2022 642 2036 .
689 2024 702 2035 .
750 2023 764 2038 .
805 2015 829 2023 -

554 1997 829 2052 g...-
1155 1997 1606 2033 tes:mcno..

554 2070 844 2109 )S...-
1152 2049 1647 2121 quando...ec

301 2061 394 2120 gat
422 2052 598 2121 pullos
640 2092 654 2106 .

304 2117 373 2176 os
398 2117 500 2177 sub
527 2124 642 2179 alas
1152 2117 1348 2177 erunt?
1374 2136 1404 2176 e
1446 2160 1458 2174 .
1505 2161 1517 2173 .
1566 2159 1578 2171 .
1618 2117 1689 2174 od

375 2198 951 2262 .uas,etnol..-
1150 2193 1657 2263 signum.....

307 2266 776 2324 is.......
1152 2274 1522 2320 ventus...

308 2336 405 2391 ⁸58.
448 2339 662 2409 relinqu
704 2379 718 2393 .
764 2380 777 2395 .
825 2384 897 2397 ..
1156 2345 1211 2390 et
1237 2351 1338 2391 con
1382 2375 1398 2390 .
1441 2372 1455 2388 .
1500 2372 1515 2386 .
1559 2372 1573 2387 .
1619 2372 1633 2385 .

308 2409 738 2468 vobisdo...
1158 2409 1676 2462 matio......

313 2492 493 2536 vestra
521 2482 619 2537 de-
1155 2494 1316 2534 saecu
1362 2519 1374 2531 .
1421 2519 1433 2531 .
1478 2521 1490 2532 .
1539 2518 1551 2529 .
1599 2516 1613 2529 .
1660 2519 1673 2530 .

311 2563 480 2606 serta.
1156 2552 1211 2604 4.
1254 2550 1323 2604 Ει
1349 2548 1683 2619 respondens

1156 2620 1346 2687 Jesus,
1378 2618 1514 2673 dixit
1542 2637 1553 2673 :
1582 2618 1671 2671 Vi-

1158 2692 1283 2747 dete
1318 2707 1385 2745 ne
1412 2692 1533 2760 quis

1158 2778 1255 2818 vos
1286 2761 1508 2817 seducat

1159 2836 1269 2889 ullo
1298 2835 1481 2889 modo.

312 2623 411 2678 '59.
453 2624 587 2679 Dico
611 2634 788 2682 autem
819 2642 921 2685 vo-.

313 2694 434 2761 bis,
464 2697 541 2768 (b)
566 2698 693 2766 quia
718 2698 757 2770 -ι-
782 2714 885 2755 non

314 2780 408 2819 me
448 2806 462 2819 .
510 2808 521 2819 .
574 2807 589 2820 .
635 2806 650 2821 .
692 2770 811 2825 bitis

314 2839 513 2893 amodo
532 2882 547 2905 ,
580 2838 752 2896 donec

314 2904 541 2989 dicatis:
589 2952 602 2963 .
648 2952 660 2964 .
706 2912 1083 2989 pedictus,qui
1158 2906 1212 2961 5.
1245 2904 1561 2989 hlulti'enim

318 2982 471 3036 venit
496 2983 547 3036 in
576 2983 749 3038 nomi-
1011 2982 1026 2986 '
1159 2982 1379 3033 venient
1408 2982 1460 3031 in

316 3066 390 3107 ne
417 3054 648 3109 Domini.
1158 3064 1285 3104 nom
1329 3089 1342 3102 .
1388 3090 1401 3102 .
1454 3089 1465 3101 .
1512 3088 1526 3103 .
1566 3059 1653 3113 eo,
1687 3042 1871 3100 dicen-

1162 3132 1284 3176 tes:
1328 3162 1340 3174 .
1387 3162 1402 3175 .
1446 3160 1460 3174 .
1507 3159 1520 3172 .
1564 3133 1682 3173 sutn

1160 3192 1445 3247 Christus:
1474 3205 1504 3246 e
1546 3228 1561 3243 .
1607 3231 1619 3243 .
1665 3186 1863 3242 multos

1160 3264 1443 3318 seducunt.

1163 3334 1215 3389 6.
1259 3335 1555 3389 Audientes

1161 3414 1341 3462 autem
1375 3420 1531 3476 proe-

472 3164 703 3222 CAPUT
731 3166 925 3225 XXIV.

318 3260 373 3314 1.
416 3258 486 3313 Et
505 3274 756 3329 egressus
782 3262 943 3319 Jesus

316 3332 389 3385 de
430 3332 631 3402 templo
651 3374 665 3397 ,
695 3333 823 3388 ibat.

319 3403 389 3457 Et
417 3415 770 3459 accesserunt

318 3473 568 3546 discipuli
601 3475 717 3544 ejus
1162 3478 1263 3545 lia,
1312 3520 1321 3531 .
1370 3473 1391 3533 ξ
1428 3475 1676 3546 topinio—

318 3545 391 3599 ad
420 3561 540 3619 cum
564 3588 578 3611 ,
608 3556 669 3601 ut
696 3560 783 3602 os-
1166 3566 1260 3605 nes
1292 3545 1522 3619 proelio;

324 3617 609 3672 tenderent
1164 3637 1191 3675 r
1231 3662 1243 3675 .
1292 3617 1306 3674 ζ
1348 3637 1399 3675 In
1445 3660 1459 3674 .
1502 3618 1693 3674 Videte

1245 3735 1256 3746 .
1303 3734 1315 3747 .
1359 3691 1615 3747 turbemi-

759 3831 988 3887 CODEX
1026 3831 1497 3889 CORBEIENSIS.

327 3923 605 3978 occidistis
632 3923 775 3978 inter
809 3925 1065 3995 templum
1093 3935 1148 3979 et
1174 3926 1364 3978 altare.
1399 3928 1566 3977 Amen
1589 3922 1711 3977 dico
1739 3922 1926 3988 Vobis,

325 3998 547 4049 venient
580 3995 717 4049 haec
744 3997 924 4049 omnia
954 4012 1116 4066 super
1144 3997 1545 4066 generationem
1579 3995 1753 4066 istam.

406 4066 574 4119 XXV.
605 4066 909 4122 Jerusalem
934 4109 947 4132 ,
977 4065 1310 4129 Jerusalem,
1341 4081 1477 4135 quae
1510 4067 1525 4095 ¹
1564 4065 1765 4119 occidis
1805 4080 1929 4133 pro-

333 4139 554 4208 phetas,
586 4147 638 4191 et
670 4137 876 4206 lapidas
903 4154 997 4193 eos
1036 4141 1125 4207 qui
1154 4138 1220 4193 ad
1253 4148 1304 4191 te
1341 4138 1489 4190 missi
1533 4146 1685 4202 sunt,
1717 4138 1929 4208 quoties

335 4206 480 4262 i-nlni
510 4225 841 4277 congregare
890 4212 1027 4263 illius
1058 4206 1176 4263 tnns
1202 4253 1215 4273 ,
1248 4208 1700 4277 quemadmodum
1732 4206 1927 4275 gallina

337 4292 631 4350 ctnigregat
669 4282 841 4349 pullos
878 4298 1009 4335 suos
1049 4283 1148 4335 sub
1176 4282 1327 4334 :ilas‘
1352 4322 1365 4345 ,
1396 4290 1449 4332 et
1494 4281 1750 4332 noluisti?
1791 4279 1932 4332 Ecce

338 4354 673 4421 relinquetur
708 4352 861 4405 Vobis
904 4353 1096 4406 domus
1127 4362 1300 4406 vestra
1344 4354 1578 4404 deserta.
1615 4350 1741 4403 Dic.)
1788 4351 1932 4403 enim

339 4420 522 4487 vobis,
552 4440 657 4476 non
685 4438 770 4476 me
796 4425 1043 4477 videbitis
1075 4426 1292 4487 antodo,
1324 4423 1495 4476 donec
1521 4422 1742 4476 dicatis:
1768 4420 1936 4475 Bene—

340 4496 545 4553 dictus.
570 4495 664 4561 qui
700 4495 845 4547 venit
869 4496 920 4547 in
951 4497 1167 4549 nomine
1197 4494 1427 4547 Domini.
1464 4493 1531 4545 Et
1570 4506 1823 4561 egressus
1850 4490 1939 4545 Je-

339 4582 433 4619 sns
476 4568 539 4618 de
573 4566 775 4636 templo
798 4608 811 4629 ,
847 4567 977 4620 ibat.
1010 4567 1075 4619 lit
1118 4574 1461 4620 accesserunt
1490 4563 1740 4636 discipuli
1784 4563 1900 4632 ejus
1922 4603 1937 4622 .

344 4647 400 4690 ut
426 4638 445 4665 ³
475 4635 785 4690 ostenderet
808 4638 886 4690 ris
917 4638 1345 4691 aediﬁcationem
1376 4635 1581 4703 templi.
1618 4636 1734 4703 Ipse
1761 4644 1940 4687 autem

341 4709 681 4778 respondens
724 4710 859 4761 dixit
907 4708 1050 4763 illis:
1083 4708 1291 4762 Videtis
1330 4708 1463 4761 haec
1504 4707 1722 4759 omnia?
1768 4706 1940 4778 Amen

343 4777 465 4832 dico
495 4780 679 4843 vobis,
710 4795 814 4833 non
846 4780 1180 4848 relinquetur
1208 4779 1294 4832 hic
1322 4778 1459 4845 lapis
1484 4792 1647 4846 super
1678 4777 1941 4845 lapidem,

343 4853 437 4919 qui
464 4867 567 4905 non
593 4855 922 4905 destruatur.
949 4851 1184 4905 Sedcnte
1214 4861 1393 4904 autem
1419 4862 1484 4902 eo
1512 4862 1673 4916 super
1704 4856 1942 4919 montem

346 4918 581 4987 ()iivcti,
617 4932 971 4977 accesserunt
1023 4922 1086 4975 ad
1133 4937 1254 4977 eum
1297 4920 1544 4987 discipuli
1594 4927 1837 4981 secreto,
1866 4918 1949 4970 di-

348 5003 535 5047 centes
562 5012 573 5046 :
613 4994 706 5047 Dic
744 4995 927 5058 nobis,
959 4993 1176 5063 quando
1206 4994 1339 5046 haec
1368 4990 1560 5063 erunt?
1587 4999 1641 5043 et
1670 4988 1948 5063 quodsig-

350 5082 479 5119 num
519 5065 782 5119 adventus
830 5065 937 5130 tui,
976 5058 1039 5118 et
1078 5061 1559 5118 consummationis
1595 5058 1833 5114 saeculi?
1880 5059 1948 5113 Et

350 5138 692 5203 respondens
740 5135 897 5191 Jesus
925 5177 939 5198 ,
980 5137 1120 5189 dixit
1169 5137 1249 5190 eis
1288 5154 1301 5189 :
1343 5131 1535 5188 Videte
1581 5147 1647 5185 ne
1685 5132 1806 5200 quis
1852 5145 1947 5184 vos

353 5202 597 5261 seducat.
628 5207 775 5262 Multi
805 5208 948 5260 enim
980 5209 1197 5263 venient
1228 5206 1283 5260 in
1320 5205 1537 5258 nomine
1566 5216 1688 5257 meo
1710 5244 1726 5267 ,
1766 5202 1952 5257 dicen-

356 5290 481 5333 tes:
517 5277 630 5349 Ego
674 5293 793 5332 sum
835 5277 1124 5332 Christus:
1156 5287 1211 5333 et
1241 5278 1439 5349 multos
1475 5273 1953 5349 seducent.,Audi-

358 5349 469 5421 turi
495 5350 513 5378 ⁸
543 5346 724 5404 autem
767 5350 898 5403 estis
924 5350 1128 5421 proelia
1149 5391 1166 5417 ,
1206 5356 1261 5403 et
1288 5347 1573 5418 opiniones
1600 5346 1948 5415 proeliorum.

357 5420 555 5477 Videte
581 5437 649 5477 ne
692 5420 951 5477 turbemi-

321 3689 373 3743 ei
405 3699 731 3744 structuram
1164 3708 1197 3747 n

1293 339 1744 399 EVANGELIUM
1779 337 2151 398 SECUNDUM
2190 339 2624 398 MATTIIEUM.

3521 341 3628 398 306

2464 454 2698 514 CODEX
2740 456 3194 514 VERONENSIS.

2025 545 2305 603 occidistis
2336 548 2477 604 inter
2869 560 2926 604 ut
2952 551 3309 607 ostenderent

2025 619 2289 688 templum
2314 629 2369 675 et
2867 624 2917 676 ei
2948 631 3250 677 structuras

2025 690 2216 764 altare.
2377 762 2388 764 ξ
2865 692 2921 747 2.
2963 694 3170 763 templi.
3201 694 3321 764 lpse

2026 760 2115 835 36.
2140 763 2330 835 _Amen
2355 762 2481 835 dico
2865 774 3045 819 autem
3078 760 3306 835 respon—

2028 832 2211 897 vobis,
2245 834 2462 890 venient
2864 835 3000 890 deus
3027 832 3293 891 dixit'illis
3323 852 3338 902 ;

2028 904 2163 958 haec
2187 906 2366 959 omnia
2868 906 3077 962 Videtis
3100 906 3231 961 haec

2028 988 2193 1043 super
2215 991 2438 1044 genera-
2867 978 3090 1033 omnia?
3118 980 3287 1034 Amen

2030 1047 2229 1100 tionem
2260 1048 2434 1103 istam.
2868 1050 2993 1105 dico
3021 1049 3197 1115 vobis,

2028 1118 2117 1190 377.
2162 1117 2496 1176 Hierusalem
2523 1163 2538 1187 ,
2867 1136 2976 1175 non
3009 1120 3281 1190 relinque-

2030 1189 2366 1260 Hierusalem
2391 1233 2406 1257 ,
2868 1203 2955 1247 tur
2980 1192 3067 1247 hic
3094 1189 3229 1260 lapis

2029 1275 2181 1334 quae
2196 1256 2398 1316 occidis
2867 1280 3034 1334 super
3063 1256 3299 1331 lapidem
3320 1305 3333 1328 ,

2028 1330 2322 1400 prophetas
2337 1374 2352 1399 ,
2385 1342 2440 1389 et

2030 1401 2237 1472 lapidas
2265 1418 2359 1458 eos

2029 1476 2119 1542 qui
2150 1475 2215 1528 ad
2247 1483 2299 1529 te
2329 1475 2477 1531 missi

2028 1556 2155 1599 sunt
2181 1587 2196 1611 ,
2234 1548 2486 1615 quotiens

2028 1617 2177 1670 volui
2206 1632 2465 1688 congrae-

2028 1702 2157 1757 gare
2185 1689 2323 1743 lilios

2870 1338 2961 1405 qui
2986 1352 3094 1390 non
3117 1336 3211 1390 de-

2868 1418 3130 1461 struatur.

2870 1480 2924 1534 5.
2966 1478 3201 1534 Sedeute
3228 1486 3408 1533 autem

2869 1550 2991 1620 ipso
3020 1566 3183 1620 super

2867 1632 3107 1676 montem
3140 1622 3257 1677 Oli-

2867 1694 3001 1759 veli,
3030 1709 3217 1749 acces~

2028 1768 2150 1813 tuos
2171 1802 2185 1826 ,
2216 1776 2403 1830 quem-
2869 1773 3061 1821 serunt
3086 1765 3152 1818 ad

2028 1830 2317 1903 admodum
2867 1852 2991 1891 eum
3016 1835 3269 1903 discipuli

2026 1901 2224 1971 gallina
2254 1918 2383 1958 con-
2867 1917 3099 1972 secreto,
3130 1901 3212 1961 di-

2027 1983 2215 2043 grcgat
2251 1975 2426 2043 pullos
2867 1989 3055 2035 centes
3079 1998 3090 2031 :
3123 1979 3217 2033 Dic

2027 2059 2157 2120 suos
2188 2048 2289 2102 sub
2868 2051 3046 2112 nobis.
3072 2066 3246 2120 quan-

2030 2116 2146 2169 alas
2168 2132 2293 2173 snas
2310 2159 2325 2182 ,

2030 2195 2084 2241 et
2110 2189 2395 2243 noluistis?

2029 2256 2119 2311 58.
2154 2258 2416 2335 _Ecce_(a)
2445 2262 2704 2335 relinqui—

2029 2337 2119 2383 tur
2140 2328 2180 2400 οξ·
2211 2328 2363 2387 vobis
2388 2328 2578 2389 domus

2027 2410 2208 2455 vestra
2238 2402 2471 2458 deserta.

2025 2472 2114 2527 '59.
2161 2472 2289 2527 Dico
2318 2484 2499 2531 autem
2528 2492 2620 2531 vo-

2026 2543 2132 2607 bis,
2169 2541 2245 2613 (b)
2276 2546 2399 2612 quia
2427 2545 2468 2615 -ι-

2868 2123 2938 2177 do
2968 2122 3097 2176 haec
3126 2120 3324 2175 erunt?

2868 2202 2925 2249 et
2950 2194 3093 2263 quod
3124 2194 3338 2261 signum

2867 2266 3133 2319 adventus
3162 2264 3261 2329 tui,

2867 2348 2921 2391 et
2958 2350 3306 2391 consumma-

2865 2408 3030 2461 tionis
3060 2405 3304 2461 saeculi?

2866 2478 2920 2532 4.
2966 2477 3031 2531 Ει
3054 2474 3393 2546 respondens

2866 2548 3047 2615 Jesus,
3081 2548 3220 2602 dixit
3254 2566 3266 2600 :

2026 2627 2134 2665 non
2166 2628 2252 2667 me
2277 2615 2431 2670 vide-
2869 2620 3063 2675 Videte
3088 2634 3157 2674 ne

2025 2683 2156 2737 bitis
2186 2685 2405 2753 amodo,
2868 2692 2991 2753 quis
3020 2705 3117 2745 vos
3143 2705 3229 2746 se-

2026 2753 2201 2809 donec
2228 2757 2419 2813 dicatis
2448 2776 2461 2814 :
2868 2753 3031 2816 ducat
3062 2762 3172 2815 ullo

2025 2824 2356 2898 Benedictus
2377 2871 2393 2898 ,
2866 2832 2922 2887 5.
2964 2832 3149 2888 modo.
3176 2830 3326 2886 Multi

2026 2898 2117 2979 qui
2143 2897 2293 2981 benit
2381 2897 2386 2898 7
2668 2898 2669 2901 “
2867 2909 3011 2981 enim
3040 2905 3265 2981 venient

2027 2976 2080 3022 in
2112 2976 2330 3028 nomine
2868 2976 2925 3032 in
2959 2977 3174 3031 nomine

2029 3038 2264 3098 Domini.
2869 3064 3016 3114 meo,
3046 3047 3292 3102 dicentes
3325 3063 3338 3098 :

2869 3119 2995 3207 ξξβο⁵
3016 3134 3135 3174 sum

2183 3235 2412 3293 CAPUT
2442 3236 2632 3292 xxw.
2870 3190 3182 3317 ,(ξιᾟξῖίξξεῖ
3195 3197 3251 3244 ⁸⁸

2870 3334 3089 3389 ducent.

2871 3407 2925 3460 6.
2969 3404 3265 3461 Audientes

2871 3487 3051 3530 autem
3083 3475 3302 3543 praelia,

2872 3556 2930 3601 et
2960 3547 3244 3617 opiniones

2874 3612 3161 3672 bellorum.
3192 3612 3404 3677 Videte,

2874 3705 2945 3744 ne
2970 3685 3283 3744 turbemini.

2491 3828 2723 3887 CODEX
2761 3830 3159 3889 BRIXIANUS.

2031 3923 2307 3997 occidistis
2365 3924 2505 3979 inter
2570 3927 2829 3997 templum
2878 3937 2930 3981 et
3008 3925 3199 3980 altare.
3260 3923 3431 3977 Amen
3503 3920 3628 3975 dico

2031 3996 2203 4049 vobis.
2262 3997 2387 4064 quia
2447 3996 2842 4054 venient’haec
2907 3999 3109 4051 omnia.
3180 4010 3341 4061 super
3402 4008 3629 4064 genera—

2032 4067 2235 4121 tionem
2283 4063 2469 4121 istam.
2529 4069 2884 4124 Hierusalem.
2944 4068 3281 4123 Hierusalem
3322 4080 3459 4133 quae
3487 4063 3632 4118 occi-

2034 4138 2119 4192 dis
2172 4138 2464 4207 prophetas
2511 4150 2565 4194 et
2613 4140 2818 4209 lapidas
2886 4156 2981 4195 eos
3024 4140 3113 4208 qui
3171 4138 3322 4193 missi
3388 4147 3514 4190 sunt
3563 4135 3629 4209 ad

2037 4219 2111 4263 te.
2159 4206 2408 4278 quotiens
2468 4212 2609 4265 volui
2656 4206 2984 4281 congregare
3024 4206 3161 4264 titius
3199 4206 3632 4281 tuos.gquemad—

2036 4283 2256 4353 modum
2284 4282 2477 4350 gallina
2505 4279 2796 4353 congregat
2824 4279 2996 4351 pullos
3022 4296 3147 4336 suos
3197 4281 3300 4334 sub
3319 4279 3422 4353 alis
3442 4280 3552 4331 suis
3579 4283 3635 4331 et

2040 4351 2279 4417 noluisti.
2299 4353 2436 4407 Ecce
2456 4350 2786 4417 relinquetur
2811 4350 2963 4407 vobis
2977 4353 3169 4405 domus
3186 4359 3364 4405 vestra
3394 4350 3628 4403 deserta.

2044 4423 2175 4495 Dico
2211 4425 2355 4495 enim
2384 4426 2534 4478 vobis
2562 4419 2635 4495 (b)
2663 4427 2789 4494 quia
2818 4426 2859 4495 ἡ·
2890 4440 2995 4477 non
3023 4440 3108 4478 me
3155 4419 3634 4495 videbitisamodo

2042 4494 2443 4549 donecdicatis.
2461 4490 2782 4550 Benedictus
2803 4490 2894 4564 qui
2914 4497 3060 4549 venit
3077 4495 3128 4548 in
3164 4494 3382 4548 nomine
3398 4490 3633 4564 Domini.

2045 4566 2111 4619 Et
2140 4581 2394 4632 egressus
2420 4566 2579 4621 Jesus
2605 4568 2672 4620 de
2714 4558 2916 4634 templo
2940 4566 3070 4619 ibat.
3107 4566 3173 4620 Et
3196 4558 3636 4634 accesseruntad

2048 4630 2435 4705 eumdiscipuli
2450 4638 2566 4707 ejus
2582 4630 3060 4692 utostendercntei
3074 4636 3316 4692 aedilicia
3330 4633 3531 4707 templi.
3548 4630 3638 4684 Je-

2048 4704 2335 4762 snsautem
2355 4704 2491 4762 dixit
2508 4709 2825 4764 eis.Videtis
2850 4710 2980 4763 haec
3003 4709 3203 4765 omnia.
3220 4704 3529 4761 Amendico
3544 4716 3639 4755 vo-

2051 4778 2156 4851 bis.
2196 4794 2301 4833 non
2338 4780 2674 4850 relinquetur
2706 4781 2793 4835 hic.
2821 4782 2954 4851 lapis
2979 4796 3142 4849 super
3167 4777 3395 4845 lapidem
3419 4775 3505 4851 qui
3530 4787 3639 4851 non

2051 4850 2382 4905 destruatur.
2405 4843 2640 4907 Sedente
2675 4863 2852 4907 autem
2876 4843 2951 4907 "eo
2981 4843 3142 4921 super
3170 4843 3405 4921 montem
3423 4843 3639 4921 Oliveti.

2053 4931 2407 4977 accesserunt
2450 4924 2516 4977 ad
2559 4939 2679 4979 eum
2725 4924 2975 4993 discipuli
3004 4917 3213 4993 secreto
3241 4918 3510 4993 dicentes.
3546 4917 3643 4971 Dic

2057 4993 2231 5048 nobis.
2266 4995 2480 5065 quando
2522 4995 2657 5050 haec
2698 4990 2949 5049 erunt'et
2972 4992 3114 5063 quod
3144 4991 3354 5065 signum
3379 4990 3645 5065 adventus

2058 5066 2153 5119 tui.
2204 5076 2264 5120 et.
2284 5060 2724 5122 'consumationis
2755 5060 3077 5119 saeculiIEt
3099 5060 3436 5133 respondens
3465 5060 3641 5116 Jesus.

2058 5138 2193 5191 dixit
2225 5140 2325 5193 eis.
2353 5139 2565 5193 Videte.
2601 5154 2667 5193 ne
2689 5140 2808 5207 quis
2832 5152 2929 5191 vos
2949 5135 3189 5190 seducat.
3218 5133 3369 5190 Multi
3389 5135 3534 5207 enim
3556 5146 3649 5207 ve-

2061 5209 2211 5263 nient
2240 5211 2292 5263 in
2327 5210 2546 5264 nomine
2576 5202 2723 5262 meo:
2748 5210 2992 5263 dicentes
3022 5208 3157 5274 Quia
3190 5223 3289 5277 ego
3321 5220 3439 5258 sum
3467 5202 3651 5277 Chris-

2062 5289 2167 5333 tus.
2193 5288 2247 5334 et
2269 5281 2466 5334 multos
2488 5279 2763 5335 seducent.
2791 5273 3249 5335 Audituri’auten'i
3272 5277 3401 5332 estis
3423 5273 3644 5343 proelia.

2064 5360 2120 5405 et
2145 5352 2430 5422 opiniones
2457 5350 2786 5422 proeliorum
2810 5352 3005 5409 Videte
3028 5367 3098 5408 ne
3126 5348 3456 5406 terreamini.

2033 3405 2085 3457 1.
2128 3402 2194 3457 Ει
2224 3418 2476 3474 egressus

2030 3474 2187 3530 Jesus
2216 3474 2283 3529 de
2312 3484 2447 3529 tem-

2032 3546 2143 3616 plo,
2170 3546 2299 3599 ibat.
2334 3545 2402 3599 Et

2032 3626 2380 3671 accesserunt

2035 3687 2283 3757 discipuli
2314 3686 2451 3757 ejus,

1037 5516 1433 5575 VARIANTES
1472 5513 1863 5572 LECTIONES
1893 5512 2155 5571 CODICIS
2192 5512 2305 5569 MS.
2347 5514 2407 5570 S.
2448 5512 2956 5587 GERMANENSIS.

425 5616 442 5644 ¹
484 5613 713 5663 interficis

426 5679 447 5708 ²
481 5689 611 5736 suas,

2126 5609 2147 5640 ³
2179 5607 2505 5659 ostenderent
2527 5610 2576 5659 ei

2124 5676 2146 5702 ’⁵
2181 5673 2311 5721 enim

1696 5753 2067 5813 BLANCHINI
2104 5752 2338 5811 NOTAE.

441 5852 523 5923 (α)
558 5852 632 5909 Ita
657 5864 712 5911 et
744 5864 852 5911 tex.
881 5853 975 5909 Gr.
1003 5854 1223 5922 ἀφίεται.
1264 5882 1335 5893 -—
1372 5853 1448 5923 (b)
1480 5853 1644 5911 Addit
1667 5854 1806 5924 quia,
1838 5851 1929 5904 eti:

2045 5847 2147 5904 :Od.
2181 5845 2339 5900 Cant.
2370 5846 2469 5903 ὅτι.
