2024 3094
159 152 162 155 ’
189 153 241 182 507

391 208 506 238 CODEX
526 207 798 237 VERCELLENSIS.

195 266 210 296 ῃ
233 278 240 285 .
263 278 269 284 .
293 277 299 284 .
321 261 410 293 portet
424 256 495 296 enirn
614 254 658 296 11.
676 263 728 296 _v_us
744 256 806 296 erit.
821 255 856 284 Et
868 263 947 291 prae-

194 293 212 320 ﬁ
234 314 241 320 .
264 313 270 320 .
294 314 300 320 .
322 290 330 319 ζ
353 313 359 319 .
382 311 389 319 .
413 313 419 318 .
441 291 488 319 sed
509 298 577 325 non—
613 290 748 318 dicabitur
763 291 799 318 E-

194 329 210 367 d
233 348 269 367 ._.
291 336 315 355 m
330 333 370 357 εει
386 327 477 367 liuis._
613 326 768 367 vangelium
790 361 796 367 .

195 365 221 392 7.
242 364 285 391 Ex
308 384 314 390 .
338 384 344 390 .
367 368 424 398 rgel
435 363 507 392 euim
615 363 691 396 regni
708 363 733 389 in
744 363 811 398 iuni-

194 407 228 435 ge
248 420 254 426 .
278 420 284 426 .
308 419 314 426 .
336 398 432 428 adver—
614 397 786 438 versororbe.

194 443 241 463 sus
263 455 270 462 .
292 456 299 462 .
320 441 429 467 entem,
615 437 643 459 in
659 437 781 460 testimo-

195 476 232 499 et.
257 492 263 497 .
287 490 294 497 .
318 491 325 498 .
346 478 411 498 num
614 467 660 495 nio
674 468 801 498 omnibus

195 511 290 534 contra
305 513 367 541 reg-
612 504 739 539 gentibus
747 513 762 541 _:
779 510 806 534 et

614 545 678 567 tunc
693 539 784 568 veniet

612 583 772 602 consumma
778 591 789 596 -

613 611 657 638 15.
679 611 726 637 ιὶο.
748 610 815 641 Cum

613 654 678 681 ergo
691 647 790 674 videri-

616 682 650 708 tis
664 681 822 710 abliomina-

617 717 718 744 lioncm
733 717 780 745 de-

616 753 769 787 solutionis,

618 787 656 823 (b)
669 788 741 823 quod
756 789 856 824 dictum

615 828 657 850 est
672 831 686 850 a
702 824 795 852 Daniel

618 859 759 893 profetam.
775 866 849 889 stan-

619 898 672 921 tem
687 894 707 930 -ξ-
723 896 748 922 in
764 896 824 924 loco

618 936 722 963 sancto,
739 932 784 965 qui
800 932 840 959 le-

616 966 654 1002 git
668 966 806 1002 intellegat
820 978 827 997 :

619 1001 663 1029 16.
685 1005 748 1029 tunc
762 1001 806 1037 qui
819 1004 845 1032 in
859 1004 960 1034 Judae-

618 1044 633 1064 a
650 1041 723 1070 sunt,
738 1037 808 1073 fugi-

618 1077 666 1098 ant
680 1073 705 1099 in
722 1081 799 1101 mon-

619 1107 662 1148 _t7.
684 1108 774 1137 tibus:
790 1115 817 1145 et
830 1112 876 1147 qui

617 1151 644 1170 In
662 1148 742 1178 tecto,
760 1153 813 1177 non

618 1178 767 1207 descendat

617 1214 713 1252 t_o_llet_‘e
727 1215 828 1252 aliquid

195 550 272 573 num,
287 546 314 568 et
329 544 410 569 erunt

196 577 235 614 (a)
256 577 351 609 fames,
367 581 394 604 et
407 580 462 609 ter-

195 621 242 640 rae
257 618 345 640 motus

197 649 224 677 8.
247 656 295 683 per
309 648 366 675 loca
379 655 437 677 om-

196 687 252 712 nia.
269 684 343 711 Haec
357 683 411 710 ini-

197 721 233 748 tia
250 723 313 747 sunt
324 719 372 747 d0-

196 756 297 783 lorum.

197 791 224 818 9.
246 790 322 817 Tunc
337 790 446 823 tradent

198 834 247 853 vos
264 826 290 853 in
306 825 376 852 tribu
383 842 390 845 -

199 862 311 894 latione,
325 866 351 888 et
369 868 416 888 oc-

198 897 288 925 cident
303 904 350 924 vos
368 906 373 923 :

200 938 228 960 et
242 932 319 959 eritis
333 931 396 960 odio

200 968 325 995 omnibus
338 975 404 1002 gen-

201 1005 273 1031 tibus
290 1007 401 1038 propter

200 1046 299 1066 nomen
314 1046 371 1065 me—

201 1075 245 1102 10.
267 1082 321 1101 um.
340 1073 373 1106 Et
384 1078 448 1103 tunc

201 1109 370 1137 scandaliza-

200 1146 302 1173 buntur
316 1145 385 1171 mul-

199 1182 231 1213 ti,
248 1185 275 1208 et
288 1180 407 1210 invicem

200 1225 230 1244 se
242 1217 361 1248 tradent,
374 1219 402 1244 et

200 1252 263 1279 odio
276 1259 305 1279 se
320 1251 404 1280 habe-
618 1250 662 1277 18.
679 1249 713 1278 de
732 1249 813 1281 domo
826 1263 832 1280 :
845 1258 873 1282 et

201 1287 409 1315 bunt'invicem.
618 1285 663 1320 qui
676 1285 703 1313 in
719 1294 794 1321 agro,

204 1324 248 1350 11.
270 1322 305 1359 Et
318 1323 395 1350 multi
409 1330 492 1359 psep-
581 1347 584 1349 _
619 1328 672 1348 non
691 1330 782 1359 rever-

204 1356 365 1393 doprol‘etae
409 1356 420 1359 ’
472 1356 475 1358 ’
619 1361 690 1384 tatur
700 1358 777 1385 tolle-

201 1398 359 1427 exsurgent,
619 1401 648 1421 re
665 1394 782 1420 tunicam

202 1434 230 1457 et
243 1429 373 1456 seducent
618 1436 706 1456 suam.

203 1465 248 1502 12.
270 1464 379 1502 multos.
397 1465 430 1493 Et
443 1472 511 1502 quo-

201 1501 274 1527 niam
291 1499 376 1527 abun-

204 1536 250 1563 dat
261 1536 400 1569 iniquitas,

620 1465 664 1492 19.
682 1464 737 1502 Vae
750 1470 841 1493 autem
853 1472 948 1502 praeg-

620 1500 747 1527 nantibus
758 1507 785 1529 et

620 1535 783 1564 lactantibus

204 1571 379 1605 refrigescet
621 1572 647 1598 in
665 1572 717 1599 illis
734 1572 840 1600 diebus.

202 1604 298 1634 carita.
322 1627 328 1633 .
350 1604 419 1634 m'ul-
619 1607 665 1634 20.
681 1607 763 1635 Orate
777 1612 868 1636 autem

205 1644 249 1670 15.
271 1648 307 1669 to.
331 1664 337 1670 .
362 1665 366 1670 .
391 1663 397 1670 .
421 1663 427 1669 .
449 1643 475 1669 ui
620 1648 649 1670 ut
661 1651 713 1670 non
726 1643 823 1671 tiatl'u-

203 1686 229 1705 a.
253 1699 259 1705 .
283 1699 289 1705 .
311 1687 335 1705 m
352 1687 394 1705 ΓΘ·
618 1686 649 1713 gi!
665 1684 754 1706 vestra

205 1715 335 1741 manserit
350 1715 375 1741 in
620 1714 719 1748 hieme,
735 1715 775 1742 vel
791 1714 853 1745 sab-

206 1749 298 1783 tinem,
312 1751 355 1777 hic
371 1749 421 1785 sal-
618 1750 663 1777 2-1.
682 1750 754 1777 bato.
772 1750 829 1778 Erit
841 1750 913 1787 enim

415 1796 532 1828 CODEX
550 1796 786 1826 CORBElENSIS.

205 1843 240 1869 ni.
257 1843 370 1878 Oportet
389 1844 460 1870 enim
481 1844 547 1870 haec
569 1844 626 1871 ﬁeri
639 1865 646 1877 ,
668 1844 715 1870 sed
731 1843 849 1871 nondum
868 1847 909 1870 est
929 1843 1002 1870 ﬂuis.

204 1878 355 1912 Cousurget
381 1878 455 1905 enim
484 1887 550 1914 gens
575 1880 600 1906 in
633 1884 757 1914 gentem,
787 1885 815 1906 et
839 1887 952 1913 regnum
978 1880 1004 1906 in

205 1921 317 1947 regnum
333 1934 339 1942 .
355 1919 382 1940 et
397 1919 477 1940 eruut
494 1915 666 1948 pestilentiae
679 1936 686 1946 ,
708 1920 734 1942 et
769 1914 853 1941 fames
866 1934 874 1945 .
899 1920 927 1940 et
953 1919 1007 1941 Ier-

204 1954 342 1977 raemotus
358 1956 411 2011 per
433 1950 501 1979 loca.
534 1949 605 1977 Haec
624 1956 714 1977 autem
742 1951 831 1977 omnia
849 1950 924 1976 initia
943 1954 1008 1976 sunt

204 1984 338 2011 dolorum.
382 1992 433 2011 unc
463 1984 568 2011 tradent
594 1993 642 2011 vos
674 1986 700 2011 in
728 1985 930 2011 tribulationem
948 2005 955 2011 .
981 1989 1008 2011 et

204 1984 338 2011 dolorum.
358 1984 433 2012 Tune
463 1984 568 2012 tradent
594 1993 642 2013 vos
674 1986 700 2012 in
728 1985 930 2013 tribulationem
948 2005 955 2015 .
981 1989 1009 2012 et

205 2019 329 2047 occident
363 2026 436 2047 vos:
464 2024 492 2047 et
524 2021 601 2048 eritis
628 2022 690 2048 odio
727 2021 853 2048 Omnibus
884 2021 1009 2055 gentibus

205 2059 317 2089 propter
347 2062 446 2084 nomen
477 2063 576 2085 meum.
604 2055 639 2083 Et
663 2061 725 2083 tunc
753 2056 1007 2085 scaudalizabuutur

206 2090 294 2122 multi,
318 2096 346 2118 et
372 2090 489 2118 invicem
518 2091 635 2126 tradent,
654 2097 680 2119 et
711 2091 773 2119 odio
801 2092 940 2121 habebunt
963 2092 1006 2119 in-

205 2126 302 2152 vicem.
327 2125 359 2153 Et
374 2126 453 2154 multi
477 2127 732 2162 pseudopmphetae
745 2132 868 2161 surgent,
884 2132 911 2155 et
925 2128 1008 2155 sedu-

205 2167 268 2189 cent
291 2162 401 2189 multos.
423 2162 458 2190 Et
470 2161 597 2196 quoniam
608 2163 754 2190 abundavit
771 2163 912 2197 iniquitas,
923 2164 1006 2197 retri-

205 2202 297 2231 gescet
309 2197 430 2234 rcltaritas
453 2198 609 2234 multorum.
624 2198 674 2232 Qui
687 2204 776 2226 autem
791 2199 1006 2233 perseveraverit

206 2240 292 2269 usque
308 2233 333 2259 in
343 2232 439 2269 tinem,
455 2232 498 2260 hic
512 2232 605 2263 salvus
618 2236 680 2262 erit.
696 2235 727 2262 Iit
738 2232 939 2269 praedicabitur
955 2235 1006 2262 hoc

207 2268 214 2290 -‘
230 2268 406 2303 Evattgelium
425 2269 499 2303 regni
515 2269 542 2296 in
556 2271 683 2297 universo
695 2268 770 2301 orbe,
782 2271 809 2297 in
822 2270 1006 2297 testimonium

205 2304 332 2331 omnibus
355 2304 480 2338 gentibus
504 2313 510 2330 :
541 2310 567 2332 et
582 2312 645 2333 tunc
661 2306 671 2321 ¹
687 2306 775 2333 veniet
795 2306 1004 2333 consummatio.

205 2341 383 2375 Quumrergo
409 2339 531 2375 videritis
555 2341 785 2369 abominatimiem
810 2341 1005 2375 desolationis,

206 2383 274 2410 quae
296 2374 366 2402 dicta
391 2380 433 2402 est
453 2382 467 2402 a
485 2374 598 2403 Dauielo
613 2377 754 2410 propheta,
771 2381 888 2404 stantem
904 2379 930 2404 in
945 2377 1006 2404 loco

207 2416 311 2447 salicto,
327 2412 373 2447 qui
386 2411 451 2445 legit
466 2410 598 2446 intelligat
613 2420 620 2438 ι
638 2416 701 2439 tunc
714 2412 759 2447 qui
777 2413 803 2439 in
816 2412 916 2440 Iudaea
931 2417 1003 2444 Sunt,

207 2444 309 2479 fugiant
321 2444 353 2482 ad
366 2444 491 2475 montes:
505 2452 533 2474 et
545 2444 590 2482 qui
614 2447 639 2474 in
654 2444 735 2478 tecto,
752 2455 804 2475 non
818 2448 828 2463 ³
839 2448 1006 2475 descendant

209 2481 303 2507 tollere
317 2481 418 2515 aliquid
433 2482 468 2514 de
483 2481 565 2511 dmno
576 2490 640 2510 sua:
657 2487 684 2510 et
694 2482 740 2517 qui
753 2484 778 2510 in
793 2490 859 2517 agro
870 2503 878 2515 ,
896 2491 948 2510 non
963 2491 1007 2510 re—

207 2519 328 2554 vertatur
345 2518 440 2554 tollere
451 2519 570 2547 tunicam
587 2527 673 2546 suam.
683 2518 738 2547 Vae
751 2523 840 2546 autem
856 2526 1007 2554 praegnan-

207 2552 320 2590 tibusﬂet
337 2552 522 2590 _t_iutrientibus
538 2555 565 2582 in
583 2555 635 2583 illis
647 2555 753 2590 diebus.
777 2552 963 2583 Orate—autem
978 2559 1007 2581 ut

206 2594 260 2616 non
275 2586 322 2615 ﬁat
336 2587 398 2622 fuga
413 2592 503 2617 vestra
517 2589 624 2625 hyeme,
641 2586 684 2619 vel
698 2591 841 2619 sabbatho.
864 2590 921 2618 Erit
932 2591 1004 2618 enim

460 151 596 180 EUSEBII
615 150 784 179 VERCELL.
808 150 1033 183 EVANGELIUM
1052 150 1124 180 CUM
1147 149 1259 181 VARI“
1277 149 1356 178 COD.
1376 149 1573 180 COLLATUM.

1791 149 1845 179 508

1262 208 1380 237 ωδεχ
1403 194 1628 237 veuomcusis.

1461 256 1552 283 salvus
1563 255 1625 282 erit.

1462 291 1506 319 M.
1523 291 1555 318 Et
1570 289 1743 326 praedicabi-

1463 332 1505 354 tur
1519 327 1570 353 hoc
1586 327 1674 353 Evan-

1461 363 1562 403 geliutn
1576 362 1652 396 regni

1463 407 1488 426 111
1506 405 1632 425 ιιιιινρτεο

1461 434 1529 461 orbe
1544 439 1628 460 terra-

1462 478 1534 501 rum,
1551 469 1577 495 in
1596 468 1670 496 testi-

1464 505 1584 533 monium
1599 512 1658 531 om-

1466 541 1546 568 nibus
1562 540 1687 575 gentibus
1700 548 1706 567 :

1044 256 1158 290 Oportet
1171 255 1243 283 enim

1044 292 1104 320 ﬁeri
1120 291 1198 323 haec,
1214 291 1262 318 sed

1045 328 1165 355 nondum
1180 332 1222 354 est
1233 327 1305 354 ﬁnis.

1045 363 1070 390 7.
1092 363 1215 397 Insurget
1225 363 1297 391 enim

1043 406 1110 434 gens
1126 405 1222 426 contra

1043 439 1165 469 gentem,

1044 476 1071 497 et
1085 477 1197 504 regnum

1044 510 1138 533 contra
1160 512 1284 540 regnum,

1044 545 1072 569 et
1085 545 1164 568 erunt
1180 541 1219 576 (α)

1044 576 1140 609 fames,
1156 581 1183 603 et
1466 581 1494 604 et
1508 581 1571 603 tunc
1587 584 1634 603 ve-

1045 616 1209 639 terremotus
1467 612 1524 639 niet
1537 618 1663 639 consum—

1045 655 1094 682 per
1106 648 1165 675 loca
1466 648 1560 675 matio.

1046 684 1074 711 8.
1089 683 1191 710 omnia.
1208 682 1281 710 Haec
1467 683 1512 711 15.
1533 683 1601 711 Cum
1611 689 1678 718 ergo

1045 718 1120 746 initia
1137 723 1200 749 sunt
1465 718 1588 746 videritis

1046 754 1184 781 dolorum.
1467 755 1697 782 abnminationem

1046 790 1074 818 9.
1092 790 1167 817 Tunc
1182 789 1290 820 tradent
1466 790 1654 822 desolationis,

1047 832 1097 852 vos
1111 825 1136 852 in
1154 826 1239 853 tribu-

1051 861 1188 894 lationem,

1050 900 1079 924 et
1090 897 1217 924 occident

1049 939 1098 959 vos
1110 942 1117 959 :
1133 937 1160 960 et
1174 932 1249 959 eritis

1049 968 1112 995 odio
1128 967 1255 996 omnibus

1049 1004 1175 1038 gentibus
1189 1010 1252 1037 pro-

1050 1044 1111 1074 pter
1121 1046 1218 1067 nomen

1468 826 1506 860 (b)
1518 826 1587 860 quod
1603 826 1704 854 dictum

1468 868 1509 888 est
1524 870 1537 887 a
1552 861 1645 888 Daniel

1468 897 1610 932 propheta,
1626 902 1700 924 stans
1715 896 1735 931 1-

1471 934 1495 959 in
1513 933 1571 959 loco
1584 940 1647 959 san—

1469 972 1523 997 cto.
1541 968 1587 1001 qui
1603 968 1667 1003 legit

1470 1004 1623 1038 intellegat:

1471 1040 1514 1066 16.
1532 1037 1595 1066 tunc
1611 1040 1655 1074 qui
1668 1039 1695 1066 in
1709 1037 1757 1067 Ju—

1051 1082 1152 1102 meum.
1470 1075 1535 1101 daea
1552 1080 1625 1107 sunt,
1642 1074 1746 1109 fugiant

1051 1111 1094 1138 10.
1113 1110 1147 1137 Et
1159 1114 1223 1137 tunc
1236 1116 1315 1140 scan-
1472 1110 1515 1136 17.
1531 1110 1556 1137 ἰιι
1572 1111 1727 1139 montibus:
1744 1113 1772 1137 et

1049 1145 1240 1173 dalizabuntur
1470 1146 1515 1180 qui
1528 1146 1553 1172 in
1566 1151 1637 1173 tecto

1472 1190 1524 1208 non
1534 1182 1674 1208 discettdat

1472 1217 1566 1244 tollere
1579 1216 1680 1251 aliquid

1472 1253 1504 1279 de
1518 1253 1598 1279 domo
1610 1262 1616 1279 :

1473 1288 1514 1315 18.
1531 1293 1557 1314 et
1572 1289 1617 1322 qui
1633 1288 1658 1314 iu

1472 1331 1548 1358 agro,
1562 1331 1615 1352 non
1630 1330 1673 1350 re—

1471 1357 1592 1386 vertatur
1606 1357 1702 1388 tollere

1472 1401 1589 1421 lllnlCﬂlll
1603 1402 1692 1421 81121111.

1473 1431 1515 1458 19.
1532 1430 1586 1458 Vae
1601 1436 1690 1457 autem

1473 1466 1665 1500 pregnantibus

1473 1507 1499 1528 et
1516 1501 1597 1528 ubera

1474 1537 1600 1563 dantibus
1617 1537 1643 1564 in

1476 1573 1527 1599 illis
1541 1573 1646 1600 diebus.

1474 1608 1520 1635 ΞΟ.
1537 1608 1619 1637 Orate
1629 1613 1719 1637 autem

1474 1649 1503 1670 ιιι
1518 1651 1570 1670 non
1586 1644 1632 1672 ﬁat

1474 1679 1534 1714 luga
1551 1684 1639 1707 vestra

1475 1715 1575 1748 hieme,
1592 1715 1634 1742 vel
1649 1714 1712 1742 sab-

1473 1750 1519 1777 21.
1533 1751 1605 1778 bato.
1623 1750 1682 1778 Erit
1691 1749 1763 1778 enim

1291 1794 1407 1822 CODEX
1426 1795 1622 1825 BRIXIANUS.

1059 1843 1172 1877 Oportet
1182 1843 1254 1870 enim
1266 1843 1331 1870 haec
1345 1843 1434 1869 omnia
1447 1843 1514 1870 tieri.
1525 1843 1571 1870 sed
1584 1843 1701 1870 nondum
1716 1845 1757 1869 est
1780 1840 1857 1867 linis.

1062 1879 1184 1913 Exnrget
1199 1879 1269 1905 enim
1284 1886 1351 1913 gens
1367 1886 1447 1912 super
1461 1884 1579 1914 gentem.
1607 1885 1634 1906 et.
1649 1886 1758 1912 regnum
1774 1885 1859 1910 super

1061 1922 1186 1947 regnum.
1220 1918 1249 1942 et
1270 1919 1350 1940 erunt
1377 1914 1547 1946 pestilentiae
1572 1920 1597 1940 et
1619 1915 1712 1940 raincs.
1745 1919 1773 1940 et
1800 1919 1856 1937 ιρι·-

1063 1953 1184 1978 remotus
1199 1957 1247 1984 per
1267 1949 1337 1976 loca.
1368 1949 1438 1976 Haec
1453 1956 1543 1977 autem
1570 1951 1672 1977 omnia.
1693 1949 1767 1976 initia
1794 1951 1860 1974 allltl

1063 1985 1199 2013 dolorum.
1231 1986 1306 2012 Tunc
1332 1985 1438 2012 tradent
1458 1993 1506 2012 vos
1535 1986 1561 2012 in
1593 1986 1790 2012 tribulationes.
1831 1987 1860 2009 et

1063 2021 1089 2048 iu
1104 2021 1302 2048 conventicula.
1326 2025 1353 2047 et
1372 2021 1550 2055 potestatibus
1563 2042 1569 2053 ,
1591 2027 1617 2047 et
1642 2029 1732 2047 coram
1748 2019 1860 2053 regibus

1061 2057 1179 2084 stabilis.
1204 2061 1232 2084 et
1257 2056 1381 2084 occident
1400 2064 1457 2084 vos.
1490 2063 1517 2083 et
1543 2058 1618 2084 eritis
1644 2057 1706 2083 odio
1732 2056 1859 2081 omnibus

1060 2093 1187 2126 gentibus
1202 2096 1313 2128 propter
1329 2100 1427 2119 nomen
1443 2100 1542 2119 meum.
1565 2093 1598 2120 Et
1609 2098 1672 2120 tunc
1685 2091 1860 2128 scandaliza—

1061 2129 1161 2155 bttntur
1180 2126 1268 2156 multi.
1305 2133 1332 2155 et
1354 2129 1460 2154 tradent
1485 2129 1655 2155 alterutrmtt.
1689 2134 1716 2155 et
1731 2127 1794 2154 odio
1809 2126 1860 2152 lia-

1062 2164 1161 2191 bebnnl
1172 2164 1295 2191 invicem.
1311 2164 1344 2190 Et
1357 2164 1431 2190 multi
1446 2164 1858 2198 pseudoprophotaeinsurgent,

1060 2205 1084 2225 et
1100 2201 1229 2226 smlnci'nt
1247 2200 1355 2225 multos.
1375 2199 1405 2225 Et
1422 2201 1547 2233 quoniam
1558 2200 1705 2226 abundabit
1718 2199 1858 2232 iniquitas.

1061 2236 1211 2268 refrigescit
1228 2236 1325 2261 Caritas
1344 2236 1499 2261 multorum.
1526 2236 1573 2267 Qui
1591 2241 1680 2262 autem
1698 2240 1861 2269 persevera-

1061 2271 1130 2297 Vl‘lil
1145 2279 1227 2305 usque.
1243 2272 1267 2296 in
1284 2271 1374 2296 liuent.
1401 2271 1441 2296 hic
1456 2271 1546 2297 salvus
1563 2273 1623 2297 exit.
1642 2272 1670 2297 lit
1689 2269 1861 2304 praedicabi-

1060 2311 1102 2332 tnr
1118 2306 1167 2333 ltot:
1186 2306 1357 2340 livangvlinin
1373 2307 1458 2339 regni.
1474 2308 1498 2332 in
1516 2307 1640 2333 tltii\‘t',l'Sl)
1654 2308 1729 2332 orbe.
1745 2305 1769 2331 in
1780 2305 1860 2340 tgsli-

1060 2343 1179 2368 monium
1197 2338 1321 2368 (inutilius
1334 2342 1470 2374 gentibus,
1484 2347 1510 2368 et
1524 2347 1585 2368 tunc
1599 2343 1688 2369 veniet
1701 2341 1771 2367 linis.
1786 2338 1859 2366 Cum

1059 2386 1123 2411 ergo
1139 2378 1269 2404 videritis.
1286 2377 1513 2404 almtninatiotb'm
1530 2378 1706 2404 desolatiouis
1723 2375 1759 2409 (li)
1783 2375 1859 2409 quod

1060 2414 1159 2440 dictum
1184 2420 1221 2440 est
1247 2422 1260 2438 a
1288 2413 1398 2439 [)aniulo
1424 2415 1563 2447 propheta.
1602 2418 1690 2439 stante
1712 2412 1731 2447 ’θ
1755 2413 1780 2437 in
1795 2413 1859 2437 loco

1059 2456 1162 2475 saneto.
1188 2450 1231 2482 qui
1248 2449 1311 2483 legit
1332 2449 1477 2482 intellegat.
1503 2454 1565 2475 tunc
1580 2450 1623 2483 qui
1639 2449 1664 2475 in
1680 2448 1778 2475 Judaea
1791 2452 1859 2474 sunt

1059 2484 1164 2517 fugiant
1178 2486 1209 2511 ad
1226 2492 1341 2515 1110111(τὴ
1357 2490 1382 2510 ('l
1394 2485 1437 2517 qni
1450 2485 1474 2510 in
1489 2489 1618 2514 tectoest.
1639 2494 1690 2510 non
1708 2483 1861 2509 descendat

1059 2521 1154 2547 tollere
1170 2521 1268 2555 aliquid
1285 2521 1317 2546 de
1332 2521 1411 2546 domo
1427 2527 1484 2546 sua.
1512 2526 1536 2546 et
1561 2521 1605 2554 qui
1626 2521 1651 2546 in
1666 2527 1731 2553 agro
1745 2523 1784 2544 est
1801 2526 1859 2545 nun

1060 2561 1212 2583 revurtatur
1226 2557 1322 2583 tollere
1338 2556 1498 2583 vestimenta
1512 2563 1571 2582 sua.
1596 2555 1651 2583 Vae
1674 2559 1762 2581 autem
1777 2560 1861 2587 prae-

1058 2592 1201 2625 gnantibus
1215 2596 1242 2618 et
1265 2591 1448 2621 nutrientibus
1463 2593 1488 2618 in
1505 2591 1558 2618 illis
1580 2591 1684 2618 diebus.
1708 2590 1791 2617 Orate
1803 2596 1859 2615 au—

1057 2631 1123 2653 tem.
1141 2631 1170 2654 ut
1185 2634 1238 2654 non
1255 2627 1300 2653 ﬁat
1313 2627 1373 2662 luga
1390 2632 1479 2653 vestra
1494 2626 1582 2654 hieme
1596 2627 1636 2654 vel
1650 2625 1774 2655 sabbato.
1797 2624 1861 2652 Erit

1051 1181 1141 1214 mulli,
1155 1186 1182 1208 et
1193 1181 1237 1210 in-

1050 1217 1135 1244 vicem
1154 1216 1271 1248 tradent,

1050 1257 1079 1280 et
1089 1252 1152 1279 odio
1168 1252 1216 1279 ha-

1052 1287 1155 1315 bebunt
1169 1287 1240 1314 invi-

1052 1324 1096 1350 11.
1112 1331 1183 1351 cem.
1197 1323 1230 1350 Et
1243 1321 1319 1349 multi

1052 1359 1308 1394 pseuiloprophetae

1054 1396 1206 1429 insurgent,
1220 1398 1249 1421 et

1053 1430 1187 1457 seducent
1203 1429 1271 1456 mul-

1054 1465 1099 1492 12.
1119 1470 1170 1492 tos.
1187 1466 1221 1493 Et
1233 1472 1301 1500 quo-

1054 1501 1126 1528 niam
1141 1502 1228 1529 abun-

1054 1537 1137 1568 dabit,
1155 1536 1251 1571 iniqui~

1054 1576 1107 1605 tas.
1120 1572 1235 1611 refrige-

1054 1613 1111 1635 SCCl
1121 1612 1221 1634 caritas

1055 1643 1212 1670 multorum.

1056 1679 1099 1706 15.
1116 1679 1169 1705 Sed
1182 1679 1227 1712 qui
1239 1684 1366 1713 perman-

1054 1714 1120 1741 serit
1135 1715 1160 1741 iu
1176 1714 1268 1748 tinem,

1055 1750 1081 1777 in
1099 1751 1191 1782 tinem,
1206 1749 1249 1776 hic

562 2668 758 2698 VARIAN’I‘ES
776 2669 970 2699 LECTIONES
989 2669 1121 2700 CODICIS
1141 2672 1194 2701 MS.
1211 2673 1241 2701 S.
1262 2672 1514 2701 GERMANENSIS.

238 2711 247 2727 ί
265 2711 427 2744 Evangelium
436 2711 463 2737 in

239 2743 249 2757 ¹
265 2744 334 2768 venit

1089 2719 1100 2735 ³
1113 2719 1250 2751 descendat
1275 2751 1279 2753 _

878 2782 1061 2814 ΒιΑΝοιιιΝι
1080 2783 1197 2812 ΝΟΤΑΕ.

216 2859 223 2868 ι
241 2822 283 2870 sf)
298 2823 378 2870 129338!
391 2826 600 2870 “pestilentiae,
614 2827 694 2870 etiam
707 2827 734 2870 in
750 2826 828 2870 Cant.
843 2827 943 2870 Latret
1013 2844 1055 2870 __—
1073 2830 1238 2870 (b)_Vertnnt
1251 2838 1304 2870 non
1321 2831 1387 2870 satis
1398 2830 1539 2870 commode
1552 2830 1705 2870 ista_textus
1719 2830 1862 2870 gra-ci,_rc‘z

207 2858 518 2907 egigni—mtiliti?
538 2865 670 2907 προφήτου.
681 2884 688 2896 ,
702 2863 793 2907 ﬁgulis.
810 2871 870 2891 nam
885 2868 913 2892 et
933 2865 963 2893 τὸ
977 2865 1006 2902 ρη

1072 2858 1205 2900 ἐίὶστώς,
1219 2858 1336 2895 refertur
1355 2858 1387 2895 ad
1405 2858 1564 2904 praecedens
1584 2858 1863 2906 βδέλυγμαυηευιὲἱυέ

206 2894 323 2934 generis,
340 2895 411 2928 quod
423 2894 636 2928 abominatt'miem
648 2894 794 2934 signiﬁcat.
