4048 6188
386 263 489 322 309

780 386 1003 451 CODEX
1046 390 1586 451 VERCELLENSIS.

1217 489 1269 543 in
1297 490 1665 546 occidentem:

1215 560 1287 613 ita
1319 560 1423 615 erit
1444 562 1643 617 adven-

1216 640 1299 685 tus
1334 632 1427 686 filii
1457 634 1631 690 immi-

1214 702 1304 757 28.
1333 704 1433 757 uis.
1463 702 1597 760 Ubic
1620 745 1635 761 .
1669 746 1682 760 .
1710 744 1724 759 .
1753 749 1764 761 .
1795 748 1809 761 .

1215 788 1318 844 que
1346 774 1502 829 fuerit

1214 858 1432 913 corpus,
1466 847 1574 903 Illic
1603 862 1737 905 con-

380 484 510 534 tunc
536 480 756 536 tribula-

383 548 458 624 tio
480 566 694 622 magna.
723 568 854 624 qua-

381 619 447 675 lis
478 619 598 676 non
615 624 709 687 fuit

381 692 449 744 ab
484 694 639 749 initio
664 710 783 751 sae-

377 764 485 818 culi
517 780 689 833 usque
715 782 834 823 mo-

377 834 467 905 do,
503 852 680 905 neque
705 840 817 893 fiet.

377 904 465 986 22.
500 906 570 961 Et
594 904 712 986 nisi
732 911 947 969 brevia-
1213 904 1576 986 gre'gabuntur

379 977 635 1060 tiessent
657 980 777 1038 dies
1215 977 1540 1060 (a)"aquilae
1569 990 1625 1060 ’ζκ

378 1048 480 1113 illi,
510 1066 621 1105 non
644 1063 789 1108 esset
1216 1048 1303 1112 99.
1339 1048 1431 1114 Sia
1474 1101 1489 1115 .
1534 1102 1548 1115 .
1582 1048 1606 1115 ’.
1654 1102 1668 1116 .
1714 1104 1728 1117 .
1773 1104 1787 1118 .
1834 1102 1848 1118 .
1893 1102 1908 1119 .

376 1123 525 1174 salva
558 1125 736 1199 omnis
1216 1139 1340 1199 post
1383 1171 1395 1184 .
1442 1171 1455 1183 .
1505 1174 1517 1186 .
1566 1174 1578 1187 .
1620 1132 1776 1189 bula-

376 1206 544 1267 caro_:
576 1195 670 1248 sed
708 1210 870 1267 prop-
1217 1195 1418 1257 tionem
1450 1203 1564 1260 die-

379 1272 460 1317 ter
485 1264 691 1319 electos

376 1334 739 1391 braeviabnn-

376 1414 465 1459 tur
499 1406 616 1460 dies
645 1408 741 1461 illi.

374 1475 465 1531 25.
500 1477 653 1533 Tunc
680 1480 726 1534 si
757 1481 879 1547 quis
905 1498 1001 1540 νο-

373 1548 459 1601 bis
490 1549 723 1604 dixerit:
756 1552 856 1606 Ec-

373 1633 437 1673 ce
468 1620 660 1699 bie__(_a)
690 1621 942 1681 Christus
964 1626 1027 1699 1-,
1052 1638 1145 1687 aut

373 1705 506 1747 ecce
534 1692 672 1747 illic:
714 1709 814 1749 no-

374 1762 471 1816 lite
498 1764 745 1821 credere.

372 1832 464 1906 24.
502 1832 784 1906 Exurgent

375 1904 520 1958 enim
552 1904 786 1974 pseudo-

372 1976 588 2041 christi,
615 1989 667 2032 et
701 1980 933 2046 pseudo-

375 2048 621 2114 profetae
643 2068 656 2103 :
681 2060 733 2105 et
763 2051 863 2106 da-

375 2118 512 2173 bunt
534 2120 685 2191 signa

377 2205 535 2264 magn
563 2230 577 2244 .
596 2229 612 2243 .
637 2234 651 2256 ,
677 2202 731 2248 et
756 2208 859 2264 pro

1217 1287 1335 1326 rum
1366 1275 1601 1341 illorum,

1221 1345 1303 1397 sol
1336 1346 1596 1400 obscura-

1219 1414 1385 1477 bitur,
1416 1426 1470 1470 et
1501 1418 1627 1473 luna

1219 1500 1325 1539 non
1356 1487 1502 1541 dabit
1529 1489 1610 1545 lu-

1216 1572 1341 1611 men
1370 1574 1548 1625 suum,

1217 1636 1273 1683 et
1300 1630 1421 1681 stell
1450 1670 1461 1682 .
1492 1672 1505 1684 .
1533 1646 1617 1687 ca-

1217 1698 1345 1753 dent
1374 1700 1441 1753 de
1480 1718 1603 1758 eae-

1219 1770 1294 1838 lo,
1320 1781 1373 1825 et
1393 1772 1565 1828 virtu-

1216 2056 1307 2111 50.
1340 2066 1467 2111 tunc
1493 2073 1653 2127 pare-

1220 2127 1300 2181 bit
1342 2170 1355 2181 .
1399 2165 1414 2180 .
1460 2170 1473 2182 .
1515 2145 1677 2195 gnum

1222 2198 1320 2253 filii
1355 2199 1588 2254 hominis

1226 2270 1721 2342 incaelozetpla-

384 2331 791 2417 in.....ndu-
1226 2331 1709 2425 ...ntsettinc

383 2416 769 2462 ......etiam
1226 2452 1300 2465 ..
1349 2416 1627 2470 .nestri-

1224 2484 1325 2537 bus
1358 2494 1535 2540 terrae
1560 2502 1575 2539 :
1610 2496 1666 2543 et

1220 2554 1480 2609 videbunt
1509 2555 1570 2609 fi—

1220 2625 1352 2679 lium
1377 2624 1552 2681 homi-

1220 2698 1788 2754 n.....dveni-

1222 2776 1403 2821 entem
1428 2768 1478 2821 in
1507 2785 1603 2824 nu-

1222 2839 1381 2893 bibus
1411 2840 1547 2893 caeli

1222 2924 1345 2963 cum
1377 2910 1577 2966 virtute

1224 2982 1411 3042 multa,
1445 2992 1497 3033 et
1528 2996 1642 3035 ma-

1222 3052 1313 3106 51.
1336 3052 1558 3121 jestate.
1592 3053 1656 3109 Et
1686 3052 1811 3109 mit-

1224 3131 1304 3177 tet
1327 3124 1549 3190 angelos

1220 3208 1348 3248 suos
1376 3210 1497 3248 eum
1531 3204 1613 3251 tu-

1220 3265 1306 3330 ba,
1338 3275 1392 3319 et
1421 3281 1551 3321 voce

1222 3351 1443 3408 magna:
1472 3347 1527 3392 et
1557 3352 1684 3393 con-

802 3474 1036 3535 CODEX
1077 3476 1548 3535 CORBEIENSIS.

380 3576 506 3622 tunc
537 3566 818 3622 tribulatio
846 3584 1060 3639 magna,
1082 3570 1256 3637 qualis
1286 3586 1390 3625 non
1422 3570 1520 3624 fuit
1547 3572 1615 3623 ab
1640 3571 1795 3625 initio
1819 3574 1833 3602 ¹
1859 3586 1979 3626 sae-

377 3640 484 3692 culi
519 3655 689 3708 usque
719 3656 882 3694 nunc.
922 3642 985 3694 Et
1014 3641 1116 3696 nisi
1151 3643 1372 3695 breviati
1404 3644 1423 3672 ¹
1460 3643 1657 3697 fuerint
1697 3643 1813 3696 dies
1861 3644 1974 3709 illi,

381 3728 487 3765 non
517 3721 661 3763 esset
690 3714 835 3764 salva
863 3714 1038 3766 munis
1071 3728 1237 3766 caro:
1291 3714 1385 3767 sed
1435 3726 1657 3782 propter
1707 3715 1725 3743 ³
1772 3714 1977 3767 electos

384 3796 530 3835 meos
558 3782 954 3837 brevialmntur
981 3784 1097 3837 dies
1126 3785 1220 3838 illi.
1265 3784 1416 3838 Tunc
1460 3787 1504 3839 si
1546 3787 1666 3848 quis
1714 3786 1865 3838 vobis
1897 3785 1973 3839 di-

378 3852 553 3908 xerit:
592 3854 734 3908 Ecce
765 3852 849 3907 hie
874 3866 956 3908 est
986 3854 1233 3910 Christus
1257 3898 1269 3917 ,
1305 3866 1397 3909 aut
1421 3856 1441 3885 ³
1474 3857 1615 3911 illic:
1658 3858 1825 3917 nolite
1855 3872 1971 3909 ere-

377 3924 530 3997 dere.
560 3926 580 3954 ⁵
608 3925 921 3995 Εχςιηεθιιι
946 3928 1089 3979 enim
1124 3926 1545 3993 pseudoehrisli,
1566 3938 1619 3982 et
1647 3927 1981 3997 pseudopro-

382 3996 576 4064 phetae
606 4012 618 4049 :
654 4005 711 4049 ct
740 3997 943 4049 dabunt
972 3998 1122 4065 signa
1156 4012 1347 4067 magna
1369 4039 1382 4061 ,
1430 4010 1482 4051 et
1514 3996 1749 4068 prodigia
1780 4041 1793 4063 ,
1824 4000 1892 4050 ita
1927 4008 1981 4050 ut

380 4069 431 4120 in
462 4083 705 4141 errorem
741 4068 761 4097 ⁸
793 4071 1010 4122 mittant
1053 4070 1214 4141 etiam
1254 4072 1337 4141 (si
1388 4070 1500 4123 fieri
1535 4070 1745 4141 potest)
1779 4072 1983 4124 electos

381 4154 552 4192 meos.
606 4139 745 4193 Ecce
774 4141 1011 4207 praedixi
1042 4140 1213 4193 vobis.
1270 4140 1323 4196 Si
1356 4156 1487 4209 ergo
1516 4139 1753 4195 dixerint
1790 4141 1939 4195 vobis
1966 4180 1980 4204 ,

384 4209 524 4263 Ecce
558 4210 608 4262 in
640 4209 859 4263 deserto
892 4222 995 4267 est.
1015 4212 1032 4241 ⁷
1062 4212 1225 4266 nolite
1254 4211 1515 4277 Credere;
1546 4214 1627 4266 vel
1655 4228 1782 4268 ecce
1811 4214 1862 4265 in
1889 4213 1982 4263 ho-

386 4282 571 4349 spitio,
606 4282 775 4334 nolite
802 4282 970 4335 exire.
1004 4282 1159 4337 Sient
1189 4284 1329 4335 enim
1362 4282 1540 4351 fulgur
1570 4286 1679 4337 exit
1707 4284 1775 4337 ab
1802 4284 1983 4337 orien-

387 4361 436 4405 te
463 4393 480 4417 ,
525 4362 579 4405 et
605 4362 756 4420 paret
787 4368 955 4422 usque
986 4354 1050 4406 ad
1080 4354 1413 4407 occidentem
1456 4371 1467 4405 :
1500 4356 1519 4385 ⁸
1550 4355 1629 4409 sie
1653 4356 1753 4408 erit
1780 4355 1982 4407 adven-

388 4434 473 4477 tus
495 4423 586 4476 filii
610 4422 863 4477 hominis.
899 4424 1271 4490 Ubiqnumque
1293 4424 1452 4478 fuerit
1476 4441 1692 4494 corpus,
1725 4426 1831 4480 illic
1856 4440 1986 4477 con-

386 4495 1026 4563 gregabnnturaquilae.”
1046 4494 1339 4550 Confestim
1356 4508 1475 4565 post
1493 4497 1614 4550 illos
1636 4497 1748 4549 dies
1767 4497 1987 4549 tribula-

388 4566 716 4629 tionum,so|
738 4576 1085 4620 convertetur
1112 4569 1161 4619 in
1189 4569 1461 4630 tenebras,
1480 4578 1531 4620 et
1562 4569 1688 4621 luna
1718 4583 1820 4620 non
1840 4568 1987 4621 dabit

392 4637 574 4689 lumen
602 4652 757 4691 Suum
789 4681 800 4700 ,
832 4648 885 4691 et
914 4640 1103 4691 stellae
1134 4638 1327 4694 cadent
1356 4638 1421 4693 de
1448 4639 1601 4693 coelo
1631 4681 1643 4703 ,
1675 4650 1728 4691 et
1760 4641 1989 4691 virtutes

387 4707 666 4761 eoelmum
684 4710 1199 4763 eommovebmitur:
1222 4720 1275 4762 et
1291 4722 1415 4764 tunc
1441 4711 1645 4777 parebit
1671 4712 1880 4779 signum
1899 4710 1991 4762 lilii

392 4778 624 4832 hominis
656 4781 707 4832 in
740 4781 931 4833 coelo:
964 4788 1017 4833 et
1042 4789 1167 4835 tunc
1196 4782 1449 4851 plangent
1480 4798 1669 4836 omnes
1695 4778 1863 4835 tribus
1886 4789 1993 4833 ter-

392 4866 524 4902 rae:
559 4860 612 4904 et
642 4852 903 4904 videbunt
936 4852 1099 4903 filium
1145 4852 1381 4905 hominis
1415 4854 1721 4907 venientem
1753 4855 1802 4905 iu
1836 4853 1992 4904 nubi-

395 4922 495 4973 bus
525 4922 663 4976 coeli
705 4937 824 4975 cum
856 4924 1053 4976 virtute
1083 4924 1245 4976 multa
1271 4964 1286 4990 ,
1334 4934 1386 4977 et
1430 4925 1715 4992 maji-snite
1758 4938 1876 4976 sua.
1930 4925 1994 4977 Et

394 4992 809 5064 mittetangelos
827 5008 956 5049 suos
974 5009 1095 5049 cum
1122 4996 1268 5062 tuba,
1296 5003 1351 5049 et
1375 5011 1507 5048 voce
1535 5009 1725 5063 magna
1753 5012 1765 5048 :
1790 5002 1843 5048 et
1864 5010 1991 5049 con-

378 2475 468 2529 25.
728 2477 871 2535 Ecce

382 2546 628 2614 praedixi
653 2564 740 2603 v0-

378 2617 469 2671 26.
504 2617 610 2671 bis.
643 2620 699 2676 Si
724 2630 907 2679 autem

379 2688 639 2755 dixerint,
672 2692 768 2746 Ec-

377 2773 439 2813 ce
472 2761 525 2813 in
549 2760 769 2817 deserto

379 2841 481 2896 est,
511 2833 603 2887 nol
629 2873 641 2886 .
675 2874 689 2886 .
718 2873 732 2887 .
762 2836 876 2890 exi-

379 2917 472 2964 re;
507 2918 635 2976 ecce
659 2905 710 2960 in
738 2920 829 2976 pe-

382 2974 703 3040 netralibus,

383 3046 550 3099 nolite
572 3046 766 3104 crede-

378 3114 468 3169 27.
501 3132 578 3170 re.
611 3117 760 3173 Sicut
791 3120 934 3175 enim

381 3187 557 3256 fulgur
584 3191 698 3243 exit

378 3258 446 3311 ab
476 3260 713 3327 oriente,

380 3339 430 3383 et
456 3341 613 3401 paret
644 3346 814 3404 usque

1340 269 1795 331 EVANGELIUM
1833 272 2210 334 SECUNDUM
2249 276 2685 337 MATTHEUM.

2080 578 2205 633 gna,
2236 565 2411 633 qualis

3576 284 3682 339 MO

2518 401 2749 461 CODEX
2790 403 3246 465 VERONENSIS.

2920 514 3091 568 usque
3114 501 3258 555 oeci-

2918 569 3135 625 dentem
3168 591 3182 626 :
3213 572 3284 641 ita

2916 642 3022 695 erit
3043 653 3097 695 et
3122 641 3324 697 adven-

2916 720 3002 765 tus
3032 712 3108 765 fili
3133 713 3386 773 hominis.

2917 782 3005 837 28.
3039 783 3374 853 Ubicumque

2919 854 3022 908 erit
3046 870 3265 923 eOrpus,
3294 856 3403 912 illic

2082 492 2357 547 tribulatio
2388 509 2503 549 ma-

2083 650 2188 687 non
2218 636 2315 689 fuit
2340 637 2407 690 ab

2082 706 2238 759 initio
2263 709 2458 761 saeculi

2086 793 2255 846 usque
2283 779 2462 844 modo,

2085 864 2260 918 neque
2298 851 2407 903 fiet.

2205 921 2280 995 Et
2306 922 2405 995 nisi
2437 921 2557 995 bre-
2920 919 3394 995 congregabantur

2087 990 2213 1072 biati
2243 990 2470 1045 fuissent
2494 994 2611 1051 dies
2926 996 3001 1121 ab)
3032 990 3211 1079 aqtiile

2087 1062 2187 1121 illi,
2216 1078 2321 1115 non
2357 1063 2510 1119 fieret
2965 1068 3018 1121 9.
3065 1068 3257 1121 Statim

2087 1061 2187 1127 illi,
2216 1078 2321 1115 non
2357 1063 2510 1119 fieret
2926 1061 3018 1121 29.
3065 1061 3257 1123 Statim

2088 1135 2238 1185 salva
2263 1135 2443 1188 omnis
2932 1149 3117 1193 autem

2088 1218 2215 1257 caro
2251 1224 2263 1258 :
2294 1206 2385 1258 sed
2419 1221 2543 1274 pro-

2934 1218 3058 1279 post
3092 1209 3397 1269 tribulatio-

2130 1284 2209 1329 ter
2230 1277 2432 1330 electos
2452 1277 2572 1333 bre-

2933 1296 3057 1334 nem
3091 1282 3299 1336 dierum

2932 1352 3149 1406 illormn
3170 1392 3183 1411 .
3218 1355 3300 1408 sol

2930 1423 3315 1479 obscurabitur
3333 1468 3351 1494 ,

2930 1504 2984 1549 et
3012 1495 3138 1547 luna
3183 1510 3289 1550 non

2930 1565 3081 1619 dabit
3118 1566 3297 1621 lumen
3454 1619 3467 1629 ,

2928 1650 3084 1689 suum
3104 1679 3116 1701 ,
3150 1646 3204 1691 et
3232 1638 3425 1695 stellae

2929 1708 3123 1761 cadent
3157 1709 3226 1761 de
3252 1709 3404 1765 caelo
3430 1752 3447 1777 ,

2928 1790 2983 1832 et
3014 1778 3239 1832 virtutes
3267 1794 3396 1835 cae-

2929 1849 3103 1903 lorum
3137 1865 3378 1906 commo-

2927 1921 3015 1977 30.
3060 1922 3329 1976 vehuntur
3360 1940 3373 1975 :

2925 2001 2980 2045 et
3010 2001 3135 2046 tunc
3165 1993 3381 2062 parebit

2924 2063 3142 2132 signum
3184 2065 3254 2123 liii

2926 2133 3161 2188 hominis

2927 2205 2982 2258 in
3010 2205 3163 2261 caelo
3198 2224 3211 2259 ε
3242 2214 3299 2261 et

2930 2284 3058 2330 tunc
3090 2278 3273 2331 conci-

2930 2346 3057 2401 dent
3093 2363 3152 2402 se

2928 2433 3119 2471 omnes
3160 2419 3329 2473 tribus

2930 2495 3108 2541 terrae
3154 2506 3166 2540 ε

2928 2568 2982 2612 et
3018 2559 3281 2617 videbunt

2931 2628 3099 2682 filium
3129 2629 3364 2686 hominis

2928 2701 3233 2755 venientem
3268 2702 3322 2755 in

2931 2772 3161 2826 nubibus
3192 2774 3325 2828 caeli

2928 2856 3053 2896 cum
3092 2845 3287 2898 virtute

2930 2915 3095 2967 multa
3114 2958 3127 2976 ,
3158 2923 3213 2970 et
3246 2930 3363 2969 ma-

2927 2983 3016 3037 51.
3055 2986 3275 3053 jestate.
3310 2986 3375 3040 Et

2929 3055 3105 3109 mittet
3144 3056 3369 3127 angelos

2928 3141 3055 3180 SlIOS
3084 3142 3205 3181 cum

2128 1347 2377 1469 ilabuulur
2404 1348 2521 1403 dies

2158 1436 2191 1469 I.

2089 1418 2191 1471 illi.

2086 1488 2177 1541 25.
2211 1489 2365 1542 Tunc
2395 1489 2438 1543 si
2470 1490 2592 1559 quis

2087 1558 2243 1613 vobis
2282 1560 2433 1615 dixe-

2093 1631 2161 1683 rit
2192 1648 2206 1685 :
2240 1631 2379 1685 Ecce
2410 1632 2496 1686 hic

2091 1700 2167 1771 (a)
2200 1701 2447 1759 Christus
2478 1702 2541 1774 'i",

2090 1787 2217 1827 ecce
2250 1774 2394 1826 illic:

2091 1844 2254 1897 nolite
2285 1845 2528 1899 credere.

2090 1912 2182 1969 24.
2218 1914 2453 1984 Sui-gent
2473 1918 2618 1974 enim

2092 1987 2508 2054 pseudocbristi,
2546 2000 2601 2044 et

2093 2058 2595 2126 pseud0pr0pbetae
2618 2077 2632 2114 :

2088 2138 2143 2180 et
2175 2128 2381 2183 dabunt
2410 2129 2561 2199 signa

2088 2215 2303 2268 magna,
2337 2209 2392 2254 et
2424 2217 2547 2270 pro-

2088 2270 2254 2340 digia,
2288 2272 2359 2325 ita
2388 2284 2446 2326 ut

2090 2357 2142 2395 ιη
2172 2358 2411 2396 errorem

2090 2412 2430 2478 inducantur,

2090 2485 2133 2537 si
2167 2483 2283 2537 fieri
2312 2493 2511 2552 potest,

2092 2555 2252 2606 etiam
2282 2556 2460 2607 electi.

2088 2623 2183 2678 25.
2217 2623 2358 2677 Ecce
2390 2637 2546 2693 prae-

2089 2695 2200 2748 dixi
2231 2695 2402 2748 vobis.

2090 2765 2182 2819 26.
2216 2766 2271 2820 Si
2301 2775 2479 2821 autem
2509 2765 2657 2823 dixe-

2092 2837 2203 2890 rint
2231 2838 2409 2899 vobis,
2447 2839 2583 2894 Ecce

2092 2908 2143 2961 in
2175 2908 2393 2962 deserto
2418 2919 2521 2969 est,

2092 2980 2175 3032 vel
2205 2994 2332 3033 ecce
2361 2981 2413 3033 in
2444 2995 2609 3046 pene-

2092 3050 2336 3115 tralibus,
2362 3051 2527 3107 nolite

2092 3122 2336 3175 credere.

2091 3193 2181 3264 27.
2216 3192 2369 3247 Sicut
2394 3193 2538 3248 enim
2569 3192 2746 3264 fulgur
2834 3244 2837 3247 ,
2929 3198 3052 3251 tuba
3084 3209 3138 3252 et
3168 3213 3300 3255 voce

2092 3263 2200 3317 exit
2232 3264 2299 3317 ab
2324 3265 2500 3319 orien-
2655 3263 2666 3264 ί
2928 3284 3118 3338 magna
3164 3288 3175 3321 :

2094 3344 2167 3400 te,
2200 3343 2253 3389 et.
2284 3346 2436 3404 paret
2929 3349 2983 3393 et
3011 3354 3241 3411 congre-

2553 3476 2781 3533 CODEX
2821 3476 3214 3534 BRIXIANUS.

2085 3570 2389 3651 eiiim_tunc
2420 3569 2700 3651 tribulatio
2727 3572 3144 3651 magiianualis
3174 3569 3687 3651 n.on_fuit.ab_initio

2086 3641 2270 3695 mundi
2304 3657 2473 3710 usque
2502 3642 2683 3695 modo.
2721 3639 2894 3710 neque
2925 3639 3032 3696 fiet.
3074 3644 3133 3695 Et
3166 3642 3265 3696 nisi
3296 3641 3521 3695 breviati
3553 3639 3684 3694 fuis-

2084 3724 2205 3766 sent
2235 3712 2351 3765 dies
2384 3714 2478 3765 illi.
2512 3729 2615 3766 non
2645 3714 2795 3768 fieret
2818 3714 2964 3766 salva
2988 3716 3166 3767 omnis
3197 3728 3345 3767 caro.
3398 3711 3491 3765 sed
3524 3727 3685 3781 prop-

2087 3796 2166 3837 ter
2194 3785 2418 3837 electos.
2456 3783 2845 3838 breviabnntnr
2872 3785 2987 3838 dies
3020 3784 3117 3839 illi.
3142 3785 3293 3839 Tunc
3321 3787 3363 3836 si
3392 3782 3512 3851 quis
3533 3782 3685 3836 vobis

2087 3855 2304 3909 dixerit.
2340 3856 2477 3908 Ecce
2508 3857 2592 3907 bic
2624 3864 2704 3909 est
2734 3854 2979 3909 Christus
3006 3867 3095 3909 aut
3125 3856 3249 3910 illic.
3304 3854 3468 3909 nolite
3499 3854 3691 3909 crede-

2089 3944 2167 3980 re.
2221 3928 2492 3995 Exurgeut
2524 3928 2667 3980 enim
2702 3927 3096 3995 pseudoebrisli
3144 3938 3199 3981 et
3244 3925 3687 3997 pseudoprophe-

2090 4007 2194 4051 tae.
2227 4008 2275 4050 et
2308 3998 2509 4051 dabunt
2540 3998 2687 4067 signa
2723 4015 2910 4065 magna
2938 4010 2985 4051 et
3026 3997 3284 4064 prodigia.
3331 3999 3399 4050 ita
3430 3997 3562 4051 utin
3597 4012 3685 4049 er-

2090 4086 2269 4123 rorem
2302 4070 2576 4123 inducant.
2622 4071 2665 4122 si
2698 4072 2812 4123 fieri
2847 4080 3044 4137 potest.
3096 4072 3257 4123 etiam
3288 4069 3511 4123 electos.
3549 4068 3718 4120 Ecce-

2093 4141 2331 4207 praedixi
2379 4141 2551 4194 vobis.
2603 4139 2658 4195 Si
2708 4152 2889 4195 autem
2940 4140 3178 4194 dixvrint
3225 4141 3394 4193 vobis.
3451 4139 3589 4194 Ecce
3636 4138 3687 4191 iu

2090 4211 2309 4275 deserto
2334 4221 2435 4273 est,
2463 4212 2629 4265 nolite
2654 4215 2823 4266 exire.
2846 4227 2972 4267 ecce
2997 4214 3045 4263 in
3073 4210 3493 4280 penetrabilibus
3522 4210 3689 4262 nolite

2092 4283 2333 4335 credere.
2356 4283 2506 4335 Sicut
2535 4284 2676 4335 enim
2708 4282 2902 4348 fulgur.
2935 4282 3043 4335 exit
3072 4284 3138 4335 ab
3165 4281 3406 4347 oriente,
3438 4291 3491 4333 et
3540 4288 3692 4349 paret

2095 4370 2264 4423 usque
2294 4354 2358 4406 ad
2387 4354 2688 4407 occidente.
2719 4354 2789 4406 ita
2818 4354 2923 4407 erit
2952 4364 3001 4405 et
3026 4355 3285 4405 adventus
3317 4353 3407 4406 filii
3431 4352 3687 4405 hominis.

2094 4423 2415 4493 Ubicunque
2465 4425 2619 4478 fuerit
2650 4440 2848 4494 corpus
2881 4423 2989 4477 illic
3028 4424 3521 4493 eongregabuntur.

2170 4494 2245 4565 (ὑ)
2288 4496 2517 4562 aquilae.
2570 4495 2609 4565 ἰ-
2654 4497 2843 4550 Statim
2875 4506 3053 4547 autem
3121 4504 3241 4564 post
3290 4495 3690 4565 tribulationem

2099 4563 2308 4619 dierum
2340 4563 2594 4620 illorum.
2615 4568 2693 4619 sol
2728 4563 3132 4619 obseurabitur.
3161 4574 3215 4620 et
3258 4567 3380 4620 luna
3414 4581 3517 4619 non
3548 4563 3699 4616 dabit

2102 4638 2282 4690 lumen
2310 4653 2481 4689 suum.
2527 4648 2578 4689 et
2611 4636 2799 4689 Stellae
2843 4636 3034 4690 cadent
3064 4638 3131 4691 de
3166 4639 3335 4691 caelo.
3379 4645 3433 4688 et
3470 4640 3696 4687 virtutes

2100 4709 2374 4784 caelorum
2400 4708 2910 4784 commovebuntur.
2943 4719 2995 4761 et
3020 4719 3146 4784 tunc
3174 4706 3454 4777 apparebit
3481 4708 3692 4784 signum

2102 4780 2172 4831 lili
2207 4778 2440 4833 hominis
2474 4779 2726 4858 incaelo.
2762 4792 2971 4858 ettnne
3007 4781 3261 4858 plangent
3300 4791 3491 4858 omnes
3524 4777 3695 4858 tribus

2102 4862 2296 4904 terrae.
2358 4860 2411 4903 et
2451 4850 2708 4904 videbunt
2757 4850 2924 4903 filium
2978 4852 3227 4903 hominis.
3282 4850 3587 4913 venientem
3642 4850 3696 4901 in

2103 4921 2267 4975 nubib
2289 4923 2443 4977 caeli.
2478 4937 2599 4976 cum
2628 4923 2823 4978 virtute
2855 4931 2907 4975 et
2946 4922 3110 4989 gloria
3150 4920 3337 4974 multa.
3396 4918 3461 4977 Et
3516 4920 3695 4975 millet

2099 4995 2319 5064 angelos
2375 5008 2504 5049 suos
2556 5009 2677 5047 eum
2712 4994 2834 5047 tuba
2873 5001 2929 5046 et
2968 5006 3098 5046 voce
3136 5006 3353 5062 magna.
3388 5000 3441 5045 et
3469 5006 3698 5060 congre-

1082 5176 1479 5235 VARIANTES
1519 5175 1897 5234 LECTIONES
1934 5175 2203 5235 CODlClS
2240 5176 2353 5235 MS.
2395 5177 2453 5232 S.
2496 5174 3002 5234 GERMANENSIS.

465 5296 482 5359 ἦ
514 5294 677 5359 mundi
703 5305 863 5359 usque
887 5294 1051 5354 modo,
1067 5306 1235 5357 neque
1257 5292 1344 5343 flet

466 5358 486 5385 ²
517 5355 794 5406 ἴυίςδρηι..,’
812 5355 957 5405 ﬁeret

469 5418 487 5449 ³
520 5418 700 5468 electos
723 5420 1077 5469 breviabuntur

470 5480 491 5509 ⁸
526 5494 641 5530 ecce
665 5481 764 5531 illic

467 5544 487 5573 ⁵
521 5543 740 5607 Surgent

2168 5292 2187 5320 ο
2222 5291 2541 5342 ducantur....
2565 5292 2712 5341 etiam
2739 5290 2888 5341 electi

2166 5354 2185 5418 Ἰ
2223 5354 2288 5418 Ut
2322 5352 2467 5418 Vulg.

2164 5416 2185 5445 ⁸
2221 5415 2285 5463 ita
2312 5420 2407 5465 erit
2420 5415 2483 5467 ἶιῐ

2164 5478 2184 5508 9
2227 5478 2290 5526 Ut
2318 5478 2464 5543 Vulg.
2490 5492 2657 5545 usque,
2684 5479 2761 5533 De
2780 5480 2861 5534 die
2886 5489 3050 5531 autem

1719 5648 2084 5706 BLANCHINI
2104 5626 2356 5708 Nom.

480 5788 558 5863 (a)
580 5790 720 5849 Ante
750 5787 985 5847 Christus
1016 5786 1173 5844 deest
1199 5796 1293 5851 est,
1331 5784 1493 5840 etiam
1524 5782 1576 5841 iu
1629 5792 1735 5839 lex.
1766 5782 1862 5841 Gr.
1893 5781 2041 5855 η-(ιυ)
2080 5786 2221 5841 Ante
2263 5784 2500 5854 aquilae,
2556 5783 2708 5840 deest
2752 5794 2797 5840 et
2825 5781 2984 5839 etiam
3020 5782 3072 5838 iu
3107 5790 3217 5840 tex.
3257 5781 3354 5841 Gr.
