4048 6188
401 255 500 310 511
931 255 1203 314 EUSEBII
1240 253 1579 313 VERCELL.
1622 251 2075 310 EVANGELIUM
2115 249 2260 310 CUM
2301 250 2535 310 VARllS
2571 251 2724 308 COD.
2766 250 3158 310 COLLATUM.

794 356 1028 416 CODEX
1065 356 1602 414 VERCELLENSIS.

394 428 701 500 gregabunt

398 502 516 558 elec
556 540 572 556 .
617 541 630 554 .
678 542 690 556 .
735 541 750 554 .
795 541 807 554 .
851 500 970 570 ejus

396 585 971 642 aqua....ven-

397 642 490 708 tis,
520 659 550 696 a
582 644 808 698 summis

399 715 674 770 caelorum
707 729 798 769 us-

399 801 504 857 que
533 788 599 840 ad
631 786 759 840 ulti-

398 871 546 911 mum
575 871 787 912 eorum.

396 927 486 984 32.
521 930 561 981 A
593 929 726 984 licus
753 936 932 985 autem

397 1000 649 1054 arborem
676 1000 787 1056 dis-

401 1070 510 1124 cite
538 1071 768 1140 parabo-

394 1142 500 1195 lam
539 1163 551 1197 :
578 1157 699 1196 cum
724 1142 834 1210 jam

395 1227 581 1267 ramus
613 1214 730 1277 ejus
758 1221 838 1269 te-

393 1298 496 1338 ner
523 1283 709 1347 fuerit,

397 1363 452 1410 et
479 1353 606 1410 folia
638 1370 762 1410 nas-

395 1433 615 1490 cuntur,
648 1429 754 1481 sci-

396 1497 466 1550 tis
497 1497 618 1566 quia
651 1513 818 1568 prope

393 1568 484 1622 55.
517 1579 600 1623 est
627 1579 829 1633 aestus.
861 1572 932 1626 ita

395 1649 449 1692 et
471 1653 569 1693 vos
594 1655 716 1694 cum
743 1643 822 1696 vi-

396 1709 584 1767 deritis
615 1713 748 1766 haec

397 1782 575 1835 omnia
609 1782 708 1836 ﬁe-

394 1853 462 1915 ri.
493 1851 686 1908 scitote
712 1857 836 1924 quia

397 1937 568 1992 prope
594 1934 679 1980 est
703 1926 756 1979 iit

394 1992 594 2056 ianuis.

395 2066 486 2120 51.
519 2065 690 2122 Amen
720 2068 873 2123 vobis

392 2136 538 2203 dico,
571 2139 690 2207 quia
715 2154 822 2195 non

395 2209 713 2276 praeteribit

391 2282 531 2334 haec
556 2296 780 2349 genera-

394 2350 492 2414 tio,
526 2351 698 2407 donec

397 2425 529 2476 haec
555 2423 736 2478 omnia

388 2493 480 2548 55.
509 2493 661 2549 ﬁant.
691 2495 909 2551 Caelum

391 2573 448 2618 et
478 2575 621 2619 terra
653 2575 802 2621 tran-

391 2634 611 2700 sibunt;
652 2651 776 2691 ver-

1240 428 1315 501 (b)
1344 444 1536 501 neque
1558 427 1661 482 lili-

1238 499 1303 554 υς
1327 499 1367 571 -ι-
1394 543 1408 565 ,
1441 500 1541 553 nisi
1570 509 1724 571 pater

1239 570 1350 627 '57.
1377 571 1547 626 solus.
1591 570 1742 626 Sicut

1240 651 1422 698 autem
1467 643 1519 696 in
1547 641 1665 696 die-

1237 714 1340 768 bus
1376 712 1488 768 Noe
1514 755 1529 780 ,
1559 713 1631 767 ita
1658 729 1716 769 e-

1239 785 1314 839 rit
1341 793 1396 839 et
1420 783 1625 840 adven-

1239 867 1324 911 tus
1353 856 1424 910 tili
1458 855 1635 909 homi—

1237 929 1327 983 58.
1372 928 1474 981 nis.
1501 926 1634 981 Nam
1667 927 1805 983 sicut

1237 1009 1352 1053 erat
1384 999 1436 1052 in
1469 998 1660 1053 diebus

1236 1069 1454 1135 diluvii,
1491 1085 1613 1123 man
1629 1101 1646 1107 ~-

1236 1140 1504 1195 ducabant
1524 1181 1537 1205 ,
1577 1151 1633 1195 et

1235 1212 1492 1267 bibebant
1517 1253 1531 1277 ,
1576 1221 1631 1266 et

1236 1297 1434 1337 uxores
1453 1283 1616 1338 duee-

1234 1353 1362 1408 bant
1393 1369 1560 1422 usque
1589 1355 1642 1408 in

1235 1425 1384 1479 illum
1412 1425 1555 1479 diem
1577 1465 1592 1489 ,

1233 1510 1340 1566 quo
1368 1494 1481 1550 Noe
1513 1497 1595 1549 in-

1235 1582 1456 1634 gressus
1486 1576 1569 1621 est

1237 1639 1326 1694 59.
1369 1639 1420 1692 in
1451 1653 1665 1704 arcam,
1699 1648 1752 1692 et

1238 1725 1345 1764 non
1375 1724 1645 1778 cognove-

1237 1789 1366 1836 runt
1394 1780 1569 1835 donec

1236 1853 1386 1908 venit
1413 1861 1562 1906 cata-

1165 1927 1178 1935 ’
1235 1925 1474 1995 clysmus
1499 1966 1513 1989 ,
1547 1933 1602 1978 et
1636 1932 1718 1977 tu-

1237 1996 1298 2049 lit
1328 2009 1515 2049 omnes
1550 2013 1562 2048 :
1597 1995 1675 2048 sic

1233 2067 1316 2138 (d)
1345 2067 1449 2138 erit
1469 2065 1510 2136 ἰ-
1532 2065 1737 2138 adven-

1231 2137 1319 2192 tus
1349 2137 1424 2190 lili
1451 2137 1647 2192 omnis.

1229 2208 1323 2264 40.
1364 2208 1513 2264 Tunc
1533 2209 1640 2264 duo
1662 2216 1840 2264 erunt.

1232 2282 1287 2336 in
1318 2295 1448 2350 agro
1486 2297 1501 2333 :
1530 2295 1672 2336 unus

1233 2353 1549 2408 adsumetur
1567 2393 1584 2416 ,

1228 2434 1285 2480 et
1314 2437 1453 2478 unus
1482 2422 1648 2477 relin-

1231 2498 1320 2552 41.
1363 2503 1578 2564 quetur.
1611 2493 1719 2549 Du-

1235 2608 1250 2622 .
1296 2607 1309 2620 .
1357 2607 1370 2620 .
1417 2605 1430 2618 .
1475 2605 1490 2620 .
1533 2564 1788 2621 olentes:

1231 2654 1338 2694 una
1376 2636 1629 2691 adsume-

2537 352 2769 408 CODEX
2813 348 3261 409 VERONENSIS.

2102 425 2308 495 gabunt
2344 425 2548 481 electos
2579 425 2694 494 ejus

2103 512 2134 550 8
2165 506 2421 567 (111511111οΓ
2447 512 2615 567 θηευρ

2105 568 2186 624 los
2214 569 2352 623 caeli
2378 608 2395 636 ,
2430 583 2458 620 a
2489 569 2715 623 summis

2107 639 2380 695 caelorum
2411 654 2582 709 usque

2108 710 2176 764 ad
2213 713 2499 766 terminum
2528 725 2620 766 eo—

2103 796 2245 836 rum.
2281 781 2358 854 (α)
2389 781 2525 837 Cum

2098 854 2380 922 coeperint
2409 864 2591 908 autem

2099 923 2235 995 haec
2265 925 2381 980 lieri
2409 965 2422 988 ,
2464 925 2638 995 respi-

2098 994 2202 1049 cite
2228 1039 2241 1062 ,
2275 1004 2331 1050 et
2365 995 2538 1050 levate

2101 1067 2274 1136 capita
2306 1077 2479 1121 vestra
2505 1109 2519 1133 ,

2102 1137 2357 1205 quoniam
2394 1138 2596 1207 adpro-

2101 1209 2212 1276 piat
2251 1209 2554 1280 redemptio

2098 1289 2276 1334 vestra
2309 1281 2370 1350 1-.

2099 1350 2189 1404 59..
2232 1350 2278 1404 Α
2317 1351 2402 1404 lici
2433 1360 2611 1407 autem

2099 1423 2296 1477 arbore
2323 1421 2514 1478 discite

2100 1493 2410 1562 parabolam
2445 1511 2459 1547 :
2498 1509 2620 1548 cum

2095 1565 2206 1633 jam
2233 1580 2414 1619 ramus
2451 1565 2570 1634 ejus

2097 1645 2250 1690 tener
2285 1635 2476 1700 fuerit,
2508 1645 2563 1691 et

2094 1705 2224 1760 folia
2256 1716 2551 1761 nascuntur
2569 1751 2584 1776 ,

2093 1777 2244 1832 scitis
2273 1778 2397 1848 quia
2439 1793 2569 1848 pro-

2095 1863 2162 1913 pe
2191 1860 2275 1903 est
2302 1859 2482 1904 aestas
2506 1891 2522 1916 ,

2095 1919 2186 1974 55.
2218 1927 2273 1975 et
2303 1934 2398 1975 vos
2426 1935 2548 1975 eum

2100 1991 2348 2046 videritis
2378 1991 2510 2046 haec

2100 2063 2277 2116 omnia
2307 2103 2322 2126 ,
2355 2063 2546 2118 scitote

2100 2133 2223 2203 quia
2256 2147 2427 2203 prope
2464 2144 2548 2190 est

2101 2205 2157 2258 in
2183 2205 2386 2274 januis.

2100 2276 2189 2331 54.
2232 2276 2406 2333 Amen
2436 2275 2559 2333 dico
2589 2277 2714 2333 vobi
2767 2319 2782 2346 ,

2101 2349 2226 2418 quia
2253 2361 2362 2402 non
2393 2356 2637 2416 praeter-

2096 2418 2196 2490 ibit
2221 2418 2354 2490 haec
2379 2433 2546 2490 gene-

2095 2489 2233 2545 ratio
2255 2531 2268 2553 ,
2296 2489 2471 2545 donec
2495 2506 2617 2546 om-

2092 2560 2183 2616 55.
2227 2561 2313 2614 nia
2343 2559 2494 2615 ﬁant.
2521 2561 2660 2616 Cae-

2093 2630 2205 2686 lum
2235 2639 2289 2686 et
2319 2640 2462 2688 terra
2490 2643 2664 2689 trans—

2094 2701 2250 2757 ibunt
2273 2719 2287 2768 ;
2319 2703 2486 2759 verba

2094 2788 2226 2828 vero
2255 2789 2373 2828 mea
2404 2791 2512 2830 non

2097 2845 2493 2914 praeteribunt.

2936 439 3037 480 nec
3068 422 3209 477 filius
3232 421 3272 492 ’ί-
3296 460 3312 486 ,

2933 496 3037 550 nisi
3065 505 3216 563 pater
3235 493 3406 548 solus.

2934 567 3024 621 57.
3065 565 3215 622 Sicut
3241 571 3422 618 autem

2934 639 2989 693 in
3016 637 3205 693 diebus
3235 634 3351 690 Noe
3371 678 3387 701 ,

2935 709 3006 764 ita
3034 710 3138 764 erit
3163 718 3217 760 et
3243 705 3341 760 ad-

2934 789 3127 836 ventus
3159 777 3234 832 ﬁli
3265 776 3360 833 ho—

2935 853 3118 908 minis.

2933 925 3023 979 58.
3067 924 3220 978 Sicut
3245 929 3361 975 erat
3391 920 3442 974 in

2933 992 3218 1062 diebus—(e)
3242 991 3347 1045 illis
3368 990 3406 1061 οξ·

2933 1076 3058 1122 ante
3087 1064 3349 1119 dilubium
3373 1105 3387 1127 ,

2933 1137 3352 1200 manducantes,

2933 1217 2988 1264 ct
3013 1209 3261 1264 bibentes
3280 1247 3294 1269 ,

2935 1280 3201 1334 nubentes
3221 1318 3234 1340 ,
3263 1287 3319 1332 et

2935 1360 3102 1420 nupto
3131 1347 3346 1403 traden-

2936 1433 3017 1477 tes
3045 1437 3214 1490 usque
3242 1433 3308 1474 eo

2931 1493 3022 1548 die
3043 1504 3192 1562 ,‘quo
3219 1491 3385 1546 intra-

2930 1564 3010 1619 bit
3039 1564 3090 1618 in
3123 1577 3304 1618 arcam
3324 1603 3340 1627 ,

2925 1635 3018 1692 39.
3059 1645 3113 1690 et
3143 1650 3248 1688 non
3279 1647 3477 1703 cogno-

2927 1716 3122 1761 verunt
3146 1707 3320 1760 donec

2930 1778 3080 1833 venit
3106 1777 3394 1841 diluvium,

2933 1861 2985 1902 et
3013 1848 3136 1903 tulit
3163 1863 3351 1904 omnes
3376 1867 3390 1902 :

2933 1919 3004 1974 ita
3038 1920 3137 1976 erit
3167 1919 3264 1990 (d),
3281 1918 3375 1973 ad-

2932 2001 3125 2046 ventus
3150 1989 3228 2045 (ἱΙὶ
3257 1989 3358 2045 Ιιοο

2933 2063 3118 2116 minis.

2934 2133 3023 2189 40.
3068 2133 3219 2188 Tunc
3247 2132 3356 2188 duo

2933 2213 3093 2260 erunt
3115 2206 3167 2260 in
3198 2219 3328 2276 agro
3355 2221 3366 2256 :

2933 2291 3072 2331 unus
3094 2277 3259 2332 adsu-

2934 2357 3114 2403 metnr
3131 2390 3147 2416 ,
3177 2357 3233 2403 et

2932 2434 3072 2473 unus
3099 2420 3370 2490 relinque-

2935 2500 3038 2544 tur.
3070 2490 3213 2545 Duae
3239 2505 3355 2545 mo-

2931 2561 3100 2616 lentes
3126 2561 3194 2616 ad
3225 2577 3344 2617 mo-

2939 2632 3044 2686 lam
3072 2650 3085 2686 :
3115 2647 3217 2687 una
3241 2633 3334 2688 ad-

2937 2713 3184 2758 sumetur
3201 2746 3215 2771 ,
3245 2714 3299 2760 et

2939 2790 3042 2829 una
3067 2775 3338 2846 relinque-

2934 2847 3032 2920 41.
3065 2855 3170 2901 tur.
3208 2847 3281 2920 (e)
3310 2849 3428 2905 Duo

3594 241 3702 299 5η

394 2705 463 2759 ba
495 2716 676 2761 autent
1234 2748 1248 2763 .
1296 2751 1308 2761 .
1359 2747 1376 2763 .
1415 2723 1443 2761 r
1465 2748 1480 2773 ,
1509 2717 1564 2760 et
1592 2723 1696 2762 una

394 2790 514 2850 mea
537 2793 649 2832 non
677 2793 830 2850 prae-
1230 2797 1310 2834 re.
1363 2821 1376 2833 .
1432 2819 1443 2832 .
1486 2785 1662 2832 uetur.

393 2847 656 2904 teribunt.
679 2847 694 2850 ”
1231 2851 1349 2906 Duo
1380 2850 1434 2903 in
1463 2857 1606 2902 tecto
1641 2866 1653 2900 :

393 2919 486 2974 56.
529 2919 605 2974 De
634 2919 722 2977 die
757 2930 938 2977 autem
1231 2935 1372 2976 unus
1401 2919 1563 2974 adsu-

397 2990 491 3045 illa
515 2999 569 3043 et
591 2990 724 3047 hora
1231 3001 1411 3048 metur
1432 3033 1447 3058 ,
1477 3000 1533 3045 et

1230 3078 1372 3118 unus
1397 3061 1564 3116 relin-

1231 3135 1321 3191 42.
1363 3143 1578 3204 quetur.
1619 3133 1713 3189 Vi-

1237 3220 1756 3276 ......ergo,

811 3299 1045 3358 CODEX
1083 3297 1556 3358 CORBEIENSIS.

393 3372 699 3441 grcgabunt
753 3373 958 3428 electos
1004 3374 1124 3442 ejus
1172 3388 1200 3426 a
1238 3381 1497 3442 quattuor
1537 3374 1737 3439 ventis,
1780 3388 1810 3427 a
1848 3387 1994 3426 sum-

393 3443 502 3498 mis
545 3458 713 3512 usque
740 3443 808 3498 ad
838 3460 1049 3499 summa
1077 3458 1287 3500 eorum.
1334 3443 1382 3499 A
1409 3443 1544 3498 facie
1569 3455 1748 3500 autem
1784 3444 1993 3498 arboris

391 3513 529 3569 ﬁcus
553 3513 757 3571 discite.
777 3515 1086 3585 parabolam
1113 3532 1127 3581 ;
1153 3530 1314 3585 quum
1339 3515 1450 3585 jam
1475 3531 1659 3570 ramus
1687 3515 1805 3586 ejus
1833 3515 1994 3570 fuerit

371 3596 568 3650 vtener,
598 3596 653 3643 et
685 3587 809 3642 folia
843 3588 1214 3656 procreaverit
1242 3630 1257 3653 ,
1304 3589 1642 3657 cognoscetis
1673 3589 1794 3658 quia
1828 3602 1994 3656 prope

389 3667 473 3712 est
502 3659 554 3711 in
589 3659 793 3727 januis.
843 3659 1016 3714 Amen
1045 3659 1165 3714 dico
1193 3658 1348 3713 vobis
1374 3700 1388 3723 ,
1416 3659 1670 3728 quoniam
1703 3675 1809 3713 non
1836 3673 1990 3728 prae-

393 3728 574 3782 teribit
598 3730 877 3800 generatio
921 3733 1084 3793 haec,
1128 3731 1303 3785 donec
1353 3730 1532 3784 omnia
1583 3733 1731 3784 liant.
1765 3730 1987 3784 Coelum

388 3807 444 3852 et
472 3806 614 3870 terra
645 3801 984 3865 transibunt;
1029 3817 1154 3854 nam
1198 3816 1476 3856 sermones
1526 3803 1632 3856 inci
1684 3817 1788 3855 non
1837 3817 1986 3870 prae-

392 3869 648 3924 teribunt.
688 3872 759 3924 De
789 3871 878 3925 die
909 3873 925 3902 ¹
960 3882 1138 3926 autem
1171 3872 1258 3925 illa
1289 3883 1342 3928 et
1374 3872 1501 3924 liora
1535 3887 1694 3925 nemo
1723 3869 1856 3937 scit,
1891 3889 1985 3926 ne-

393 3075 557 3116 nemo
586 3062 721 3129 scit,

393 3147 573 3202 neque
601 3149 765 3203 ange-

398 3203 437 3258 li
464 3203 742 3260 caelorum
764 3246 779 3272 ,

390 3955 496 4009 que
522 3941 693 4006 angeli
738 3943 759 3972 ²
799 3942 1111 4005 coelorum,
1142 3952 1168 3978 ³
1199 3943 1294 3996 sed
1335 3957 1434 3996 nec
1478 3942 1647 4004 illius,
1693 3943 1796 3997 nisi
1839 3944 1986 3999 solus

390 4021 563 4080 pater.
599 4013 750 4068 Sicut
777 4021 956 4067 autem
989 4015 1009 4046 ³
1036 4013 1152 4067 dies
1177 4012 1290 4067 Noe
1316 4054 1330 4075 ,
1371 4013 1448 4065 sic
1471 4014 1573 4066 erit
1603 4015 1862 4069 adventus
1895 4014 1982 4068 lilii

390 4081 644 4136 hominis.
680 4082 812 4137 Nam
845 4083 982 4137 sicut
1008 4092 1126 4138 erat
1167 4084 1216 4136 in
1258 4083 1449 4137 diebus
1484 4083 1669 4138 diluvii
1700 4126 1714 4149 ,
1759 4084 1984 4138 mandu-

387 4153 580 4207 cabant
603 4198 618 4219 ,
653 4155 948 4221 bibebant,
982 4169 1176 4208 uxores
1208 4153 1506 4220 ducebant,
1535 4165 1588 4209 et
1613 4171 1716 4209 non
1747 4157 1981 4210 scierunt

384 4223 530 4293 quod
574 4225 735 4278 modo
780 4226 927 4279 venit
965 4225 1357 4295 cataclysmus,
1404 4235 1460 4279 et
1497 4227 1616 4280 tulit
1642 4242 1834 4281 omnes
1867 4246 1878 4279 :
1913 4228 1984 4281 ita

388 4295 492 4348 erit
526 4295 789 4368 adventus
835 4297 934 4368 lilii
977 4297 1228 4352 hominis.
1269 4295 1419 4368 Tunc
1449 4297 1557 4351 duo
1587 4308 1745 4351 erunt
1774 4299 1825 4351 in
1856 4313 1986 4368 agro

388 4381 525 4438 unus
554 4366 891 4431 adsumetur,
925 4367 947 4397 ³⁸
976 4378 1029 4422 et
1057 4369 1193 4422 alter
1223 4367 1576 4438 relinquetur.
1610 4368 1638 4406 ι)
1683 4369 1801 4423 Duo
1832 4366 1991 4424 erunt

390 4439 442 4492 in
490 4437 630 4492 lecto
665 4438 910 4507 jacentes
965 4458 978 4493 :
1019 4455 1157 4494 unus
1192 4437 1530 4504 dimittetur,
1562 4451 1615 4497 et
1645 4441 1784 4496 alius
1829 4439 1991 4497 adsu-

388 4517 587 4566 metur.
618 4509 842 4580 Vigilate
864 4527 992 4581 ergo
1017 4554 1032 4580 ,

2936 2918 2989 2972 in
3023 2918 3162 2973 lecto
3196 2918 3376 2977 {unus

2935 2988 3273 3051 adsumetur.

2936 3070 2991 3116 et
3018 3075 3155 3116 unus
3186 3062 3350 3119 relin-

2936 3140 3134 3202 quetur
3159 3133 3217 3202 ·ξ·.

2934 3204 3026 3260 49..
3070 3204 3302 3275 Vigilate

2564 3292 2796 3350 CODEX
2832 3295 3226 3354 BRIXIANUS.

2097 3364 2302 3436 gabunt
2331 3365 2538 3421 electos
2561 3367 2678 3434 ejus
2707 3381 2736 3420 a
2760 3376 3015 3435 quattuor
3037 3371 3233 3431 ventis,
3264 3385 3293 3425 a
3322 3370 3548 3425 summis
3573 3383 3697 3426 cac-

2099 3438 2271 3491 lorum
2312 3453 2482 3507 usque
2525 3437 2592 3491 ad
2641 3442 2901 3494 terminos
2931 3454 3142 3494 eorum.
3181 3441 3264 3497 Ab
3293 3442 3488 3497 arbore
3517 3454 3698 3496 autem

2100 3507 2186 3581 [lci
2235 3507 2427 3581 discite
2477 3510 2813 3578 parabolam.
2867 3525 2987 3564 cum
3034 3511 3145 3581 jam
3184 3527 3366 3567 ramus
3393 3511 3512 3581 ejus
3541 3521 3698 3568 tener

2099 3578 2281 3633 fuerit.
2313 3588 2368 3634 et
2401 3580 2525 3635 folia
2555 3591 2699 3635 nata.
2729 3583 2880 3636 scitis
2915 3578 3049 3651 quia
3083 3599 3250 3652 prope
3277 3593 3361 3639 est
3388 3578 3588 3637 aestas.
3620 3585 3692 3638 ita

2100 3658 2154 3703 ct
2182 3665 2278 3706 vos
2306 3666 2428 3705 cum
2459 3652 2700 3725 videritis
2744 3653 2878 3707 haec
2927 3655 3111 3725 omnia
3157 3654 3273 3710 ﬁeri
3317 3655 3526 3710 scitote.
3565 3657 3694 3725 quia

2097 3735 2266 3792 prope
2314 3732 2400 3778 est
2457 3723 2522 3777 ad
2565 3724 2762 3792 januis.
2821 3727 2992 3788 Amen
3039 3724 3160 3780 dico
3210 3727 3363 3780 vobis
3408 3725 3531 3792 quia
3585 3723 3694 3781 non

2096 3794 2405 3859 praeteribit
2421 3795 2832 3863 Itaecgeneratio
2845 3795 3018 3850 donec
3034 3798 3213 3851 omnia
3230 3798 3374 3852 (iant.
3399 3797 3620 3852 Caelum
3636 3809 3691 3852 et

2094 3873 2237 3937 terra
2271 3865 2613 3937 transibunt.
2667 3866 2826 3920 verba
2883 3876 3063 3921 autem
3124 3884 3240 3923 inca
3293 3886 3400 3923 non
3434 3871 3694 3937 praeteri-

2094 3932 2348 4008 bunt.De
2375 3936 2464 4008 die
2511 3945 2687 3990 autem
2721 3938 2812 3991 illa
2854 3948 2909 3992 et
2955 3939 3103 3994 liora.
3159 3955 3319 3995 nemo
3349 3932 3470 3996 scit.
3519 3955 3694 4008 neque

2090 4006 2267 4082 att-geli
2300 4007 2578 4082 caelorum
2627 4008 2699 4079 (b)
2743 4024 2916 4082 neque
2955 4009 3096 4064 ﬁlius
3132 4011 3170 4082 ’ζα
3205 4014 3305 4066 nisi
3353 4023 3505 4080 pater
3544 4006 3695 4065 meus

2090 4078 2262 4132 solus.
2296 4078 2449 4132 Sicut
2475 4078 2654 4134 autem
2682 4078 2734 4133 in
2765 4080 2953 4134 diebus
2984 4082 3097 4136 Noe
3126 4078 3194 4135 ita
3222 4085 3323 4137 erit
3349 4078 3403 4137 et
3428 4083 3694 4136 adventus

2095 4147 2169 4200 [ili
2200 4147 2458 4226 nominis.
2487 4150 2637 4205 Sicut
2660 4153 2806 4226 enim
2835 4162 2991 4206 erant
3015 4152 3286 4226 inidiebus
3311 4152 3380 4226 (ε)
3408 4155 3513 4209 illis
3533 4153 3570 4223 ’ξ-
3590 4169 3658 4207 an

2095 4226 2147 4272 te
2200 4220 2459 4274 diluvium
2513 4223 2905 4278 manducanles
2928 4233 2981 4278 et
3014 4224 3278 4280 bibentes.
3315 4220 3604 4282 nubentes.
3637 4235 3693 4280 et

2095 4302 2321 4366 nuptum
2352 4292 2646 4348 tradentes.
2683 4309 2854 4362 llStlllB
2899 4295 2951 4348 in
2983 4295 3127 4350 diem
3161 4312 3268 4366 quo
3308 4297 3553 4351 introivit
3579 4296 3693 4350 Noe

2095 4361 2148 4415 in
2177 4377 2315 4434 arca?
2341 4373 2396 4418 et
2436 4380 2540 4419 non
2574 4376 2961 4434 cognoverunt.
3017 4361 3192 4422 donec
3221 4369 3371 4422 venit
3401 4368 3690 4421 dilluvium

2095 4442 2151 4486 et
2192 4433 2426 4502 perdidit
2470 4433 2680 4490 omnes.
2734 4437 2805 4490 ita
2835 4437 2940 4491 erit
2987 4448 3042 4492 et
3084 4437 3348 4493 adventus
3381 4439 3475 4492 lilii
3512 4438 3690 4492 llOll‘ll-

2096 4504 2201 4558 nis.
2227 4545 2239 4557 .
2266 4545 2276 4557 .
2302 4546 2313 4559 .
2342 4545 2355 4557 .
2401 4506 2570 4561 Tunc.
2605 4508 2713 4562 duo
2743 4517 2905 4562 erunt
2947 4509 2999 4563 in
3047 4524 3176 4579 agro
3208 4526 3346 4565 unus
3376 4511 3695 4566 adsumetur

2095 4584 2151 4629 et
2178 4591 2315 4630 unus
2343 4579 2699 4648 relinquetur.
2727 4579 2873 4634 Duae
2904 4579 3170 4635 molentes
3202 4581 3255 4635 in
3286 4583 3432 4636 mola
3461 4597 3565 4636 una
3599 4581 3694 4636 ad-

2095 4657 2342 4724 sumetur
2367 4659 2422 4704 et
2456 4650 2560 4704 alia
2607 4650 2968 4724 relinquetur.
3011 4650 3082 4724 (e)
3120 4652 3236 4707 Duo
3279 4654 3332 4724 in
3379 4653 3518 4708 lecto
3556 4669 3686 4707 uno.

2095 4733 2231 4774 unus
2255 4719 2572 4776 adsumetur
2597 4732 2651 4776 et
2671 4719 2810 4775 alius
2837 4719 3191 4795 relinquetur.
3218 4725 3256 4796 ’ἴ
3281 4723 3514 4796 Vigilate
3537 4739 3688 4795 ergo.

2099 2915 2189 2970 56.
2235 2915 2310 2970 De
2335 2915 2424 2971 die
2449 2925 2630 2974 autem

2099 2987 2193 3041 illa
2221 2985 2302 3041 vel
2331 2985 2430 3041 lto-

2097 3073 2156 3113 ra
2187 3071 2348 3112 nemo
2377 3058 2509 3127 scit,

2101 3143 2278 3199 neque
2303 3131 2481 3199 angeli

2099 3201 2374 3256 caelorum
2394 3240 2410 3268 ,
2446 3201 2523 3273 (b)

1075 4797 1474 4856 VABIANTES
1509 4799 1891 4859 LECTIONES
1928 4804 2196 4866 CODlClS
2237 4812 2342 4868 MS.
2384 4812 2442 4868 S.
2477 4813 2990 4871 GERMANENSIS.

381 4862 392 4912 ι’
443 4879 460 4908 ί
499 4885 661 4929 autem
686 4886 738 4929 et
761 4878 878 4928 hora

446 4941 466 4970 '
503 4941 770 4991 coelorum.
798 4943 843 5003 ⁸,
865 4942 958 4990 nisi

2152 4891 2172 4956 ἕ
2211 4893 2274 4940 Ut
2303 4889 2449 4956 Vulg.
2475 4905 2641 4956 usque,
2672 4900 2911 4944 venturus
2935 4902 3014 4946 est.

2148 4952 2170 4982 ³
2205 4963 2258 5004 et
2278 4952 2423 5019 unus,
2449 4952 2567 5017 etcf,
2594 4962 2643 5007 ut
2675 4956 2820 5019 Vulg.

1732 5025 2098 5087 BLANCHINI
2133 5035 2363 5093 NOTE.

453 5114 478 5140 ιι
516 5103 594 5176 lta
619 5101 821 5176 lectum
852 5102 1016 5159 fuisse
1050 5103 1104 5176 in
1149 5103 1541 5175 antiquissimis
1577 5106 1978 5176 exemplaribus

376 5174 632 5230 Matthaei
681 5181 846 5244 testes
895 5182 1020 5228 sunt
1060 5174 1328 5240 Hilarius,
1377 5175 1697 5232 Ambrosius
1719 5174 1752 5244 ,⁷
1787 5178 1975 5235 Hiero-

378 5261 607 5317 nymus,
640 5254 696 5300 et
723 5243 814 5297 alii
843 5244 1134 5313 scriptores
1173 5248 1612 5304 nominatissimi.

2160 5118 2207 5198 b_
2231 5120 2306 5198 De
2334 5119 2435 5198 boc
2459 5121 2836 5198 additamenta
2856 5136 2956 5178 seu
2987 5124 3228 5198 variante
3255 5125 3485 5182 lectione
3509 5170 3525 5195 ,
3566 5143 3691 5198 quae

2090 5190 2144 5269 in
2170 5191 2617 5269 Corbeiensirns.
2662 5196 3134 5269 reperitltr,_yide
3188 5197 3348 5269 Lucae
3395 5190 3692 5269 Brugensis

2087 5261 2401 5336 Notationes
2417 5261 2760 5336 prolixiores,
2781 5275 2835 5319 et
2851 5265 2930 5320 Th
2941 5261 2960 5318 .
2978 5267 3241 5324 Marescli.
3264 5261 3690 5327 Observationes

2077 5335 2131 5388 in
2156 5337 2398 5390 version.
2420 5335 2580 5406 Angl.
2607 5337 2736 5391 Sax.
2773 5353 2893 5407 pag.
2910 5338 3036 5394 500.

377 5416 941 5506 —.(a)_.Assumcntum
974 5417 1499 5506 isttutl‘ex‘statﬁetiam
1532 5423 1583 5506 in
1613 5424 1734 5506 cod.
1765 5425 1922 5506 (lant.
1949 5425 1986 5480 L

2098 5434 2153 5481 et
2183 5426 2611 5506 Gt‘._&pzoyéva
2635 5427 2689 5506 δὲ
2719 5432 2913 5506 τᾳύτων
2947 5433 3172 5506 γίνεσθᾳι
3198 5429 3378 5500 (Cant.
3412 5432 3530 5488 Lat.
3562 5435 3692 5489 inci-

372 5489 626 5559 pientibus
652 5501 820 5546 autent
870 5491 949 5543 his
997 5490 1135 5559 ﬁeri)
1183 5493 1665 5617 ἀναϐλέἶατεξίκαὶ
1709 5497 1932 5568 ἐπάρατε
1971 5521 1986 5551 -.

372 5559 446 5617 (b)
477 5560 637 5611 Atltlit
661 5579 748 5615 nec
791 5560 961 5614 Filius
987 5606 999 5617 .
1028 5563 1189 5616 etiam
1220 5564 1342 5617 cod.
1393 5563 1647 5617 ‘anl.oddé
1676 5565 1701 5617 ὁ
1729 5567 1850 5617 υἱός-
1882 5567 1986 5617 exl

2111 5489 2353 5571 κεφαλὰς·Ι
2379 5489 2539 5572 δῖαῶν
2580 5500 2709 5556 διότι
2751 5489 2991 5574 ἐγγίζειῆ
3036 5504 3392 5580 ἀπολύτρωσις
3419 5508 3581 5577 ὑμῶν.
3617 5537 3690 5548 --

2097 5584 2169 5617 30.
2194 5598 2259 5610 η-
2279 5572 2350 5617 (cl
2379 5572 2532 5617 Adtlil
2557 5571 2681 5617 illis-
2708 5573 2828 5617 and.
2853 5572 3240 5617 mmmannL
3268 5579 3494 5617 Enim...»
3524 5577 3687 5617 ...ιιΙὶ

367 5559 446 5626 (b)
477 5560 637 5611 Atltlit
661 5579 748 5615 nec
791 5560 961 5614 Filius
987 5606 999 5622 .
1028 5563 1189 5616 etiam
1220 5564 1342 5618 cod.

1416 5564 1647 5649 δημούδξ
1675 5565 1701 5649 ῥ
1729 5564 1850 5649 ιέξόξ,
1882 5583 1946 5620 ex
1971 5567 1986 5619 l

2097 5564 2259 5649 :o.'~—
2279 5572 2350 5641 (ε)
2377 5564 2533 5625 Α’(Μίι
2557 5564 2830 5649 illis,_cod'.
2853 5564 3068 5649 quoque
3085 5564 3243 5649 (lant:
3267 5564 3498 5649 ὲκείᾷιαιξ.
3524 5577 3687 5649 --(d)

373 5629 502 5710 [lost
532 5630 647 5710 erit:
672 5633 822 5710 deest
843 5642 908 5694 et,
936 5634 1183 5710 etiamin
1216 5635 1337 5689 cod.
1362 5633 1596 5710 Cant—
1622 5634 1693 5710 (e)
1738 5629 1851 5690 Hoc
1877 5648 2244 5710 assutnentum
2273 5629 2449 5696 erstat
2473 5629 2749 5710 pariterin
2778 5629 2902 5698 cod.
2927 5629 3084 5700 (lant.
3110 5645 3227 5700 Lat.
3264 5629 3571 5703 adfata.

365 5701 534 5780 κὶίνης
557 5708 701 5786 ξιᾶς,
733 5700 800 5782 εἷς
830 5707 1302 5786 παραλαμϐάνεται,
1336 5711 1420 5764 καὶ
1448 5704 1518 5768 εἷς
1545 5709 1762 5786 ἀφὶεῖα-ι,
1790 5723 1854 5762 ex
1877 5708 1984 5786 LILC

2097 5712 2221 5775 Quod
2250 5713 2431 5786 legunt
2453 5700 2616 5769 etiam
2639 5713 2924 5785 Chrysost.
2948 5758 2962 5781 ,
2992 5700 3312 5785 Juvencus,
3331 5700 3586 5786 llilaritis,
3604 5700 3688 5775 1.6

362 5773 543 5827 νυνδἰο
563 5772 850 5837 Saxonica,
877 5772 931 5828 εἰ
961 5772 1128 5832 Codd.
1157 5779 1330 5834 Latini
1370 5779 1526 5836 inulti
1550 5772 1692 5850 apud
1718 5772 1914 5836 Lucam
1941 5772 2198 5854 Brugan
2233 5772 2484 5841 et‘Craeci
2536 5788 2738 5858 aliquot
2755 5772 2910 5858 'apud
2939 5772 3293 5860 Stephanum,
3331 5772 3683 5847 'ei'nmiiml
