4048 6188
210 330 219 339 ,
259 261 370 322 5:3
742 230 752 235 ί
1236 268 1686 328 EVANGELIUM
1723 269 2092 330 SECUNDUM
2131 271 2571 332 nummum.

653 383 878 441 CODEX
917 386 1454 447 VERCELLENSIS.

260 517 276 534 .
322 518 334 531 .
385 519 397 531 .
447 478 499 533 ia
530 480 748 533 nescitis

259 588 272 601 .
316 588 333 603 .
380 592 393 604 .
443 551 575 605 liora
606 552 857 608 Dominus

258 629 445 676 νθειθν
474 638 606 676 ven-

253 700 412 747 turus
442 701 546 748 est.

247 762 341 818 43.
386 764 522 819 lllud
545 773 722 823 autem

248 835 475 904 scitote,
520 851 653 905 quo-

247 908 391 961 niam
422 910 467 962 si
496 909 602 963 sci-

245 989 327 1033 ret
359 990 519 1046 pater
555 981 631 1033 la-

246 1049 427 1104 milias
459 1066 565 1121 qua

244 1121 377 1197 hora
418 1120 526 1197 Αἲξ,
631 1163 646 1178 .
694 1165 707 1177 .
751 1124 826 1197 (α)
875 1143 935 1185 e-

245 1193 328 1247 nit
352 1236 367 1259 ,
401 1194 446 1263 ’ξ-
470 1194 720 1263 vigilaret

244 1265 431 1334 utique
449 1308 462 1331 ,
499 1274 556 1320 et
585 1280 692 1320 non

242 1335 449 1391 sineret
486 1351 610 1405 per-

241 1406 401 1461 lodiri
432 1408 656 1463 domum

241 1477 333 1533 Η.
376 1492 552 1538 suam.
585 1479 711 1538 Ideo

242 1558 292 1604 Ει
321 1566 420 1604 τος
449 1560 595 1605 CSlO-

242 1631 291 1675 te
322 1622 497 1703 parati
532 1640 546 1674 :
577 1624 700 1694 quia

240 1703 468 1749 nescitis
493 1709 599 1763 qua

239 1763 373 1819 liora
402 1764 551 1819 ﬁlius

240 1835 481 1890 hominis
502 1852 631 1892 ven-

242 1918 394 1961 llll'llS
426 1917 532 1961 εει.

239 1980 329 2033 45.
372 1977 507 2045 Quis
538 1996 664 2035 nam
698 1991 783 2037 est

242 2049 420 2105 ﬁdelis
450 2066 566 2104 ser-

241 2136 339 2193 vus
355 2162 371 2185 ,
404 2131 463 2176 et
486 2137 619 2193 pru-

242 2192 407 2258 dens,
437 2192 600 2263 quem

242 2266 528 2320 constituit

242 2336 496 2410 dominus
522 2354 689 2410 super

242 2406 501 2461 familiam

242 2493 390 2532 suam
413 2520 431 2545 ,
462 2487 521 2534 ut
548 2480 642 2536 det

242 2550 345 2604 illis
370 2551 443 2606 ci.
468 2592 483 2606 .
518 2568 572 2607 m

1091 813 1103 824 ι
1184 814 1197 826 I
1278 812 1293 827 ο
1376 814 1389 827 ο
1471 815 1484 827 ο
1571 816 1581 829 Δ

1087 885 1101 899 ο
1182 882 1197 897 ο
1276 885 1289 898 ο
1373 887 1386 899 ο
1468 884 1483 899 ο
1563 886 1577 901 ο
1659 886 1671 899 ο

1083 1000 1274 1042 0011861⁸
1282 1002 1377 1042 VOS

1084 1072 1210 1113 suos
1226 1100 1242 1125 ,
1275 1059 1492 1115 mandu-

1082 1144 1208 1185 care
1234 1140 1413 1186 autem

1084 1746 1096 1759 ο
1178 1743 1194 1759 ο
1273 1745 1285 1758 ο
1370 1747 1382 1759 ο
1466 1744 1477 1758 ο
1558 1742 1573 1757 ο
1653 1740 1668 1756 ο
1749 1742 1761 1756 0

1081 2532 1093 2545 I
1176 2532 1187 2546 ο
1270 2532 1284 2547 ο
1366 2534 1378 2546 ο
1463 2534 1476 2546 ο
1558 2532 1570 2544 ο
1653 2535 1665 2548 ο
1749 2534 1762 2549 ο

1236 2814 1464 2872 CAPUT
1505 2815 1670 2873 XXV.

1078 2911 1104 2964 1
1117 2949 1130 2964 .
1172 2920 1331 2965 erunt
1361 2910 1574 2965 obviam

1075 2996 1277 3051 sponso
1298 3024 1312 3050 ,
1340 2991 1401 3037 ‘ct
1427 2999 1591 3052 spon-

1074 3068 1604 3110 538........

247 2951 291 2993 ,υ
339 2950 353 2962 .
436 2950 479 2993 ..
535 2952 549 2963 .
629 2914 764 2995 .(b)

246 2990 353 3036 met
380 2983 515 3053 οξ-ειο
546 2981 674 3038 lac:-

244 3062 444 3109 ente'm.

242 3123 325 3179 47.
369 3130 542 3183 Amen
573 3127 694 3184 dico
724 3143 819 3184 vo-

244 3195 317 3250 bis
340 3243 354 3263 ,
386 3199 643 3268 quoniam

242 3284 399 3339 super
428 3271 611 3325 omnia

246 3340 372 3395 bona
401 3356 499 3397 sua
530 3358 693 3397 cons-

244 3412 392 3469 tituet
424 3428 570 3468 eum.

243 3484 325 3537 48.
375 3527 387 3538 .
435 3523 449 3539 .
495 3527 507 3539 .
556 3527 568 3539 .
603 3485 756 3540 dixe-

242 3557 304 3611 rit
331 3557 462 3611 mal.
506 3598 519 3612 .
568 3600 581 3613 .
626 3598 641 3611 .
686 3558 776 3611 ille

658 3651 891 3707 CODEX
932 3649 1403 3705 CORBEIENSIS.

242 3749 358 3814 quia
390 3748 611 3804 nescitis
645 3763 748 3817 qua
781 3747 907 3800 hora
937 3746 1193 3799 Dominus
1230 3754 1410 3800 vester
1440 3754 1694 3801 venturus
1731 3756 1833 3801 est.

243 3818 365 3874 illud
400 3831 582 3875 autem
636 3822 858 3883 scitote,
892 3817 1143 3886 quoniam
1170 3817 1212 3871 si
1241 3818 1401 3872 sciret
1456 3818 1838 3886 paterfamilias

245 3906 334 3957 qua
402 3894 534 3944 liora
604 3889 689 3943 l'nr
745 3901 999 3959 venturus
1074 3899 1249 3952 esset,
1326 3888 1567 3958 vigilaret
1624 3890 1832 3959 utique,

246 3974 291 4015 et
344 3978 450 4017 non
492 3963 698 4017 sineret
747 3964 762 3991 ί
821 3958 1103 4029 ρειγῐοόοιδθ
1135 3960 1351 4013 domum
1396 3976 1567 4012 suam.
1622 3958 1747 4015 Ideo
1786 3972 1839 4015 et

244 4047 332 4103 vos
378 4042 555 4087 estote
598 4034 767 4103 parati
819 4049 831 4085 :
878 4033 896 4061 ²
926 4032 1045 4103 quia
1086 4030 1306 4103 nescitis
1354 4047 1477 4103 qua
1514 4030 1643 4103 liora
1704 4031 1840 4087 lilius

250 4102 471 4159 hominis
502 4101 763 4159 ven—turus
809 4111 911 4158 est.
947 4103 966 4131 ³
1001 4101 1258 4169 Quisnam
1298 4110 1381 4155 est
1413 4101 1586 4156 lidclis
1631 4118 1840 4166 servus,

248 4188 297 4227 et
345 4177 613 4244 prudens,
678 4190 834 4243 quem
884 4174 1164 4228 constituit
1213 4173 1462 4227 dominus
1511 4189 1639 4227 suus
1679 4188 1842 4241 super

250 4245 497 4301 familiam
542 4262 714 4307 suam,
762 4255 818 4299 ut
865 4247 960 4299 det
1010 4244 1117 4297 illis
1156 4244 1416 4297 cibarium
1470 4246 1519 4297 in
1574 4254 1837 4309 tempore.

249 4316 435 4372 lleatns
457 4328 542 4373 est
567 4333 759 4372 servus
791 4318 879 4371 ille
909 4359 922 4382 ,
954 4330 1113 4385 quem
1146 4318 1366 4369 veniens
1397 4315 1650 4369 dominus
1678 4315 1793 4384 ejus
1822 4358 1836 4379 ,

251 4388 505 4444 invenerit
535 4390 604 4442 ita
637 4389 945 4443 iacientem.
982 4391 1149 4441 Anien
1176 4429 1189 4449 ,
1220 4385 1343 4440 dico
1374 4388 1547 4449 vobis,
1582 4388 1836 4454 quoniam

248 4474 400 4527 super
451 4476 667 4515 onmem
739 4460 1098 4513 substantiam
1148 4473 1301 4511 suam
1346 4459 1639 4512 constituet
1690 4474 1835 4512 eum.

247 4529 300 4581 Si
332 4545 498 4585 autem
544 4531 743 4587 dixerit
786 4545 977 4585 servus
1022 4530 1109 4583 ille
1158 4530 1210 4583 in
1255 4528 1421 4583 corde
1468 4545 1604 4581 suo:
1640 4528 1840 4584 Tardat

249 4602 491 4656 dominus
545 4619 699 4657 meus
739 4605 962 4663 venire;
1028 4610 1076 4655 et
1130 4601 1350 4669 incipiet
1389 4610 1676 4669 percutere
1709 4616 1838 4654 con-

247 4687 430 4727 servos
466 4689 627 4737 suos,
661 4673 945 4728 manducet
986 4681 1163 4726 autem
1210 4684 1260 4725 et
1296 4671 1441 4724 bibat
1480 4687 1603 4725 cum
1627 4672 1791 4725 ebriis
1822 4692 1834 4727 :

251 4746 395 4797 venit
432 4745 681 4801 dominus
708 4747 849 4800 servi
900 4744 1046 4797 illius
1069 4784 1084 4808 ,
1128 4743 1215 4797 die
1264 4757 1365 4811 qua
1399 4743 1589 4803 nescit,
1625 4752 1679 4796 et
1706 4744 1835 4797 liora

248 4828 355 4881 qua
374 4831 470 4870 non
500 4826 721 4887 sperat,
770 4825 825 4869 et
854 4814 1023 4887 [iudet
1048 4829 1169 4887 eum
1197 4855 1211 4877 ,
1252 4822 1564 4887 partemque
1590 4814 1834 4887 ejus_pn-

250 4894 346 4938 net
366 4901 475 4941 cum
503 4884 827 4957 publicanis,
858 4886 967 4941 illic
1009 4884 1298 4957 eritlletus
1324 4926 1338 4949 ,
1386 4896 1438 4938 et
1470 4884 1669 4957 stridor
1698 4884 1830 4938 den-

250 4962 399 5009 tium.
432 4955 578 5014 'l‘u'nc
626 4959 806 5013 simile
833 4957 854 4986 ⁵
886 4956 1266 5011 aestimabitur
1286 4971 1510 5025 regnum
1552 4955 1828 5009 coelorum

250 5028 428 5082 decem
457 5030 753 5101 virginibus
785 5047 796 5081 :
829 5044 965 5098 quae
993 5029 1013 5057 ⁸
1039 5029 1275 5097 acceptis
1300 5025 1639 5101 lampadibus
1673 5027 1827 5101 suis,

253 5102 485 5155 exierunt
538 5097 588 5155 in
642 5097 858 5155 obviam
887 5114 1118 5169 sponso,
1170 5110 1225 5153 et
1276 5112 1535 5169 sponsae.
1581 5097 1832 5167 Quinque

263 5178 429 5225 autem
470 5190 533 5228 ex
564 5174 647 5228 eis
696 5172 716 5202 °
762 5172 957 5235 fatuae,
1010 5177 1066 5224 et
1118 5170 1355 5239 quinque
1408 5168 1702 5239 prudentes
1752 5188 1764 5225 :
1812 5171 1831 5200 ⁷

254 5242 437 5300 stultae
458 5254 663 5309 autem,
715 5244 953 5313 acceptis
994 5242 1331 5310 lampadibus
1362 5281 1375 5303 ,
1409 5256 1515 5295 non

2390 393 2621 452 CODEX
2664 395 3115 455 VERONENSIS.

1950 501 2081 559 ergo
2097 529 2112 552 .
2143 486 2268 559 quia

1950 559 2172 632 nescitis
2199 575 2302 632 qua

1949 629 2081 685 hora
2113 629 2371 688 Dominus

1947 713 2129 757 VCSICI‘
2158 718 2289 757 VOII-

1947 782 2101 827 llll‘llS
2127 784 2228 829 εει.

1946 843 2038 900 45.
2080 845 2208 901 ΙΙΙυι
2233 854 2411 903 autem

1946 916 2138 971 scitote
2157 958 2171 982 ,
2200 933 2332 988 quo-

1946 988 2089 1042 niam
2122 990 2166 1043 si
2197 989 2308 1044 sci-

1945 1066 2029 1113 ret
2061 1058 2294 1128 paterfa-

1945 1130 2123 1202 milias
2143 1174 2158 1198 ,
2189 1148 2294 1202 qua

1944 1199 2077 1255 hora
2112 1203 2194 1255 l'ur
2209 1199 2304 1273 ’(α)
2330 1219 2422 1260 ve-

1944 1275 2025 1325 nit
2049 1273 2086 1341 ‘j‘
2108 1314 2123 1337 ,
2151 1274 2396 1344 vigilaret

1944 1344 2130 1413 utique
2153 1387 2167 1409 ,
2200 1354 2255 1399 et
2281 1362 2389 1401 non

1944 1414 2151 1486 sineret
2180 1432 2305 1486 per—

1942 1485 2099 1541 fodiri
2130 1485 2347 1542 demum

1941 1555 2031 1611 44.
2058 1573 2230 1613 suam.
2260 1558 2387 1614 Ideo

1941 1640 1993 1682 et
2023 1645 2117 1685 vos
2145 1631 2365 1686 nescitis

1946 1716 2050 1763 qua
2075 1701 2204 1755 liora

1947 1770 2086 1826 ﬁlius
2119 1772 2351 1829 hominis

1941 1852 2200 1899 venturus
2223 1854 2326 1899 est.

1942 1913 2031 1967 45.
2058 1916 2315 1982 Quisnam
2340 1925 2421 1971 est

1944 1986 2116 2041 lidelis
2140 2002 2254 2042 scr-

1942 2071 2062 2122 vus,
2091 2068 2142 2114 et
2174 2075 2301 2129 prn-

1942 2129 2099 2195 dens,
2134 2146 2294 2200 quem

1942 2202 2226 2257 constituit

1942 2271 2195 2329 dominus
2221 2273 2338 2345 ejus

1942 2358 2103 2413 supra

1941 2412 2203 2472 familiam

1939 2499 2114 2552 suam,

1940 2565 1999 2610 ut
2028 2557 2121 2611 det

1939 2626 2047 2682 illis
2071 2628 2250 2684 cibum

1940 2701 2000 2770 in
2028 2707 2291 2770 tempore.

1938 2768 2032 2827 46.
2063 2768 2259 2827 Beatus
2276 2772 2368 2829 ille

1939 2856 2151 2909 servus,
2185 2860 2347 2913 quem

1938 2916 2162 2970 veniens
2192 2915 2289 2969 do-

2778 493 2852 548 rit
2878 494 3053 548 malus
3078 492 3168 551 ille

2780 581 2969 622 servus
2991 566 3046 619 in

2781 635 2947 692 corde
2973 651 3072 693 suo
3097 654 3111 690 :

2783 710 2987 764 Moram
3012 706 3091 763 fa-

2782 783 2855 835 cit
2873 780 3125 835 dominus

2781 867 2935 907 meus
2951 852 3170 916 venire;

2780 923 2871 978 49.
2914 932 2969 977 et
2999 922 3220 992 incipiet

2782 1004 3064 1064 percutere
3086 1007 3214 1049 con-

2780 1076 2975 1122 servos
3004 1080 3152 1130 suos,

2779 1137 3071 1193 manducet
3094 1143 3273 1191 autem

2777 1218 2832 1264 et
2860 1209 3003 1265 bibat

2777 1296 2899 1336 cum
2922 1280 3085 1335 ebriis
3110 1297 3123 1332 :

2778 1351 2866 1408 50.
2912 1352 3095 1406 veniet
3120 1348 3371 1406 dominus

2776 1424 2919 1479 servi
2949 1423 3092 1478 illius

2778 1496 2831 1550 in
2857 1496 2966 1561 die,

2777 1582 2880 1638 qua
2905 1582 3012 1621 non

2777 1636 2981 1707 sperat,
3012 1646 3067 1692 et
3096 1636 3254 1701 liora,

2778 1726 2879 1781 qua
2904 1710 3152 1781 ignorat},

2778 1791 2833 1837 et
2862 1780 3065 1837 dividet
3093 1794 3241 1845 eum,

2781 1853 2845 1907 51
2858 1892 2871 1906 .
2913 1861 3231 1923 partemque
3251 1849 3299 1920 ej
3309 1862 3371 1903 ns

2777 1924 2931 1995 ponit
2952 1939 3073 1979 cum

2779 1995 3100 2067 liypocritis,

2778 2068 2892 2122 illic
2909 2068 3011 2121 erit

2776 2140 2953 2203 ﬂe‘tus,
2979 2148 3035 2193 et

2776 2210 2977 2269 stridor
3002 2208 3269 2265 dentium.

2939 2324 3169 2382 CAPUT
3208 2320 3375 2379 XXV.

2780 2422 2831 2474 1.
2862 2417 3015 2474 Tunc
3042 2416 3220 2470 simile

2776 2488 3149 2546 aestimabitur
3171 2500 3258 2540 re—

2775 2577 2937 2630 gnum
2966 2560 3240 2614 caelorum

2775 2634 2963 2688 decem
2984 2630 3148 2700 virgi-

2776 2705 2934 2759 nibus
2966 2720 2979 2755 :
3013 2716 3152 2771 quae

2775 2781 3107 2844 acceperunt
3132 2773 3267 2827 lam—

2774 2846 2941 2916 pades
2973 2859 3121 2912 suas,

2775 2929 2831 2972 et
2858 2926 3124 2973 venerunt

3442 277 3549 334 3M

1937 2986 2117 3061 minus
2137 2987 2274 3061 eius.
2308 2988 2387 3061 (ὁ)

1936 3057 2179 3130 inveniet
2201 3059 2242 3130 'j‘
2274 3057 2353 3115 sic

1936 3125 2246 3185 facientem.

1936 3197 2027 3253 47.
2068 3201 2239 3256 Amen
2267 3202 2390 3258 dico
2419 3216 2511 3258 vo-

1939 3271 2043 3339 bis,
2075 3273 2330 3340 quoniam
2775 3286 2930 3330 crant
2962 3274 3136 3328 fatuae
3152 3315 3168 3339 ,

1936 3355 2100 3411 super
2126 3346 2309 3400 omnia
2773 3357 2823 3400 et
2853 3348 3086 3416 quinque
3119 3341 3411 3414 prudentes
3438 3355 3451 3391 :

1936 3417 2226 3471 constituet
2776 3420 2827 3471 5.
2873 3415 2967 3472 Sed
2992 3419 3227 3487 quinque

1936 3496 2081 3538 eum.
2776 3489 2974 3553 fatuae,
3000 3484 3233 3550 acceptis
3260 3484 3394 3537 lam-

1936 3556 2024 3610 48.
2068 3558 2321 3614 Siautem
2352 3558 2503 3615 dixe—
2777 3558 3000 3628 padihus
3034 3558 3108 3631 (α)
3136 3557 3247 3610 suis
3284 3555 3348 3624 σι’,

2402 3656 2633 3711 CODEX
2673 3656 3063 3712 BRIXIANUS.

1941 3753 2069 3825 quia
2098 3751 2339 3806 nescitis.
2373 3766 2475 3821 qua
2505 3752 2593 3805 die
2626 3750 2884 3825 Dominus
2915 3759 3095 3805 vester
3126 3755 3385 3825 venturus
3431 3749 3537 3795 est.

1941 3818 2072 3877 Illud
2104 3832 2283 3877 autem
2325 3818 2519 3878 scitote
2559 3824 2680 3892 quia
2719 3825 2762 3876 si
2792 3823 2957 3876 sciret
3000 3830 3148 3889 pater
3181 3818 3406 3892 familias
3436 3827 3538 3882 qua

1944 3894 2074 3949 liora
2100 3895 2182 3948 iur
2212 3894 2289 3964 (η)
2335 3896 2480 3948 venit
2508 3894 2544 3965 ᾔ·
2574 3886 2815 3963 vigilaret
2852 3886 3036 3962 utique
3066 3901 3121 3946 et
3162 3904 3265 3943 non
3313 3886 3537 3964 sineret.

1947 3965 2200 4034 perfodiri
2232 3967 2449 4021 domum
2476 3982 2648 4018 suain.
2687 3965 2915 4035 Ideoque
2946 3972 3001 4019 ct
3025 3978 3120 4017 vos
3145 3967 3320 4015 estote
3345 3966 3536 4036 parati.

1947 4026 2069 4104 quia
2090 4037 2224 4091 hora
2238 4053 2339 4106 qua
2358 4038 2596 4092 nescitis.
2618 4037 2757 4089 lilius
2777 4026 3010 4109 hominis
3029 4026 3542 4109 \‘0ntttt'usesl_.QttiS

1947 4098 2067 4162 nam
2086 4122 2164 4163 est
2188 4098 2360 4162 lidelis
2384 4123 2572 4163 servus
2597 4118 2649 4161 et
2670 4108 3104 4176 prudens.quem
3134 4101 3414 4178 constituit
3445 4098 3537 4178 do-

1946 4180 2125 4232 minus
2148 4180 2264 4245 ejus
2280 4195 2439 4248 supra
2476 4172 2731 4233 familiam
2760 4195 2912 4233 suam
2938 4172 2994 4231 ut
3022 4178 3109 4230 det
3142 4176 3247 4252 illis
3278 4172 3458 4252 cibum
3486 4172 3538 4222 in

1949 4244 2209 4319 tempore.
2229 4244 2425 4323 Beatus
2444 4252 2533 4305 ille
2548 4266 2757 4304 servus.
2776 4266 2933 4319 quem
2950 4265 3050 4303 con
3068 4244 3542 4323 veizct-itdoininus

1946 4316 2074 4387 cjus'
2107 4322 2374 4376 invenerit
2403 4323 2688 4377 iacientem
2716 4316 2812 4375 sic‘.
2850 4324 3018 4375 Anien
3070 4319 3189 4371 (llCO
3219 4316 3392 4369 vobis.
3415 4316 3540 4381 quia

1945 4407 2109 4460 Sttpcr
2158 4395 2336 4447 omnia
2380 4395 2517 4447 liena
2574 4408 2667 4445 sna
2717 4393 3011 4447 constituet
3056 4405 3221 4464 cum_._
3250 4387 3303 4441 Si
3361 4394 3540 4464 autem

1948 4456 2152 4518 dist-rit
2184 4465 2355 4518 malus
2380 4479 2571 4518 servus
2617 4464 2706 4518 ille
2739 4464 2789 4517 in
2830 4464 2994 4516 corde
3027 4475 3144 4515 suo.
3176 4458 3378 4513 Moram
3415 4456 3539 4509 facit

1945 4535 2195 4589 dominus
2222 4549 2373 4588 meus
2408 4536 2615 4590 venire.
2647 4544 2701 4589 et
2733 4535 2953 4603 incipiet
2987 4541 3271 4601 percutere
3318 4541 3541 4603 conser—

1943 4621 2039 4660 Vos
2071 4621 2217 4660 suos.
2252 4606 2538 4676 mandycet
2561 4616 2738 4659 autem
2770 4615 2825 4659 et
2848 4601 3142 4658 liibatcum
3170 4601 3420 4656 cbriosis.
3451 4612 3540 4650 γε·

1945 4677 2054 4731 niel
2082 4676 2333 4730 dominus
2365 4678 2505 4731 servi
2556 4677 2701 4732 illius
2730 4683 2783 4730 in
2825 4676 2913 4730 die
2940 4692 3041 4747 qua
3077 4690 3183 4728 non
3230 4678 3432 4747 sperat.
3486 4677 3540 4719 οι

1944 4747 2073 4801 liora
2108 4764 2209 4817 qua
2239 4748 2451 4817 ignorat
2478 4758 2530 4801 ct
2560 4748 2761 4803 dividet
2790 4764 2913 4803 eum
2945 4743 3235 4818 partesque
3258 4743 3396 4818 ejus.
3423 4753 3539 4818 _pO-

1943 4807 2177 4891 netcuin
2208 4807 2523 4890 lij'pocritis.
2572 4820 2680 4874 illic
2720 4822 2825 4875 erit
2873 4807 3029 4891 ﬂetus
3078 4807 3374 4891 et'stridor
3406 4807 3538 4891 den-

1939 4892 2092 4964 tium.
2123 4886 2293 4946 Tune
2314 4891 2493 4945 simile
2522 4893 2626 4947 erit
2651 4907 2874 4962 regnum
2907 4889 3182 4964 caelorum
3222 4886 3409 4964 decem
3432 4886 3536 4964 virf

1937 4962 2153 5035 ginibus
2220 4978 2360 5034 quae
2400 4960 2735 5033 accipientes
2789 4960 3065 5035 lampadas
3112 4972 3237 5009 snas
3288 4960 3538 5035 exierunt

1937 5034 2152 5088 obviam
2184 5049 2405 5103 SpthO.
2439 5046 2495 5089 et
2549 5049 2797 5103 sponsae.
2857 5033 3108 5099 Quinque
3134 5037 3311 5103 autem
3343 5043 3407 5103 ex
3458 5033 3536 5078 eis

1937 5114 2094 5176 erant
2154 5100 2465 5176 prudentes.
2521 5100 2591 5159 et'
2623 5104 3103 5176 quinquelatnae.
3151 5101 3247 5158 sed
3298 5100 3535 5169 quinque

1938 5173 2411 5245 fatuaefacceptis
2450 5175 2784 5245 lampadibus
2820 5174 2896 5247 (α)
2922 5173 3032 5228 suis
3061 5173 3118 5244 'j'.

2775 2990 2988 3044 obviam
3020 3001 3184 3059 spon-

2774 3076 2859 3126 so,
2887 3069 2942 3115 et
2970 3074 3132 3129 spon-

2773 3132 2828 3186 2.
2874 3147 2986 3187 sae.
3011 3130 3260 3212 Quinque

2774 3213 2951 3259 autem
2985 3219 3053 3257 (‘X
3078 3215 3158 3257 GIS

914 5336 1306 5394 VARIANTES
1343 5336 1725 5393 LECTIONES
1753 5334 2017 5393 CODICIS
2057 5337 2168 5393 MS.
2208 5337 2266 5393 S.
2309 5336 2815 5395 GERMANENSIS.

316 5434 330 5461 ι
365 5434 537 5461 rm.er

316 5434 330 5461 ,
528 5437 537 5446 .

313 5495 333 5586 ς
612 5496 730 5546 hora
754 5495 955 5564 nescitis
1405 5556 1414 5564 Ι
1652 5556 1661 5565 ⁸

402 5573 473 5609 uis
493 5568 646 5616 putat,
675 5566 796 5616 etc.,
822 5563 871 5609 ut
895 5569 943 5607 tn
968 5554 1113 5616 Vulg.
1138 5567 1305 5616 usque,
1329 5555 1506 5605 stridor
1528 5554 1661 5606 denti

312 5557 332 5647 ξ
361 5554 473 5671 glutis
492 5554 646 5622 putat,
675 5566 796 5621 etc.,
822 5563 871 5609 ut
895 5555 943 5607 in
968 5554 1113 5622 Vulg.
1138 5567 1305 5619 usque,
1329 5555 1506 5605 stridor
1528 5554 1748 5606 dentium

390 5636 413 5668 5

1992 5430 2013 5461 ⁵
2054 5431 2113 5477 Ut
2138 5425 2188 5478 in
2218 5425 2425 5491 Vulgata

1996 5492 2016 5521 ⁶
2054 5497 2197 5541 erant

1993 5554 2013 5586 ⁷
2055 5556 2117 5605 Ut
2146 5554 2289 5619 Vulg.

1589 5701 1953 5759 BLANCHINI
1988 5704 2221 5764 NOTAE.

318 5804 477 5877 (a)lta
505 5815 559 5864 et
580 5800 690 5864 lex.
720 5804 813 5863 Gr.
847 5799 1086 5880 ἔρχεται.
1116 5833 1185 5847 --
1215 5794 1385 5889 (ὁμιρα
1415 5811 1471 5858 et
1498 5810 1609 5861 tex.
1635 5803 1727 5860 Gr.
1763 5803 1991 5879 εὑρήσει.
