4048 6188
300 309 405 365 Si?

696 421 917 478 CODEX
959 419 1505 479 VERCELLENSIS.

299 520 353 574 in
380 517 484 582 eis,
510 525 567 572 et
587 517 756 572 lucra-
1134 513 1281 569 fuisti
1314 512 1506 576 ﬁdelis,

298 601 388 645 tus
409 600 494 643 est
525 590 627 643 alia
1133 601 1294 654 super
1322 585 1488 639 multa

299 663 387 716 l7.
431 662 694 731 quinque.
723 659 890 716 Simi—
1135 666 1187 713 te
1214 658 1477 731 constitu-

297 733 422 788 liter
448 728 507 787 et
527 731 618 802 qui
1136 743 1269 802 am,_
1281 728 1420 802 intra
1448 728 1498 780 in

297 804 406 859 duo
433 799 659 872 accepe-
1135 799 1384 872 gaudium

298 886 402 939 rat,
424 868 668 929 lucratus
1134 868 1338 926 domini
1381 868 1476 922 tui.

301 947 390 1002 t8.
430 956 515 1001 est
542 947 596 1000 in
625 947 704 1000 eis
727 945 830 1001 alia
860 944 990 1001 duo.
1133 940 1224 996 24.
1267 939 1547 996 Accedens
1587 951 1683 991 au-

297 1019 398 1086 Qui
421 1030 601 1071 autem
1138 1022 1242 1086 tem
1273 1014 1362 1083 qui
1396 1025 1560 1066 unum

299 1085 466 1144 unum
498 1088 670 1144 talen—
1135 1085 1394 1139 talantum

299 1170 411 1215 tum
443 1175 670 1229 accepe-
1134 1163 1440 1229 acceperat,

297 1242 403 1296 rat,
435 1233 511 1300 (α)
536 1222 718 1302 fodit-j-
735 1231 789 1286 in
1135 1228 1208 1302 ait
1233 1245 1246 1279 :
1268 1222 1524 1302 Domine,
1553 1222 1692 1279 scie—

297 1297 522 1367 terra‘m’,
555 1311 611 1357 et
695 1297 706 1302 ’
1135 1297 1257 1353 bam
1295 1299 1417 1367 quia
1446 1298 1543 1351 lto-

297 1373 583 1430 abscondit
610 1388 704 1442 pe-

294 1449 512 1500 cuniam
533 1443 741 1499 domini

297 1517 389 1573 19.
430 1518 536 1571 sui.
572 1516 703 1572 Post

1133 1384 1223 1424 mo
1252 1375 1418 1424 durus
1451 1383 1532 1432 es,

1136 1450 1306 1524 metes
1336 1439 1427 1522 ubi
1451 1453 1560 1494 non

1135 1522 1414 1567 setninastt
1432 1553 1449 1578 ,

295 1591 526 1643 multum
552 1602 644 1643 ve-
1134 1593 1190 1638 et
1216 1598 1446 1653 congre-

293 1676 359 1714 ro
388 1659 650 1726 temporis
1132 1670 1228 1780 gas
1258 1656 1347 1709 ubi
1377 1668 1483 1709 non

293 1733 442 1780 venit
468 1729 721 1780 dominus
1172 1726 1224 1780 5.
1268 1726 1483 1780 snarsist

292 1733 442 1787 venit
468 1723 721 1786 dominus
1132 1723 1224 1780 25.
1268 1725 1513 1797 sparsisti
1539 1743 1552 1779 :
1586 1733 1641 1781 et
1669 1723 1735 1780 ti-

292 1818 580 1857 servorum
1134 1813 1287 1852 mens
1308 1798 1436 1859 abii,
1466 1807 1518 1851 et

1132 1869 1389 1923 abscondi
1425 1880 1503 1922 ta-

1132 1939 1336 1993 lentum
1372 1951 1450 1993 tu-

1132 2026 1220 2064 nm
1254 2014 1305 2064 in
1338 2021 1445 2066 ter-

295 1874 539 1957 illorum,
570 1882 624 1955 et

293 1957 478 2015 posuit
503 1957 668 2000 ratiu-

293 2032 416 2071 nem
440 2032 563 2070 cum

291 2088 384 2142 20.
424 2088 526 2142 eis.
557 2085 626 2140 Et
650 2100 806 2142 acce-
1129 2097 1185 2136 ra
1214 2100 1226 2135 :
1259 2097 1383 2137 ecce
1412 2081 1506 2134 ha-

293 2161 428 2214 dens
449 2160 539 2228 qui
568 2157 725 2228 quin—
1135 2153 1231 2208 bes
1257 2156 1396 2224 quod
1423 2163 1506 2207 tu-

293 2247 401 2300 que
429 2231 602 2285 talen-
1137 2241 1225 2300 um
1265 2232 1368 2300 est.
1507 2295 1521 2300 _
1619 2249 1622 2252 ί

1135 2296 1224 2350 26.
1269 2295 1626 2365 Respondeas

1135 2376 1312 2423 autem
1343 2367 1594 2422 dominus

1137 2440 1255 2508 ejus
1275 2479 1290 2502 ,
1319 2439 1456 2493 dixit
1485 2439 1533 2494 ei
1562 2454 1574 2491 :

1137 2511 1306 2566 Serve
1333 2526 1505 2579 nequa
1526 2552 1539 2572 ,

1132 2590 1185 2634 et
1212 2583 1384 2650 piger,
1415 2582 1549 2634 scie-

1133 2651 1230 2707 bas
1261 2651 1400 2722 quod
1440 2666 1552 2706 me-

1136 2733 1212 2788 to,
1238 2725 1326 2777 ubi
1359 2737 1464 2776 non
1496 2737 1581 2778 se-

1135 2796 1302 2854 mino.
1330 2803 1385 2849 et
1413 2807 1543 2848 con—

1172 2881 1297 2936 rego
1323 2865 1410 2919 ubi
1438 2881 1541 2920 non

1173 2939 1222 2990 7.
1267 2951 1460 3006 spargo
1488 2955 1500 2992 :
1529 2951 1691 3008 opor-

1136 3009 1235 3063 tuit
1264 3024 1394 3075 ergo
1433 3018 1483 3064 te

1135 3079 1441 3135 committe-

1136 3165 1196 3205 re
1225 3152 1510 3220 pecuniam

1135 3237 1308 3278 meam
1339 3238 1496 3276 num-

1134 3295 1379 3356 mulariis
1398 3335 1412 3358 ,
1453 3302 1506 3349 et

1136 3368 1362 3420 veniens
1388 3381 1488 3436 ego

722 3480 956 3540 CODEX
993 3479 1460 3538 CORBEIICNSIS.

294 3576 460 3631 estin
489 3577 588 3641 eis,
623 3585 679 3632 et
724 3576 962 3630 lucratus
1000 3584 1084 3629 est
1125 3573 1227 3628 alia
1259 3573 1517 3642 quinque.
1549 3571 1807 3628 Similiter
1837 3580 1888 3629 et

293 3649 388 3716 qui
421 3647 528 3702 duo
556 3658 869 3717 acceperat,
927 3647 1164 3700 lucratus
1210 3646 1226 3676 ί
1277 3654 1361 3699 est
1393 3647 1442 3698 in
1473 3645 1564 3717 eis
1608 3645 1713 3697 alia
1760 3644 1886 3697 duo.

295 3713 596 3785 Quiautetn
627 3713 789 3772 unum
827 3718 1089 3772 talentum
1129 3725 1432 3786 acceperat,
1467 3713 1617 3770 l‘odiit
1647 3726 1885 3778 terram,

293 3801 355 3844 et
385 3789 660 3843 aliscpndit
705 3790 986 3858 pecuniam
1045 3789 1248 3842 domini
1303 3788 1406 3841 sui.
1466 3787 1588 3842 l‘ost
1660 3786 1887 3841 n-tultum

295 3877 428 3914 vero
463 3861 716 3930 temporis
743 3860 890 3915 venit
929 3859 1202 3932 dominus_
1236 3874 1513 3932 servorum
1545 3858 1759 3932 illorum
1787 3899 1800 3921 ,
1835 3868 1892 3912 ut

291 3929 582 4000 acciperet
612 3932 681 3987 ab
719 3932 797 3986 eis
827 3932 1110 3984 rationem.
1166 3929 1475 3983 Etaecesait
1517 3931 1605 3998 qui
1651 3930 1890 3999 quinque

295 4005 494 4057 talenta
546 4012 853 4070 acceperat,
901 4013 953 4056 et
1007 4001 1204 4054 obtulit
1251 4002 1352 4054 alia
1395 4001 1628 4070 quinque
1673 4001 1891 4064 talenta,

291 4075 483 4130 dicens
535 4093 551 4127 :
590 4073 857 4138 Domine,
906 4072 1143 4141 quinque
1229 4073 1424 4125 talenta
1473 4071 1601 4126 milii
1653 4071 1896 4136 dedisti,

293 4161 424 4200 ecce
473 4147 576 4199 alia
617 4148 855 4215 quinque
885 4146 905 4176 ³
935 4143 1221 4212 adquisivi.
1275 4143 1345 4215 Alit
1391 4143 1468 4196 ait
1522 4143 1596 4196 illi
1643 4142 1896 4197 dominus

293 4232 424 4272 Suus
453 4235 466 4270 :
496 4213 648 4287 Euge
676 4233 833 4270 serve
863 4216 1033 4279 bone,
1065 4223 1119 4268 et
1160 4213 1371 4287 tidelis,
1402 4215 1656 4283 quoniam
1705 4215 1763 4287 in,
1791 4216 1895 4267 mi-

291 4289 445 4342 nimo
474 4285 620 4342 fuisti
652 4287 849 4350 tidelis,
878 4300 1044 4355 super
1066 4285 1270 4354 majori
1303 4295 1353 4339 te
1377 4288 1727 4349 constituam,
1753 4285 1892 4342 intra

293 4361 348 4412 in
378 4361 632 4429 gaudium
661 4359 864 4414 domini
891 4360 987 4420 tui.
1019 4359 1226 4429 Etcum
1252 4358 1573 4411 accessisset
1603 4358 1646 4410 is
1667 4357 1758 4426 qui
1787 4357 1895 4429 duo

295 4427 494 4484 Litana
537 4439 860 4498 acceperat,
894 4430 1011 4482 ait:
1062 4428 1320 4492 Domine,
1360 4429 1467 4481 duo
1515 4429 1713 4482 talenta
1763 4427 1893 4482 mihi

291 4501 534 4560 dedisti.
567 4516 694 4556 ecce
731 4501 838 4554 duo
866 4501 971 4553 alia
1006 4501 1203 4555 talenta
1235 4499 1521 4566 adquisivi.
1566 4499 1653 4554 Ait
1689 4500 1763 4554 illi
1797 4500 1896 4555 dn-

291 4575 475 4626 uiinus
496 4574 616 4642 ejus
643 4590 656 4625 :
692 4572 838 4639 Euge
862 4587 1018 4627 serve
1048 4572 1205 4634 bone,
1237 4570 1518 4642 etrtidelis,
1549 4571 1803 4639 quoniam
1841 4571 1894 4626 in

289 4645 510 4698 modico
543 4645 685 4698 fuisti
738 4645 946 4706 tidelis,
998 4658 1162 4710 super
1205 4641 1410 4709 majora
1459 4653 1509 4695 te
1538 4645 1887 4705 constituam,

291 4715 433 4772 intra
466 4717 517 4770 in
545 4714 798 4780 gaudium
829 4715 1030 4769 domini
1067 4715 1163 4768 tui.
1200 4711 1481 4768 Accedens
1510 4723 1690 4768 autem
1716 4723 1769 4766 et
1797 4713 1890 4781 qui

294 4801 466 4839 unum
509 4787 768 4840 talentum
799 4796 1104 4853 acceperat,
1126 4786 1237 4838 ait:
1284 4785 1507 4839 Domine
1527 4826 1540 4848 ,
1571 4785 1806 4838 sciebam
1840 4792 1892 4839 te

291 4859 490 4910 dttrum
526 4856 799 4910 hominem
830 4871 952 4909 esse
975 4899 989 4919 ,
1033 4858 1195 4916 metis
1225 4855 1308 4906 ubi
1342 4871 1448 4912 non
1488 4856 1764 4909 semina.in
1793 4895 1805 4919 ,
1838 4864 1892 4909 et

290 4927 508 4996 colligis
538 4928 624 4981 tibi
676 4944 778 4981 non
820 4928 1124 4994 disnersisti
1159 4945 1170 4979 :
1207 4926 1227 4957 ³
1259 4926 1454 4980 timens
1485 4942 1614 4995 ergo
1642 4928 1787 4992 abii,
1839 4937 1892 4980 ct

290 4999 554 5053 abscondi
582 4999 841 5053 talentum
879 5009 1025 5051 tuutn
1050 4999 1103 5051 in
1133 5009 1274 5053 terra
1303 5017 1315 5050 :
1347 4998 1367 5027 ⁵
1399 5013 1527 5051 ecce
1556 4997 1887 5069 liabesiquod

290 5080 445 5124 tuum
471 5084 571 5125 cSI.
597 5071 694 5124 Cui
723 5071 1056 5139 respondens
1075 5069 1324 5124 dominus
1348 5083 1500 5133 suus,
1521 5068 1655 5121 dixit
1683 5085 1694 5120 :
1727 5068 1892 5124 Serve

293 5158 501 5210 nequa,
528 5153 581 5195 et
614 5144 794 5210 piger,
839 5141 1048 5194 sciebas
1076 5157 1163 5195 tne
1194 5151 1430 5205 metere,
1463 5140 1552 5194 ubi
1583 5156 1688 5193 nou
1723 5140 1888 5194 semi-

292 5213 420 5266 navi
443 5254 456 5274 ,
489 5222 543 5266 et
569 5213 825 5283 colligere
853 5213 943 5266 ubi
973 5227 1077 5266 non
1109 5213 1337 5279 diSpet'si
1366 5229 1378 5264 :
1410 5214 1648 5283 Opot-tuit
1678 5226 1807 5278 ergo
1837 5220 1889 5265 te

289 5284 315 5314 ⁵
341 5284 473 5338 dare
498 5282 779 5354 pecuniam
805 5299 977 5338 meam
1003 5286 1300 5338 nummulat
1398 5327 1412 5351 ,
1435 5293 1487 5338 et
1509 5282 1529 5313 ⁶
1550 5297 1650 5352 ego
1666 5283 1888 5352 veniens

295 2311 348 2355 ta
383 2309 686 2371 acceperat,

295 2373 479 2442 posuit
506 2369 610 2426 alia
641 2369 799 2442 quin-

293 2460 401 2514 que
424 2444 595 2498 talen-

298 2513 374 2581 ta,
405 2516 591 2569 dicens
621 2532 633 2566 :
665 2513 912 2581 Domine,

294 2587 531 2656 quinque
565 2595 646 2641 ta-

294 2659 440 2713 lenta
470 2657 601 2711 mihi

297 2728 590 2794 tradidisti,

296 2815 427 2856 ecce
453 2800 558 2854 alia
591 2797 749 2869 quin-

294 2887 401 2942 que
431 2887 569 2940 quae
592 2885 684 2925 su-

296 2943 573 3010 perlucra-

295 3022 387 3067 tus
413 3029 554 3068 sum.

295 3084 389 3139 2t.
430 3084 522 3140 Ait
553 3082 628 3137 illi
665 3083 917 3140 dominus

297 3157 418 3224 ejus
443 3173 456 3209 :
489 3157 636 3226 Euge
663 3155 778 3210 ho-

296 3242 368 3282 ne
403 3242 583 3291 serve,
616 3235 671 3281 et

296 3299 495 3364 ﬁdelis,
521 3300 646 3368 quia

294 3386 462 3440 super
498 3384 666 3440 pauca

1256 299 1707 361 EYANGELIUM
1749 294 2120 356 SECUNDUM
2161 294 2596 354 ΜΑΤΤΠΕΜΜ.

2421 410 2654 468 CODEX
2692 408 2918 468 VERON
2928 407 3139 466 ENSIS.

1996 507 2048 562 in
2076 507 2156 561 eis
2181 506 2286 560 alia
2315 507 2574 578 quinque.
2826 505 2919 560 22.
2961 503 3207 578 Accessit
3233 509 3414 563 autem

1998 579 2084 632 17.
2129 578 2390 636 Similiter
2469 576 2478 578 ’
2826 578 2914 644 qui
2943 576 3050 631 duo
3081 585 3160 631 ta-

1995 651 2084 720 qui
2113 649 2219 706 duo
2249 664 2342 704 ac-
2827 649 2969 704 lenta
2991 662 3219 720 accepe:
3331 715 3343 720 _
3426 716 3431 719 _

1995 715 2157 800 cepit,
2193 722 2432 800 lucratus
2457 791 2470 800 _
2827 732 2910 776 rat
2930 729 3025 800 ,et
3052 715 3137 800 ait
3152 736 3168 773 :
3183 715 3454 800 ‘Domine',

1993 787 2078 847 est
2109 787 2162 846 in
2194 794 2276 846 eis
2304 794 2408 848 alia
2437 791 2567 849 duo.
2830 787 3096 847 tradidisti
3128 787 3259 846 milii

2000 864 2086 918 18.
2128 862 2228 931 Qui
2260 875 2439 920 autem
2827 864 2935 918 duo
2966 863 3200 925 talenta,

1995 950 2159 990 unum
2205 935 2461 991 talentum
2828 950 2955 991 ecce
2975 936 3078 990 alia
3111 936 3218 989 duo

1996 1008 2224 1077 accepit,
2259 1007 2332 1076 (α)
2355 1007 2436 1064 [ο-
2828 1007 3065 1062 lucratus
3095 1021 3234 1077 sumi.

1996 1078 2077 1132 dit
2109 1073 2146 1148 ἦ
2175 1081 2225 1132 itt
2257 1073 2366 1134 ter-
2828 1079 2919 1134 25.
2962 1081 3050 1134 Ait
3077 1079 3153 1132 illi
3190 1073 3440 1148 dominus

1996 1146 2134 1214 ram,
2165 1160 2218 1203 et
2247 1151 2344 1203 ab-
2829 1151 2945 1220 ejus
2976 1170 2988 1204 :
3026 1152 3168 1220 Euge
3190 1148 3346 1204 serbe
3371 1146 3544 1209 bone.

1996 1221 2207 1275 scendit
2226 1221 2508 1290 pecuniam
2829 1232 2883 1278 et
2916 1222 3091 1277 ﬁdelis
3111 1261 3126 1287 ,
3156 1220 3279 1290 quia

2001 1292 2202 1366 (1911]ξηὶ
2226 1294 2333 1350 sui.
2384 1364 2394 1366 μ
2829 1311 2992 1363 super
3017 1307 3184 1366 pauca
3214 1290 3320 1345 l'ui-

1999 1363 2086 1418 19.
2132 1363 2260 1418 Post
2291 1364 2517 1422 multum
2829 1367 2897 1421 sti
2927 1363 3130 1430 ﬁdelis,
3159 1376 3322 1432 super

1997 1449 2127 1489 vero
2157 1436 2420 1503 temporis
2830 1439 2995 1492 multa
3023 1444 3077 1491 te
3103 1450 3236 1490 con-

1996 1507 2145 1561 venit
2169 1507 2348 1564 domi-
2828 1509 3042 1564 stituam
3062 1549 3078 1576 ,
3111 1508 3250 1562 intra
3280 1504 3333 1576 in

2831 1573 3080 1634 “Raudium
3109 1575 3315 1633 domini
3344 1573 3444 1629 tui.

2866 1651 2918 1705 4.
2961 1650 3240 1707 Accedens
3263 1655 3444 1702 autem

2829 1725 2920 1794 qui
2943 1737 3106 1776 unum
3132 1721 3304 1775 talen-

2832 1805 2944 1849 tum
2977 1801 3275 1864 acceperat,

2831 1869 2906 1921 ait
2938 1884 2950 1920 :
2984 1866 3246 1932 Domine,

2835 1939 2948 1993 scio
2974 1939 3096 2016 quia
3121 1937 3282 1991 homo
3311 2003 3342 2016 Α.

2834 2009 3066 2064 austeris
3094 2024 3152 2064 es
3172 2049 3186 2071 ,
3217 2009 3376 2062 metis

2835 2081 2924 2135 ubi
2955 2096 3060 2134 non
3090 2080 3322 2134 semina-

2833 2153 2933 2216 sti,
2965 2161 3020 2205 et
3043 2163 3341 2222 congregas

2833 2224 2924 2278 ubi
2957 2238 3062 2277 non
3094 2217 3384 2293 sper-sisti“:

2830 2294 2924 2350 25.
2965 2304 3018 2348 et
3048 2289 3244 2349 timens
3270 2289 3409 2354 abii,

2832 2375 2888 2422 et
2912 2366 3169 2421 abscondi
3194 2374 3274 2419 ta-

2837 2439 3039 2491 lentum
3069 2447 3215 2490 tuum

2831 2508 2884 2562 in
2915 2518 3055 2562 terra
3090 2523 3104 2562 :
3134 2505 3304 2560 habes

2829 2593 2957 2634 ecce
2987 2577 3129 2647 quod
3158 2586 3310 2632 tuum
3333 2577 3442 2628 est.

2827 2650 2920 2706 26.
2965 2648 3526 2718 Βοεβοηάθηεᾳῃωφ

2829 2714 3090 2776 dominus
3124 2722 3262 2788 ejus,
3286 2717 3425 2772 dixit
3450 2714 3502 2770 ei
3537 2728 3550 2766 :

2831 2793 3002 2849 Serve
3031 2793 3200 2856 male,
3225 2800 3282 2847 et

2832 2865 2983 2934 piger
3000 2907 3014 2930 ,
3043 2863 3252 2919 sciebas

2832 2933 2974 3007 quod
2999 2945 3143 2990 meto
3166 2976 3178 2998 ,
3209 2933 3301 2989 ubi

2835 3021 2940 3062 non
2968 3009 3198 3069 semino,

2832 3089 2886 3134 ct
2907 3089 3177 3150 congrege
3209 3075 3298 3132 tibi
3327 3088 3436 3150 non

2833 3150 2922 3205 27.
2940 3147 3133 3228 sparsi:
3149 3147 3528 3228 oportttitergo
3539 3149 3592 3198 te

2831 3223 3171 3278 committere
3200 3223 3480 3289 pecuniam

1997 3290 2163 3361 (intra
2199 3292 2250 3346 in
2279 3307 2410 3362 gau-
2832 3292 3208 3349 nummulariis
3229 3333 3243 3358 ,
3273 3302 3328 3345 et

1998 3362 2142 3416 dium
2167 3362 2370 3418 domini
2401 3365 2524 3436 tui.)
2831 3365 3054 3420 veniens
3091 3379 3192 3435 ego
3219 3376 3338 3418 cum

2455 3481 2690 3542 CODEX
2727 3481 3116 3540 BBIXIANUS.

1998 3581 2145 3628 ratus
2174 3583 2257 3628 est
2285 3574 2338 3628 iu
2366 3575 2466 3628 eis.
2497 3585 2552 3629 et
2579 3576 2818 3630 lucratus
2845 3586 2930 3631 est
2957 3577 3060 3629 alia
3092 3575 3326 3644 quinque
3358 3573 3584 3644 talenta.

1998 3645 2278 3700 Similiter.
2307 3656 2360 3700 et
2381 3647 2470 3715 qui
2495 3645 2602 3700 duo
2624 3657 2929 3716 acceperat.
2963 3643 3201 3702 lucratus
3223 3643 3302 3698 est
3330 3645 3433 3697 alia
3455 3643 3584 3716 duo.

1998 3716 2097 3782 Qui
2126 3725 2304 3771 autem
2347 3734 2510 3772 unutn
2541 3715 2797 3776 talentum
2835 3727 3138 3787 acceperat.
3187 3717 3319 3770 abiit
3358 3724 3413 3768 et
3456 3715 3589 3767 fmlit

1998 3789 2049 3841 in
2082 3796 2278 3842 terruit
2324 3799 2377 3842 et
2419 3790 2703 3843 absentulit
2747 3790 3025 3858 pecuniam
3071 3788 3276 3843 domini
3323 3787 3426 3840 Sui.
3463 3787 3589 3839 Post

2000 3860 2226 3913 multum
2256 3875 2385 3914 vero
2429 3872 2640 3928 tempus
2685 3863 2828 3916 venit
2874 3863 3123 3915 dou‘iinus
3154 3874 3435 3913 servorum
3467 3858 3587 3910 illo-

2002 3946 2143 3985 rum.
2173 3941 2226 3984 et
2255 3932 2438 3999 posuit
2466 3931 2785 3988 raditionem
2825 3949 2947 3988 cum
2973 3931 3072 3987 eis.
3107 3933 3171 3986 Et
3199 3931 3464 3985 accedens
3495 3928 3584 3994 qui

2001 4004 2237 4072 quinque
2280 4003 2481 4057 talenta
2529 4014 2833 4073 acreperat.
2868 4005 3067 4059 obtulit-
3111 4003 3210 4058 alia
3242 4003 3481 4073 quinque
3509 4013 3586 4073 ta-

2002 4071 2375 4127 lentadiceus.
2403 4074 2628 4130 Domine
2654 4071 2892 4144 quinque
2913 4077 3109 4129 talenta
3139 4075 3265 4128 mihi
3295 4071 3581 4144 tradidisti.

2000 4159 2127 4198 ecce
2157 4146 2260 4198 alia
2288 4147 2527 4215 quinque
2559 4143 2968 4217 superlucratus
2997 4163 3139 4200 sum.
3178 4145 3246 4199 Et
3271 4147 3342 4197 ait
3376 4143 3453 4196 iiIi
3483 4143 3585 4194 do-

1999 4217 2177 4269 minus
2208 4217 2350 4292 ejus.
2395 4219 2541 4292 Euge
2584 4235 2739 4273 serve
2773 4221 2911 4292 bone
2949 4229 3001 4274 et
3031 4217 3390 4292 ﬁdelis,quia
3421 4229 3586 4292 super

2001 4302 2169 4356 pauca
2205 4287 2352 4360 fuisti
2385 4290 2558 4343 lidelis
2589 4306 2754 4360 super
2794 4291 2956 4344 multa
3000 4299 3050 4343 te
3079 4287 3403 4342 constituam
3437 4287 3583 4360 intra

1999 4361 2052 4413 in
2084 4358 2337 4428 gaudium
2363 4360 2569 4414 domini
2603 4357 2697 4415 tui.
2736 4359 3016 4416 Accedens
3053 4370 3229 4414 autem
3258 4370 3312 4413 et
3360 4359 3448 4428 qui
3477 4357 3585 4409 duo

2003 4427 2199 4484 talenta
2227 4442 2508 4501 acceperat
2531 4432 2692 4488 dixit.
2720 4433 2943 4486 Domine
2964 4431 3071 4485 duo
3095 4432 3292 4483 talenta
3319 4427 3584 4501 tradidisti

1999 4501 2150 4555 mihi.
2183 4518 2310 4556 ecce
2343 4499 2444 4556 alia
2477 4503 2584 4557 duo
2629 4505 2826 4557 talenta
2876 4503 3280 4572 superlucratus
3323 4515 3463 4554 sum.
3496 4499 3586 4553 Ait

1998 4572 2074 4626 illi
2105 4573 2357 4626 dominus
2389 4576 2524 4642 ejus.
2578 4575 2721 4643 Euge
2763 4589 2918 4630 serve
2950 4571 3102 4628 bone
3146 4584 3200 4628 et
3232 4573 3423 4626 tidelis.
3459 4571 3581 4638 quia

1995 4657 2160 4710 super
2189 4659 2356 4711 pauca
2384 4647 2525 4699 l‘uisri
2557 4647 2749 4700 tidelis.
2777 4659 2938 4710 super
2967 4649 3130 4698 multa
3154 4654 3207 4699 te
3233 4645 3580 4699 constituam.

1996 4715 2134 4786 intra
2174 4715 2224 4767 in
2273 4715 2526 4784 gaudium
2568 4716 2773 4771 domini
2807 4717 2903 4770 tui.
2951 4716 3233 4771 Accedens
3282 4725 3492 4786 autem.
3529 4719 3584 4786 et

1995 4785 2084 4840 ille
2112 4787 2200 4856 qui
2236 4783 2398 4840 unum
2431 4789 2689 4842 talentum
2736 4799 3021 4857 acceperat
3049 4788 3142 4841 ait.
3187 4786 3427 4857 Domine.
3466 4783 3583 4857 scio

1998 4865 2072 4911 ιθ·
2099 4854 2219 4928 quia
2251 4858 2416 4912 homo
2446 4861 2612 4914 durus
2638 4876 2716 4915 es.
2746 4854 2923 4916 metis.
2955 4860 3040 4912 ubi
3074 4873 3178 4910 non
3205 4854 3500 4928 seminudi.
3528 4863 3586 4928 et

1993 4925 2287 4997 Congregas
2317 4930 2406 4983 tibi
2443 4928 2545 4984 non
2585 4933 2828 4999 sparsisti
2854 4972 2867 4985 .
2924 4942 2974 4983 et
3018 4931 3211 4982 timens
3238 4925 3365 4999 abii.
3400 4935 3452 4980 et
3491 4925 3586 4999 ali-_

1991 5001 2179 5052 scoudi
2215 5001 2473 5055 talentum
2521 4997 2665 5056 tuum
2702 5005 2750 5055 in
2785 5015 3004 5056 tet-ram.
3049 5013 3178 5053 ecce
3231 4998 3395 5052 habes
3441 4997 3582 5066 quod

1995 5078 2140 5124 tnttm
2174 5081 2275 5125 est.
2310 5072 2664 5140 liespondens
2689 5071 3148 5127 autem’domiuus
3173 5071 3312 5124 dixit
3341 5071 3388 5124 ei
3417 5069 3586 5124 Serve

1993 5144 2132 5194 male
2157 5152 2208 5196 et
2238 5146 2408 5211 piger.
2445 5143 2653 5198 sciebas
2679 5145 2819 5212 quod
2850 5150 2990 5196 metu
3016 5141 3102 5196 tibi
3136 5158 3238 5196 uou
3271 5145 3498 5196 semino.
3533 5147 3586 5192 et

1991 5212 2186 5280 colligo
2219 5214 2305 5266 ubi
2339 5231 2440 5266 non
2469 5215 2661 5283 sparsi.
2691 5214 2942 5284 Oportuit
2970 5231 3098 5284 ergo
3141 5227 3211 5270 te.
3247 5213 3588 5268 cetinnittere

1991 5285 2274 5352 pecuniam
2306 5299 2478 5338 meam
2515 5287 2909 5339 uutnmulariis.
2944 5296 2998 5342 et
3038 5286 3260 5341 veniens
3288 5299 3411 5353 ego.
3459 5295 3580 5334 cum

1999 1593 2099 1631 nus
2123 1593 2403 1638 servorum

2001 1647 2240 1713 illorum,
2273 1660 2328 1706 et

1996 1721 2176 1790 posuit
2204 1722 2367 1776 ratio-

1997 1808 2118 1848 nem
2149 1808 2269 1846 cum
2298 1792 2396 1850 eis.

1994 1861 2086 1919 20.
2132 1864 2195 1918 Et
2223 1865 2488 1921 accedens

1996 1934 2087 2004 qui
2110 1936 2346 2004 quinque

2001 2008 2201 2061 talenta
2233 2022 2390 2063 acce-

2000 2089 2183 2203 perat,
2215 2089 2370 2148 optu-

2021 2151 2063 2203 it
2091 2151 2198 2203 alia
2229 2152 2370 2203 (tuin-

2021 2151 2063 2204 it
2091 2151 2198 2204 alia
2229 2152 2383 2220 quin-

1999 2237 2106 2292 que
2135 2237 2302 2292 super

2000 2294 2199 2349 talenta
2216 2335 2231 2359 ,
2262 2294 2345 2349 di-

1998 2379 2130 2419 cens
2155 2381 2167 2418 z
2193 2366 2448 2431 Domine,

1997 2436 2234 2507 quinque
2272 2447 2350 2492 ta-

2001 2505 2158 2561 lenta
2175 2507 2304 2561 milii
2345 2505 2540 2562 dedisti
2563 2547 2578 2570 ,

1999 2591 2129 2631 ecce
2161 2578 2263 2631 alia
2300 2579 2541 2647 quinque

1998 2649 2404 2717 superlucratus
2435 2662 2576 2702 sum.

1997 2721 2089 2774 2i.
2133 2722 2221 2774 Ait
2250 2721 2323 2775 illi
2353 2719 2606 2776 dominus

1999 2791 2116 2860 ejus
2148 2810 2160 2846 :
2193 2792 2342 2862 Euge
2373 2793 2515 2848 bone

1998 2863 2159 2919 serbe
2177 2906 2192 2930 ,
2226 2875 2280 2918 et
2311 2865 2440 2919 tide-

2000 2933 2065 2988 lis
2087 2976 2100 2999 ,
2131 2935 2256 3005 quia
2283 2950 2376 2989 su-

1998 3020 2095 3075 per
2123 3021 2291 3073 pauca
2321 3006 2429 3061 fui-

1999 3077 2066 3130 sti
2100 3077 2274 3132 ﬁdelis
2293 3120 2307 3144 ,
2338 3094 2431 3133 su.

2001 3162 2096 3216 per
2123 3151 2287 3204 multa
2315 3157 2365 3207 te

1999 3221 2361 3285 constituam,

971 5397 1368 5466 VABIANTES
1405 5396 1788 5454 LECTIONES
1827 5394 2089 5452 CODlClS
2127 5396 2238 5458 MS.
2282 5395 2341 5452 s.
2381 5395 2887 5464 GERMANENSIS.

353 5497 370 5528 ι
409 5501 489 5558 est
505 5492 618 5553 alia.
646 5503 760 5557 etc.,
787 5498 840 5558 ut
862 5489 913 5546 in
943 5489 1087 5556 Vulg.
1113 5503 1283 5558 usque,
1304 5490 1540 5558 adquisivi

351 5561 372 5589 ’
408 5552 625 5607 lucratus
646 5552 772 5608 suni.
798 5557 899 5620 Ait,
925 5552 1119 5620 etc.,‘ut
1150 5552 1297 5622 Vulg".
1325 5552 1474 5618 usque
1496 5554 1677 5608 timens

352 5622 375 5654 ³
411 5619 593 5670 timens
609 5620 706 5670 abii

2052 5489 2080 5584 ξ
2109 5488 2333 5604 ﬁgi.
2361 5497 2484 5554 etc.,
2513 5496 2562 5542 ut
2599 5490 2743 5556 Vulg.
2767 5505 2938 5558 usque,
2963 5492 3084 5542 dare
3109 5487 3368 5554 pecuniam

2057 5613 2078 5644 °
2113 5607 2321 5674 Veniens
2351 5628 2467 5682 ego,
2490 5622 2591 5682 etc,
2616 5623 2666 5668 ut
2698 5615 2841 5685 Vulg.

1630 5719 1995 5778 BLANCHINI
2033 5719 2261 5790 atoma.

365 5825 450 5904 (α)
481 5781 618 5886 Ante
640 5825 772 5900 fodit
789 5864 807 5892 .
839 5823 994 5890 denu
1021 5823 1216 5894 atticus,
1242 5820 1301 5882 in
1326 5819 1453 5885 eod.
1487 5831 1700 5900 quoque
1725 5816 1881 5892 Cant.
