2024 3094
222 145 275 174 519

420 203 537 232 CODEX
557 202 824 231 VERCELLENSIS.

223 251 393 287 recepissem
642 255 766 286 segregat
786 270 794 278 .
816 271 822 277 .
844 258 890 278 ves

224 286 398 322 usurisquod
640 287 684 314 ab.
708 307 715 314 .
738 306 745 313 .
768 307 774 313 .
798 307 804 313 .
828 307 834 314 .
856 306 864 313 .
886 307 892 312 .
916 306 923 313 .

224 331 315 351 meum
331 321 382 351 est.
641 323 686 350 55.
706 327 734 350 et
747 321 783 358 (ε)
804 329 869 350 oves
882 322 901 357 ἢ
921 341 929 348 .

223 359 270 387 28.
293 358 390 386 Tollite
408 357 498 394 itaque
643 377 649 384 .
689 378 696 386 .
738 357 757 385 .⁷
785 377 792 385 .
834 379 840 384 .
881 378 887 384 .
928 378 935 385 .
976 378 982 384 .

224 394 259 421 ab
271 401 304 422 eo
320 394 406 422 talan-
644 413 650 421 .
674 415 680 422 .
702 415 709 421 .
733 414 739 421 .
762 414 769 420 .
792 412 800 420 .
819 398 874 421 tem

224 433 292 463 tum,
306 433 334 457 et
345 429 407 457 date
641 430 674 456 ad
694 430 737 457 sin
758 449 765 457 .
789 450 795 456 .
817 449 824 456 .
848 450 855 456 .
877 449 884 456 .

223 465 249 493 ei
263 466 309 500 qui
324 465 405 493 habet
641 465 686 493 54.
707 465 782 493 Tunc
795 465 866 492 dicet
877 472 925 493 rex

223 500 317 529 decem
334 501 418 528 talan—
641 500 701 529 bis.
718 501 763 529 oui
779 508 793 528 a
807 501 873 528 dex—

291 509 317 528 m
334 509 418 528 tatan—
641 509 701 534 HIS,
718 509 763 534 qut
779 509 793 528 a
807 509 873 528 uex—

223 509 317 529 oecem
334 509 418 528 tatan—
641 509 701 534 uts,
718 509 763 536 qut
779 509 793 528 a
807 509 861 528 uex‘

221 536 268 564 29.
290 541 326 564 ta.
341 536 420 564 Omni
435 536 506 565 enim
641 537 690 564 tris
702 537 761 571 ejus
775 541 839 563 sunt
856 545 861 562 :

222 572 333 600 habenti
350 573 397 599 da-
642 572 738 600 Venite
751 572 835 600 bene~

222 607 313 635 bilur:
329 608 354 636 ei
370 613 460 636 autem
640 607 706 635 dicti
717 607 754 635 Pa
776 628 782 634 .
805 628 812 634 .
834 628 841 634 .
865 627 871 633 .
894 626 901 634 .

222 644 267 679 qui
285 651 338 671 non
354 643 445 674 habet.
640 644 709 676 mei,
725 650 789 679 poss
809 662 818 672 .
840 663 846 670 .
870 663 877 670 .
900 664 905 669 .
929 663 935 669 .
959 664 965 671 .

220 683 249 707 et
264 679 335 713 quod
350 680 389 715 (a)
405 679 527 715 liabetf,
640 683 667 706 te
683 687 698 714 p
719 699 725 705 .
749 698 756 705 .
779 700 785 706 .
808 698 816 707 .
838 699 844 706 .

219 715 357 742 auferetur
640 719 696 742 tum
716 735 724 742 .
747 735 755 742 .
777 735 783 742 .
807 735 814 742 .
836 735 842 742 .
867 733 874 741 .

221 750 267 778 50.
288 750 322 777 ab
334 758 377 778 eo.
390 751 426 778 Et
437 758 553 787 nequam
639 758 686 786 reg
707 770 714 777 .
737 770 744 777 .
768 770 775 778 .
798 770 805 778 .
829 771 836 778 .
858 771 864 777 .

220 793 330 822 servum
342 786 379 822 (ὁ)
395 786 485 821 proi?
637 794 670 814 eo
691 807 698 813 .
721 806 728 813 .
752 807 758 813 .
781 806 788 813 .
811 808 817 813 .
840 807 847 814 .

219 821 274 849 cite
288 821 425 857 foras'1-in
637 829 654 849 n
675 842 681 848 .
704 840 712 849 .
735 842 742 848 .
766 843 773 850 .
796 842 803 849 .
827 842 863 848 ..

219 858 408 885 tenebrasex-
638 876 645 884 .
686 878 692 885 .
733 877 740 884 .
780 877 787 885 .
829 879 835 885 .
878 877 884 883 .
926 877 931 884 .
972 876 978 883 .

218 893 428 922 teri0reszillie
637 913 644 919 .
685 914 691 920 .
732 914 738 920 .
780 913 787 921 .
828 915 833 921 .
876 913 882 919 .
924 913 930 919 .
972 913 978 919 .

218 928 383 963 eritﬂetus,
638 948 644 955 .
685 949 692 955 .
733 949 740 955 .
781 949 787 956 .
829 949 835 956 .
876 949 883 955 .
924 948 932 955 .
972 950 978 956 .

218 964 438 992 etstridorden-
637 984 644 991 .
685 984 692 991 .
733 984 739 992 .
780 984 788 992 .
828 983 836 992 .
876 985 882 991 .
922 984 930 992 .
970 984 977 991 .

218 1000 297 1028 tium.
637 1000 682 1027 55.
703 1000 816 1028 dedistis
830 1000 880 1027 mi-

218 1035 265 1064 31.
285 1034 351 1063 Cum
367 1039 457 1064 autem
636 1036 665 1063 hi
678 1035 771 1063 bibere
786 1045 793 1063 :
809 1035 873 1063 bos-

217 1072 323 1099 venerit
336 1071 389 1098 [ili-
637 1078 685 1106 pes
706 1092 713 1098 .
735 1090 743 1098 .
766 1092 772 1099 .
793 1080 837 1105 m,
853 1079 868 1099 e
890 1092 895 1099 .
919 1091 926 1098 .

218 1114 252 1135 us
263 1106 381 1135 hominis
636 1114 652 1134 c
673 1128 680 1135 .
703 1127 710 1133 .
732 1127 742 1135 .
763 1127 770 1134 .
787 1107 845 1135 istis
857 1115 901 1135 me
918 1116 925 1134 :

219 1142 247 1170 in
259 1143 386 1177 majesta-
636 1142 682 1170 56.
705 1163 712 1169 .
734 1162 741 1169 .
765 1163 772 1170 .
795 1163 801 1170 .
824 1163 831 1170 .
854 1163 861 1170 .
875 1148 903 1171 et
916 1150 998 1179 oper-

219 1182 437 1210 tesua,etom-
638 1186 918 1207 .....me...

219 1221 269 1242 nes
282 1213 370 1249 angeli
635 1213 669 1255 ﬁr
690 1235 697 1241 .
719 1233 727 1241 .
749 1236 756 1243 .
776 1235 782 1241 .
806 1235 812 1241 .
835 1234 841 1242 .

218 1255 426 1281 cumeo,tunc
636 1254 836 1278 Sll......

220 1285 326 1313 sedebit
340 1292 423 1320 super
636 1293 668 1314 ea
690 1305 697 1313 .
717 1305 725 1313 .
748 1307 756 1314 .
778 1306 785 1313 .
808 1305 815 1313 .
838 1306 846 1313 .
861 1293 954 1317 eram,

221 1320 315 1348 sedem
327 1328 386 1347 ma-
636 1325 664 1348 et
678 1321 791 1349 venistis

218 1355 326 1390 jeslatis
339 1363 404 1383 suae
418 1364 425 1381 :
638 1356 670 1382 atl
686 1365 739 1384 me.

219 1391 266 1428 52.
287 1395 474 1426 etcongrega-
638 1391 684 1428 5⁵1.
705 1392 781 1420 Tunc
797 1399 909 1428 respon-

221 1427 322 1454 bttntur
333 1433 397 1454 ante
639 1427 742 1455 debunt
755 1429 779 1456 ei
846 1427 851 1428 ⁷
951 1427 958 1433 “

222 1469 353 1490 eumom-
643 1483 649 1489 .
673 1484 680 1491 .
703 1483 710 1490 .
733 1484 740 1490 .
762 1484 769 1490 .
789 1463 884 1492 dicen.

222 1505 272 1525 nes
282 1503 391 1535 gentes,
406 1502 449 1535 et.
641 1518 649 1525 .
672 1518 679 1525 .
702 1518 709 1525 .
732 1520 739 1526 .
762 1519 769 1527 .
792 1500 917 1533 Domine,
935 1507 1020 1535 quan-

224 1534 361 1568 separavit
373 1541 420 1562 eos
642 1553 649 1561 .
673 1555 679 1561 .
702 1556 710 1563 .
733 1556 739 1563 .
763 1555 770 1562 .
789 1535 879 1564 ditnus

225 1569 259 1596 ab
270 1569 404 1603 invicem,
642 1590 649 1597 .
672 1589 679 1596 .
701 1591 708 1597 .
730 1590 738 1598 .
761 1591 767 1597 .
789 1575 860 1605 tem,

226 1623 566 1632 ......ο.
643 1614 850 1635 .....mus

442 1662 559 1692 CODEX
577 1663 812 1694 CORBElEhSlS.

227 1711 527 1746 exegisscmillamcum
544 1713 759 1740 usuris.Tollite‘
770 1713 804 1740 ab
819 1713 864 1741 illo
881 1713 1023 1745 talentum,

228 1746 323 1773 etdate
333 1748 357 1774 ei
372 1747 416 1782 qui
429 1747 510 1775 habet
521 1748 614 1775 decem
624 1749 733 1776 talenta.
746 1748 824 1776 Omni
836 1749 1023 1776 enimbabenti

227 1781 336 1819 dabitur
346 1784 367 1809 ἐ
378 1783 402 1810 ei
416 1789 505 1811 autem
520 1784 564 1819 qui
579 1792 633 1811 non
646 1784 736 1818 habet,
749 1788 778 1812 et
788 1785 858 1819 quod
877 1784 887 1800 ³
904 1789 917 1803 α
932 1785 1022 1816 habet,

228 1817 365 1855 auferetur
375 1819 409 1846 ab
417 1826 460 1846 eo.
469 1817 633 1847 Et‘servum
642 1817 732 1854 nequa
739 1817 860 1855 projicite
872 1820 943 1847 foras
951 1821 976 1847 itt
986 1825 1024 1847 te—

230 1853 327 1881 nebras
336 1854 486 1881 exteriores
498 1860 510 1872 ἰ
523 1865 529 1882 :
541 1855 576 1882 ibi
584 1856 635 1882 erit
647 1853 771 1888 ﬂetum-et
781 1853 881 1883 stridor
891 1856 1023 1883 dentium.

230 1889 316 1921 Quum
331 1895 420 1916 autem
433 1892 536 1917 venerit
550 1891 621 1918 lilins
635 1891 752 1918 hominis
765 1892 790 1918 in
806 1892 948 1926 majestate
961 1899 1022 1923 sua,

230 1929 258 1950 et
272 1932 367 1961 omnes
381 1925 469 1959 angeli
483 1933 543 1952 cum
563 1934 596 1953 eo
608 1946 615 1958 ,
632 1932 696 1954 tttnc
709 1927 815 1954 sedebit
834 1935 915 1961 super
930 1927 1022 1954 sedem

232 1959 380 1993 tnajestatis
395 1968 459 1987 suae
473 1969 479 1986 :
494 1965 522 1988 et
533 1964 768 1997 congregabuntur
778 1967 840 1988 ante
855 1959 916 1989 eum
929 1970 1024 1990 omnes

230 2001 325 2029 gentes
335 2016 342 2028 ,
357 2000 385 2022 et
399 1997 534 2032 separabit
546 2004 592 2023 eos
603 1997 637 2024 ab
651 1998 715 2024 iuvit
723 2005 765 2024 em
777 2018 784 2030 ,
797 1998 868 2025 sicut
879 2003 970 2032 pastor
981 2006 1025 2025 sc-

231 2035 323 2064 gregat
335 2038 399 2058 oves
413 2031 447 2058 ab
459 2031 553 2059 hoedis
569 2041 575 2058 ε
591 2037 618 2059 et
631 2038 731 2059 statuet
742 2040 806 2060 oves
815 2034 825 2048 ⁸
838 2033 869 2060 ad
880 2031 1023 2060 dexteram

231 2073 306 2092 suam
317 2086 325 2102 ,
341 2066 444 2093 hoedos
459 2075 546 2094 autem
559 2068 591 2094 ad
606 2069 754 2095 sinistram.
771 2068 847 2095 Tunc
861 2069 933 2096 dicet
948 2070 958 2084 °
973 2069 1023 2102 eis,

232 2101 323 2137 quiad
339 2101 477 2129 dexteram
493 2104 550 2137 ejus
565 2109 627 2131 sunt
646 2113 652 2130 :
672 2104 766 2131 Venite
786 2104 917 2131 benedicti
940 2101 1025 2131 Patris

232 2136 295 2169 tnei,
308 2137 446 2175 _pos_sidete
465 2136 586 2173 paratum
603 2140 678 2167 vobis
692 2147 804 2174 regnum
819 2139 832 2159 ι»
855 2140 890 2166 ab
902 2140 911 2155 ⁷
923 2140 1025 2175 origine

233 2172 336 2200 mundi.
351 2172 544 2201 Esurivi’enim
556 2195 563 2206 ,
580 2180 606 2202 et
624 2172 736 2203 dedistis
757 2175 822 2203 mihi
838 2172 1001 2202 manducare
1017 2185 1024 2203 :

233 2207 319 2246 sitivi,
333 2214 359 2236 et
374 2208 567 2246 dedistisrtnibi
584 2211 676 2238 bibere
692 2220 699 2237 :
715 2211 814 2246 hospes
828 2212 838 2227 ⁸
860 2211 912 2244 iui,
927 2215 954 2238 et
967 2211 1025 2238 col-

233 2243 336 2278 legistis
351 2252 393 2271 me
416 2254 422 2271 :
447 2245 549 2278 nudus,
566 2252 593 2273 et
610 2247 714 2274 texistis
732 2243 776 2274 me
799 2256 806 2274 :
826 2243 948 2274 inﬁrmus
969 2246 1023 2279 fui,

231 2283 259 2314 et
275 2279 403 2306 visitastis
417 2288 460 2307 me
480 2290 486 2307 :
502 2282 528 2307 in
542 2289 650 2310 carcere
663 2284 673 2298 ⁹
692 2282 726 2309 [υἱ
738 2303 744 2314 ,
757 2286 785 2310 et
795 2283 906 2310 venistis
920 2283 953 2309 ad
970 2290 1022 2309 me.

232 2313 307 2341 Tunc
332 2315 533 2350 reSpondebunt
555 2318 579 2344 ei
600 2318 682 2351 justi,
710 2318 832 2346 dicentes
857 2328 863 2345 :
892 2318 1022 2351 Domine,

232 2350 340 2385 quando
356 2355 382 2379 te
396 2351 511 2379 vidimus
527 2350 704 2386 esurientem,
716 2359 744 2381 et
759 2354 897 2389 pavitnus;

492 144 627 174 EUSEBII
649 143 816 173 VEBCELL.
838 143 1061 173 EVANGELIUM
1080 143 1150 173 CUM
1171 143 1287 173 VARUS
1305 145 1382 174 COD.
1403 145 1601 176 COLLATUM.
1818 147 1872 176 5'20

1288 202 1404 231 CODEX
1423 204 1646 234 VERONENSIS.

1075 249 1163 288 usuris
1182 250 1345 285 recepissem
1492 252 1527 288 (c)
1541 260 1605 280 oves
1620 252 1640 288 -ι-
1653 252 1686 280 ad

1092 286 1248 322 uodﬂmeum
1261 289 1313 314 est.
1490 286 1593 316 dextris
1607 286 1664 315 suis
1676 309 1683 322 ,

1093 322 1118 349 8.
1141 321 1240 349 Tollite
1490 325 1573 351 aedos
1582 329 1670 351 autem

1073 357 1164 392 itaque
1178 357 1212 384 ab
1225 365 1257 385 eo
1491 359 1523 386 ad
1536 359 1663 387 sinistris.

1073 393 1203 425 talentum
1213 413 1221 427 ,
1238 397 1266 421 et
1280 392 1342 420 date
1356 394 1381 420 ei
1491 395 1535 422 54.
1558 395 1633 422 Tunc
1643 395 1714 423 dicet

1072 428 1119 463 qui
1132 428 1213 456 habet
1227 437 1256 456 ι.
1488 439 1536 458 rex
1552 430 1608 464 his,
1625 431 1671 465 qui

1074 464 1184 491 talenta.
1488 466 1522 493 ad
1545 464 1647 494 dextris

1072 499 1118 536 29,
1139 499 1218 527 Omni
1234 501 1306 528 enim
1488 502 1545 536 ejus
1561 506 1624 529 sunt
1638 511 1644 529 :

1073 535 1181 563 habenti
1488 535 1583 565 Benite
1595 537 1729 565 benedicti

1073 571 1197 605 dabitur,
1212 577 1239 600 et
1254 573 1342 600 abun-
1488 574 1577 600 l’atris
1591 574 1662 607 mei,

1072 606 1146 645 dabit
1161 616 1167 634 :
1182 608 1206 645 ei
1217 614 1306 645 autem
1488 609 1625 645 possidete
1639 617 1685 643 pa-

1072 644 1118 678 qui
1134 651 1186 670 non
1202 643 1296 676 habet,

1073 683 1099 720 et
1111 678 1181 720 quod
1194 678 1233 720 (a)
1249 681 1295 720 ba-

1073 714 1119 741 bet
1128 714 1147 750 -j<
1157 735 1165 747 ,
1177 714 1316 742 auferetur

1074 750 1108 777 ab
1123 757 1167 780 eo.

1073 785 1116 813 50.
1140 785 1174 813 Et
1190 794 1303 821 nequam
1318 794 1374 815 ser-

1073 828 1135 848 vum
1152 822 1190 856 (ὑ)
1203 823 1316 856 proicite

1072 857 1145 884 foras
1158 857 1178 892 ἰ-
1194 858 1220 884 ίη
1233 863 1309 885 tene-

1070 892 1134 920 bras
1149 894 1298 921 exteriores
1311 903 1317 920 :

1071 928 1107 955 ibi
1123 929 1176 955 erit
1189 928 1267 957 [lctus
1279 950 1287 962 ,

1068 969 1096 992 et
1107 964 1208 992 stridor
1221 964 1290 992 dett-

1068 1000 1148 1027 tittm.

1068 1036 1114 1063 2|.
1136 1035 1202 1063 Cum
1218 1041 1308 1064 autetn

1068 1072 1175 1099 venerit
1189 1072 1261 1099 [ilius

1069 1107 1186 1135 hominis
1198 1108 1223 1134 in

1069 1144 1211 1176 majestate
1223 1151 1271 1171 sua
1286 1165 1293 1175 ,

1069 1183 1097 1206 et
1108 1186 1202 1206 omnes
1217 1180 1305 1214 angeli

1070 1221 1131 1242 cum
1146 1222 1179 1242 eo
1189 1236 1197 1247 ,
1211 1219 1276 1242 tunc

1070 1250 1176 1286 sedebit
1187 1258 1270 1286 super

1070 1285 1162 1313 sedem
1179 1294 1235 1313 nta-

1069 1321 1176 1355 jestatis
1189 1329 1255 1349 suae
1268 1331 1275 1349 :

1070 1357 1116 1385 52.
1137 1362 1165 1385 et
1178 1365 1294 1392 congre»

1071 1393 1204 1426 gabuntur
1218 1399 1280 1420 ante
1294 1401 1355 1421 eum

1072 1435 1168 1455 omnes
1179 1434 1274 1463 gentes
1283 1449 1290 1461 ,

1072 1468 1100 1491 et
1113 1464 1249 1499 separabit

1072 1506 1120 1526 eos
1134 1501 1168 1526 ab
1179 1500 1292 1527 invicem
1306 1520 1312 1526 .

1072 1535 1118 1562 33.
1140 1535 1209 1562 sicut
1221 1541 1311 1570 pastor
1324 1542 1368 1563 se-

1073 1576 1167 1606 gregat
1180 1578 1248 1599 oves
1263 1571 1298 1598 ab
1490 1576 1543 1599 tem
1553 1593 1560 1604 ,
1575 1576 1603 1599 et

1076 1607 1154 1634 aedis
1169 1612 1197 1635 et
1211 1612 1313 1635 statuet
1490 1607 1613 1643 pavimus

1307 1664 1424 1694 CODEX
1443 1665 1638 1694 BRleANUS.

1078 1719 1136 1739 llSUI
1145 1712 1167 1738 is
1178 1711 1270 1747 utique
1282 1712 1446 1747 recepissem
1457 1712 1530 1747 quod
1542 1720 1631 1740 meum
1647 1716 1698 1740 est.
1714 1711 1813 1739 Tollite
1825 1712 1877 1739 ita-

1078 1755 1131 1781 que
1145 1747 1179 1774 ab
1201 1755 1234 1775 eo
1249 1748 1378 1775 talentum
1393 1752 1421 1775 ct
1433 1747 1495 1775 date
1518 1749 1541 1775 ei
1556 1749 1602 1782 qui
1621 1748 1701 1775 habet
1719 1748 1812 1775 dceetn
1835 1755 1877 1775 l:I~

1079 1783 1161 1810 lenta.
1178 1784 1257 1810 Omni
1279 1784 1350 1810 enim
1373 1783 1482 1811 habenti
1502 1783 1610 1811 dabitur
1632 1788 1661 1811 et
1682 1783 1830 1810 abundabit
1848 1785 1874 1811 ei

1077 1823 1166 1846 autern
1183 1819 1228 1853 qtti
1244 1826 1296 1845 non
1312 1815 1433 1846 babefet
1448 1819 1519 1853 quod
1533 1819 1639 1846 videtur
1653 1819 1750 1846 habere
1764 1820 1877 1846 aufere-

1079 1859 1123 1881 tnr
1140 1854 1174 1881 ab
1188 1862 1231 1881 eo.
1248 1854 1281 1881 Et
1293 1855 1413 1881 inutilem
1425 1862 1532 1882 servum
1546 1855 1637 1889 proice
1651 1856 1676 1882 in
1693 1854 1818 1882 tenebras
1829 1863 1877 1882 cx-

1079 1891 1203 1917 teriores.
1220 1890 1273 1916 illic
1285 1891 1337 1917 erit
1359 1890 1437 1917 ﬂetus
1451 1894 1479 1917 ct
1491 1891 1591 1918 stridor
1606 1891 1726 1917 dentium
1744 1910 1749 1916 .
1765 1909 1770 1916 .
1786 1911 1792 1917 .
1806 1889 1876 1917 Cum

1076 1931 1164 1952 autem
1193 1926 1296 1952 venerit
1323 1925 1394 1959 [ilius
1414 1925 1529 1953 hominis
1552 1927 1577 1952 in
1595 1926 1736 1961 majestate
1760 1933 1818 1953 sua.
1846 1932 1875 1953 et

1076 1968 1171 1987 omnes
1187 1961 1271 1988 sancti
1283 1962 1371 1995 angeli
1387 1969 1447 1988 ctnn
1468 1969 1511 1988 eo.
1527 1967 1590 1989 tunc
1605 1962 1711 1988 sedebit
1725 1969 1805 1996 super
1831 1969 1876 1988 se-

1077 1997 1138 2023 dem
1153 1997 1301 2031 tnajestatis
1328 2005 1394 2024 sum.
1410 2002 1437 2024 et
1462 2002 1473 2015 ε
1500 1998 1701 2032 congrabnntur
1724 2002 1786 2023 ante
1812 2005 1875 2024 eum

1077 2040 1172 2059 omttes
1184 2037 1288 2067 gentes.
1304 2038 1329 2059 et
1344 2032 1480 2067 sepet'abit
1494 2041 1541 2060 eos
1566 2033 1599 2059 ab
1611 2034 1724 2060 invicem
1737 2034 1806 2059 sicut
1820 2040 1878 2066 pas-

1079 2073 1121 2104 tor
1136 2073 1261 2102 segregat
1274 2076 1338 2095 ores
1354 2069 1386 2094 ab
1399 2069 1502 2095 haedis.
1520 2073 1546 2095 ct
1562 2073 1672 2095 statuet.
1689 2069 1726 2104 (ε)
1742 2075 1805 2095 oves
1818 2070 1839 2102 ’ἴ
1861 2076 1876 2095 a

1078 2103 1180 2130 dextris
1192 2104 1249 2130 suis
1263 2104 1364 2130 haedos
1380 2109 1469 2130 antem
1484 2112 1497 2129 a
1511 2104 1639 2130 sinistris.
1657 2104 1733 2130 Tunc
1745 2104 1816 2130 dicet
1830 2112 1877 2130 rex

1078 2138 1120 2166 his
1135 2140 1205 2174 quia
1220 2140 1323 2166 dextris
1336 2139 1394 2173 ejus
1408 2144 1489 2166 erttnt
1513 2139 1606 2167 Venite
1633 2139 1768 2166 benedicti
1792 2139 1881 2166 l‘atris

1078 2175 1142 2201 mei.
1159 2175 1294 2209 possidete
1322 2182 1432 2208 regnum
1456 2180 1579 2210 paratum
1607 2175 1685 2202 vobis
1704 2183 1718 2201 a
1746 2175 1880 2201 constitu-

1080 2210 1152 2237 tione
1164 2210 1266 2237 mundi.
1283 2210 1389 2237 Esurivi
1404 2212 1475 2238 enim
1487 2215 1514 2237 et
1524 2210 1636 2237 dedistis
1653 2210 1718 2237 ntibi
1731 2211 1879 2237 manduca-

1078 2253 1119 2274 re.
1135 2246 1217 2273 sitivi.
1233 2251 1260 2272 et
1276 2247 1387 2281 potastis
1402 2254 1454 2272 tne.
1473 2246 1570 2280 hospes
1584 2253 1669 2273 eram.
1692 2251 1720 2273 et
1733 2245 1883 2279 collegisds

1077 2289 1130 2309 me.
1147 2282 1243 2308 nudus.
1255 2280 1281 2308 et
1291 2280 1529 2315 cooperuistisme.
1538 2281 1658 2308 inﬁrmus
1669 2281 1746 2308 lui.et
1754 2282 1885 2308 visitastts

1077 2325 1130 2344 me.
1145 2317 1169 2344 in
1181 2324 1320 2344 carcerem
1344 2317 1381 2343 fui
1397 2321 1424 2343 et
1436 2318 1546 2343 venistis
1561 2317 1594 2344 ad
1612 2325 1665 2343 tne.
1678 2316 1754 2344 Tunc
1767 2324 1883 2350 respon-

1077 2352 1177 2380 debunt
1191 2353 1288 2388 eijusti
1313 2353 1432 2380 dicentes
1458 2352 1580 2380 Domine.
1594 2352 1701 2387 quando
1730 2358 1755 2380 te
1767 2352 1885 2380 vidituus

1075 2389 1240 2416 esurientem
1264 2393 1292 2415 et
1305 2389 1427 2423 pavitnus

1489 650 1577 672 ratum
1590 645 1666 672 vobis

1489 688 1600 714 l't‘gllUIII
1614 689 1627 707 Il
1642 689 1705 707 (IOH-

1490 717 1627 743 Slitutione
1640 717 1740 743 mundi.

1490 751 1534 778 55.
1557 752 1642 778 Esnrii
1656 753 1727 779 enim

1490 792 1516 813 ct
1527 788 1639 814 dedistis

1491 824 1554 849 inihi
1568 823 1681 850 tnandu-

1490 866 1569 885 care:
1588 860 1658 886 sitivi
1672 880 1678 892 ,

1490 899 1517 921 et
1531 894 1643 922 dedistis

1488 929 1554 956 mihi
1568 935 1682 964 potum:

1488 965 1533 992 56.
1546 973 1627 1000 ospes
1640 973 1712 993 eratn
1727 986 1733 998 ,

1487 1005 1515 1028 et
1527 1001 1675 1029 collexistis

1487 1044 1531 1064 me
1545 1046 1550 1063 :
1567 1037 1653 1064 nudus
1664 1059 1671 1070 ,

1487 1077 1514 1100 et
1528 1073 1673 1107 operuistis

1488 1115 1532 1135 me
1541 1117 1547 1134 :
1565 1108 1688 1136 inﬁrmus
1698 1130 1705 1142 ,
1731 1110 1733 1112 ’

1487 1149 1515 1171 et
1530 1144 1659 1171 visitastis

1487 1187 1532 1207 me
1547 1188 1551 1206 :
1570 1180 1595 1207 in
1612 1187 1670 1208 car-

1488 1222 1577 1242 cerem
1591 1223 1664 1243 eram
1678 1237 1685 1249 ,

1488 1255 1515 1278 et
1528 1251 1639 1278 venistis

1488 1286 1520 1313 ad
1535 1294 1587 1314 me.

1487 1322 1532 1350 37.
1552 1322 1628 1350 Tune
1642 1329 1688 1350 re-

1488 1357 1661 1393 spondebunt

1486 1394 1510 1421 ei
1524 1393 1609 1427 justi,
1624 1394 1667 1420 di-

1438 1441 1446 1447 -
1486 1434 1580 1457 centes
1592 1437 1599 1455 :
1616 1429 1670 1456 Do-

1488 1464 1570 1497 mine.
1586 1473 1672 1498 quan-

1488 1500 1523 1527 do
1540 1504 1566 1527 te
1579 1500 1648 1527 vidi-

1489 1544 1549 1563 tnus
1560 1537 1684 1564 esurien-

573 2444 770 2474 VARIANTES
788 2446 980 2475 LECTlONES
998 2446 1133 2474 CODICIS
1151 2445 1207 2474 MS.
1228 2445 1258 2473 S.
1279 2444 1534 2473 GERMANENSIS.

265 2491 273 2506 ¹
294 2491 377 2522 itaque

265 2523 276 2537 ι
294 2525 320 2546 et
332 2522 463 2547 abundabit

264 2553 277 2599 ἲ
292 2552 391 2609 ὔῖἒὶἕιιιι·
403 2553 526 2579 habere...
541 2554 653 2580 inutilem
664 2562 763 2580 servum
775 2555 869 2587 injicite

264 2616 274 2631 ⁵
293 2615 392 2647 quidem
404 2621 419 2640 a
429 2615 525 2640 dextris
536 2618 615 2643 suis...
629 2623 641 2641 a
651 2618 756 2643 sinistris

1118 2493 1129 2508 ‘
1145 2500 1202 2522 rex,
1216 2497 1264 2523 etc,
1288 2496 1313 2517 ut
1329 2490 1402 2524 Vulg.

1117 2525 1127 2540 "
1147 2532 1160 2548 a
1170 2525 1346 2549 constitutione

1116 2555 1128 2601 ξ
1147 2553 1224 2587 er‘am,
1238 2559 1264 2581 et
1273 2555 1438 2581 eollexistis...
1452 2555 1587 2586 operu'Lstis

1144 2593 1211 2611 eram

909 2660 1091 2689 BLANCHlNl
1111 2661 1225 2689 NOTAE.

272 2708 285 2722 α
301 2703 401 2742 Graeca
420 2702 527 2742 habent
545 2704 616 2742 quod
636 2704 678 2733 ltic
694 2706 745 2733 loci
759 2706 874 2742 legimus
886 2708 913 2735 in
924 2708 1027 2735 codice.

238 2746 289 2777 ms.
305 2738 605 2777 Corbeiensi._l_lilarius
623 2748 730 2777 quoque
742 2738 815 2776 legit,
824 2743 856 2769 Et
866 2744 934 2777 quod
945 2744 1029 2776 habet,

238 2776 379 2812 auferetur,
389 2810 394 2812 Α
404 2773 502 2812 etc._ld
514 2783 580 2802 vero
594 2773 664 2811 quod
680 2773 813 2812 s'eqttititr'
826 2778 852 2805 in
868 2773 964 2806 eodem
979 2773 1028 2806 ms.

240 2808 396 2837 COrbeieusi
410 2819 432 2849 :_
446 2809 589 2849 Etsert'um
603 2808 694 2847 Vnequa
719 2808 837 2849 projicile
852 2815 921 2849 [oras
932 2834 939 2846 ,
964 2819 1029 2847 etc.,

241 2846 448 2880 repraesentavit
467 2846 578 2875 Graecus
601 2846 744 2877 contextus
762 2846 925 2885 exemplaris
935 2849 1032 2878 Canta-

1085 2708 1154 2763 bnlis'
1164 2708 1348 2780 ξ’
1361 2709 1675 2773 ῗιιῖἑῦίξίξὺδειπίωηυς
1684 2766 1691 2777 ,
1727 2745 1892 2772 Gaudentius

1086 2780 1231 2816 episcopus
1253 2781 1416 2813 Brixiensis,
1432 2786 1459 2808 et
1482 2781 1668 2816 Augustinus,
1688 2781 1783 2809 eodem
1804 2781 1890 2808 modo

1088 2815 1201 2851 legunt,
1215 2816 1246 2843 ab
1261 2816 1362 2852 origine
1375 2817 1475 2843 mundi.

1125 2857 1136 2870 π
1161 2852 1241 2880 Deest
1252 2852 1279 2879 in
1292 2852 1353 2880 cod.
1374 2853 1469 2887 partic.
1477 2861 1522 2889 σω
1530 2852 1556 2880 in
1565 2852 1893 2889 verbocongregabuntur.

277 2901 317 2937 (a)
331 2900 370 2929 Ita
384 2905 413 2929 et
425 2906 480 2930 tex.
495 2903 542 2932 Gr.
561 2903 715 2943 ἔχω-(ΙΙ)
735 2906 774 2935 Ita
790 2906 1015 2945 etcod.Cant.pa’t

1080 2906 1163 2941 ὶξωι-
1175 2909 1211 2943 (c)
1231 2908 1295 2937 Post
1310 2916 1367 2936 om
1381 2908 1457 2938 deest
1470 2909 1585 2944 quidem.
1598 2909 1635 2938 ita
1649 2914 1678 2938 et
1691 2908 1717 2938 in
1731 2907 1790 2938 eod.
1805 2907 1891 2937 Cant.
