4048 6188
681 362 905 421 CODEX
946 363 1479 423 VERCELLENSIS.

1110 470 1164 518 et
1194 480 1300 518 non
1327 462 1509 518 dedis-

1110 536 1181 589 tis
1205 535 1335 589 mihi
1365 546 1549 604 potum
1575 551 1586 585 :

1110 606 1200 660 45.
1242 606 1437 675 liOSpes
1457 621 1605 660 eram
1632 646 1646 671 ,

1112 688 1165 732 et
1195 694 1301 732 non
1329 678 1491 732 colle-

1109 748 1261 818 gistis
1283 763 1371 803 me
1395 766 1409 800 :
1455 765 1552 804 nu-

1109 822 1209 874 dus
1227 862 1241 882 ,
1275 829 1328 875 et
1349 835 1458 875 non

1109 892 1399 960 operuistis

1110 979 1195 1017 me
1219 978 1236 1025 ;
1266 962 1511 1017 inﬁrmus
1530 1004 1544 1028 ,

1108 1042 1163 1088 et
1195 1035 1246 1089 in
1275 1049 1463 1089 carce-

1113 1120 1225 1160 rein
1248 1146 1263 1169 ,
1291 1115 1346 1161 ct
1375 1120 1482 1160 non

1113 1176 1368 1231 visitastis
1396 1192 1500 1232 me.

372 838 383 845 ο

270 892 357 949 38.
400 890 676 960 hospitem
702 930 717 956 ,
751 900 807 945 et

272 964 604 1033 suscipimus

272 1046 357 1091 te:
388 1044 481 1089 aut
508 1033 711 1088 nudum

270 1118 321 1162 et
342 1107 664 1162 vestivimus
689 1123 702 1157 :

268 1179 356 1235 59.
399 1187 493 1233 aut
517 1177 736 1247 quando

270 1259 321 1305 te
344 1250 580 1304 vidimus

267 1323 565 1386 inﬁrmum,

267 1401 361 1447 aut
388 1394 441 1447 in
470 1406 659 1447 carce-

268 1481 383 1520 rem
412 1507 425 1529 ,
456 1473 511 1520 et
535 1463 687 1517 veni-

1111 1246 1200 1301 4t.
1244 1248 1395 1302 Tunc
1425 1262 1647 1316 respon-

1111 1318 1315 1390 debunt
1344 1318 1414 1390 (c)
1443 1330 1499 1373 et
1529 1321 1609 1387 ip-

1110 1390 1155 1443 si
1179 1388 1219 1459 ’ξ’
1245 1432 1259 1453 ,
1294 1388 1537 1445 dicentes
1564 1408 1575 1441 :

1113 1460 1340 1516 Domine
1368 1503 1380 1524 ,
1411 1477 1582 1529 quan-

1106 1531 1178 1587 do
1202 1540 1254 1587 te
1276 1533 1508 1586 vidimus

1105 1604 1435 1658 esurientem
1462 1644 1476 1667 ,

1106 1675 1501 1741 autsitientem,

1103 1755 1197 1800 aut
1218 1745 1416 1801 nudum
1440 1787 1455 1812 ,
1486 1753 1579 1800 aut

1106 1819 1337 1888 ospitem
1364 1858 1379 1883 ,
1411 1825 1504 1872 aut

1106 1888 1373 1943 inﬁrmum
1404 1930 1418 1952 ,

1106 1962 1271 2014 autin
1300 1975 1491 2015 carce-

267 1552 390 1591 mus
417 1536 484 1589 ad
509 1535 604 1588 te?

265 1610 360 1663 40.
403 1608 473 1662 Et
499 1605 837 1677 respondens

264 1680 399 1734 dicit
429 1679 539 1733 illis
565 1694 581 1731 :

264 1755 444 1807 Amen
476 1749 600 1804 dico

265 1823 425 1877 vobis
451 1864 465 1886 ,
493 1836 667 1892 quan-

265 1896 382 1948 diiu
413 1894 566 1949 fecis.
602 1934 613 1945 .
649 1905 676 1945 s

264 1967 359 2020 uni
390 1963 471 2037 (a)
502 1967 695 2037 borum

264 2034 527 2093 fratruum
550 2034 614 2117 -ι-⁹
1107 2047 1259 2114 rem,
1289 2040 1343 2086 et
1371 2045 1475 2113 non

266 2124 515 2164 ineorum
545 2103 645 2160 mi-
1106 2103 1448 2158 ministravi-

264 2183 537 2235 nitnornm
564 2218 579 2238 .
1105 2189 1223 2228 mus
1254 2174 1389 2227 tibi?

264 2253 399 2305 mihi
442 2250 666 2307 fecistis.
1238 2244 1388 2299 Tunc
1416 2260 1639 2316 respon-

262 2324 359 2378 41.
400 2323 551 2378 Tunc
581 2319 709 2375 dicit
736 2318 843 2385 his,
1104 2315 1253 2371 debit
1278 2316 1386 2371 illis
1412 2317 1493 2371 di-

261 2398 356 2464 qui
378 2396 445 2449 ad
476 2394 648 2464 siuis-_
1103 2402 1232 2464 cens
1268 2391 1488 2464 {Amen

1103 2459 1257 2513 vobis
1284 2459 1407 2514 dico
1440 2478 1454 2513 :

1102 2531 1348 2597 Quandiu
1379 2545 1485 2586 non

1104 2602 1310 2657 fecistis
1342 2603 1433 2655 uni

1102 2676 1168 2728 de
1195 2672 1433 2727 minimis

1103 2745 1207 2811 his,
1246 2758 1345 2798 nec
1376 2743 1508 2798 mihi

1101 2818 1191 2870 46.
1236 2815 1456 2869 fecistis.
1490 2814 1557 2869 Et

1104 2889 1256 2942 ibunt
1280 2887 1333 2939 hi
1361 2886 1413 2940 in

1103 2960 1279 3029 ignem
1317 2972 1407 3011 ae-

1104 3040 1337 3091 ternum,
1361 3029 1475 3098 jus—

1103 3104 1140 3155 ti
1160 3110 1337 3155 autem
1364 3100 1419 3155 in

265 2462 367 2521 tris
396 2476 520 2521 sunt
544 2484 556 2518 :
594 2462 706 2517 Dis-

263 2540 443 2592 cedite
470 2553 498 2590 a
516 2550 604 2591 me

261 2610 537 2664 maledicti
572 2608 624 2661 in

262 2683 446 2752 ignem
474 2690 651 2735 aeter—

261 2747 395 2808 num
427 2752 502 2823 (ὁ)
526 2747 667 2821 quod
694 2760 789 2817 pa-

260 2824 405 2879 ravit
431 2824 589 2878 Pater

262 2910 423 2951 mens
454 2895 495 2965 -ιν
517 2890 734 2965 diabolo
759 2928 773 2951 ,

260 2977 318 3021 et
352 2964 558 3035 angelis
588 2964 723 3034 ejus.

261 3038 359 3092 42.
390 3037 562 3093 Esurii
594 3037 736 3091 enim
764 3070 778 3097 ,

261 3122 319 3164 et
348 3125 453 3183 non
478 3108 659 3183 dedis-
1103 3108 1147 3183 ti_

263 3184 337 3236 tis
359 3182 489 3236 mihi
520 3196 670 3235 man-
1101 3182 1263 3227 vitam
1296 3182 1471 3227 aeter-

261 3254 509 3309 ducare:
552 3253 662 3307 sitii
689 3291 702 3317 ,
1102 3260 1247 3299 nam.

691 3361 925 3419 CODEX
966 3355 1443 3415 CORBEIENSIS.

256 3461 536 3517 sitientem
560 3502 575 3525 ,
618 3467 674 3513 et
701 3467 885 3528 potum
915 3456 1007 3510 tibi
1037 3452 1332 3528 dedimus?
1362 3450 1576 3521 quando
1608 3458 1784 3504 autem
1818 3460 1869 3528 te

260 3534 504 3587 vidimus
538 3523 568 3561 ¹“
595 3523 972 3602 peregrinum,
1005 3526 1421 3602 et_collexituus
1450 3540 1463 3602 ξ
1513 3532 1605 3576 aut
1653 3523 1867 3602 quando

259 3614 317 3659 te
347 3593 827 3657 vidimiis'nudinn
853 3642 868 3665 ,
902 3609 956 3654 et
988 3598 1215 3653 teximus
1242 3614 1253 3647 :
1289 3593 1503 3664 quando
1537 3605 1585 3646 te
1637 3594 1866 3665 vidimus

258 3677 535 3731 infirmum
562 3717 576 3741 ,
608 3684 662 3729 et
689 3676 739 3726 in
770 3663 1014 3729 carcere.
1054 3678 1107 3723 et
1136 3663 1382 3741 venimus
1417 3666 1482 3717 ad
1533 3665 1625 3741 te?
1684 3664 1703 3693 ²
1761 3663 1865 3718 Re-

256 3748 540 3815 spondens
563 3737 741 3799 autem
770 3744 905 3798 dixit
936 3741 1042 3815 illis
1069 3759 1088 3815 ;Δ
1116 3741 1289 3815 Amen
1320 3738 1442 3815 dico
1472 3737 1863 3815 v.oliis,nquai_n—

256 3805 355 3873 diu
386 3818 587 3873 fecistis
639 3819 727 3869 ttni
780 3831 843 3869 ex
893 3824 919 3849 τι
963 3810 1197 3865 minimis
1255 3810 1409 3874 istis,
1443 3808 1573 3861 mihi
1633 3805 1856 3861 fecistis.

257 3891 414 3946 Tunc
439 3890 580 3943 dicet
606 3898 660 3942 ct
687 3888 763 3941 eis
785 3928 798 3950 ,
830 3886 921 3955 qui
945 3884 1010 3937 ad
1040 3884 1310 3936 sinistram
1344 3893 1505 3934 sunt:
1538 3878 1805 3958 Discedite
1831 3894 1862 3933 a

256 3980 350 4016 inc
378 3960 646 4014 maledicti
671 3960 721 4011 in
746 3950 921 4025 ignem
953 3966 1231 4029 aeternum
1260 3992 1273 4015 ,
1306 3968 1463 4029 quem
1496 3950 1712 4029 paravit
1760 3950 1858 4002 Pa-

259 4044 345 4087 ter
374 4048 524 4087 meus
577 4022 791 4083 diabolo
815 4070 827 4092 ,
858 4038 911 4081 ct
945 4027 1148 4095 angelis
1179 4026 1314 4093 ejus.
1350 4022 1561 4075 Esurivi
1594 4022 1774 4095 enim,
1807 4029 1861 4095 et

256 4121 368 4159 noo
398 4104 622 4157 dedistis
654 4100 786 4153 mibi
819 4091 1175 4162 manducare;
1208 4091 1348 4149 Sitivi
1376 4139 1388 4160 ,
1426 4103 1478 4147 et
1503 4110 1607 4147 non
1634 4091 1861 4145 dedistis

256 4176 393 4230 mihi
427 4175 643 4228 bibere:
699 4172 719 4201 ³
750 4171 1062 4241 peregrinus
1119 4182 1313 4241 eram,
1363 4176 1415 4241 et
1468 4180 1586 4241 non“
1630 4162 1649 4192 ⁵
1697 4164 1859 4217 colle-

256 4249 413 4317 gislis
446 4262 567 4299 me:
598 4236 771 4297 nudus
792 4285 806 4307 ,
854 4236 925 4317 et
954 4256 1072 4317 non.
1116 4240 1144 4317 5_
1183 4238 1474 4317 vestistisi‘
1500 4236 1779 4299 inﬁrmus,
1807 4244 1862 4289 et

259 4307 316 4372 in
349 4332 565 4371 carcere
590 4358 603 4379 ,
663 4326 715 4369 et
762 4329 865 4368 non
907 4313 927 4341 ⁸
956 4309 1177 4365 venistis
1203 4309 1269 4363 ad
1301 4324 1407 4361 me.
1433 4307 1582 4360 Tunc
1635 4320 1861 4379 respon-

255 4390 530 4444 dcbuntet
559 4377 681 4457 ipsi,
704 4385 977 4458 dicentes:
1011 4384 1253 4458 Domine,
1288 4378 1501 4458 quando
1533 4390 1582 4432 te
1605 4377 1854 4458 vidimus,

258 4452 597 4516 esurientem
625 4469 679 4511 et
708 4457 1003 4530 sitientem,
1040 4455 1057 4483 ⁷
1086 4462 1177 4506 aut
1204 4452 1426 4516 nudum,
1479 4459 1592 4530 aut.
1626 4452 1859 4530 pcregri-

258 4543 512 4595 num,aut
535 4530 829 4593 inﬁrmum,
858 4537 950 4581 aut
970 4529 1020 4579 in
1050 4539 1287 4589 carcere,
1314 4533 1367 4576 et
1395 4538 1498 4595 non
1526 4523 1854 4595 ministravi—

256 4621 384 4659 lll'.lS
404 4592 509 4655 tibi
535 4602 558 4652 ?
603 4602 756 4673 Tunc
786 4592 1326 4673 respondebit_ill_is_8
1355 4612 1367 4645 :
1401 4592 1591 4673 Amen
1614 4592 1735 4673 dico
1764 4606 1860 4644 vo-

255 4676 343 4731 bis
369 4692 379 4725 :
414 4672 681 4740 Quamdiu
701 4676 721 4703 θ
747 4671 833 4744 nni
863 4664 930 4723 ex
957 4668 1330 4744 ini_n_itn_i_s_istis
1358 4680 1461 4719 non
1495 4664 1695 4717 fecistis
1714 4676 1858 4744 nuce

254 4745 393 4801 milii
430 4739 652 4799 fecistis.
690 4744 753 4796 Et
782 4742 935 4795 ibunt
958 4740 1033 4793 illi
1064 4739 1117 4792 in
1141 4739 1181 4769 ¹⁰
1205 4739 1697 4807 iguemaeleruum,
1725 4739 1855 4803 justi

257 4826 446 4872 autem
473 4818 523 4870 in
555 4816 717 4869 vitam
744 4825 1041 4869 aeternam.

1237 252 1683 312 EVANGELIUM
1722 250 2095 311 SECUNDUM
2134 250 2565 310 MATTlleUM.

3467 250 3577 308 322

2419 366 2653 422 CODEX
2697 365 3141 426 VERONENSIS.

2814 463 2945 517 mihi
2975 471 3160 531 potum
3187 478 3199 514 :

2812 535 2902 589 45.
2947 533 3145 603 hospes
3174 547 3344 601 eram,

1978 470 2029 515 te
2054 478 2066 514 :
2099 460 2404 528 sitientem,

1975 542 2031 587 et
2054 534 2303 587 dedimus

1977 604 2073 658 tibi
2103 604 2329 674 potum?
2813 614 2995 661 etnon
3019 608 3132 661 col-

1975 676 2062 731 58.
2103 676 2323 745 quando
2350 683 2534 732 autem
2814 677 3022 732 lexistis
3048 693 3136 734 me
3170 692 3185 730 :

1974 755 2029 801 te
2061 748 2297 803 vidimus
2813 749 3009 813 nudus,
3038 759 3095 805 et

2814 834 2920 874 non
2958 817 3288 890 operuistis;

2813 891 3080 956 inﬁrmus,
3106 901 3161 948 et

2814 964 2865 1018 in
2890 978 3191 1028 carcerem,

2812 1044 2867 1091 et
2896 1051 3001 1089 non
3033 1034 3215 1091 visita-

2811 1108 2910 1162 stis
2932 1123 3040 1162 me.

2807 1180 2900 1234 44.
2947 1178 3100 1234 Tunc
3129 1192 3354 1250 respon-

2808 1250 3011 1320 debunt
3037 1250 3109 1320 (c)
3137 1262 3192 1305 et

2809 1319 2910 1390 ipsi
2933 1321 2992 1390 εἴ,
3025 1319 3213 1377 dicen-

2810 1401 2891 1447 tes
2917 1410 2928 1446 :
2958 1394 3181 1448 Domine
3200 1435 3216 1461 ,

2808 1464 3023 1533 quando
3055 1473 3109 1519 te

2809 1534 3044 1591 vidimus
3068 1550 3196 1591 esus

2812 1608 3067 1672 rientem,

2811 1685 2903 1732 aut
2931 1677 3247 1745 sitientem”,

2812 1760 2902 1804 aut
2931 1750 3221 1820 hospitem,

2812 1829 2905 1875 aut
2928 1823 3150 1888 nudum,
3179 1822 3265 1877 vel

2812 1893 2865 1947 in
2894 1908 3189 1958 carcerem,

2807 1975 2902 2019 aut
2928 1965 3198 2019 inﬁrmum
3216 2006 3231 2031 ,

2805 2045 2859 2089 et
2889 2052 2995 2090 non
3028 2036 3365 2091 ministrabi-

2808 2123 2929 2163 mus
2955 2107 3099 2161 tibi?

2806 2176 2897 2232 45.
2940 2178 3093 2233 Tunc
3115 2194 3341 2249 respon-

1975 817 2240 886 hospitem
2259 861 2274 884 ,
2306 827 2358 874 et

1973 890 2291 959 collegimus
2323 901 2373 945 te
2404 906 2421 943 .'

1973 972 2067 1015 aut
2105 963 2307 1016 nudum
2325 1003 2340 1027 ,

1974 1040 2029 1086 et
2063 1032 2347 1103 000perui-

1973 1103 2061 1158 59.
2094 1119 2213 1159 mus
2240 1115 2327 1159 te:
2355 1112 2448 1159 aut

1972 1175 2187 1244 quando
2220 1177 2306 1230 in-

1976 1248 2092 1299 firm
2102 1262 2211 1311 um,
2240 1255 2333 1301 aut

1974 1317 2026 1371 in
2059 1332 2354 1381 carcerem,
2377 1329 2433 1372 et

1971 1390 2220 1444 venimus
2245 1388 2312 1444 ad
2339 1398 2390 1443 te
2415 1389 2437 1441 ?

1972 1458 2064 1514 40.
2110 1461 2177 1515 Et
2207 1475 2433 1530 respon-

1972 1532 2108 1586 dens
2131 1548 2223 1586 rex
2271 1533 2402 1585 dicit

1972 1603 2116 1657 illis:
2148 1607 2319 1657 Amen

1974 1674 2095 1729 dico
2120 1675 2271 1729 vobis
2290 1716 2304 1739 ,

1971 1746 2227 1815 quamdiu
2257 1746 2336 1801 fe-

1972 1818 2123 1888 cistis
2150 1819 2239 1872 uni
2274 1816 2349 1888 (a)

1974 1887 2163 1942 horum
2190 1890 2297 1943 fra-

1974 1969 2150 2043 truum
2180 1959 2221 2031 ’ξ-
2244 1976 2423 2015 meum

1971 2046 2319 2086 minimorum
2342 2073 2357 2098 ,

1970 2102 2104 2155 mihi
2130 2102 2353 2158 fecistis.

1969 2172 2061 2227 41.
2107 2174 2256 2229 Tunc
2286 2175 2423 2230 dicit

1972 2245 2040 2309 is,
2071 2246 2165 2315 qui
2196 2246 2263 2300 ad
2808 2250 2956 2305 debit
2981 2250 3087 2305 illis

1968 2317 2208 2371 sinistris
2238 2318 2356 2387 ejus
2808 2321 2997 2376 dicens
3032 2340 3044 2374 :
3069 2322 3243 2377 Amen

1969 2399 2096 2442 sunt
2125 2407 2137 2441 :
2174 2390 2356 2444 Disce-
2808 2392 2931 2447 dico
2958 2394 3111 2447 vobis
3143 2410 3154 2444 :

1970 2460 2081 2513 dite
2110 2474 2140 2513 a
2171 2475 2258 2514 me
2289 2475 2405 2514 ma-

1968 2530 2153 2584 ledicti
2186 2532 2235 2583 in
2271 2532 2445 2600 ignem

1970 2608 2272 2667 aeternum,
2295 2599 2414 2683 ib),

1969 2687 2129 2741 quem
2159 2685 2369 2742 paravit

1970 2742 2130 2798 Pater
2164 2759 2313 2798 meus
2340 2744 2381 2814 ’ξ’

1970 2815 2192 2869 diabolo
2212 2857 2225 2879 ,
2250 2824 2304 2870 et

1970 2888 2178 2956 angelis
2209 2886 2349 2956 ejus.

1969 2955 2062 3009 42.
2106 2955 2281 3012 Esurii
2312 2959 2479 3026 enim,

1970 3037 2025 3083 et
2052 3044 2159 3084 non
2186 3030 2409 3086 dedistis
2432 3030 2563 3087 milii

2809 2462 3058 2530 Quandiu
3082 2478 3188 2517 non

2810 2535 3017 2589 fecistis
3041 2533 3133 2587 uni

2809 2605 2879 2659 de
2915 2604 3217 2659 minoribus

2810 2675 2917 2742 bis,
2947 2691 3045 2732 nec
3080 2676 3181 2731 mi-

2812 2746 2864 2800 hi
2899 2748 3119 2803 fecistis.

2812 2818 2881 2873 Et
2907 2820 3063 2874 ibunt
3083 2818 3139 2874 hi

2810 2890 2863 2944 in
2889 2892 3065 2960 ignem

2807 2970 3113 3033 aeternum,

2803 3031 2933 3102 justi
2964 3031 3142 3089 autem

2808 3106 2861 3159 in
2896 3106 3056 3161 vitam
3076 3112 3252 3162 aeter-

2810 3191 2955 3232 nam.

1970 3101 2301 3182 manducare
2323 3118 2336 3154 :

1969 3182 2147 3236 sum,
2180 3182 2235 3227 et

1970 3258 2077 3298 non
2105 3244 2332 3300 dediStis

2438 3357 2671 3415 CODEX
2709 3359 3102 3418 BRIXIANUS.

1973 3458 2067 3526 aut
2093 3451 2365 3526 sitientem
2392 3462 2446 3508 et
2467 3454 2789 3523 putavimus.
2820 3455 3036 3526 quando
3058 3465 3234 3511 autem
3260 3464 3312 3511 te
3340 3457 3571 3513 vidimus

1974 3522 2264 3597 hospitem.
2301 3534 2356 3577 et
2383 3522 2705 3581 eolleximus
2737 3522 3055 3581 aut'uudum
3082 3537 3133 3582 et
3162 3530 3564 3597 cooperuimus.

1970 3605 2062 3647 aut
2085 3594 2298 3663 quando
2328 3604 2379 3650 te
2412 3597 2643 3651 vidimus
2674 3597 2945 3651 infirmum
2999 3608 3091 3652 aut
3141 3598 3193 3653 in
3236 3594 3477 3653 carcere.
3511 3608 3568 3653 et

1971 3668 2214 3720 venimus
2243 3666 2308 3719 ad
2336 3676 2397 3721 te.
2456 3667 2520 3721 Et
2548 3669 2884 3736 resiiondeus
2932 3684 3022 3724 rex
3056 3669 3199 3724 dicet
3228 3669 3357 3724 illis.
3387 3670 3562 3725 Amen

1969 3737 2090 3791 dico
2119 3738 2266 3791 Vobis
2293 3738 2548 3805 quamdiu
2581 3740 2779 3794 fecistis
2813 3739 2903 3793 uni
2930 3740 2998 3795 de
3026 3743 3110 3794 bis
3147 3741 3400 3796 fratribus
3428 3741 3564 3797 meis

1968 3808 2222 3862 minimis.
2256 3810 2385 3862 milii
2407 3810 2629 3865 fecistis.
2662 3810 2815 3865 Tunc
2842 3812 3005 3867 dicet.
3035 3822 3090 3867 et
3119 3812 3202 3866 his
3229 3814 3372 3881 quia
3398 3814 3561 3867 Sinis-

1969 3881 2064 3933 tris
2096 3889 2276 3935 erunt.
2314 3882 2583 3936 Discedite
2622 3897 2651 3934 a
2683 3898 2767 3937 me
2797 3882 3067 3938 maledicti
3092 3883 3144 3937 in
3180 3885 3354 3953 ignem
3387 3896 3564 3939 aeter-

1968 3967 2116 4005 num.
2144 3952 2233 4020 qui
2263 3966 2482 4024 paratus
2511 3963 2592 4007 est
2619 3953 2838 4008 diabolo
2864 3963 2919 4009 et
2943 3954 3149 4024 angelis
3177 3952 3315 4024 ejus.
3345 3956 3557 4010 Esurivi

1965 4025 2105 4077 enim
2138 4033 2192 4077 et
2218 4039 2324 4078 non
2354 4023 2577 4079 dedistis
2605 4026 2735 4078 mibi
2783 4023 3128 4081 manducare.
3162 4023 3327 4079 siiivi.
3362 4036 3415 4081 et
3456 4044 3560 4081 non

1964 4094 2187 4148 dedistis
2218 4095 2346 4148 mihi
2380 4103 2586 4164 potum.
2632 4097 2829 4165 liOSpes
2884 4096 2960 4150 fui
3001 4110 3054 4151 et
3096 4112 3203 4152 non
3249 4099 3563 4166 suscepistis

1966 4181 2072 4219 me.
2128 4166 2305 4220 nudus
2352 4174 2409 4221 et
2468 4184 2572 4221 non
2604 4169 2963 4235 cooperuistis
3013 4184 3116 4223 me.
3151 4169 3393 4223 inﬁrmus
3424 4181 3478 4223 et
3510 4172 3561 4223 in

1966 4252 2241 4310 carcerem
2267 4248 2320 4293 et
2352 4254 2457 4310 non
2514 4239 2772 4294 visitastis
2810 4254 2915 4293 me.
2956 4239 3108 4294 Tunc
3158 4240 3566 4310 respondebunt

1965 4309 2015 4363 ei
2065 4316 2120 4362 et
2182 4308 2283 4377 ipsi
2350 4309 2610 4366 dicentes.
2697 4310 2920 4364 Domine
2972 4310 3185 4380 quando
3235 4308 3286 4366 te
3336 4312 3564 4367 vidimus

1965 4382 2294 4434 esurientem
2332 4396 2401 4435 au
2447 4382 2740 4436 sitientem.
2783 4398 2851 4435 au
2894 4382 3182 4450 hospitem.
3239 4398 3304 4436 au
3339 4383 3560 4438 uudtun.

1966 4466 2031 4503 au
2083 4454 2374 4506 inﬁrmum.
2436 4468 2505 4506 au
2556 4454 2609 4507 in
2662 4468 2934 4507 carcerem
2988 4463 3043 4507 et
3090 4468 3195 4508 non
3236 4455 3565 4509 ministravi-

1969 4538 2088 4575 mus
2118 4524 2232 4577 tibi.
2284 4523 2436 4579 Tunc
2472 4524 2823 4594 respondebit
2870 4523 2976 4579 illis
3001 4525 3207 4580 dicens.
3247 4525 3418 4581 Amen
3442 4527 3567 4581 dico

1969 4594 2121 4648 vobis
2158 4594 2421 4661 Quamdiu
2452 4611 2557 4648 non
2589 4596 2791 4650 fecistis
2814 4597 2901 4649 uni
2930 4596 2997 4650 de
3026 4597 3326 4653 minoribus
3353 4597 3435 4651 his
3467 4612 3566 4650 nec

1968 4667 2098 4739 milii
2132 4665 2353 4720 fecistis.
2389 4675 2444 4720 et
2479 4666 2686 4739 Ahibuut
2717 4666 2812 4721 hii.
2856 4667 2910 4721 in
2942 4670 3227 4739 suplicium
3258 4676 3561 4725 aeternum.

1962 4737 2093 4807 jusd
2133 4744 2312 4792 autem
2358 4739 2410 4791 in
2442 4737 2604 4793 vitam
2632 4745 2939 4795 aeternam.

963 4926 1358 4983 VARIANTES
1396 4920 1775 4979 LECTIONES
1813 4916 2080 4975 CODICIS
2118 4916 2232 4973 MS.
2276 4916 2336 4973 S.
2377 4915 2887 4974 GERMANENSIS.

328 5033 342 5061 ³
384 5032 687 5093 hospitem...
712 5036 795 5078 aut
819 5026 1018 5088 nudum,
1047 5020 1432 5094 θιαηιιι-Ῠιειῃ.Δ
1630 5092 1639 5094 _
1696 5080 1707 5090 _

330 5098 347 5123 ³
384 5094 448 5143 Ει.
472 5083 774 5156 respondens
797 5104 885 5140 rex
902 5126 917 5151 ,
954 5083 1073 5150 ct'c.,
1093 5093 1141 5137 ut
1165 5084 1215 5137 in
1255 5083 1464 5150 Vulgata
1492 5092 1669 5145 usque,
1695 5083 1863 5143 ignem

254 5164 529 5206 aeternum

328 5221 348 5250 ³
382 5220 565 5280 hospes

327 5282 349 5311 ’⁵
384 5280 657 5331 collexistis

323 5346 346 5376 δ
384 5344 645 5406 operuistis
664 5356 748 5394 me

2038 5015 2058 5043 θ
2105 5012 2333 5062 visitastis

2038 5077 2058 5106 ⁷
2094 5083 2179 5125 aut
2203 5075 2463 5136 hospitem,
2490 5081 2573 5125 aut
2593 5073 2775 5125 nudum

2034 5138 2055 5167 ⁸
2088 5138 2261 5186 dicens

2035 5202 2055 5263 ἒ
2097 5201 2159 5248 Ut
2187 5196 2327 5263 Vulg.

2038 5262 2081 5293 ¹⁰
2118 5274 2324 5325 poenam
2347 5263 2601 5311 aeternam

1598 5408 2239 5486 BLANCHINI‘NOTIE.

334 5536 360 5564 α
394 5524 531 5581 Huic
576 5522 795 5580 lectioni
843 5517 1190 5577 Corbeiensis
1234 5515 1438 5574 codicis
1488 5511 1671 5569 favent
1721 5527 1857 5567 non-

249 5600 409 5656 nulla
439 5596 765 5668 exemplaria
796 5594 1139 5659 Graecorum,
1174 5599 1231 5647 ut
1254 5589 1439 5645 videre
1461 5596 1546 5643 est
1584 5588 1725 5640 inter
1761 5598 1857 5637 va-

1960 5509 2164 5563 riantes
2206 5504 2465 5563 lcetiones
2508 5499 2727 5564 Graacas
2777 5503 2913 5564 Novi
2943 5504 3273 5564 Testamenti
3305 5516 3437 5563 tom.
3499 5507 3564 5566 Vl

1962 5581 2229 5653 Polyglot.
2264 5578 2494 5635 Londin.

329 5714 413 5787 (a)
446 5714 521 5769 Ita
552 5723 604 5769 et
631 5722 744 5787 lex.
764 5711 857 5767 Gr.
874 5711 1085 5787 ⁸τούτο-ιν
1112 5714 1210 5787 ἰῶν
1239 5705 1480 5780 ἀδελφῶν.
1510 5698 1671 5774 --(ὁ)
1720 5698 1795 5754 Ita
1850 5715 1860 5751 t

1967 5696 2061 5752 :Od.
2114 5697 2269 5753 Cant.
2314 5694 2367 5751 ὃν
2399 5696 2673 5766 ἡτοίμασεν
2701 5694 2727 5749 ὁ
2756 5698 2927 5769 πατήρ
2973 5714 3093 5766 μου.
3120 5725 3189 5734 ——
3221 5694 3295 5772 (c)
3334 5694 3476 5756 AIth
3516 5708 3563 5755 et

250 5778 359 5863 ipsi
380 5778 405 5857 ,’
428 5787 584 5844 deest
603 5787 648 5843 ei
676 5785 839 5842 etiam
872 5784 926 5840 in
957 5782 1080 5838 eod.
1112 5778 1270 5835 Cant.
