  <div class='ocr_page' id='page_1' title='image "/cluster/home/n/w/nwhite01/storage/ocr_20150623/12/hvd.32044096580410/168.png"; bbox 0 0 4048 6188; ppageno 0'>
   <div class='ocr_carea' id='block_1_1' title="bbox 248 288 376 346">
    <p class='ocr_par' dir='ltr' id='par_1_1' title="bbox 248 288 376 346">
     <span class='ocr_line' id='line_1_1' title="bbox 248 288 376 346; baseline -0.016 0"><span class='ocrx_word' id='word_1_1' title='bbox 248 288 376 346; x_wconf 74' lang='lat'><strong>525</strong></span> 
     </span>
    </p>
   </div>
   <div class='ocr_carea' id='block_1_2' title="bbox 245 468 686 531">
    <p class='ocr_par' dir='ltr' id='par_1_2' title="bbox 245 468 686 531">
     <span class='ocr_line' id='line_1_2' title="bbox 245 468 686 531; baseline 0.007 -2"><span class='ocrx_word' id='word_1_2' title='bbox 245 475 335 529; x_wconf 84' lang='lat' dir='ltr'><strong>cit</strong></span> <span class='ocrx_word' id='word_1_3' title='bbox 365 474 416 528; x_wconf 90' lang='lat' dir='ltr'><strong>in</strong></span> <span class='ocrx_word' id='word_1_4' title='bbox 450 468 686 531; x_wconf 71' lang='lat' dir='ltr'><strong>memo—&#39;</strong></span> 
     </span>
    </p>
   </div>
   <div class='ocr_carea' id='block_1_3' title="bbox 242 547 629 613">
    <p class='ocr_par' dir='ltr' id='par_1_3' title="bbox 242 547 629 613">
     <span class='ocr_line' id='line_1_3' title="bbox 242 547 629 613; baseline 0.003 -13"><span class='ocrx_word' id='word_1_5' title='bbox 242 548 399 600; x_wconf 88' lang='lat' dir='ltr'><strong>riam</strong></span> <span class='ocrx_word' id='word_1_6' title='bbox 430 547 537 602; x_wconf 91' lang='lat' dir='ltr'><strong>sui.</strong></span> <span class='ocrx_word' id='word_1_7' title='bbox 626 608 629 613; x_wconf 21' lang='grc' dir='ltr'><strong><em>ί</em></strong></span> 
     </span>
    </p>
   </div>
   <div class='ocr_carea' id='block_1_4' title="bbox 242 610 867 676">
    <p class='ocr_par' dir='ltr' id='par_1_4' title="bbox 242 610 867 676">
     <span class='ocr_line' id='line_1_4' title="bbox 242 610 867 676; baseline 0.005 -4"><span class='ocrx_word' id='word_1_8' title='bbox 242 616 351 672; x_wconf 73' lang='grc'><strong>14.</strong></span> <span class='ocrx_word' id='word_1_9' title='bbox 399 617 555 673; x_wconf 82' lang='lat' dir='ltr'><strong>Tunc</strong></span> <span class='ocrx_word' id='word_1_10' title='bbox 580 610 706 673; x_wconf 82' lang='lat' dir='ltr'><strong>abiit</strong></span> <span class='ocrx_word' id='word_1_11' title='bbox 729 616 867 676; x_wconf 90' lang='lat' dir='ltr'><strong>unus</strong></span> 
     </span>
    </p>
   </div>
   <div class='ocr_carea' id='block_1_5' title="bbox 242 689 645 743">
    <p class='ocr_par' dir='ltr' id='par_1_5' title="bbox 242 689 645 743">
     <span class='ocr_line' id='line_1_5' title="bbox 242 689 645 743; baseline -0.002 0"><span class='ocrx_word' id='word_1_12' title='bbox 242 689 323 743; x_wconf 89' lang='lat' dir='ltr'><strong>de</strong></span> <span class='ocrx_word' id='word_1_13' title='bbox 359 690 645 743; x_wconf 82' lang='lat' dir='ltr'><strong>duodecim</strong></span> 
     </span>
    </p>
   </div>
   <div class='ocr_carea' id='block_1_6' title="bbox 241 760 684 830">
    <p class='ocr_par' dir='ltr' id='par_1_6' title="bbox 241 760 684 830">
     <span class='ocr_line' id='line_1_6' title="bbox 241 760 684 830; baseline 0.005 -17"><span class='ocrx_word' id='word_1_14' title='bbox 241 761 565 829; x_wconf 88' lang='lat' dir='ltr'><strong>discipulis.</strong></span> <span class='ocrx_word' id='word_1_15' title='bbox 595 760 684 830; x_wconf 88' lang='lat' dir='ltr'><strong>qui</strong></span> 
     </span>
    </p>
   </div>
   <div class='ocr_carea' id='block_1_7' title="bbox 238 831 713 887">
    <p class='ocr_par' dir='ltr' id='par_1_7' title="bbox 238 831 713 887">
     <span class='ocr_line' id='line_1_7' title="bbox 238 831 713 887; baseline 0.004 -2"><span class='ocrx_word' id='word_1_16' title='bbox 238 832 393 885; x_wconf 82' lang='lat' dir='ltr'><strong>dici.</strong></span> <span class='ocrx_word' id='word_1_17' title='bbox 441 872 454 883; x_wconf 93' lang='lat'><strong>.</strong></span> <span class='ocrx_word' id='word_1_18' title='bbox 503 872 513 881; x_wconf 90' lang='lat'><strong>.</strong></span> <span class='ocrx_word' id='word_1_19' title='bbox 550 831 713 887; x_wconf 81' lang='lat' dir='ltr'><strong>Judas</strong></span> 
     </span>
    </p>
   </div>
   <div class='ocr_carea' id='block_1_8' title="bbox 236 902 636 969">
    <p class='ocr_par' dir='ltr' id='par_1_8' title="bbox 236 902 636 969">
     <span class='ocr_line' id='line_1_8' title="bbox 236 902 636 969; baseline -0.008 -10"><span class='ocrx_word' id='word_1_20' title='bbox 236 902 547 969; x_wconf 81' lang='lat' dir='ltr'><strong>Scarioth,</strong></span> <span class='ocrx_word' id='word_1_21' title='bbox 572 902 636 957; x_wconf 87' lang='lat' dir='ltr'><strong>ad</strong></span> 
     </span>
    </p>
   </div>
   <div class='ocr_carea' id='block_1_9' title="bbox 243 976 746 1044">
    <p class='ocr_par' dir='ltr' id='par_1_9' title="bbox 243 976 746 1044">
     <span class='ocr_line' id='line_1_9' title="bbox 243 976 746 1044; baseline 0.002 -17"><span class='ocrx_word' id='word_1_22' title='bbox 243 976 380 1041; x_wconf 89' lang='lat' dir='ltr'><strong>pri.</strong></span> <span class='ocrx_word' id='word_1_23' title='bbox 426 1015 439 1027; x_wconf 92' lang='lat'><strong>.</strong></span> <span class='ocrx_word' id='word_1_24' title='bbox 486 1015 498 1027; x_wconf 91' lang='lat'><strong>.</strong></span> <span class='ocrx_word' id='word_1_25' title='bbox 541 988 634 1044; x_wconf 87' lang='lat' dir='ltr'><strong>pes</strong></span> <span class='ocrx_word' id='word_1_26' title='bbox 660 989 746 1028; x_wconf 89' lang='lat' dir='ltr'><strong>sa—</strong></span> 
     </span>
    </p>
   </div>
   <div class='ocr_carea' id='block_1_10' title="bbox 239 1045 908 1115">
    <p class='ocr_par' dir='ltr' id='par_1_10' title="bbox 239 1045 908 1115">
     <span class='ocr_line' id='line_1_10' title="bbox 239 1045 908 1115; baseline 0.003 -15"><span class='ocrx_word' id='word_1_27' title='bbox 239 1045 351 1100; x_wconf 77' lang='grc'><strong>15.</strong></span> <span class='ocrx_word' id='word_1_28' title='bbox 401 1060 451 1100; x_wconf 92' lang='lat' dir='ltr'><strong>c.</strong></span> <span class='ocrx_word' id='word_1_29' title='bbox 498 1084 512 1099; x_wconf 95' lang='lat'><strong>.</strong></span> <span class='ocrx_word' id='word_1_30' title='bbox 555 1085 568 1098; x_wconf 93' lang='lat'><strong>.</strong></span> <span class='ocrx_word' id='word_1_31' title='bbox 614 1083 627 1098; x_wconf 92' lang='lat'><strong>.</strong></span> <span class='ocrx_word' id='word_1_32' title='bbox 668 1052 908 1115; x_wconf 85' lang='lat' dir='ltr'><strong>tum,et</strong></span> 
     </span>
    </p>
   </div>
   <div class='ocr_carea' id='block_1_11' title="bbox 237 1116 784 1185">
    <p class='ocr_par' dir='ltr' id='par_1_11' title="bbox 237 1116 784 1185">
     <span class='ocr_line' id='line_1_11' title="bbox 237 1116 784 1185; baseline 0.005 -16"><span class='ocrx_word' id='word_1_33' title='bbox 237 1132 295 1169; x_wconf 88' lang='lat' dir='ltr'><strong>a.</strong></span> <span class='ocrx_word' id='word_1_34' title='bbox 365 1154 383 1169; x_wconf 94' lang='lat'><strong>.</strong></span> <span class='ocrx_word' id='word_1_35' title='bbox 427 1128 447 1171; x_wconf 88' lang='lat' dir='ltr'><strong>t</strong></span> <span class='ocrx_word' id='word_1_36' title='bbox 474 1116 577 1170; x_wconf 88' lang='lat' dir='ltr'><strong>illis</strong></span> <span class='ocrx_word' id='word_1_37' title='bbox 604 1158 616 1171; x_wconf 91' lang='lat'><strong>.</strong></span> <span class='ocrx_word' id='word_1_38' title='bbox 643 1116 784 1185; x_wconf 85' lang='lat' dir='ltr'><strong>Quid</strong></span> 
     </span>
    </p>
   </div>
   <div class='ocr_carea' id='block_1_12' title="bbox 233 1188 591 1241">
    <p class='ocr_par' dir='ltr' id='par_1_12' title="bbox 233 1188 591 1241">
     <span class='ocr_line' id='line_1_12' title="bbox 233 1188 591 1241; baseline 0.006 -2"><span class='ocrx_word' id='word_1_39' title='bbox 233 1188 433 1241; x_wconf 78' lang='lat' dir='ltr'><strong>vultis</strong></span> <span class='ocrx_word' id='word_1_40' title='bbox 466 1188 591 1241; x_wconf 92' lang='lat' dir='ltr'><strong>mihi</strong></span> 
     </span>
    </p>
   </div>
   <div class='ocr_carea' id='block_1_13' title="bbox 234 1260 637 1326">
    <p class='ocr_par' dir='ltr' id='par_1_13' title="bbox 234 1260 637 1326">
     <span class='ocr_line' id='line_1_13' title="bbox 234 1260 637 1326; baseline 0 -12"><span class='ocrx_word' id='word_1_41' title='bbox 234 1260 314 1315; x_wconf 82' lang='lat' dir='ltr'><strong>da</strong></span> <span class='ocrx_word' id='word_1_42' title='bbox 326 1275 401 1313; x_wconf 86' lang='lat' dir='ltr'><strong>re</strong></span> <span class='ocrx_word' id='word_1_43' title='bbox 418 1302 432 1320; x_wconf 86' lang='lat'><strong>,</strong></span> <span class='ocrx_word' id='word_1_44' title='bbox 458 1268 513 1312; x_wconf 90' lang='lat' dir='ltr'><strong>et</strong></span> <span class='ocrx_word' id='word_1_45' title='bbox 540 1274 637 1326; x_wconf 86' lang='lat' dir='ltr'><strong>ego</strong></span> 
     </span>
    </p>
   </div>
   <div class='ocr_carea' id='block_1_14' title="bbox 235 1330 605 1385">
    <p class='ocr_par' dir='ltr' id='par_1_14' title="bbox 235 1330 605 1385">
     <span class='ocr_line' id='line_1_14' title="bbox 235 1330 605 1385; baseline 0 -2"><span class='ocrx_word' id='word_1_46' title='bbox 235 1331 426 1385; x_wconf 86' lang='lat' dir='ltr'><strong>vobis</strong></span> <span class='ocrx_word' id='word_1_47' title='bbox 455 1330 605 1383; x_wconf 91' lang='lat' dir='ltr'><strong>illum</strong></span> 
     </span>
    </p>
   </div>
   <div class='ocr_carea' id='block_1_15' title="bbox 240 1399 725 1456">
    <p class='ocr_par' dir='ltr' id='par_1_15' title="bbox 240 1399 725 1456">
     <span class='ocr_line' id='line_1_15' title="bbox 240 1399 725 1456; baseline -0.002 0"><span class='ocrx_word' id='word_1_48' title='bbox 240 1404 482 1456; x_wconf 83' lang='lat' dir='ltr'><strong>tradam</strong></span> <span class='ocrx_word' id='word_1_49' title='bbox 507 1402 526 1453; x_wconf 85' lang='lat'><strong>?</strong></span> <span class='ocrx_word' id='word_1_50' title='bbox 553 1399 631 1455; x_wconf 74' lang='lat' dir='ltr'><strong>Ad</strong></span> <span class='ocrx_word' id='word_1_51' title='bbox 660 1399 725 1455; x_wconf 89' lang='lat' dir='ltr'><strong>il-</strong></span> 
     </span>
    </p>
   </div>
   <div class='ocr_carea' id='block_1_16' title="bbox 237 1474 641 1528">
    <p class='ocr_par' dir='ltr' id='par_1_16' title="bbox 237 1474 641 1528">
     <span class='ocr_line' id='line_1_16' title="bbox 237 1474 641 1528; baseline 0.002 -1"><span class='ocrx_word' id='word_1_52' title='bbox 237 1474 280 1527; x_wconf 83' lang='lat' dir='ltr'><strong>li</strong></span> <span class='ocrx_word' id='word_1_53' title='bbox 324 1482 641 1528; x_wconf 85' lang='lat' dir='ltr'><strong>statuerunt</strong></span> 
     </span>
    </p>
   </div>
   <div class='ocr_carea' id='block_1_17' title="bbox 235 1542 786 1615">
    <p class='ocr_par' dir='ltr' id='par_1_17' title="bbox 235 1542 786 1615">
     <span class='ocr_line' id='line_1_17' title="bbox 235 1542 786 1615; baseline -0.004 -17"><span class='ocrx_word' id='word_1_54' title='bbox 235 1545 336 1599; x_wconf 85' lang='lat' dir='ltr'><strong>illi</strong></span> <span class='ocrx_word' id='word_1_55' title='bbox 400 1560 528 1597; x_wconf 78' lang='lat' dir='ltr'><strong>xxx.</strong></span> <span class='ocrx_word' id='word_1_56' title='bbox 566 1542 639 1615; x_wconf 87' lang='lat' dir='ltr'><strong>(a)</strong></span> <span class='ocrx_word' id='word_1_57' title='bbox 675 1546 786 1596; x_wconf 71' lang='lat' dir='ltr'><strong>Sta—</strong></span> 
     </span>
    </p>
   </div>
   <div class='ocr_carea' id='block_1_18' title="bbox 236 1614 929 1685">
    <p class='ocr_par' dir='ltr' id='par_1_18' title="bbox 236 1614 929 1685">
     <span class='ocr_line' id='line_1_18' title="bbox 236 1614 929 1685; baseline 0 -16"><span class='ocrx_word' id='word_1_58' title='bbox 236 1615 352 1670; x_wconf 75' lang='grc'><strong>16.</strong></span> <span class='ocrx_word' id='word_1_59' title='bbox 404 1627 545 1669; x_wconf 87' lang='lat' dir='ltr'><strong>teres</strong></span> <span class='ocrx_word' id='word_1_60' title='bbox 569 1615 623 1685; x_wconf 73' lang='grc'><strong>-;·.</strong></span> <span class='ocrx_word' id='word_1_61' title='bbox 672 1614 742 1671; x_wconf 84' lang='lat' dir='ltr'><strong>Et</strong></span> <span class='ocrx_word' id='word_1_62' title='bbox 778 1614 929 1671; x_wconf 80' lang='lat' dir='ltr'><strong>exin-</strong></span> 
     </span>
    </p>
   </div>
   <div class='ocr_carea' id='block_1_19' title="bbox 235 1686 656 1756">
    <p class='ocr_par' dir='ltr' id='par_1_19' title="bbox 235 1686 656 1756">
     <span class='ocr_line' id='line_1_19' title="bbox 235 1686 656 1756; baseline 0 -16"><span class='ocrx_word' id='word_1_63' title='bbox 235 1688 321 1742; x_wconf 87' lang='lat' dir='ltr'><strong>de</strong></span> <span class='ocrx_word' id='word_1_64' title='bbox 360 1686 656 1756; x_wconf 85' lang='lat' dir='ltr'><strong>quaerebat</strong></span> 
     </span>
    </p>
   </div>
   <div class='ocr_carea' id='block_1_20' title="bbox 240 1758 597 1828">
    <p class='ocr_par' dir='ltr' id='par_1_20' title="bbox 240 1758 597 1828">
     <span class='ocr_line' id='line_1_20' title="bbox 240 1758 597 1828; baseline -0.003 -16"><span class='ocrx_word' id='word_1_65' title='bbox 240 1774 329 1828; x_wconf 83' lang='lat' dir='ltr'><strong>op</strong></span> <span class='ocrx_word' id='word_1_66' title='bbox 340 1758 597 1825; x_wconf 87' lang='lat' dir='ltr'><strong>portuni-</strong></span> 
     </span>
    </p>
   </div>
   <div class='ocr_carea' id='block_1_21' title="bbox 242 1838 676 1884">
    <p class='ocr_par' dir='ltr' id='par_1_21' title="bbox 242 1838 676 1884">
     <span class='ocr_line' id='line_1_21' title="bbox 242 1838 676 1884; baseline -0.005 0"><span class='ocrx_word' id='word_1_67' title='bbox 242 1841 303 1884; x_wconf 84' lang='lat' dir='ltr'><strong>ta</strong></span> <span class='ocrx_word' id='word_1_68' title='bbox 317 1840 440 1883; x_wconf 84' lang='lat' dir='ltr'><strong>tem</strong></span> <span class='ocrx_word' id='word_1_69' title='bbox 472 1838 530 1883; x_wconf 90' lang='lat' dir='ltr'><strong>ut</strong></span> <span class='ocrx_word' id='word_1_70' title='bbox 553 1843 676 1883; x_wconf 91' lang='lat' dir='ltr'><strong>eum</strong></span> 
     </span>
    </p>
   </div>
   <div class='ocr_carea' id='block_1_22' title="bbox 238 1900 532 1955">
    <p class='ocr_par' dir='ltr' id='par_1_22' title="bbox 238 1900 532 1955">
     <span class='ocr_line' id='line_1_22' title="bbox 238 1900 532 1955; baseline -0.007 0"><span class='ocrx_word' id='word_1_71' title='bbox 238 1900 532 1955; x_wconf 73' lang='lat' dir='ltr'><strong>traderet.</strong></span> 
     </span>
    </p>
   </div>
   <div class='ocr_carea' id='block_1_23' title="bbox 241 1971 792 2027">
    <p class='ocr_par' dir='ltr' id='par_1_23' title="bbox 241 1971 792 2027">
     <span class='ocr_line' id='line_1_23' title="bbox 241 1971 792 2027; baseline -0.005 0"><span class='ocrx_word' id='word_1_72' title='bbox 241 1973 352 2027; x_wconf 79' lang='grc'><strong>17.</strong></span> <span class='ocrx_word' id='word_1_73' title='bbox 405 1971 583 2025; x_wconf 88' lang='lat' dir='ltr'><strong>Prima</strong></span> <span class='ocrx_word' id='word_1_74' title='bbox 614 1980 792 2027; x_wconf 88' lang='lat' dir='ltr'><strong>autem</strong></span> 
     </span>
    </p>
   </div>
   <div class='ocr_carea' id='block_1_24' title="bbox 240 2045 607 2113">
    <p class='ocr_par' dir='ltr' id='par_1_24' title="bbox 240 2045 607 2113">
     <span class='ocr_line' id='line_1_24' title="bbox 240 2045 607 2113; baseline -0.008 -15"><span class='ocrx_word' id='word_1_75' title='bbox 240 2045 353 2098; x_wconf 83' lang='lat' dir='ltr'><strong>die</strong></span> <span class='ocrx_word' id='word_1_76' title='bbox 390 2058 607 2113; x_wconf 78' lang='lat' dir='ltr'><strong>azymo-</strong></span> 
     </span>
    </p>
   </div>
   <div class='ocr_carea' id='block_1_25' title="bbox 240 2129 603 2170">
    <p class='ocr_par' dir='ltr' id='par_1_25' title="bbox 240 2129 603 2170">
     <span class='ocr_line' id='line_1_25' title="bbox 240 2129 603 2170; baseline -0.008 0"><span class='ocrx_word' id='word_1_77' title='bbox 240 2132 317 2170; x_wconf 78' lang='grc' dir='ltr'><strong>ΐιι</strong></span> <span class='ocrx_word' id='word_1_78' title='bbox 328 2132 389 2167; x_wconf 89' lang='lat' dir='ltr'><strong>m</strong></span> <span class='ocrx_word' id='word_1_79' title='bbox 420 2129 603 2168; x_wconf 86' lang='lat' dir='ltr'><strong>acces-</strong></span> 
     </span>
    </p>
   </div>
   <div class='ocr_carea' id='block_1_26' title="bbox 242 2185 611 2241">
    <p class='ocr_par' dir='ltr' id='par_1_26' title="bbox 242 2185 611 2241">
     <span class='ocr_line' id='line_1_26' title="bbox 242 2185 611 2241; baseline -0.008 0"><span class='ocrx_word' id='word_1_80' title='bbox 242 2196 463 2241; x_wconf 82' lang='lat' dir='ltr'><strong>serunt</strong></span> <span class='ocrx_word' id='word_1_81' title='bbox 503 2185 611 2238; x_wconf 88' lang='lat' dir='ltr'><strong>dis-</strong></span> 
     </span>
    </p>
   </div>
   <div class='ocr_carea' id='block_1_27' title="bbox 243 2254 786 2325">
    <p class='ocr_par' dir='ltr' id='par_1_27' title="bbox 243 2254 786 2325">
     <span class='ocr_line' id='line_1_27' title="bbox 243 2254 786 2325; baseline -0.006 -14"><span class='ocrx_word' id='word_1_82' title='bbox 243 2257 433 2325; x_wconf 86' lang='lat' dir='ltr'><strong>cipuli</strong></span> <span class='ocrx_word' id='word_1_83' title='bbox 466 2255 533 2310; x_wconf 92' lang='lat' dir='ltr'><strong>ad</strong></span> <span class='ocrx_word' id='word_1_84' title='bbox 562 2254 746 2311; x_wconf 86' lang='lat' dir='ltr'><strong>Jesum</strong></span> <span class='ocrx_word' id='word_1_85' title='bbox 772 2296 786 2321; x_wconf 86' lang='lat'><strong>,</strong></span> 
     </span>
    </p>
   </div>
   <div class='ocr_carea' id='block_1_28' title="bbox 244 2329 562 2383">
    <p class='ocr_par' dir='ltr' id='par_1_28' title="bbox 244 2329 562 2383">
     <span class='ocr_line' id='line_1_28' title="bbox 244 2329 562 2383; baseline -0.016 0"><span class='ocrx_word' id='word_1_86' title='bbox 244 2329 523 2383; x_wconf 83' lang='lat' dir='ltr'><strong>dicentes</strong></span> <span class='ocrx_word' id='word_1_87' title='bbox 550 2347 562 2378; x_wconf 87' lang='lat'><strong>:</strong></span> 
     </span>
    </p>
   </div>
   <div class='ocr_carea' id='block_1_29' title="bbox 248 2398 681 2467">
    <p class='ocr_par' dir='ltr' id='par_1_29' title="bbox 248 2398 681 2467">
     <span class='ocr_line' id='line_1_29' title="bbox 248 2398 681 2467; baseline -0.007 -12"><span class='ocrx_word' id='word_1_88' title='bbox 248 2399 379 2455; x_wconf 85' lang='lat' dir='ltr'><strong>Ubi</strong></span> <span class='ocrx_word' id='word_1_89' title='bbox 408 2398 495 2452; x_wconf 86' lang='lat' dir='ltr'><strong>vis</strong></span> <span class='ocrx_word' id='word_1_90' title='bbox 527 2413 681 2467; x_wconf 90' lang='lat' dir='ltr'><strong>prae—</strong></span> 
     </span>
    </p>
   </div>
   <div class='ocr_carea' id='block_1_30' title="bbox 296 2472 669 2524">
    <p class='ocr_par' dir='ltr' id='par_1_30' title="bbox 296 2472 669 2524">
     <span class='ocr_line' id='line_1_30' title="bbox 296 2472 669 2524; baseline -0.003 -1"><span class='ocrx_word' id='word_1_91' title='bbox 296 2486 423 2524; x_wconf 82' lang='lat' dir='ltr'><strong>are.</strong></span> <span class='ocrx_word' id='word_1_92' title='bbox 461 2508 475 2522; x_wconf 96' lang='lat'><strong>.</strong></span> <span class='ocrx_word' id='word_1_93' title='bbox 524 2484 584 2523; x_wconf 92' lang='lat' dir='ltr'><strong>us</strong></span> <span class='ocrx_word' id='word_1_94' title='bbox 602 2472 669 2523; x_wconf 86' lang='lat' dir='ltr'><strong>ti-</strong></span> 
     </span>
    </p>
   </div>
   <div class='ocr_carea' id='block_1_31' title="bbox 296 2540 733 2595">
    <p class='ocr_par' dir='ltr' id='par_1_31' title="bbox 296 2540 733 2595">
     <span class='ocr_line' id='line_1_31' title="bbox 296 2540 733 2595; baseline -0.007 0"><span class='ocrx_word' id='word_1_95' title='bbox 296 2545 312 2595; x_wconf 88' lang='lat' dir='ltr'><strong>i</strong></span> <span class='ocrx_word' id='word_1_96' title='bbox 356 2540 660 2594; x_wconf 86' lang='lat' dir='ltr'><strong>manduca-</strong></span> <span class='ocrx_word' id='word_1_97' title='bbox 730 2576 733 2577; x_wconf 50' lang='grc' dir='ltr'><em>ν</em></span> 
     </span>
    </p>
   </div>
   <div class='ocr_carea' id='block_1_32' title="bbox 248 2611 626 2668">
    <p class='ocr_par' dir='ltr' id='par_1_32' title="bbox 248 2611 626 2668">
     <span class='ocr_line' id='line_1_32' title="bbox 248 2611 626 2668; baseline -0.013 0"><span class='ocrx_word' id='word_1_98' title='bbox 248 2630 323 2668; x_wconf 86' lang='lat' dir='ltr'><strong>re</strong></span> <span class='ocrx_word' id='word_1_99' title='bbox 358 2611 575 2666; x_wconf 78' lang='lat' dir='ltr'><strong>Pascha</strong></span> <span class='ocrx_word' id='word_1_100' title='bbox 603 2612 626 2663; x_wconf 69' lang='grc' dir='ltr'><strong>’ἲ</strong></span> 
     </span>
    </p>
   </div>
   <div class='ocr_carea' id='block_1_33' title="bbox 251 2678 935 2739">
    <p class='ocr_par' dir='ltr' id='par_1_33' title="bbox 251 2678 935 2739">
     <span class='ocr_line' id='line_1_33' title="bbox 251 2678 935 2739; baseline -0.004 0"><span class='ocrx_word' id='word_1_101' title='bbox 251 2684 367 2739; x_wconf 73' lang='grc'><strong>18.</strong></span> <span class='ocrx_word' id='word_1_102' title='bbox 412 2682 573 2737; x_wconf 82' lang='lat' dir='ltr'><strong>Jesus</strong></span> <span class='ocrx_word' id='word_1_103' title='bbox 593 2691 770 2736; x_wconf 88' lang='lat' dir='ltr'><strong>autem</strong></span> <span class='ocrx_word' id='word_1_104' title='bbox 800 2678 935 2736; x_wconf 83' lang='lat' dir='ltr'><strong>dixit</strong></span> 
     </span>
    </p>
   </div>
   <div class='ocr_carea' id='block_1_34' title="bbox 248 2754 692 2809">
    <p class='ocr_par' dir='ltr' id='par_1_34' title="bbox 248 2754 692 2809">
     <span class='ocr_line' id='line_1_34' title="bbox 248 2754 692 2809; baseline -0.007 0"><span class='ocrx_word' id='word_1_105' title='bbox 248 2757 351 2809; x_wconf 82' lang='lat' dir='ltr'><strong>eis</strong></span> <span class='ocrx_word' id='word_1_106' title='bbox 389 2772 402 2806; x_wconf 93' lang='lat'><strong>:</strong></span> <span class='ocrx_word' id='word_1_107' title='bbox 428 2754 509 2808; x_wconf 87' lang='lat' dir='ltr'><strong>lle</strong></span> <span class='ocrx_word' id='word_1_108' title='bbox 537 2755 588 2807; x_wconf 90' lang='lat' dir='ltr'><strong>in</strong></span> <span class='ocrx_word' id='word_1_109' title='bbox 618 2754 692 2808; x_wconf 88' lang='lat' dir='ltr'><strong>ci-</strong></span> 
     </span>
    </p>
   </div>
   <div class='ocr_carea' id='block_1_35' title="bbox 251 2827 793 2894">
    <p class='ocr_par' dir='ltr' id='par_1_35' title="bbox 251 2827 793 2894">
     <span class='ocr_line' id='line_1_35' title="bbox 251 2827 793 2894; baseline -0.002 -15"><span class='ocrx_word' id='word_1_110' title='bbox 251 2827 448 2880; x_wconf 77' lang='lat' dir='ltr'><strong>vitate</strong></span> <span class='ocrx_word' id='word_1_111' title='bbox 472 2866 486 2887; x_wconf 91' lang='lat'><strong>,</strong></span> <span class='ocrx_word' id='word_1_112' title='bbox 512 2827 576 2878; x_wconf 87' lang='lat' dir='ltr'><strong>ad</strong></span> <span class='ocrx_word' id='word_1_113' title='bbox 605 2838 793 2894; x_wconf 89' lang='lat' dir='ltr'><strong>quem-</strong></span> 
     </span>
    </p>
   </div>
   <div class='ocr_carea' id='block_1_36' title="bbox 249 2896 673 2961">
    <p class='ocr_par' dir='ltr' id='par_1_36' title="bbox 249 2896 673 2961">
     <span class='ocr_line' id='line_1_36' title="bbox 249 2896 673 2961; baseline -0.005 -9"><span class='ocrx_word' id='word_1_114' title='bbox 249 2898 400 2952; x_wconf 85' lang='lat' dir='ltr'><strong>dam</strong></span> <span class='ocrx_word' id='word_1_115' title='bbox 416 2939 432 2961; x_wconf 89' lang='lat'><strong>,</strong></span> <span class='ocrx_word' id='word_1_116' title='bbox 462 2905 519 2951; x_wconf 90' lang='lat' dir='ltr'><strong>et</strong></span> <span class='ocrx_word' id='word_1_117' title='bbox 547 2896 673 2950; x_wconf 88' lang='lat' dir='ltr'><strong>dici-</strong></span> 
     </span>
    </p>
   </div>
   <div class='ocr_carea' id='block_1_37' title="bbox 237 2966 671 3036">
    <p class='ocr_par' dir='ltr' id='par_1_37' title="bbox 237 2966 671 3036">
     <span class='ocr_line' id='line_1_37' title="bbox 237 2966 671 3036; baseline -0.012 -12"><span class='ocrx_word' id='word_1_118' title='bbox 237 2978 319 3031; x_wconf 70' lang='lat' dir='ltr'><strong>,te</strong></span> <span class='ocrx_word' id='word_1_119' title='bbox 359 2970 409 3021; x_wconf 89' lang='lat' dir='ltr'><strong>ei</strong></span> <span class='ocrx_word' id='word_1_120' title='bbox 442 2966 671 3036; x_wconf 78' lang='lat' dir='ltr'><strong>:Magis-</strong></span> 
     </span>
    </p>
   </div>
   <div class='ocr_carea' id='block_1_38' title="bbox 256 3039 756 3094">
    <p class='ocr_par' dir='ltr' id='par_1_38' title="bbox 256 3039 756 3094">
     <span class='ocr_line' id='line_1_38' title="bbox 256 3039 756 3094; baseline -0.002 0"><span class='ocrx_word' id='word_1_121' title='bbox 256 3052 365 3094; x_wconf 86' lang='lat' dir='ltr'><strong>ter</strong></span> <span class='ocrx_word' id='word_1_122' title='bbox 386 3039 517 3091; x_wconf 92' lang='lat' dir='ltr'><strong>dicit</strong></span> <span class='ocrx_word' id='word_1_123' title='bbox 553 3057 564 3091; x_wconf 85' lang='lat'>:</span> <span class='ocrx_word' id='word_1_124' title='bbox 595 3039 756 3093; x_wconf 85' lang='lat' dir='ltr'><strong>Tem-</strong></span> 
     </span>
    </p>
   </div>
   <div class='ocr_carea' id='block_1_39' title="bbox 252 3125 580 3182">
    <p class='ocr_par' dir='ltr' id='par_1_39' title="bbox 252 3125 580 3182">
     <span class='ocr_line' id='line_1_39' title="bbox 252 3125 580 3182; baseline 0 -19"><span class='ocrx_word' id='word_1_125' title='bbox 252 3125 379 3182; x_wconf 86' lang='lat' dir='ltr'><strong>pus</strong></span> <span class='ocrx_word' id='word_1_126' title='bbox 402 3125 580 3164; x_wconf 89' lang='lat' dir='ltr'><strong>meum</strong></span> 
     </span>
    </p>
   </div>
   <div class='ocr_carea' id='block_1_40' title="bbox 252 3192 732 3253">
    <p class='ocr_par' dir='ltr' id='par_1_40' title="bbox 252 3192 732 3253">
     <span class='ocr_line' id='line_1_40' title="bbox 252 3192 732 3253; baseline 0.002 -18"><span class='ocrx_word' id='word_1_127' title='bbox 252 3192 573 3253; x_wconf 80' lang='lat' dir='ltr'><strong>propeest,</strong></span> <span class='ocrx_word' id='word_1_128' title='bbox 600 3194 732 3253; x_wconf 83' lang='lat' dir='ltr'><strong>aput</strong></span> 
     </span>
    </p>
   </div>
   <div class='ocr_carea' id='block_1_41' title="bbox 257 3251 734 3309">
    <p class='ocr_par' dir='ltr' id='par_1_41' title="bbox 257 3251 734 3309">
     <span class='ocr_line' id='line_1_41' title="bbox 257 3251 734 3309; baseline -0.004 -2"><span class='ocrx_word' id='word_1_129' title='bbox 257 3265 325 3308; x_wconf 87' lang='lat' dir='ltr'><strong>te</strong></span> <span class='ocrx_word' id='word_1_130' title='bbox 359 3251 501 3306; x_wconf 79' lang='lat' dir='ltr'><strong>facio</strong></span> <span class='ocrx_word' id='word_1_131' title='bbox 533 3251 734 3309; x_wconf 79' lang='lat' dir='ltr'><strong>Pascha</strong></span> 
     </span>
    </p>
   </div>
   <div class='ocr_carea' id='block_1_42' title="bbox 260 3322 594 3380">
    <p class='ocr_par' dir='ltr' id='par_1_42' title="bbox 260 3322 594 3380">
     <span class='ocr_line' id='line_1_42' title="bbox 260 3322 594 3380; baseline -0.006 0"><span class='ocrx_word' id='word_1_132' title='bbox 260 3339 405 3380; x_wconf 83' lang='lat' dir='ltr'><strong>Cum</strong></span> <span class='ocrx_word' id='word_1_133' title='bbox 428 3322 594 3378; x_wconf 85' lang='lat' dir='ltr'><strong>disci-</strong></span> 
     </span>
    </p>
   </div>
   <div class='ocr_carea' id='block_1_43' title="bbox 260 3394 833 3463">
    <p class='ocr_par' dir='ltr' id='par_1_43' title="bbox 260 3394 833 3463">
     <span class='ocr_line' id='line_1_43' title="bbox 260 3394 833 3463; baseline 0 -13"><span class='ocrx_word' id='word_1_134' title='bbox 260 3395 369 3450; x_wconf 74' lang='grc'><strong>19.</strong></span> <span class='ocrx_word' id='word_1_135' title='bbox 413 3394 549 3463; x_wconf 86' lang='lat' dir='ltr'><strong>polis</strong></span> <span class='ocrx_word' id='word_1_136' title='bbox 576 3394 732 3451; x_wconf 85' lang='lat' dir='ltr'><strong>meis.</strong></span> <span class='ocrx_word' id='word_1_137' title='bbox 767 3394 833 3450; x_wconf 88' lang='lat' dir='ltr'><strong>Et</strong></span> 
     </span>
    </p>
   </div>
   <div class='ocr_carea' id='block_1_44' title="bbox 259 3469 529 3521">
    <p class='ocr_par' dir='ltr' id='par_1_44' title="bbox 259 3469 529 3521">
     <span class='ocr_line' id='line_1_44' title="bbox 259 3469 529 3521; baseline -0.011 0"><span class='ocrx_word' id='word_1_138' title='bbox 259 3469 529 3521; x_wconf 79' lang='lat' dir='ltr'><strong>fecerunt</strong></span> 
     </span>
    </p>
   </div>
   <div class='ocr_carea' id='block_1_45' title="bbox 255 3538 630 3607">
    <p class='ocr_par' dir='ltr' id='par_1_45' title="bbox 255 3538 630 3607">
     <span class='ocr_line' id='line_1_45' title="bbox 255 3538 630 3607; baseline -0.003 -14"><span class='ocrx_word' id='word_1_139' title='bbox 255 3538 531 3607; x_wconf 87' lang='lat' dir='ltr'><strong>discipuli</strong></span> <span class='ocrx_word' id='word_1_140' title='bbox 556 3538 630 3592; x_wconf 87' lang='lat' dir='ltr'><strong>si-</strong></span> 
     </span>
    </p>
   </div>
   <div class='ocr_carea' id='block_1_46' title="bbox 257 3618 663 3678">
    <p class='ocr_par' dir='ltr' id='par_1_46' title="bbox 257 3618 663 3678">
     <span class='ocr_line' id='line_1_46' title="bbox 257 3618 663 3678; baseline -0.012 -11"><span class='ocrx_word' id='word_1_141' title='bbox 257 3618 369 3667; x_wconf 88' lang='lat' dir='ltr'><strong>cut</strong></span> <span class='ocrx_word' id='word_1_142' title='bbox 392 3624 541 3678; x_wconf 83' lang='lat' dir='ltr'><strong>prae.</strong></span> <span class='ocrx_word' id='word_1_143' title='bbox 590 3646 605 3662; x_wconf 94' lang='lat'><strong>.</strong></span> <span class='ocrx_word' id='word_1_144' title='bbox 648 3650 663 3662; x_wconf 92' lang='lat'><strong>.</strong></span> 
     </span>
    </p>
   </div>
   <div class='ocr_carea' id='block_1_47' title="bbox 1223 287 2551 349">
    <p class='ocr_par' dir='ltr' id='par_1_47' title="bbox 1223 287 2551 349">
     <span class='ocr_line' id='line_1_47' title="bbox 1223 287 2551 349; baseline -0.002 -2"><span class='ocrx_word' id='word_1_145' title='bbox 1223 290 1674 349; x_wconf 71' lang='lat' dir='ltr'><strong>EVANGELIUM</strong></span> <span class='ocrx_word' id='word_1_146' title='bbox 1710 287 2077 349; x_wconf 77' lang='lat' dir='ltr'><strong>SECUNDUM</strong></span> <span class='ocrx_word' id='word_1_147' title='bbox 2116 288 2551 347; x_wconf 65' lang='lat' dir='ltr'><strong>MATTH/EUM.</strong></span> 
     </span>
    </p>
   </div>
   <div class='ocr_carea' id='block_1_48' title="bbox 664 381 1468 444">
    <p class='ocr_par' dir='ltr' id='par_1_48' title="bbox 664 381 1468 444">
     <span class='ocr_line' id='line_1_48' title="bbox 664 381 1468 444; baseline 0 -4"><span class='ocrx_word' id='word_1_148' title='bbox 664 381 892 440; x_wconf 78' lang='lat' dir='ltr'><strong>CODEX</strong></span> <span class='ocrx_word' id='word_1_149' title='bbox 928 382 1468 444; x_wconf 76' lang='lat' dir='ltr'><strong>VERCELLENSIS.</strong></span> 
     </span>
    </p>
   </div>
   <div class='ocr_carea' id='block_1_49' title="bbox 1102 480 1536 549">
    <p class='ocr_par' dir='ltr' id='par_1_49' title="bbox 1102 480 1536 549">
     <span class='ocr_line' id='line_1_49' title="bbox 1102 480 1536 549; baseline 0.009 -18"><span class='ocrx_word' id='word_1_150' title='bbox 1102 488 1255 549; x_wconf 89' lang='lat' dir='ltr'><strong>perat</strong></span> <span class='ocrx_word' id='word_1_151' title='bbox 1280 480 1351 533; x_wconf 91' lang='lat' dir='ltr'><strong>ci.</strong></span> <span class='ocrx_word' id='word_1_152' title='bbox 1399 520 1413 533; x_wconf 94' lang='lat'><strong>.</strong></span> <span class='ocrx_word' id='word_1_153' title='bbox 1460 521 1473 535; x_wconf 93' lang='lat'><strong>.</strong></span> <span class='ocrx_word' id='word_1_154' title='bbox 1521 520 1536 534; x_wconf 93' lang='lat'><strong>.</strong></span> 
     </span>
    </p>
   </div>
   <div class='ocr_carea' id='block_1_50' title="bbox 1103 560 1413 620">
    <p class='ocr_par' dir='ltr' id='par_1_50' title="bbox 1103 560 1413 620">
     <span class='ocr_line' id='line_1_50' title="bbox 1103 560 1413 620; baseline 0.003 -15"><span class='ocrx_word' id='word_1_155' title='bbox 1103 560 1157 605; x_wconf 88' lang='lat' dir='ltr'><strong>et</strong></span> <span class='ocrx_word' id='word_1_156' title='bbox 1183 566 1413 620; x_wconf 86' lang='lat' dir='ltr'><strong>parave-</strong></span> 
     </span>
    </p>
   </div>
   <div class='ocr_carea' id='block_1_51' title="bbox 1102 622 1481 677">
    <p class='ocr_par' dir='ltr' id='par_1_51' title="bbox 1102 622 1481 677">
     <span class='ocr_line' id='line_1_51' title="bbox 1102 622 1481 677; baseline 0.005 -1"><span class='ocrx_word' id='word_1_157' title='bbox 1102 631 1228 676; x_wconf 89' lang='lat' dir='ltr'><strong>runt</strong></span> <span class='ocrx_word' id='word_1_158' title='bbox 1255 622 1481 677; x_wconf 85' lang='lat' dir='ltr'><strong>Pascha.</strong></span> 
     </span>
    </p>
   </div>
   <div class='ocr_carea' id='block_1_52' title="bbox 1102 692 1679 764">
    <p class='ocr_par' dir='ltr' id='par_1_52' title="bbox 1102 692 1679 764">
     <span class='ocr_line' id='line_1_52' title="bbox 1102 692 1679 764; baseline 0.003 -18"><span class='ocrx_word' id='word_1_159' title='bbox 1102 692 1194 747; x_wconf 72' lang='lat'><strong>20.</strong></span> <span class='ocrx_word' id='word_1_160' title='bbox 1234 693 1478 764; x_wconf 83' lang='lat' dir='ltr'><strong>Cumque</strong></span> <span class='ocrx_word' id='word_1_161' title='bbox 1506 710 1618 751; x_wconf 78' lang='lat' dir='ltr'><strong>ser.</strong></span> <span class='ocrx_word' id='word_1_162' title='bbox 1666 735 1679 748; x_wconf 93' lang='lat'><strong>.</strong></span> 
     </span>
    </p>
   </div>
   <div class='ocr_carea' id='block_1_53' title="bbox 1106 764 1520 832">
    <p class='ocr_par' dir='ltr' id='par_1_53' title="bbox 1106 764 1520 832">
     <span class='ocr_line' id='line_1_53' title="bbox 1106 764 1520 832; baseline 0.01 -14"><span class='ocrx_word' id='word_1_163' title='bbox 1106 775 1250 819; x_wconf 91' lang='lat' dir='ltr'><strong>esset</strong></span> <span class='ocrx_word' id='word_1_164' title='bbox 1281 764 1479 821; x_wconf 81' lang='lat' dir='ltr'><strong>factum</strong></span> <span class='ocrx_word' id='word_1_165' title='bbox 1506 807 1520 832; x_wconf 88' lang='lat'><strong>,</strong></span> 
     </span>
    </p>
   </div>
   <div class='ocr_carea' id='block_1_54' title="bbox 1106 836 1379 892">
    <p class='ocr_par' dir='ltr' id='par_1_54' title="bbox 1106 836 1379 892">
     <span class='ocr_line' id='line_1_54' title="bbox 1106 836 1379 892; baseline 0.011 -3"><span class='ocrx_word' id='word_1_166' title='bbox 1106 836 1379 892; x_wconf 83' lang='lat' dir='ltr'><strong>discubuit</strong></span> 
     </span>
    </p>
   </div>
   <div class='ocr_carea' id='block_1_55' title="bbox 1107 907 1465 964">
    <p class='ocr_par' dir='ltr' id='par_1_55' title="bbox 1107 907 1465 964">
     <span class='ocr_line' id='line_1_55' title="bbox 1107 907 1465 964; baseline 0.011 -3"><span class='ocrx_word' id='word_1_167' title='bbox 1107 920 1227 961; x_wconf 92' lang='lat' dir='ltr'><strong>cum</strong></span> <span class='ocrx_word' id='word_1_168' title='bbox 1260 907 1465 964; x_wconf 86' lang='lat' dir='ltr'><strong>duode-</strong></span> 
     </span>
    </p>
   </div>
   <div class='ocr_carea' id='block_1_56' title="bbox 1108 977 1396 1034">
    <p class='ocr_par' dir='ltr' id='par_1_56' title="bbox 1108 977 1396 1034">
     <span class='ocr_line' id='line_1_56' title="bbox 1108 977 1396 1034; baseline 0.007 -2"><span class='ocrx_word' id='word_1_169' title='bbox 1108 979 1209 1032; x_wconf 89' lang='lat' dir='ltr'><strong>cim</strong></span> <span class='ocrx_word' id='word_1_170' title='bbox 1234 977 1396 1034; x_wconf 91' lang='lat' dir='ltr'><strong>disci—</strong></span> 
     </span>
    </p>
   </div>
   <div class='ocr_carea' id='block_1_57' title="bbox 1108 1048 1650 1117">
    <p class='ocr_par' dir='ltr' id='par_1_57' title="bbox 1108 1048 1650 1117">
     <span class='ocr_line' id='line_1_57' title="bbox 1108 1048 1650 1117; baseline 0.006 -15"><span class='ocrx_word' id='word_1_171' title='bbox 1108 1048 1199 1103; x_wconf 77' lang='grc'><strong>21.</strong></span> <span class='ocrx_word' id='word_1_172' title='bbox 1241 1052 1378 1117; x_wconf 91' lang='lat' dir='ltr'><strong>pulis</strong></span> <span class='ocrx_word' id='word_1_173' title='bbox 1409 1052 1542 1107; x_wconf 89' lang='lat' dir='ltr'><strong>suis.</strong></span> <span class='ocrx_word' id='word_1_174' title='bbox 1584 1050 1650 1106; x_wconf 89' lang='lat' dir='ltr'><strong>Et</strong></span> 
     </span>
    </p>
   </div>
   <div class='ocr_carea' id='block_1_58' title="bbox 1110 1122 1438 1176">
    <p class='ocr_par' dir='ltr' id='par_1_58' title="bbox 1110 1122 1438 1176">
     <span class='ocr_line' id='line_1_58' title="bbox 1110 1122 1438 1176; baseline 0.006 -3"><span class='ocrx_word' id='word_1_175' title='bbox 1110 1122 1438 1176; x_wconf 84' lang='lat' dir='ltr'><strong>inanducan-</strong></span> 
     </span>
    </p>
   </div>
   <div class='ocr_carea' id='block_1_59' title="bbox 1110 1192 1500 1256">
    <p class='ocr_par' dir='ltr' id='par_1_59' title="bbox 1110 1192 1500 1256">
     <span class='ocr_line' id='line_1_59' title="bbox 1110 1192 1500 1256; baseline 0.005 -11"><span class='ocrx_word' id='word_1_176' title='bbox 1110 1192 1251 1247; x_wconf 86' lang='lat' dir='ltr'><strong>tibus</strong></span> <span class='ocrx_word' id='word_1_177' title='bbox 1277 1193 1384 1256; x_wconf 84' lang='lat' dir='ltr'><strong>eis,</strong></span> <span class='ocrx_word' id='word_1_178' title='bbox 1415 1192 1500 1247; x_wconf 90' lang='lat' dir='ltr'><strong>di-</strong></span> 
     </span>
    </p>
   </div>
   <div class='ocr_carea' id='block_1_60' title="bbox 1108 1262 1550 1319">
    <p class='ocr_par' dir='ltr' id='par_1_60' title="bbox 1108 1262 1550 1319">
     <span class='ocr_line' id='line_1_60' title="bbox 1108 1262 1550 1319; baseline 0.009 -4"><span class='ocrx_word' id='word_1_179' title='bbox 1108 1262 1187 1316; x_wconf 82' lang='lat' dir='ltr'><strong>xit</strong></span> <span class='ocrx_word' id='word_1_180' title='bbox 1218 1279 1235 1316; x_wconf 93' lang='lat'><strong><em>:</em></strong></span> <span class='ocrx_word' id='word_1_181' title='bbox 1264 1263 1434 1318; x_wconf 89' lang='lat' dir='ltr'><strong>Amen</strong></span> <span class='ocrx_word' id='word_1_182' title='bbox 1465 1264 1550 1319; x_wconf 87' lang='lat' dir='ltr'><strong>di-</strong></span> 
     </span>
    </p>
   </div>
   <div class='ocr_carea' id='block_1_61' title="bbox 1107 1332 1543 1405">
    <p class='ocr_par' dir='ltr' id='par_1_61' title="bbox 1107 1332 1543 1405">
     <span class='ocr_line' id='line_1_61' title="bbox 1107 1332 1543 1405; baseline 0.005 -17"><span class='ocrx_word' id='word_1_183' title='bbox 1107 1348 1172 1388; x_wconf 89' lang='lat' dir='ltr'><strong>co</strong></span> <span class='ocrx_word' id='word_1_184' title='bbox 1200 1336 1350 1389; x_wconf 84' lang='lat' dir='ltr'><strong>vobis</strong></span> <span class='ocrx_word' id='word_1_185' title='bbox 1375 1376 1390 1401; x_wconf 91' lang='lat'><strong>,</strong></span> <span class='ocrx_word' id='word_1_186' title='bbox 1416 1332 1543 1405; x_wconf 88' lang='lat' dir='ltr'><strong>quia</strong></span> 
     </span>
    </p>
   </div>
   <div class='ocr_carea' id='block_1_62' title="bbox 1108 1421 1459 1460">
    <p class='ocr_par' dir='ltr' id='par_1_62' title="bbox 1108 1421 1459 1460">
     <span class='ocr_line' id='line_1_62' title="bbox 1108 1421 1459 1460; baseline -0.003 -1"><span class='ocrx_word' id='word_1_187' title='bbox 1108 1421 1246 1459; x_wconf 84' lang='lat' dir='ltr'><strong>lanS</strong></span> <span class='ocrx_word' id='word_1_188' title='bbox 1277 1421 1341 1460; x_wconf 77' lang='lat' dir='ltr'><strong>CX</strong></span> <span class='ocrx_word' id='word_1_189' title='bbox 1366 1421 1459 1458; x_wconf 81' lang='lat' dir='ltr'><strong>VU-</strong></span> 
     </span>
    </p>
   </div>
   <div class='ocr_carea' id='block_1_63' title="bbox 1108 1476 1527 1531">
    <p class='ocr_par' dir='ltr' id='par_1_63' title="bbox 1108 1476 1527 1531">
     <span class='ocr_line' id='line_1_63' title="bbox 1108 1476 1527 1531; baseline 0 -1"><span class='ocrx_word' id='word_1_190' title='bbox 1108 1476 1191 1531; x_wconf 89' lang='lat' dir='ltr'><strong>bis</strong></span> <span class='ocrx_word' id='word_1_191' title='bbox 1214 1476 1393 1530; x_wconf 82' lang='lat' dir='ltr'><strong>tradet</strong></span> <span class='ocrx_word' id='word_1_192' title='bbox 1423 1492 1527 1530; x_wconf 91' lang='lat' dir='ltr'><strong>me.</strong></span> 
     </span>
    </p>
   </div>
   <div class='ocr_carea' id='block_1_64' title="bbox 1107 1546 1620 1605">
    <p class='ocr_par' dir='ltr' id='par_1_64' title="bbox 1107 1546 1620 1605">
     <span class='ocr_line' id='line_1_64' title="bbox 1107 1546 1620 1605; baseline 0.012 -5"><span class='ocrx_word' id='word_1_193' title='bbox 1107 1546 1198 1601; x_wconf 71' lang='lat'><strong>92.</strong></span> <span class='ocrx_word' id='word_1_194' title='bbox 1243 1548 1311 1601; x_wconf 86' lang='lat' dir='ltr'><strong>Et</strong></span> <span class='ocrx_word' id='word_1_195' title='bbox 1331 1548 1620 1605; x_wconf 88' lang='lat' dir='ltr'><strong>vehemen-</strong></span> 
     </span>
    </p>
   </div>
   <div class='ocr_carea' id='block_1_65' title="bbox 1108 1620 1451 1673">
    <p class='ocr_par' dir='ltr' id='par_1_65' title="bbox 1108 1620 1451 1673">
     <span class='ocr_line' id='line_1_65' title="bbox 1108 1620 1451 1673; baseline 0 0"><span class='ocrx_word' id='word_1_196' title='bbox 1108 1628 1191 1673; x_wconf 85' lang='lat' dir='ltr'><strong>ter</strong></span> <span class='ocrx_word' id='word_1_197' title='bbox 1217 1620 1451 1673; x_wconf 90' lang='lat' dir='ltr'><strong>contris-</strong></span> 
     </span>
    </p>
   </div>
   <div class='ocr_carea' id='block_1_66' title="bbox 1110 1691 1495 1761">
    <p class='ocr_par' dir='ltr' id='par_1_66' title="bbox 1110 1691 1495 1761">
     <span class='ocr_line' id='line_1_66' title="bbox 1110 1691 1495 1761; baseline 0.003 -17"><span class='ocrx_word' id='word_1_198' title='bbox 1110 1691 1241 1744; x_wconf 90' lang='lat' dir='ltr'><strong>tatis</strong></span> <span class='ocrx_word' id='word_1_199' title='bbox 1258 1731 1273 1756; x_wconf 95' lang='lat'><strong>,</strong></span> <span class='ocrx_word' id='word_1_200' title='bbox 1300 1704 1495 1761; x_wconf 91' lang='lat' dir='ltr'><strong>coepe-</strong></span> 
     </span>
    </p>
   </div>
   <div class='ocr_carea' id='block_1_67' title="bbox 1113 1761 1451 1816">
    <p class='ocr_par' dir='ltr' id='par_1_67' title="bbox 1113 1761 1451 1816">
     <span class='ocr_line' id='line_1_67' title="bbox 1113 1761 1451 1816; baseline 0.003 -1"><span class='ocrx_word' id='word_1_201' title='bbox 1113 1768 1239 1815; x_wconf 88' lang='lat' dir='ltr'><strong>runt</strong></span> <span class='ocrx_word' id='word_1_202' title='bbox 1269 1761 1451 1816; x_wconf 80' lang='lat' dir='ltr'><strong>dicere</strong></span> 
     </span>
    </p>
   </div>
   <div class='ocr_carea' id='block_1_68' title="bbox 1113 1833 1547 1902">
    <p class='ocr_par' dir='ltr' id='par_1_68' title="bbox 1113 1833 1547 1902">
     <span class='ocr_line' id='line_1_68' title="bbox 1113 1833 1547 1902; baseline -0.002 -15"><span class='ocrx_word' id='word_1_203' title='bbox 1113 1833 1309 1902; x_wconf 79' lang='lat' dir='ltr'><strong>singuli</strong></span> <span class='ocrx_word' id='word_1_204' title='bbox 1343 1851 1355 1885; x_wconf 92' lang='lat'>:</span> <span class='ocrx_word' id='word_1_205' title='bbox 1384 1833 1547 1886; x_wconf 84' lang='lat' dir='ltr'><strong>Num-</strong></span> 
     </span>
    </p>
   </div>
   <div class='ocr_carea' id='block_1_69' title="bbox 1112 1904 1512 1974">
    <p class='ocr_par' dir='ltr' id='par_1_69' title="bbox 1112 1904 1512 1974">
     <span class='ocr_line' id='line_1_69' title="bbox 1112 1904 1512 1974; baseline 0.003 -18"><span class='ocrx_word' id='word_1_206' title='bbox 1112 1904 1240 1973; x_wconf 90' lang='lat' dir='ltr'><strong>quid</strong></span> <span class='ocrx_word' id='word_1_207' title='bbox 1272 1919 1372 1974; x_wconf 86' lang='lat' dir='ltr'><strong>ego</strong></span> <span class='ocrx_word' id='word_1_208' title='bbox 1395 1920 1512 1957; x_wconf 89' lang='lat' dir='ltr'><strong>sum</strong></span> 
     </span>
    </p>
   </div>
   <div class='ocr_carea' id='block_1_70' title="bbox 1110 1974 1739 2041">
    <p class='ocr_par' dir='ltr' id='par_1_70' title="bbox 1110 1974 1739 2041">
     <span class='ocr_line' id='line_1_70' title="bbox 1110 1974 1739 2041; baseline 0.002 -12"><span class='ocrx_word' id='word_1_209' title='bbox 1110 1975 1201 2029; x_wconf 70' lang='lat'><strong>2&#39;5.</strong></span> <span class='ocrx_word' id='word_1_210' title='bbox 1247 1975 1469 2030; x_wconf 87' lang='lat' dir='ltr'><strong>Domine</strong></span> <span class='ocrx_word' id='word_1_211' title='bbox 1491 1978 1513 2027; x_wconf 80' lang='lat'><strong>‘!</strong></span> <span class='ocrx_word' id='word_1_212' title='bbox 1534 1974 1739 2041; x_wconf 84' lang='lat' dir='ltr'><strong>Quibus</strong></span> 
     </span>
    </p>
   </div>
   <div class='ocr_carea' id='block_1_71' title="bbox 1110 2046 1448 2114">
    <p class='ocr_par' dir='ltr' id='par_1_71' title="bbox 1110 2046 1448 2114">
     <span class='ocr_line' id='line_1_71' title="bbox 1110 2046 1448 2114; baseline -0.006 -13"><span class='ocrx_word' id='word_1_213' title='bbox 1110 2046 1448 2114; x_wconf 87' lang='lat' dir='ltr'><strong>respondens</strong></span> 
     </span>
    </p>
   </div>
   <div class='ocr_carea' id='block_1_72' title="bbox 1111 2116 1662 2184">
    <p class='ocr_par' dir='ltr' id='par_1_72' title="bbox 1111 2116 1662 2184">
     <span class='ocr_line' id='line_1_72' title="bbox 1111 2116 1662 2184; baseline -0.002 -11"><span class='ocrx_word' id='word_1_214' title='bbox 1111 2117 1270 2173; x_wconf 82' lang='lat' dir='ltr'><strong>Jesus</strong></span> <span class='ocrx_word' id='word_1_215' title='bbox 1298 2158 1312 2181; x_wconf 88' lang='lat'><strong>,</strong></span> <span class='ocrx_word' id='word_1_216' title='bbox 1352 2116 1525 2184; x_wconf 77' lang='lat' dir='ltr'><strong>dixit,</strong></span> <span class='ocrx_word' id='word_1_217' title='bbox 1560 2117 1662 2184; x_wconf 85' lang='lat' dir='ltr'><strong>Qui</strong></span> 
     </span>
    </p>
   </div>
   <div class='ocr_carea' id='block_1_73' title="bbox 1113 2189 1468 2257">
    <p class='ocr_par' dir='ltr' id='par_1_73' title="bbox 1113 2189 1468 2257">
     <span class='ocr_line' id='line_1_73' title="bbox 1113 2189 1468 2257; baseline -0.003 -14"><span class='ocrx_word' id='word_1_218' title='bbox 1113 2189 1329 2257; x_wconf 84' lang='lat' dir='ltr'><strong>itttiugit</strong></span> <span class='ocrx_word' id='word_1_219' title='bbox 1355 2204 1468 2242; x_wconf 90' lang='lat' dir='ltr'><strong>me—</strong></span> 
     </span>
    </p>
   </div>
   <div class='ocr_carea' id='block_1_74' title="bbox 1112 2260 1732 2315">
    <p class='ocr_par' dir='ltr' id='par_1_74' title="bbox 1112 2260 1732 2315">
     <span class='ocr_line' id='line_1_74' title="bbox 1112 2260 1732 2315; baseline 0 0"><span class='ocrx_word' id='word_1_220' title='bbox 1112 2276 1233 2315; x_wconf 89' lang='lat' dir='ltr'><strong>cum</strong></span> <span class='ocrx_word' id='word_1_221' title='bbox 1266 2275 1481 2314; x_wconf 74' lang='lat' dir='ltr'><strong>marium</strong></span> <span class='ocrx_word' id='word_1_222' title='bbox 1514 2260 1565 2314; x_wconf 90' lang='lat' dir='ltr'><strong>in</strong></span> <span class='ocrx_word' id='word_1_223' title='bbox 1598 2260 1732 2315; x_wconf 89' lang='lat' dir='ltr'><strong>cati-</strong></span> 
     </span>
    </p>
   </div>
   <div class='ocr_carea' id='block_1_75' title="bbox 1115 2330 1515 2397">
    <p class='ocr_par' dir='ltr' id='par_1_75' title="bbox 1115 2330 1515 2397">
     <span class='ocr_line' id='line_1_75' title="bbox 1115 2330 1515 2397; baseline -0.01 -10"><span class='ocrx_word' id='word_1_224' title='bbox 1115 2346 1243 2387; x_wconf 89' lang='lat' dir='ltr'><strong>num</strong></span> <span class='ocrx_word' id='word_1_225' title='bbox 1262 2372 1277 2397; x_wconf 90' lang='lat'><strong>,</strong></span> <span class='ocrx_word' id='word_1_226' title='bbox 1310 2330 1398 2384; x_wconf 92' lang='lat' dir='ltr'><strong>hic</strong></span> <span class='ocrx_word' id='word_1_227' title='bbox 1428 2347 1515 2384; x_wconf 88' lang='lat' dir='ltr'><strong>me</strong></span> 
     </span>
    </p>
   </div>
   <div class='ocr_carea' id='block_1_76' title="bbox 1113 2402 1647 2457">
    <p class='ocr_par' dir='ltr' id='par_1_76' title="bbox 1113 2402 1647 2457">
     <span class='ocr_line' id='line_1_76' title="bbox 1113 2402 1647 2457; baseline 0.004 -2"><span class='ocrx_word' id='word_1_228' title='bbox 1113 2402 1204 2456; x_wconf 70' lang='lat'><strong>24.</strong></span> <span class='ocrx_word' id='word_1_229' title='bbox 1250 2402 1443 2456; x_wconf 82' lang='lat' dir='ltr'><strong>tradet.</strong></span> <span class='ocrx_word' id='word_1_230' title='bbox 1475 2403 1647 2457; x_wconf 87' lang='lat' dir='ltr'><strong>Filius</strong></span> 
     </span>
    </p>
   </div>
   <div class='ocr_carea' id='block_1_77' title="bbox 1116 2473 1469 2543">
    <p class='ocr_par' dir='ltr' id='par_1_77' title="bbox 1116 2473 1469 2543">
     <span class='ocr_line' id='line_1_77' title="bbox 1116 2473 1469 2543; baseline -0.006 -16"><span class='ocrx_word' id='word_1_231' title='bbox 1116 2473 1335 2543; x_wconf 88' lang='lat' dir='ltr'><strong>quidem</strong></span> <span class='ocrx_word' id='word_1_232' title='bbox 1372 2474 1469 2526; x_wconf 89' lang='lat' dir='ltr'><strong>ho-</strong></span> 
     </span>
    </p>
   </div>
   <div class='ocr_carea' id='block_1_78' title="bbox 1116 2544 1517 2610">
    <p class='ocr_par' dir='ltr' id='par_1_78' title="bbox 1116 2544 1517 2610">
     <span class='ocr_line' id='line_1_78' title="bbox 1116 2544 1517 2610; baseline -0.005 -11"><span class='ocrx_word' id='word_1_233' title='bbox 1116 2544 1278 2599; x_wconf 90' lang='lat' dir='ltr'><strong>minis</strong></span> <span class='ocrx_word' id='word_1_234' title='bbox 1320 2544 1467 2598; x_wconf 87' lang='lat' dir='ltr'><strong>vadit</strong></span> <span class='ocrx_word' id='word_1_235' title='bbox 1502 2586 1517 2610; x_wconf 91' lang='lat'><strong>,</strong></span> 
     </span>
    </p>
   </div>
   <div class='ocr_carea' id='block_1_79' title="bbox 1112 2615 1540 2684">
    <p class='ocr_par' dir='ltr' id='par_1_79' title="bbox 1112 2615 1540 2684">
     <span class='ocr_line' id='line_1_79' title="bbox 1112 2615 1540 2684; baseline -0.005 -14"><span class='ocrx_word' id='word_1_236' title='bbox 1112 2615 1255 2670; x_wconf 84' lang='lat' dir='ltr'><strong>sicut</strong></span> <span class='ocrx_word' id='word_1_237' title='bbox 1283 2616 1540 2684; x_wconf 87' lang='lat' dir='ltr'><strong>scriptum</strong></span> 
     </span>
    </p>
   </div>
   <div class='ocr_carea' id='block_1_80' title="bbox 1113 2686 1409 2742">
    <p class='ocr_par' dir='ltr' id='par_1_80' title="bbox 1113 2686 1409 2742">
     <span class='ocr_line' id='line_1_80' title="bbox 1113 2686 1409 2742; baseline -0.017 0"><span class='ocrx_word' id='word_1_238' title='bbox 1113 2697 1198 2742; x_wconf 91' lang='lat' dir='ltr'><strong>est</strong></span> <span class='ocrx_word' id='word_1_239' title='bbox 1226 2686 1295 2740; x_wconf 90' lang='lat' dir='ltr'><strong>de</strong></span> <span class='ocrx_word' id='word_1_240' title='bbox 1323 2701 1409 2739; x_wconf 91' lang='lat' dir='ltr'><strong>eo.</strong></span> 
     </span>
    </p>
   </div>
   <div class='ocr_carea' id='block_1_81' title="bbox 1113 2755 1546 2811">
    <p class='ocr_par' dir='ltr' id='par_1_81' title="bbox 1113 2755 1546 2811">
     <span class='ocr_line' id='line_1_81' title="bbox 1113 2755 1546 2811; baseline -0.005 0"><span class='ocrx_word' id='word_1_241' title='bbox 1113 2774 1212 2811; x_wconf 88' lang='lat' dir='ltr'><strong>vae</strong></span> <span class='ocrx_word' id='word_1_242' title='bbox 1237 2766 1415 2810; x_wconf 89' lang='lat' dir='ltr'><strong>autem</strong></span> <span class='ocrx_word' id='word_1_243' title='bbox 1446 2755 1546 2809; x_wconf 89' lang='lat' dir='ltr'><strong>ho-</strong></span> 
     </span>
    </p>
   </div>
   <div class='ocr_carea' id='block_1_82' title="bbox 1115 2827 1512 2897">
    <p class='ocr_par' dir='ltr' id='par_1_82' title="bbox 1115 2827 1512 2897">
     <span class='ocr_line' id='line_1_82' title="bbox 1115 2827 1512 2897; baseline -0.003 -14"><span class='ocrx_word' id='word_1_244' title='bbox 1115 2827 1248 2883; x_wconf 87' lang='lat' dir='ltr'><strong>mini</strong></span> <span class='ocrx_word' id='word_1_245' title='bbox 1278 2828 1389 2895; x_wconf 88' lang='lat' dir='ltr'><strong>illi,</strong></span> <span class='ocrx_word' id='word_1_246' title='bbox 1418 2842 1512 2897; x_wconf 91' lang='lat' dir='ltr'><strong>per</strong></span> 
     </span>
    </p>
   </div>
   <div class='ocr_carea' id='block_1_83' title="bbox 1115 2914 1584 2970">
    <p class='ocr_par' dir='ltr' id='par_1_83' title="bbox 1115 2914 1584 2970">
     <span class='ocr_line' id='line_1_83' title="bbox 1115 2914 1584 2970; baseline -0.002 -16"><span class='ocrx_word' id='word_1_247' title='bbox 1115 2915 1296 2970; x_wconf 89' lang='lat' dir='ltr'><strong>quem.</strong></span> <span class='ocrx_word' id='word_1_248' title='bbox 1345 2940 1359 2954; x_wconf 92' lang='lat'><strong>.</strong></span> <span class='ocrx_word' id='word_1_249' title='bbox 1404 2938 1417 2951; x_wconf 92' lang='lat'><strong>.</strong></span> <span class='ocrx_word' id='word_1_250' title='bbox 1465 2940 1476 2953; x_wconf 92' lang='lat'><strong>.</strong></span> <span class='ocrx_word' id='word_1_251' title='bbox 1523 2914 1584 2953; x_wconf 91' lang='lat' dir='ltr'><strong>us</strong></span> 
     </span>
    </p>
   </div>
   <div class='ocr_carea' id='block_1_84' title="bbox 1116 2971 1655 3025">
    <p class='ocr_par' dir='ltr' id='par_1_84' title="bbox 1116 2971 1655 3025">
     <span class='ocr_line' id='line_1_84' title="bbox 1116 2971 1655 3025; baseline 0 -1"><span class='ocrx_word' id='word_1_252' title='bbox 1116 2971 1321 3025; x_wconf 88' lang='lat' dir='ltr'><strong>homin.</strong></span> <span class='ocrx_word' id='word_1_253' title='bbox 1370 3012 1382 3024; x_wconf 94' lang='lat'><strong>.</strong></span> <span class='ocrx_word' id='word_1_254' title='bbox 1430 3010 1444 3025; x_wconf 95' lang='lat'><strong>.</strong></span> <span class='ocrx_word' id='word_1_255' title='bbox 1488 3006 1503 3023; x_wconf 90' lang='lat'><strong>.</strong></span> <span class='ocrx_word' id='word_1_256' title='bbox 1549 3012 1561 3025; x_wconf 94' lang='lat'><strong>.</strong></span> <span class='ocrx_word' id='word_1_257' title='bbox 1593 2984 1655 3024; x_wconf 86' lang='lat' dir='ltr'><strong>a-</strong></span> 
     </span>
    </p>
   </div>
   <div class='ocr_carea' id='block_1_85' title="bbox 1114 3041 1554 3106">
    <p class='ocr_par' dir='ltr' id='par_1_85' title="bbox 1114 3041 1554 3106">
     <span class='ocr_line' id='line_1_85' title="bbox 1114 3041 1554 3106; baseline -0.007 -10"><span class='ocrx_word' id='word_1_258' title='bbox 1114 3041 1554 3106; x_wconf 90' lang='lat' dir='ltr'><strong>di....,..</strong></span> 
     </span>
    </p>
   </div>
   <div class='ocr_carea' id='block_1_86' title="bbox 1120 3128 1634 3168">
    <p class='ocr_par' dir='ltr' id='par_1_86' title="bbox 1120 3128 1634 3168">
     <span class='ocr_line' id='line_1_86' title="bbox 1120 3128 1634 3168; baseline 0 -3"><span class='ocrx_word' id='word_1_259' title='bbox 1120 3128 1634 3168; x_wconf 89' lang='lat' dir='ltr'><strong>...reav....</strong></span> 
     </span>
    </p>
   </div>
   <div class='ocr_carea' id='block_1_87' title="bbox 1114 3200 1505 3239">
    <p class='ocr_par' dir='ltr' id='par_1_87' title="bbox 1114 3200 1505 3239">
     <span class='ocr_line' id='line_1_87' title="bbox 1114 3200 1505 3239; baseline -0.005 -1"><span class='ocrx_word' id='word_1_260' title='bbox 1114 3200 1505 3239; x_wconf 91' lang='lat' dir='ltr'><strong>num.....</strong></span> 
     </span>
    </p>
   </div>
   <div class='ocr_carea' id='block_1_88' title="bbox 1116 3258 1569 3311">
    <p class='ocr_par' dir='ltr' id='par_1_88' title="bbox 1116 3258 1569 3311">
     <span class='ocr_line' id='line_1_88' title="bbox 1116 3258 1569 3311; baseline 0 -2"><span class='ocrx_word' id='word_1_261' title='bbox 1116 3258 1323 3311; x_wconf 88' lang='lat' dir='ltr'><strong>sinon.</strong></span> <span class='ocrx_word' id='word_1_262' title='bbox 1372 3296 1383 3309; x_wconf 94' lang='lat'><strong>.</strong></span> <span class='ocrx_word' id='word_1_263' title='bbox 1432 3296 1446 3308; x_wconf 90' lang='lat'><strong>.</strong></span> <span class='ocrx_word' id='word_1_264' title='bbox 1493 3296 1507 3310; x_wconf 90' lang='lat'><strong>.</strong></span> <span class='ocrx_word' id='word_1_265' title='bbox 1556 3297 1569 3309; x_wconf 90' lang='lat'><strong>.</strong></span> 
     </span>
    </p>
   </div>
   <div class='ocr_carea' id='block_1_89' title="bbox 1116 3338 1590 3381">
    <p class='ocr_par' dir='ltr' id='par_1_89' title="bbox 1116 3338 1590 3381">
     <span class='ocr_line' id='line_1_89' title="bbox 1116 3338 1590 3381; baseline 0.002 -1"><span class='ocrx_word' id='word_1_266' title='bbox 1116 3338 1199 3381; x_wconf 89' lang='lat' dir='ltr'><strong>set</strong></span> <span class='ocrx_word' id='word_1_267' title='bbox 1235 3338 1344 3381; x_wconf 90' lang='lat' dir='ltr'><strong>nat.</strong></span> <span class='ocrx_word' id='word_1_268' title='bbox 1394 3369 1406 3380; x_wconf 90' lang='lat'><strong>.</strong></span> <span class='ocrx_word' id='word_1_269' title='bbox 1453 3367 1467 3380; x_wconf 83' lang='lat'><strong>.</strong></span> <span class='ocrx_word' id='word_1_270' title='bbox 1517 3368 1530 3381; x_wconf 89' lang='lat'><strong>.</strong></span> <span class='ocrx_word' id='word_1_271' title='bbox 1577 3366 1590 3381; x_wconf 83' lang='lat'><strong>.</strong></span> 
     </span>
    </p>
   </div>
   <div class='ocr_carea' id='block_1_90' title="bbox 1116 3398 1537 3454">
    <p class='ocr_par' dir='ltr' id='par_1_90' title="bbox 1116 3398 1537 3454">
     <span class='ocr_line' id='line_1_90' title="bbox 1116 3398 1537 3454; baseline -0.005 -3"><span class='ocrx_word' id='word_1_272' title='bbox 1116 3413 1207 3451; x_wconf 92' lang='lat' dir='ltr'><strong>mo</strong></span> <span class='ocrx_word' id='word_1_273' title='bbox 1240 3398 1355 3454; x_wconf 91' lang='lat' dir='ltr'><strong>ille.</strong></span> <span class='ocrx_word' id='word_1_274' title='bbox 1404 3438 1416 3450; x_wconf 97' lang='lat'><strong>.</strong></span> <span class='ocrx_word' id='word_1_275' title='bbox 1463 3438 1476 3450; x_wconf 93' lang='lat'><strong>.</strong></span> <span class='ocrx_word' id='word_1_276' title='bbox 1523 3436 1537 3450; x_wconf 93' lang='lat'><strong>.</strong></span> 
     </span>
    </p>
   </div>
   <div class='ocr_carea' id='block_1_91' title="bbox 1114 3468 1627 3538">
    <p class='ocr_par' dir='ltr' id='par_1_91' title="bbox 1114 3468 1627 3538">
     <span class='ocr_line' id='line_1_91' title="bbox 1114 3468 1627 3538; baseline -0.002 -16"><span class='ocrx_word' id='word_1_277' title='bbox 1114 3468 1205 3523; x_wconf 74' lang='lat'><strong>25.</strong></span> <span class='ocrx_word' id='word_1_278' title='bbox 1253 3469 1627 3538; x_wconf 81' lang='lat' dir='ltr'><strong>Respondens.</strong></span> 
     </span>
    </p>
   </div>
   <div class='ocr_carea' id='block_1_92' title="bbox 1114 3538 1686 3610">
    <p class='ocr_par' dir='ltr' id='par_1_92' title="bbox 1114 3538 1686 3610">
     <span class='ocr_line' id='line_1_92' title="bbox 1114 3538 1686 3610; baseline 0.003 -17"><span class='ocrx_word' id='word_1_279' title='bbox 1114 3538 1319 3604; x_wconf 83' lang='lat' dir='ltr'><strong>Judas,</strong></span> <span class='ocrx_word' id='word_1_280' title='bbox 1352 3540 1433 3610; x_wconf 81' lang='grc' dir='ltr'><strong>(ά)</strong></span> <span class='ocrx_word' id='word_1_281' title='bbox 1464 3541 1554 3609; x_wconf 87' lang='lat' dir='ltr'><strong>qui</strong></span> <span class='ocrx_word' id='word_1_282' title='bbox 1580 3551 1686 3595; x_wconf 87' lang='lat' dir='ltr'><strong>tra—</strong></span> 
     </span>
    </p>
   </div>
   <div class='ocr_carea' id='block_1_93' title="bbox 2398 380 3129 439">
    <p class='ocr_par' dir='ltr' id='par_1_93' title="bbox 2398 380 3129 439">
     <span class='ocr_line' id='line_1_93' title="bbox 2398 380 3129 439; baseline -0.005 0"><span class='ocrx_word' id='word_1_283' title='bbox 2398 382 2633 439; x_wconf 79' lang='lat' dir='ltr'><strong>CODEX</strong></span> <span class='ocrx_word' id='word_1_284' title='bbox 2675 380 3129 437; x_wconf 80' lang='lat' dir='ltr'><strong>VERONENSIS.</strong></span> 
     </span>
    </p>
   </div>
   <div class='ocr_carea' id='block_1_94' title="bbox 1968 478 2401 534">
    <p class='ocr_par' dir='ltr' id='par_1_94' title="bbox 1968 478 2401 534">
     <span class='ocr_line' id='line_1_94' title="bbox 1968 478 2401 534; baseline -0.002 -2"><span class='ocrx_word' id='word_1_285' title='bbox 1968 478 2095 534; x_wconf 78' lang='lat' dir='ltr'><strong>fecit</strong></span> <span class='ocrx_word' id='word_1_286' title='bbox 2119 478 2169 531; x_wconf 91' lang='lat' dir='ltr'><strong>in</strong></span> <span class='ocrx_word' id='word_1_287' title='bbox 2196 493 2401 533; x_wconf 91' lang='lat' dir='ltr'><strong>memo-</strong></span> 
     </span>
    </p>
   </div>
   <div class='ocr_carea' id='block_1_95' title="bbox 1967 549 2268 615">
    <p class='ocr_par' dir='ltr' id='par_1_95' title="bbox 1967 549 2268 615">
     <span class='ocr_line' id='line_1_95' title="bbox 1967 549 2268 615; baseline -0.013 -10"><span class='ocrx_word' id='word_1_288' title='bbox 1967 550 2044 605; x_wconf 86' lang='lat' dir='ltr'><strong>ria</strong></span> <span class='ocrx_word' id='word_1_289' title='bbox 2078 549 2268 615; x_wconf 91' lang='lat' dir='ltr'><strong>ipsius.</strong></span> 
     </span>
    </p>
   </div>
   <div class='ocr_carea' id='block_1_96' title="bbox 1968 620 2413 677">
    <p class='ocr_par' dir='ltr' id='par_1_96' title="bbox 1968 620 2413 677">
     <span class='ocr_line' id='line_1_96' title="bbox 1968 620 2413 677; baseline -0.007 0"><span class='ocrx_word' id='word_1_290' title='bbox 1968 624 2057 677; x_wconf 80' lang='grc'><strong>14.</strong></span> <span class='ocrx_word' id='word_1_291' title='bbox 2100 620 2249 674; x_wconf 89' lang='lat' dir='ltr'><strong>Tunc</strong></span> <span class='ocrx_word' id='word_1_292' title='bbox 2278 620 2413 675; x_wconf 86' lang='lat' dir='ltr'><strong>abiit</strong></span> 
     </span>
    </p>
   </div>
   <div class='ocr_carea' id='block_1_97' title="bbox 1966 692 2434 748">
    <p class='ocr_par' dir='ltr' id='par_1_97' title="bbox 1966 692 2434 748">
     <span class='ocr_line' id='line_1_97' title="bbox 1966 692 2434 748; baseline -0.002 0"><span class='ocrx_word' id='word_1_293' title='bbox 1966 707 2109 748; x_wconf 90' lang='lat' dir='ltr'><strong>unus</strong></span> <span class='ocrx_word' id='word_1_294' title='bbox 2132 692 2200 748; x_wconf 89' lang='lat' dir='ltr'><strong>de</strong></span> <span class='ocrx_word' id='word_1_295' title='bbox 2229 692 2434 747; x_wconf 87' lang='lat' dir='ltr'><strong>duode-</strong></span> 
     </span>
    </p>
   </div>
   <div class='ocr_carea' id='block_1_98' title="bbox 1968 763 2417 834">
    <p class='ocr_par' dir='ltr' id='par_1_98' title="bbox 1968 763 2417 834">
     <span class='ocr_line' id='line_1_98' title="bbox 1968 763 2417 834; baseline 0 -15"><span class='ocrx_word' id='word_1_296' title='bbox 1968 766 2073 819; x_wconf 89' lang='lat' dir='ltr'><strong>cim</strong></span> <span class='ocrx_word' id='word_1_297' title='bbox 2091 804 2107 829; x_wconf 91' lang='lat'><strong>,</strong></span> <span class='ocrx_word' id='word_1_298' title='bbox 2136 764 2227 834; x_wconf 88' lang='lat' dir='ltr'><strong>qui</strong></span> <span class='ocrx_word' id='word_1_299' title='bbox 2249 763 2417 819; x_wconf 84' lang='lat' dir='ltr'><strong>Judas</strong></span> 
     </span>
    </p>
   </div>
   <div class='ocr_carea' id='block_1_99' title="bbox 1969 834 2485 903">
    <p class='ocr_par' dir='ltr' id='par_1_99' title="bbox 1969 834 2485 903">
     <span class='ocr_line' id='line_1_99' title="bbox 1969 834 2485 903; baseline 0 -14"><span class='ocrx_word' id='word_1_300' title='bbox 1969 835 2169 889; x_wconf 90' lang='lat' dir='ltr'><strong>dicitur</strong></span> <span class='ocrx_word' id='word_1_301' title='bbox 2199 834 2446 890; x_wconf 78' lang='lat' dir='ltr'><strong>Scarioth</strong></span> <span class='ocrx_word' id='word_1_302' title='bbox 2469 876 2485 903; x_wconf 90' lang='lat'><strong>,</strong></span> 
     </span>
    </p>
   </div>
   <div class='ocr_carea' id='block_1_100' title="bbox 1971 906 2345 975">
    <p class='ocr_par' dir='ltr' id='par_1_100' title="bbox 1971 906 2345 975">
     <span class='ocr_line' id='line_1_100' title="bbox 1971 906 2345 975; baseline 0.005 -16"><span class='ocrx_word' id='word_1_303' title='bbox 1971 906 2036 960; x_wconf 90' lang='lat' dir='ltr'><strong>ad</strong></span> <span class='ocrx_word' id='word_1_304' title='bbox 2070 907 2345 975; x_wconf 88' lang='lat' dir='ltr'><strong>principes</strong></span> 
     </span>
    </p>
   </div>
   <div class='ocr_carea' id='block_1_101' title="bbox 1971 977 2352 1045">
    <p class='ocr_par' dir='ltr' id='par_1_101' title="bbox 1971 977 2352 1045">
     <span class='ocr_line' id='line_1_101' title="bbox 1971 977 2352 1045; baseline 0 -13"><span class='ocrx_word' id='word_1_305' title='bbox 1971 977 2314 1032; x_wconf 77' lang='lat' dir='ltr'><strong>sacerdotum</strong></span> <span class='ocrx_word' id='word_1_306' title='bbox 2336 1018 2352 1045; x_wconf 86' lang='lat'><strong>,</strong></span> 
     </span>
    </p>
   </div>
   <div class='ocr_carea' id='block_1_102' title="bbox 1972 1049 2308 1103">
    <p class='ocr_par' dir='ltr' id='par_1_102' title="bbox 1972 1049 2308 1103">
     <span class='ocr_line' id='line_1_102' title="bbox 1972 1049 2308 1103; baseline -0.003 -1"><span class='ocrx_word' id='word_1_307' title='bbox 1972 1058 2025 1102; x_wconf 90' lang='lat' dir='ltr'><strong>et</strong></span> <span class='ocrx_word' id='word_1_308' title='bbox 2051 1052 2125 1102; x_wconf 86' lang='lat' dir='ltr'><strong>ait</strong></span> <span class='ocrx_word' id='word_1_309' title='bbox 2160 1049 2264 1103; x_wconf 86' lang='lat' dir='ltr'><strong>illis</strong></span> <span class='ocrx_word' id='word_1_310' title='bbox 2296 1065 2308 1101; x_wconf 92' lang='lat'>:</span> 
     </span>
    </p>
   </div>
   <div class='ocr_carea' id='block_1_103' title="bbox 1972 1119 2545 1187">
    <p class='ocr_par' dir='ltr' id='par_1_103' title="bbox 1972 1119 2545 1187">
     <span class='ocr_line' id='line_1_103' title="bbox 1972 1119 2545 1187; baseline 0.007 -13"><span class='ocrx_word' id='word_1_311' title='bbox 1972 1120 2061 1174; x_wconf 77' lang='grc'><strong>15.</strong></span> <span class='ocrx_word' id='word_1_312' title='bbox 2092 1119 2233 1187; x_wconf 90' lang='lat' dir='ltr'><strong>Quid</strong></span> <span class='ocrx_word' id='word_1_313' title='bbox 2262 1121 2424 1176; x_wconf 87' lang='lat' dir='ltr'><strong>vultis</strong></span> <span class='ocrx_word' id='word_1_314' title='bbox 2445 1121 2545 1177; x_wconf 84' lang='lat' dir='ltr'><strong>mi-</strong></span> 
     </span>
    </p>
   </div>
   <div class='ocr_carea' id='block_1_104' title="bbox 1976 1190 2302 1255">
    <p class='ocr_par' dir='ltr' id='par_1_104' title="bbox 1976 1190 2302 1255">
     <span class='ocr_line' id='line_1_104' title="bbox 1976 1190 2302 1255; baseline 0 -11"><span class='ocrx_word' id='word_1_315' title='bbox 1976 1193 2027 1244; x_wconf 93' lang='lat' dir='ltr'><strong>hi</strong></span> <span class='ocrx_word' id='word_1_316' title='bbox 2053 1190 2183 1244; x_wconf 91' lang='lat' dir='ltr'><strong>dare</strong></span> <span class='ocrx_word' id='word_1_317' title='bbox 2205 1232 2218 1255; x_wconf 93' lang='lat'><strong>,</strong></span> <span class='ocrx_word' id='word_1_318' title='bbox 2246 1201 2302 1245; x_wconf 90' lang='lat' dir='ltr'><strong>et</strong></span> 
     </span>
    </p>
   </div>
   <div class='ocr_carea' id='block_1_105' title="bbox 1975 1262 2406 1331">
    <p class='ocr_par' dir='ltr' id='par_1_105' title="bbox 1975 1262 2406 1331">
     <span class='ocr_line' id='line_1_105' title="bbox 1975 1262 2406 1331; baseline 0.005 -16"><span class='ocrx_word' id='word_1_319' title='bbox 1975 1276 2077 1331; x_wconf 85' lang='lat' dir='ltr'><strong>ego</strong></span> <span class='ocrx_word' id='word_1_320' title='bbox 2108 1262 2265 1316; x_wconf 82' lang='lat' dir='ltr'><strong>vobis</strong></span> <span class='ocrx_word' id='word_1_321' title='bbox 2283 1276 2406 1317; x_wconf 92' lang='lat' dir='ltr'><strong>eum</strong></span> 
     </span>
    </p>
   </div>
   <div class='ocr_carea' id='block_1_106' title="bbox 1977 1332 2233 1387">
    <p class='ocr_par' dir='ltr' id='par_1_106' title="bbox 1977 1332 2233 1387">
     <span class='ocr_line' id='line_1_106' title="bbox 1977 1332 2233 1387; baseline -0.008 -1"><span class='ocrx_word' id='word_1_322' title='bbox 1977 1332 2184 1387; x_wconf 86' lang='lat' dir='ltr'><strong>tradam</strong></span> <span class='ocrx_word' id='word_1_323' title='bbox 2210 1333 2233 1384; x_wconf 91' lang='lat'><strong>?</strong></span> 
     </span>
    </p>
   </div>
   <div class='ocr_carea' id='block_1_107' title="bbox 1978 1403 2447 1461">
    <p class='ocr_par' dir='ltr' id='par_1_107' title="bbox 1978 1403 2447 1461">
     <span class='ocr_line' id='line_1_107' title="bbox 1978 1403 2447 1461; baseline 0.011 -4"><span class='ocrx_word' id='word_1_324' title='bbox 1978 1403 2067 1458; x_wconf 84' lang='grc'><strong>16.</strong></span> <span class='ocrx_word' id='word_1_325' title='bbox 2112 1404 2190 1457; x_wconf 89' lang='lat' dir='ltr'><strong>Ad</strong></span> <span class='ocrx_word' id='word_1_326' title='bbox 2220 1405 2295 1458; x_wconf 91' lang='lat' dir='ltr'><strong>illi</strong></span> <span class='ocrx_word' id='word_1_327' title='bbox 2320 1421 2447 1461; x_wconf 92' lang='lat' dir='ltr'><strong>con-</strong></span> 
     </span>
    </p>
   </div>
   <div class='ocr_carea' id='block_1_108' title="bbox 1977 1477 2348 1531">
    <p class='ocr_par' dir='ltr' id='par_1_108' title="bbox 1977 1477 2348 1531">
     <span class='ocr_line' id='line_1_108' title="bbox 1977 1477 2348 1531; baseline 0.005 -3"><span class='ocrx_word' id='word_1_328' title='bbox 1977 1480 2275 1530; x_wconf 87' lang='lat' dir='ltr'><strong>stituerunt</strong></span> <span class='ocrx_word' id='word_1_329' title='bbox 2297 1477 2348 1531; x_wconf 90' lang='lat' dir='ltr'><strong>ei</strong></span> 
     </span>
    </p>
   </div>
   <div class='ocr_carea' id='block_1_109' title="bbox 1978 1548 2408 1618">
    <p class='ocr_par' dir='ltr' id='par_1_109' title="bbox 1978 1548 2408 1618">
     <span class='ocr_line' id='line_1_109' title="bbox 1978 1548 2408 1618; baseline 0.007 -19"><span class='ocrx_word' id='word_1_330' title='bbox 1978 1562 2106 1600; x_wconf 82' lang='lat' dir='ltr'><strong>xxx.</strong></span> <span class='ocrx_word' id='word_1_331' title='bbox 2137 1548 2212 1618; x_wconf 90' lang='lat' dir='ltr'><strong>(a)</strong></span> <span class='ocrx_word' id='word_1_332' title='bbox 2242 1556 2408 1602; x_wconf 89' lang='lat' dir='ltr'><strong>state-</strong></span> 
     </span>
    </p>
   </div>
   <div class='ocr_carea' id='block_1_110' title="bbox 1978 1618 2428 1689">
    <p class='ocr_par' dir='ltr' id='par_1_110' title="bbox 1978 1618 2428 1689">
     <span class='ocr_line' id='line_1_110' title="bbox 1978 1618 2428 1689; baseline 0.004 -18"><span class='ocrx_word' id='word_1_333' title='bbox 1978 1632 2067 1671; x_wconf 87' lang='lat' dir='ltr'><strong>res</strong></span> <span class='ocrx_word' id='word_1_334' title='bbox 2087 1618 2144 1689; x_wconf 63' lang='lat' dir='ltr'><strong>&#39;i‘.</strong></span> <span class='ocrx_word' id='word_1_335' title='bbox 2184 1621 2247 1671; x_wconf 71' lang='lat' dir='ltr'><strong>lit</strong></span> <span class='ocrx_word' id='word_1_336' title='bbox 2274 1621 2428 1685; x_wconf 84' lang='lat' dir='ltr'><strong>exiu-</strong></span> 
     </span>
    </p>
   </div>
   <div class='ocr_carea' id='block_1_111' title="bbox 1980 1690 2377 1756">
    <p class='ocr_par' dir='ltr' id='par_1_111' title="bbox 1980 1690 2377 1756">
     <span class='ocr_line' id='line_1_111' title="bbox 1980 1690 2377 1756; baseline 0.01 -15"><span class='ocrx_word' id='word_1_337' title='bbox 1980 1690 2048 1743; x_wconf 91' lang='lat' dir='ltr'><strong>de</strong></span> <span class='ocrx_word' id='word_1_338' title='bbox 2080 1692 2377 1756; x_wconf 85' lang='lat' dir='ltr'><strong>quaerebat</strong></span> 
     </span>
    </p>
   </div>
   <div class='ocr_carea' id='block_1_112' title="bbox 1976 1762 2443 1829">
    <p class='ocr_par' dir='ltr' id='par_1_112' title="bbox 1976 1762 2443 1829">
     <span class='ocr_line' id='line_1_112' title="bbox 1976 1762 2443 1829; baseline 0.006 -14"><span class='ocrx_word' id='word_1_339' title='bbox 1976 1762 2443 1829; x_wconf 76' lang='lat' dir='ltr'><strong>opportunitatem</strong></span> 
     </span>
    </p>
   </div>
   <div class='ocr_carea' id='block_1_113' title="bbox 1978 1834 2385 1887">
    <p class='ocr_par' dir='ltr' id='par_1_113' title="bbox 1978 1834 2385 1887">
     <span class='ocr_line' id='line_1_113' title="bbox 1978 1834 2385 1887; baseline 0.005 -2"><span class='ocrx_word' id='word_1_340' title='bbox 1978 1842 2036 1885; x_wconf 93' lang='lat' dir='ltr'><strong>ut</strong></span> <span class='ocrx_word' id='word_1_341' title='bbox 2061 1848 2180 1884; x_wconf 88' lang='lat' dir='ltr'><strong>eum</strong></span> <span class='ocrx_word' id='word_1_342' title='bbox 2207 1834 2385 1887; x_wconf 88' lang='lat' dir='ltr'><strong>trade-</strong></span> 
     </span>
    </p>
   </div>
   <div class='ocr_carea' id='block_1_114' title="bbox 1980 1900 2483 1974">
    <p class='ocr_par' dir='ltr' id='par_1_114' title="bbox 1980 1900 2483 1974">
     <span class='ocr_line' id='line_1_114' title="bbox 1980 1900 2483 1974; baseline 0.004 -17"><span class='ocrx_word' id='word_1_343' title='bbox 1980 1913 2067 1957; x_wconf 91' lang='lat' dir='ltr'><strong>ret</strong></span> <span class='ocrx_word' id='word_1_344' title='bbox 2096 1900 2170 1973; x_wconf 89' lang='lat' dir='ltr'><strong>(b)</strong></span> <span class='ocrx_word' id='word_1_345' title='bbox 2195 1904 2273 1957; x_wconf 90' lang='lat' dir='ltr'><strong>eis</strong></span> <span class='ocrx_word' id='word_1_346' title='bbox 2294 1905 2352 1974; x_wconf 49' lang='grc' dir='ltr'><strong>ᾧ.</strong></span> <span class='ocrx_word' id='word_1_347' title='bbox 2480 1972 2483 1973; x_wconf 17' lang='grc' dir='ltr'><em>ν</em></span> 
     </span>
    </p>
   </div>
   <div class='ocr_carea' id='block_1_115' title="bbox 1978 1968 2616 2034">
    <p class='ocr_par' dir='ltr' id='par_1_115' title="bbox 1978 1968 2616 2034">
     <span class='ocr_line' id='line_1_115' title="bbox 1978 1968 2616 2034; baseline 0.006 -5"><span class='ocrx_word' id='word_1_348' title='bbox 1978 1974 2069 2029; x_wconf 81' lang='grc'><strong>17.</strong></span> <span class='ocrx_word' id='word_1_349' title='bbox 2105 1968 2289 2029; x_wconf 40' lang='lat' dir='ltr'><strong>&quot;Prima</strong></span> <span class='ocrx_word' id='word_1_350' title='bbox 2308 1968 2495 2031; x_wconf 77' lang='lat' dir='ltr'><strong>autem</strong></span> <span class='ocrx_word' id='word_1_351' title='bbox 2526 1968 2616 2034; x_wconf 88' lang='lat' dir='ltr'><strong>die</strong></span> 
     </span>
    </p>
   </div>
   <div class='ocr_carea' id='block_1_116' title="bbox 1976 2060 2508 2112">
    <p class='ocr_par' dir='ltr' id='par_1_116' title="bbox 1976 2060 2508 2112">
     <span class='ocr_line' id='line_1_116' title="bbox 1976 2060 2508 2112; baseline 0.013 -14"><span class='ocrx_word' id='word_1_352' title='bbox 1976 2060 2292 2112; x_wconf 85' lang='lat' dir='ltr'><strong>azymorum</strong></span> <span class='ocrx_word' id='word_1_353' title='bbox 2326 2063 2508 2104; x_wconf 85' lang='lat' dir='ltr'><strong>acces-</strong></span> 
     </span>
    </p>
   </div>
   <div class='ocr_carea' id='block_1_117' title="bbox 1978 2117 2359 2171">
    <p class='ocr_par' dir='ltr' id='par_1_117' title="bbox 1978 2117 2359 2171">
     <span class='ocr_line' id='line_1_117' title="bbox 1978 2117 2359 2171; baseline 0 0"><span class='ocrx_word' id='word_1_354' title='bbox 1978 2126 2167 2171; x_wconf 91' lang='lat' dir='ltr'><strong>serunt</strong></span> <span class='ocrx_word' id='word_1_355' title='bbox 2197 2117 2359 2171; x_wconf 90' lang='lat' dir='ltr'><strong>disci-</strong></span> 
     </span>
    </p>
   </div>
   <div class='ocr_carea' id='block_1_118' title="bbox 1978 2187 2451 2259">
    <p class='ocr_par' dir='ltr' id='par_1_118' title="bbox 1978 2187 2451 2259">
     <span class='ocr_line' id='line_1_118' title="bbox 1978 2187 2451 2259; baseline 0.015 -21"><span class='ocrx_word' id='word_1_356' title='bbox 1978 2187 2091 2259; x_wconf 86' lang='lat' dir='ltr'><strong>puli</strong></span> <span class='ocrx_word' id='word_1_357' title='bbox 2125 2188 2190 2241; x_wconf 89' lang='lat' dir='ltr'><strong>ad</strong></span> <span class='ocrx_word' id='word_1_358' title='bbox 2223 2188 2408 2245; x_wconf 84' lang='lat' dir='ltr'><strong>Jesum</strong></span> <span class='ocrx_word' id='word_1_359' title='bbox 2435 2232 2451 2259; x_wconf 88' lang='lat'><strong>,</strong></span> 
     </span>
    </p>
   </div>
   <div class='ocr_carea' id='block_1_119' title="bbox 1979 2258 2401 2317">
    <p class='ocr_par' dir='ltr' id='par_1_119' title="bbox 1979 2258 2401 2317">
     <span class='ocr_line' id='line_1_119' title="bbox 1979 2258 2401 2317; baseline 0.017 -7"><span class='ocrx_word' id='word_1_360' title='bbox 1979 2258 2227 2314; x_wconf 87' lang='lat' dir='ltr'><strong>dicentes</strong></span> <span class='ocrx_word' id='word_1_361' title='bbox 2252 2276 2266 2314; x_wconf 87' lang='lat'><strong>:</strong></span> <span class='ocrx_word' id='word_1_362' title='bbox 2304 2261 2401 2317; x_wconf 89' lang='lat' dir='ltr'><strong>Ubi</strong></span> 
     </span>
    </p>
   </div>
   <div class='ocr_carea' id='block_1_120' title="bbox 1980 2329 2341 2398">
    <p class='ocr_par' dir='ltr' id='par_1_120' title="bbox 1980 2329 2341 2398">
     <span class='ocr_line' id='line_1_120' title="bbox 1980 2329 2341 2398; baseline 0.014 -17"><span class='ocrx_word' id='word_1_363' title='bbox 1980 2329 2065 2383; x_wconf 90' lang='lat' dir='ltr'><strong>his</strong></span> <span class='ocrx_word' id='word_1_364' title='bbox 2089 2345 2341 2398; x_wconf 84' lang='lat' dir='ltr'><strong>paremus</strong></span> 
     </span>
    </p>
   </div>
   <div class='ocr_carea' id='block_1_121' title="bbox 1983 2401 2315 2456">
    <p class='ocr_par' dir='ltr' id='par_1_121' title="bbox 1983 2401 2315 2456">
     <span class='ocr_line' id='line_1_121' title="bbox 1983 2401 2315 2456; baseline 0.012 -4"><span class='ocrx_word' id='word_1_365' title='bbox 1983 2401 2078 2453; x_wconf 87' lang='lat' dir='ltr'><strong>tibi</strong></span> <span class='ocrx_word' id='word_1_366' title='bbox 2110 2401 2315 2456; x_wconf 84' lang='lat' dir='ltr'><strong>Pascha</strong></span> 
     </span>
    </p>
   </div>
   <div class='ocr_carea' id='block_1_122' title="bbox 1982 2471 2355 2528">
    <p class='ocr_par' dir='ltr' id='par_1_122' title="bbox 1982 2471 2355 2528">
     <span class='ocr_line' id='line_1_122' title="bbox 1982 2471 2355 2528; baseline 0.003 -4"><span class='ocrx_word' id='word_1_367' title='bbox 1982 2471 2355 2528; x_wconf 88' lang='lat' dir='ltr'><strong>manducare?</strong></span> 
     </span>
    </p>
   </div>
   <div class='ocr_carea' id='block_1_123' title="bbox 1985 2541 2477 2615">
    <p class='ocr_par' dir='ltr' id='par_1_123' title="bbox 1985 2541 2477 2615">
     <span class='ocr_line' id='line_1_123' title="bbox 1985 2541 2477 2615; baseline 0.006 -20"><span class='ocrx_word' id='word_1_368' title='bbox 1985 2544 2089 2615; x_wconf 61' lang='lat' dir='ltr'><strong>is,</strong></span> <span class='ocrx_word' id='word_1_369' title='bbox 2118 2541 2191 2613; x_wconf 81' lang='grc' dir='ltr'><strong>(ε)</strong></span> <span class='ocrx_word' id='word_1_370' title='bbox 2216 2545 2297 2597; x_wconf 82' lang='lat' dir='ltr'><strong>Ad</strong></span> <span class='ocrx_word' id='word_1_371' title='bbox 2321 2542 2414 2598; x_wconf 90' lang='lat' dir='ltr'><strong>ille</strong></span> <span class='ocrx_word' id='word_1_372' title='bbox 2440 2545 2477 2615; x_wconf 52' lang='grc' dir='ltr'><strong>-ξ</strong></span> 
     </span>
    </p>
   </div>
   <div class='ocr_carea' id='block_1_124' title="bbox 1982 2613 2275 2667">
    <p class='ocr_par' dir='ltr' id='par_1_124' title="bbox 1982 2613 2275 2667">
     <span class='ocr_line' id='line_1_124' title="bbox 1982 2613 2275 2667; baseline -0.003 0"><span class='ocrx_word' id='word_1_373' title='bbox 1982 2613 2119 2667; x_wconf 84' lang='lat' dir='ltr'><strong>dixit</strong></span> <span class='ocrx_word' id='word_1_374' title='bbox 2155 2617 2234 2666; x_wconf 90' lang='lat' dir='ltr'><strong>eis</strong></span> <span class='ocrx_word' id='word_1_375' title='bbox 2264 2632 2275 2666; x_wconf 92' lang='lat'><strong><em>:</em></strong></span> 
     </span>
    </p>
   </div>
   <div class='ocr_carea' id='block_1_125' title="bbox 1987 2683 2308 2739">
    <p class='ocr_par' dir='ltr' id='par_1_125' title="bbox 1987 2683 2308 2739">
     <span class='ocr_line' id='line_1_125' title="bbox 1987 2683 2308 2739; baseline 0.012 -4"><span class='ocrx_word' id='word_1_376' title='bbox 1987 2683 2062 2737; x_wconf 91' lang='lat' dir='ltr'><strong>Ite</strong></span> <span class='ocrx_word' id='word_1_377' title='bbox 2093 2683 2144 2737; x_wconf 90' lang='lat' dir='ltr'><strong>iu</strong></span> <span class='ocrx_word' id='word_1_378' title='bbox 2177 2686 2308 2739; x_wconf 88' lang='lat' dir='ltr'><strong>civi-</strong></span> 
     </span>
    </p>
   </div>
   <div class='ocr_carea' id='block_1_126' title="bbox 1987 2756 2442 2822">
    <p class='ocr_par' dir='ltr' id='par_1_126' title="bbox 1987 2756 2442 2822">
     <span class='ocr_line' id='line_1_126' title="bbox 1987 2756 2442 2822; baseline 0.015 -17"><span class='ocrx_word' id='word_1_379' title='bbox 1987 2764 2095 2809; x_wconf 91' lang='lat' dir='ltr'><strong>tate</strong></span> <span class='ocrx_word' id='word_1_380' title='bbox 2118 2796 2131 2818; x_wconf 92' lang='lat'><strong>,</strong></span> <span class='ocrx_word' id='word_1_381' title='bbox 2157 2756 2223 2810; x_wconf 92' lang='lat' dir='ltr'><strong>ad</strong></span> <span class='ocrx_word' id='word_1_382' title='bbox 2254 2772 2442 2822; x_wconf 88' lang='lat' dir='ltr'><strong>quem-</strong></span> 
     </span>
    </p>
   </div>
   <div class='ocr_carea' id='block_1_127' title="bbox 1984 2827 2429 2889">
    <p class='ocr_par' dir='ltr' id='par_1_127' title="bbox 1984 2827 2429 2889">
     <span class='ocr_line' id='line_1_127' title="bbox 1984 2827 2429 2889; baseline 0.013 -11"><span class='ocrx_word' id='word_1_383' title='bbox 1984 2827 2106 2879; x_wconf 88' lang='lat' dir='ltr'><strong>dam</strong></span> <span class='ocrx_word' id='word_1_384' title='bbox 2135 2868 2148 2889; x_wconf 93' lang='lat'><strong>,</strong></span> <span class='ocrx_word' id='word_1_385' title='bbox 2180 2836 2233 2881; x_wconf 87' lang='lat' dir='ltr'><strong>et</strong></span> <span class='ocrx_word' id='word_1_386' title='bbox 2262 2828 2429 2885; x_wconf 86' lang='lat' dir='ltr'><strong>dicite</strong></span> 
     </span>
    </p>
   </div>
   <div class='ocr_carea' id='block_1_128' title="bbox 1986 2897 2370 2969">
    <p class='ocr_par' dir='ltr' id='par_1_128' title="bbox 1986 2897 2370 2969">
     <span class='ocr_line' id='line_1_128' title="bbox 1986 2897 2370 2969; baseline 0.018 -21"><span class='ocrx_word' id='word_1_387' title='bbox 1986 2897 2035 2969; x_wconf 68' lang='lat' dir='ltr'><strong>ei</strong></span> <span class='ocrx_word' id='word_1_388' title='bbox 2067 2914 2079 2950; x_wconf 90' lang='lat'>:</span> <span class='ocrx_word' id='word_1_389' title='bbox 2112 2897 2370 2969; x_wconf 77' lang='lat' dir='ltr'><strong>Magister</strong></span> 
     </span>
    </p>
   </div>
   <div class='ocr_carea' id='block_1_129' title="bbox 1986 2967 2421 3043">
    <p class='ocr_par' dir='ltr' id='par_1_129' title="bbox 1986 2967 2421 3043">
     <span class='ocr_line' id='line_1_129' title="bbox 1986 2967 2421 3043; baseline 0.009 -20"><span class='ocrx_word' id='word_1_390' title='bbox 1986 2967 2117 3023; x_wconf 89' lang='lat' dir='ltr'><strong>dicit</strong></span> <span class='ocrx_word' id='word_1_391' title='bbox 2144 2986 2157 3021; x_wconf 90' lang='lat'><strong>:</strong></span> <span class='ocrx_word' id='word_1_392' title='bbox 2182 2967 2421 3043; x_wconf 82' lang='lat' dir='ltr'><strong>Tempus</strong></span> 
     </span>
    </p>
   </div>
   <div class='ocr_carea' id='block_1_130' title="bbox 1988 3055 2372 3115">
    <p class='ocr_par' dir='ltr' id='par_1_130' title="bbox 1988 3055 2372 3115">
     <span class='ocr_line' id='line_1_130' title="bbox 1988 3055 2372 3115; baseline 0 -24"><span class='ocrx_word' id='word_1_393' title='bbox 1988 3055 2167 3094; x_wconf 90' lang='lat' dir='ltr'><strong>meum</strong></span> <span class='ocrx_word' id='word_1_394' title='bbox 2201 3058 2372 3115; x_wconf 83' lang='lat' dir='ltr'><strong>prope</strong></span> 
     </span>
    </p>
   </div>
   <div class='ocr_carea' id='block_1_131' title="bbox 1987 3120 2352 3176">
    <p class='ocr_par' dir='ltr' id='par_1_131' title="bbox 1987 3120 2352 3176">
     <span class='ocr_line' id='line_1_131' title="bbox 1987 3120 2352 3176; baseline 0.011 -11"><span class='ocrx_word' id='word_1_395' title='bbox 1987 3120 2071 3165; x_wconf 86' lang='lat' dir='ltr'><strong>est</strong></span> <span class='ocrx_word' id='word_1_396' title='bbox 2092 3153 2106 3173; x_wconf 88' lang='lat'><strong>.</strong></span> <span class='ocrx_word' id='word_1_397' title='bbox 2138 3125 2269 3176; x_wconf 86' lang='lat' dir='ltr'><strong>aput</strong></span> <span class='ocrx_word' id='word_1_398' title='bbox 2300 3124 2352 3169; x_wconf 90' lang='lat' dir='ltr'><strong>te</strong></span> 
     </span>
    </p>
   </div>
   <div class='ocr_carea' id='block_1_132' title="bbox 1988 3181 2366 3239">
    <p class='ocr_par' dir='ltr' id='par_1_132' title="bbox 1988 3181 2366 3239">
     <span class='ocr_line' id='line_1_132' title="bbox 1988 3181 2366 3239; baseline 0.011 -4"><span class='ocrx_word' id='word_1_399' title='bbox 1988 3181 2129 3236; x_wconf 82' lang='lat' dir='ltr'><strong>facio</strong></span> <span class='ocrx_word' id='word_1_400' title='bbox 2159 3184 2366 3239; x_wconf 82' lang='lat' dir='ltr'><strong>Pascha</strong></span> 
     </span>
    </p>
   </div>
   <div class='ocr_carea' id='block_1_133' title="bbox 1986 3255 2383 3326">
    <p class='ocr_par' dir='ltr' id='par_1_133' title="bbox 1986 3255 2383 3326">
     <span class='ocr_line' id='line_1_133' title="bbox 1986 3255 2383 3326; baseline 0.02 -22"><span class='ocrx_word' id='word_1_401' title='bbox 1986 3268 2109 3326; x_wconf 75' lang='lat' dir='ltr'><strong>eum</strong></span> <span class='ocrx_word' id='word_1_402' title='bbox 2139 3255 2383 3326; x_wconf 91' lang='lat' dir='ltr'><strong>discipu-</strong></span> 
     </span>
    </p>
   </div>
   <div class='ocr_carea' id='block_1_134' title="bbox 1986 3324 2391 3380">
    <p class='ocr_par' dir='ltr' id='par_1_134' title="bbox 1986 3324 2391 3380">
     <span class='ocr_line' id='line_1_134' title="bbox 1986 3324 2391 3380; baseline 0.01 -4"><span class='ocrx_word' id='word_1_403' title='bbox 1986 3324 2233 3380; x_wconf 89' lang='lat' dir='ltr'><strong>lismeis.</strong></span> <span class='ocrx_word' id='word_1_404' title='bbox 2283 3324 2298 3326; x_wconf 66' lang='grc'><strong><em>“</em></strong></span> <span class='ocrx_word' id='word_1_405' title='bbox 2388 3328 2391 3331; x_wconf 71' lang='grc'><em>’</em></span> 
     </span>
    </p>
   </div>
   <div class='ocr_carea' id='block_1_135' title="bbox 1986 3395 2467 3454">
    <p class='ocr_par' dir='ltr' id='par_1_135' title="bbox 1986 3395 2467 3454">
     <span class='ocr_line' id='line_1_135' title="bbox 1986 3395 2467 3454; baseline 0.008 -4"><span class='ocrx_word' id='word_1_406' title='bbox 1986 3395 2075 3450; x_wconf 79' lang='grc'><strong>19.</strong></span> <span class='ocrx_word' id='word_1_407' title='bbox 2124 3397 2190 3451; x_wconf 83' lang='lat' dir='ltr'><strong>Et</strong></span> <span class='ocrx_word' id='word_1_408' title='bbox 2222 3396 2467 3454; x_wconf 82' lang='lat' dir='ltr'><strong>fecerunt</strong></span> 
     </span>
    </p>
   </div>
   <div class='ocr_carea' id='block_1_136' title="bbox 1986 3466 2236 3547">
    <p class='ocr_par' dir='ltr' id='par_1_136' title="bbox 1986 3466 2236 3547">
     <span class='ocr_line' id='line_1_136' title="bbox 1986 3466 2236 3547; baseline 0.008 -27"><span class='ocrx_word' id='word_1_409' title='bbox 1986 3466 2118 3547; x_wconf 80' lang='lat' dir='ltr'><strong>disci</strong></span> <span class='ocrx_word' id='word_1_410' title='bbox 2130 3469 2236 3536; x_wconf 88' lang='lat' dir='ltr'><strong>puli</strong></span> 
     </span>
    </p>
   </div>
   <div class='ocr_carea' id='block_1_137' title="bbox 1988 3550 2317 3608">
    <p class='ocr_par' dir='ltr' id='par_1_137' title="bbox 1988 3550 2317 3608">
     <span class='ocr_line' id='line_1_137' title="bbox 1988 3550 2317 3608; baseline 0.006 -16"><span class='ocrx_word' id='word_1_411' title='bbox 1988 3550 2127 3592; x_wconf 82' lang='lat' dir='ltr'><strong>Sicut</strong></span> <span class='ocrx_word' id='word_1_412' title='bbox 2160 3554 2317 3608; x_wconf 78' lang='lat' dir='ltr'><strong>prae-</strong></span> 
     </span>
    </p>
   </div>
   <div class='ocr_carea' id='block_1_138' title="bbox 2800 475 3192 544">
    <p class='ocr_par' dir='ltr' id='par_1_138' title="bbox 2800 475 3192 544">
     <span class='ocr_line' id='line_1_138' title="bbox 2800 475 3192 544; baseline -0.005 -14"><span class='ocrx_word' id='word_1_413' title='bbox 2800 475 2989 537; x_wconf 82' lang='lat' dir='ltr'><strong>Jesus,</strong></span> <span class='ocrx_word' id='word_1_414' title='bbox 3015 485 3069 529; x_wconf 90' lang='lat' dir='ltr'><strong>et</strong></span> <span class='ocrx_word' id='word_1_415' title='bbox 3099 488 3192 544; x_wconf 90' lang='lat' dir='ltr'><strong>pa-</strong></span> 
     </span>
    </p>
   </div>
   <div class='ocr_carea' id='block_1_139' title="bbox 2802 556 3061 601">
    <p class='ocr_par' dir='ltr' id='par_1_139' title="bbox 2802 556 3061 601">
     <span class='ocr_line' id='line_1_139' title="bbox 2802 556 3061 601; baseline -0.008 0"><span class='ocrx_word' id='word_1_416' title='bbox 2802 556 3061 601; x_wconf 89' lang='lat' dir='ltr'><strong>raverunt</strong></span> 
     </span>
    </p>
   </div>
   <div class='ocr_carea' id='block_1_140' title="bbox 2804 618 3034 672">
    <p class='ocr_par' dir='ltr' id='par_1_140' title="bbox 2804 618 3034 672">
     <span class='ocr_line' id='line_1_140' title="bbox 2804 618 3034 672; baseline 0.004 -1"><span class='ocrx_word' id='word_1_417' title='bbox 2804 618 3034 672; x_wconf 79' lang='lat' dir='ltr'><strong>Pascha.</strong></span> 
     </span>
    </p>
   </div>
   <div class='ocr_carea' id='block_1_141' title="bbox 2804 687 3308 757">
    <p class='ocr_par' dir='ltr' id='par_1_141' title="bbox 2804 687 3308 757">
     <span class='ocr_line' id='line_1_141' title="bbox 2804 687 3308 757; baseline -0.004 -13"><span class='ocrx_word' id='word_1_418' title='bbox 2804 688 2895 744; x_wconf 70' lang='lat'><strong>20.</strong></span> <span class='ocrx_word' id='word_1_419' title='bbox 2938 687 3186 757; x_wconf 80' lang='lat' dir='ltr'><strong>Vespere</strong></span> <span class='ocrx_word' id='word_1_420' title='bbox 3210 702 3308 742; x_wconf 91' lang='lat' dir='ltr'><strong>au-</strong></span> 
     </span>
    </p>
   </div>
   <div class='ocr_carea' id='block_1_142' title="bbox 2807 758 3122 826">
    <p class='ocr_par' dir='ltr' id='par_1_142' title="bbox 2807 758 3122 826">
     <span class='ocr_line' id='line_1_142' title="bbox 2807 758 3122 826; baseline -0.016 -11"><span class='ocrx_word' id='word_1_421' title='bbox 2807 770 2913 815; x_wconf 90' lang='lat' dir='ltr'><strong>tem</strong></span> <span class='ocrx_word' id='word_1_422' title='bbox 2944 758 3083 814; x_wconf 82' lang='lat' dir='ltr'><strong>facto</strong></span> <span class='ocrx_word' id='word_1_423' title='bbox 3106 801 3122 826; x_wconf 85' lang='grc'><strong>,</strong></span> 
     </span>
    </p>
   </div>
   <div class='ocr_carea' id='block_1_143' title="bbox 2805 832 3235 891">
    <p class='ocr_par' dir='ltr' id='par_1_143' title="bbox 2805 832 3235 891">
     <span class='ocr_line' id='line_1_143' title="bbox 2805 832 3235 891; baseline 0.002 -6"><span class='ocrx_word' id='word_1_424' title='bbox 2805 832 3079 886; x_wconf 87' lang='lat' dir='ltr'><strong>discubuit</strong></span> <span class='ocrx_word' id='word_1_425' title='bbox 3108 846 3235 891; x_wconf 84' lang='lat' dir='ltr'><strong>cum</strong></span> 
     </span>
    </p>
   </div>
   <div class='ocr_carea' id='block_1_144' title="bbox 2804 902 3213 973">
    <p class='ocr_par' dir='ltr' id='par_1_144' title="bbox 2804 902 3213 973">
     <span class='ocr_line' id='line_1_144' title="bbox 2804 902 3213 973; baseline -0.007 -16"><span class='ocrx_word' id='word_1_426' title='bbox 2804 919 2897 957; x_wconf 80' lang='lat' dir='ltr'><strong>xu.</strong></span> <span class='ocrx_word' id='word_1_427' title='bbox 2933 902 3213 973; x_wconf 88' lang='lat' dir='ltr'><strong>discipulis</strong></span> 
     </span>
    </p>
   </div>
   <div class='ocr_carea' id='block_1_145' title="bbox 2805 973 3363 1031">
    <p class='ocr_par' dir='ltr' id='par_1_145' title="bbox 2805 973 3363 1031">
     <span class='ocr_line' id='line_1_145' title="bbox 2805 973 3363 1031; baseline 0.009 -4"><span class='ocrx_word' id='word_1_428' title='bbox 2805 974 2896 1028; x_wconf 70' lang='lat' dir='ltr'><strong>2t.</strong></span> <span class='ocrx_word' id='word_1_429' title='bbox 2939 977 3075 1028; x_wconf 88' lang='lat' dir='ltr'><strong>suis.</strong></span> <span class='ocrx_word' id='word_1_430' title='bbox 3113 975 3176 1029; x_wconf 88' lang='lat' dir='ltr'><strong>Et</strong></span> <span class='ocrx_word' id='word_1_431' title='bbox 3197 973 3363 1031; x_wconf 87' lang='lat' dir='ltr'><strong>eden-</strong></span> 
     </span>
    </p>
   </div>
   <div class='ocr_carea' id='block_1_146' title="bbox 2806 1046 3113 1114">
    <p class='ocr_par' dir='ltr' id='par_1_146' title="bbox 2806 1046 3113 1114">
     <span class='ocr_line' id='line_1_146' title="bbox 2806 1046 3113 1114; baseline 0.003 -15"><span class='ocrx_word' id='word_1_432' title='bbox 2806 1046 2948 1101; x_wconf 90' lang='lat' dir='ltr'><strong>tibus</strong></span> <span class='ocrx_word' id='word_1_433' title='bbox 2970 1046 3113 1114; x_wconf 89' lang='lat' dir='ltr'><strong>illis,</strong></span> 
     </span>
    </p>
   </div>
   <div class='ocr_carea' id='block_1_147' title="bbox 2806 1116 2994 1171">
    <p class='ocr_par' dir='ltr' id='par_1_147' title="bbox 2806 1116 2994 1171">
     <span class='ocr_line' id='line_1_147' title="bbox 2806 1116 2994 1171; baseline -0.011 0"><span class='ocrx_word' id='word_1_434' title='bbox 2806 1116 2941 1171; x_wconf 81' lang='lat' dir='ltr'><strong>dixit</strong></span> <span class='ocrx_word' id='word_1_435' title='bbox 2982 1135 2994 1169; x_wconf 89' lang='lat'><strong>:</strong></span> 
     </span>
    </p>
   </div>
   <div class='ocr_carea' id='block_1_148' title="bbox 2806 1187 3139 1243">
    <p class='ocr_par' dir='ltr' id='par_1_148' title="bbox 2806 1187 3139 1243">
     <span class='ocr_line' id='line_1_148' title="bbox 2806 1187 3139 1243; baseline 0 0"><span class='ocrx_word' id='word_1_436' title='bbox 2806 1188 2981 1243; x_wconf 82' lang='lat' dir='ltr'><strong>Amen</strong></span> <span class='ocrx_word' id='word_1_437' title='bbox 3013 1187 3139 1243; x_wconf 91' lang='lat' dir='ltr'><strong>dico</strong></span> 
     </span>
    </p>
   </div>
   <div class='ocr_carea' id='block_1_149' title="bbox 2808 1260 3181 1328">
    <p class='ocr_par' dir='ltr' id='par_1_149' title="bbox 2808 1260 3181 1328">
     <span class='ocr_line' id='line_1_149' title="bbox 2808 1260 3181 1328; baseline 0.005 -15"><span class='ocrx_word' id='word_1_438' title='bbox 2808 1260 2963 1313; x_wconf 83' lang='lat' dir='ltr'><strong>vobis</strong></span> <span class='ocrx_word' id='word_1_439' title='bbox 2989 1302 3002 1325; x_wconf 87' lang='lat'><strong>,</strong></span> <span class='ocrx_word' id='word_1_440' title='bbox 3038 1261 3181 1328; x_wconf 88' lang='lat' dir='ltr'><strong>quod</strong></span> 
     </span>
    </p>
   </div>
   <div class='ocr_carea' id='block_1_150' title="bbox 2809 1341 3219 1387">
    <p class='ocr_par' dir='ltr' id='par_1_150' title="bbox 2809 1341 3219 1387">
     <span class='ocr_line' id='line_1_150' title="bbox 2809 1341 3219 1387; baseline 0.007 -2"><span class='ocrx_word' id='word_1_441' title='bbox 2809 1346 2950 1385; x_wconf 87' lang='lat' dir='ltr'><strong>unus</strong></span> <span class='ocrx_word' id='word_1_442' title='bbox 2978 1341 3219 1387; x_wconf 89' lang='lat' dir='ltr'><strong>vestrum</strong></span> 
     </span>
    </p>
   </div>
   <div class='ocr_carea' id='block_1_151' title="bbox 2810 1403 3162 1459">
    <p class='ocr_par' dir='ltr' id='par_1_151' title="bbox 2810 1403 3162 1459">
     <span class='ocr_line' id='line_1_151' title="bbox 2810 1403 3162 1459; baseline 0.006 -2"><span class='ocrx_word' id='word_1_443' title='bbox 2810 1418 2897 1457; x_wconf 91' lang='lat' dir='ltr'><strong>me</strong></span> <span class='ocrx_word' id='word_1_444' title='bbox 2932 1403 3162 1459; x_wconf 85' lang='lat' dir='ltr'><strong>traditu-</strong></span> 
     </span>
    </p>
   </div>
   <div class='ocr_carea' id='block_1_152' title="bbox 2812 1482 3037 1528">
    <p class='ocr_par' dir='ltr' id='par_1_152' title="bbox 2812 1482 3037 1528">
     <span class='ocr_line' id='line_1_152' title="bbox 2812 1482 3037 1528; baseline 0 -1"><span class='ocrx_word' id='word_1_445' title='bbox 2812 1489 2905 1528; x_wconf 88' lang='lat' dir='ltr'><strong>rus</strong></span> <span class='ocrx_word' id='word_1_446' title='bbox 2934 1482 3037 1527; x_wconf 74' lang='lat' dir='ltr'><strong>85L</strong></span> 
     </span>
    </p>
   </div>
   <div class='ocr_carea' id='block_1_153' title="bbox 2814 1545 3252 1614">
    <p class='ocr_par' dir='ltr' id='par_1_153' title="bbox 2814 1545 3252 1614">
     <span class='ocr_line' id='line_1_153' title="bbox 2814 1545 3252 1614; baseline 0.007 -16"><span class='ocrx_word' id='word_1_447' title='bbox 2814 1545 2906 1598; x_wconf 72' lang='lat'><strong>22.</strong></span> <span class='ocrx_word' id='word_1_448' title='bbox 2952 1546 3017 1599; x_wconf 88' lang='lat' dir='ltr'><strong>Et</strong></span> <span class='ocrx_word' id='word_1_449' title='bbox 3050 1546 3252 1614; x_wconf 86' lang='lat' dir='ltr'><strong>contri-</strong></span> 
     </span>
    </p>
   </div>
   <div class='ocr_carea' id='block_1_154' title="bbox 2814 1617 3166 1685">
    <p class='ocr_par' dir='ltr' id='par_1_154' title="bbox 2814 1617 3166 1685">
     <span class='ocr_line' id='line_1_154' title="bbox 2814 1617 3166 1685; baseline 0.006 -14"><span class='ocrx_word' id='word_1_450' title='bbox 2814 1617 2941 1671; x_wconf 85' lang='lat' dir='ltr'><strong>stati</strong></span> <span class='ocrx_word' id='word_1_451' title='bbox 2972 1618 3130 1672; x_wconf 88' lang='lat' dir='ltr'><strong>uimis</strong></span> <span class='ocrx_word' id='word_1_452' title='bbox 3150 1660 3166 1685; x_wconf 94' lang='lat'><strong>,</strong></span> 
     </span>
    </p>
   </div>
   <div class='ocr_carea' id='block_1_155' title="bbox 2814 1696 3223 1756">
    <p class='ocr_par' dir='ltr' id='par_1_155' title="bbox 2814 1696 3223 1756">
     <span class='ocr_line' id='line_1_155' title="bbox 2814 1696 3223 1756; baseline -0.005 -13"><span class='ocrx_word' id='word_1_453' title='bbox 2814 1696 3113 1756; x_wconf 85' lang='lat' dir='ltr'><strong>Coeperunt</strong></span> <span class='ocrx_word' id='word_1_454' title='bbox 3222 1738 3223 1741; x_wconf 45' lang='grc' dir='ltr'><strong>η</strong></span> 
     </span>
    </p>
   </div>
   <div class='ocr_carea' id='block_1_156' title="bbox 2814 1759 3191 1828">
    <p class='ocr_par' dir='ltr' id='par_1_156' title="bbox 2814 1759 3191 1828">
     <span class='ocr_line' id='line_1_156' title="bbox 2814 1759 3191 1828; baseline 0.008 -14"><span class='ocrx_word' id='word_1_455' title='bbox 2814 1759 3010 1828; x_wconf 87' lang='lat' dir='ltr'><strong>singuli</strong></span> <span class='ocrx_word' id='word_1_456' title='bbox 3043 1759 3191 1817; x_wconf 90' lang='lat' dir='ltr'><strong>dice-</strong></span> 
     </span>
    </p>
   </div>
   <div class='ocr_carea' id='block_1_157' title="bbox 2814 1830 3218 1897">
    <p class='ocr_par' dir='ltr' id='par_1_157' title="bbox 2814 1830 3218 1897">
     <span class='ocr_line' id='line_1_157' title="bbox 2814 1830 3218 1897; baseline 0.01 -13"><span class='ocrx_word' id='word_1_457' title='bbox 2814 1846 2875 1884; x_wconf 90' lang='lat' dir='ltr'><strong>re</strong></span> <span class='ocrx_word' id='word_1_458' title='bbox 2901 1849 2912 1883; x_wconf 89' lang='lat'>:</span> <span class='ocrx_word' id='word_1_459' title='bbox 2943 1830 3218 1897; x_wconf 86' lang='lat' dir='ltr'><strong>Numquid</strong></span> 
     </span>
    </p>
   </div>
   <div class='ocr_carea' id='block_1_158' title="bbox 2815 1903 3202 1971">
    <p class='ocr_par' dir='ltr' id='par_1_158' title="bbox 2815 1903 3202 1971">
     <span class='ocr_line' id='line_1_158' title="bbox 2815 1903 3202 1971; baseline 0.008 -15"><span class='ocrx_word' id='word_1_460' title='bbox 2815 1916 2916 1971; x_wconf 90' lang='lat' dir='ltr'><strong>ego</strong></span> <span class='ocrx_word' id='word_1_461' title='bbox 2946 1917 3063 1955; x_wconf 90' lang='lat' dir='ltr'><strong>sum</strong></span> <span class='ocrx_word' id='word_1_462' title='bbox 3098 1903 3202 1959; x_wconf 89' lang='lat' dir='ltr'><strong>Do-</strong></span> 
     </span>
    </p>
   </div>
   <div class='ocr_carea' id='block_1_159' title="bbox 2816 1974 3008 2028">
    <p class='ocr_par' dir='ltr' id='par_1_159' title="bbox 2816 1974 3008 2028">
     <span class='ocr_line' id='line_1_159' title="bbox 2816 1974 3008 2028; baseline 0.01 -2"><span class='ocrx_word' id='word_1_463' title='bbox 2816 1974 3008 2028; x_wconf 84' lang='lat' dir='ltr'><strong>mine?</strong></span> 
     </span>
    </p>
   </div>
   <div class='ocr_carea' id='block_1_160' title="bbox 2815 2043 3295 2115">
    <p class='ocr_par' dir='ltr' id='par_1_160' title="bbox 2815 2043 3295 2115">
     <span class='ocr_line' id='line_1_160' title="bbox 2815 2043 3295 2115; baseline 0.013 -18"><span class='ocrx_word' id='word_1_464' title='bbox 2815 2043 2909 2099; x_wconf 74' lang='lat'><strong>25.</strong></span> <span class='ocrx_word' id='word_1_465' title='bbox 2951 2045 3030 2099; x_wconf 90' lang='lat' dir='ltr'><strong>Ad</strong></span> <span class='ocrx_word' id='word_1_466' title='bbox 3063 2046 3177 2115; x_wconf 89' lang='lat' dir='ltr'><strong>ipse</strong></span> <span class='ocrx_word' id='word_1_467' title='bbox 3208 2062 3295 2103; x_wconf 86' lang='lat' dir='ltr'><strong>re-</strong></span> 
     </span>
    </p>
   </div>
   <div class='ocr_carea' id='block_1_161' title="bbox 2815 2116 3286 2182">
    <p class='ocr_par' dir='ltr' id='par_1_161' title="bbox 2815 2116 3286 2182">
     <span class='ocr_line' id='line_1_161' title="bbox 2815 2116 3286 2182; baseline 0.011 -14"><span class='ocrx_word' id='word_1_468' title='bbox 2815 2116 3094 2182; x_wconf 85' lang='lat' dir='ltr'><strong>Spondens</strong></span> <span class='ocrx_word' id='word_1_469' title='bbox 3124 2159 3138 2181; x_wconf 90' lang='lat'><strong>,</strong></span> <span class='ocrx_word' id='word_1_470' title='bbox 3163 2120 3238 2173; x_wconf 86' lang='lat' dir='ltr'><strong>ait</strong></span> <span class='ocrx_word' id='word_1_471' title='bbox 3273 2136 3286 2172; x_wconf 75' lang='grc' dir='ltr'>ε</span> 
     </span>
    </p>
   </div>
   <div class='ocr_carea' id='block_1_162' title="bbox 2815 2187 3163 2259">
    <p class='ocr_par' dir='ltr' id='par_1_162' title="bbox 2815 2187 3163 2259">
     <span class='ocr_line' id='line_1_162' title="bbox 2815 2187 3163 2259; baseline 0.009 -19"><span class='ocrx_word' id='word_1_472' title='bbox 2815 2187 2915 2255; x_wconf 89' lang='lat' dir='ltr'><strong>Qui</strong></span> <span class='ocrx_word' id='word_1_473' title='bbox 2948 2188 3163 2259; x_wconf 84' lang='lat' dir='ltr'><strong>intingit</strong></span> 
     </span>
    </p>
   </div>
   <div class='ocr_carea' id='block_1_163' title="bbox 2816 2274 3282 2317">
    <p class='ocr_par' dir='ltr' id='par_1_163' title="bbox 2816 2274 3282 2317">
     <span class='ocr_line' id='line_1_163' title="bbox 2816 2274 3282 2317; baseline 0.011 -5"><span class='ocrx_word' id='word_1_474' title='bbox 2816 2274 3029 2313; x_wconf 88' lang='lat' dir='ltr'><strong>mecum</strong></span> <span class='ocrx_word' id='word_1_475' title='bbox 3064 2276 3282 2317; x_wconf 91' lang='lat' dir='ltr'><strong>manum</strong></span> 
     </span>
    </p>
   </div>
   <div class='ocr_carea' id='block_1_164' title="bbox 2818 2330 3221 2399">
    <p class='ocr_par' dir='ltr' id='par_1_164' title="bbox 2818 2330 3221 2399">
     <span class='ocr_line' id='line_1_164' title="bbox 2818 2330 3221 2399; baseline 0.01 -16"><span class='ocrx_word' id='word_1_476' title='bbox 2818 2330 2872 2383; x_wconf 91' lang='lat' dir='ltr'><strong>in</strong></span> <span class='ocrx_word' id='word_1_477' title='bbox 2904 2331 3189 2399; x_wconf 80' lang='lat' dir='ltr'><strong>parabside</strong></span> <span class='ocrx_word' id='word_1_478' title='bbox 3205 2373 3221 2398; x_wconf 92' lang='lat'><strong>,</strong></span> 
     </span>
    </p>
   </div>
   <div class='ocr_carea' id='block_1_165' title="bbox 2819 2400 3282 2455">
    <p class='ocr_par' dir='ltr' id='par_1_165' title="bbox 2819 2400 3282 2455">
     <span class='ocr_line' id='line_1_165' title="bbox 2819 2400 3282 2455; baseline 0.009 -2"><span class='ocrx_word' id='word_1_479' title='bbox 2819 2400 2909 2455; x_wconf 90' lang='lat' dir='ltr'><strong>hic</strong></span> <span class='ocrx_word' id='word_1_480' title='bbox 2938 2417 3023 2455; x_wconf 92' lang='lat' dir='ltr'><strong>me</strong></span> <span class='ocrx_word' id='word_1_481' title='bbox 3052 2410 3161 2455; x_wconf 90' lang='lat' dir='ltr'><strong>tra-</strong></span> <span class='ocrx_word' id='word_1_482' title='bbox 3266 2426 3282 2432; x_wconf 85' lang='lat'><em>-</em></span> 
     </span>
    </p>
   </div>
   <div class='ocr_carea' id='block_1_166' title="bbox 2816 2470 3264 2528">
    <p class='ocr_par' dir='ltr' id='par_1_166' title="bbox 2816 2470 3264 2528">
     <span class='ocr_line' id='line_1_166' title="bbox 2816 2470 3264 2528; baseline 0.007 -4"><span class='ocrx_word' id='word_1_483' title='bbox 2816 2470 2909 2525; x_wconf 71' lang='grc'><strong>24.</strong></span> <span class='ocrx_word' id='word_1_484' title='bbox 2952 2472 3064 2525; x_wconf 90' lang='lat' dir='ltr'><strong>det.</strong></span> <span class='ocrx_word' id='word_1_485' title='bbox 3093 2473 3264 2528; x_wconf 84' lang='lat' dir='ltr'><strong>Filius</strong></span> 
     </span>
    </p>
   </div>
   <div class='ocr_carea' id='block_1_167' title="bbox 2819 2541 3169 2611">
    <p class='ocr_par' dir='ltr' id='par_1_167' title="bbox 2819 2541 3169 2611">
     <span class='ocr_line' id='line_1_167' title="bbox 2819 2541 3169 2611; baseline 0.006 -17"><span class='ocrx_word' id='word_1_486' title='bbox 2819 2541 3036 2611; x_wconf 90' lang='lat' dir='ltr'><strong>quidem</strong></span> <span class='ocrx_word' id='word_1_487' title='bbox 3068 2544 3169 2596; x_wconf 88' lang='lat' dir='ltr'><strong>ho-</strong></span> 
     </span>
    </p>
   </div>
   <div class='ocr_carea' id='block_1_168' title="bbox 2819 2614 3191 2679">
    <p class='ocr_par' dir='ltr' id='par_1_168' title="bbox 2819 2614 3191 2679">
     <span class='ocr_line' id='line_1_168' title="bbox 2819 2614 3191 2679; baseline 0.008 -13"><span class='ocrx_word' id='word_1_488' title='bbox 2819 2614 2983 2667; x_wconf 91' lang='lat' dir='ltr'><strong>minis</strong></span> <span class='ocrx_word' id='word_1_489' title='bbox 3010 2615 3191 2679; x_wconf 71' lang='lat' dir='ltr'><strong>vadit,</strong></span> 
     </span>
    </p>
   </div>
   <div class='ocr_carea' id='block_1_169' title="bbox 2820 2684 3253 2756">
    <p class='ocr_par' dir='ltr' id='par_1_169' title="bbox 2820 2684 3253 2756">
     <span class='ocr_line' id='line_1_169' title="bbox 2820 2684 3253 2756; baseline 0.009 -17"><span class='ocrx_word' id='word_1_490' title='bbox 2820 2684 2965 2739; x_wconf 91' lang='lat' dir='ltr'><strong>sicut</strong></span> <span class='ocrx_word' id='word_1_491' title='bbox 2992 2687 3253 2756; x_wconf 90' lang='lat' dir='ltr'><strong>scriptum</strong></span> 
     </span>
    </p>
   </div>
   <div class='ocr_carea' id='block_1_170' title="bbox 2820 2756 3155 2811">
    <p class='ocr_par' dir='ltr' id='par_1_170' title="bbox 2820 2756 3155 2811">
     <span class='ocr_line' id='line_1_170' title="bbox 2820 2756 3155 2811; baseline 0.003 -1"><span class='ocrx_word' id='word_1_492' title='bbox 2820 2766 2905 2810; x_wconf 88' lang='lat' dir='ltr'><strong>est</strong></span> <span class='ocrx_word' id='word_1_493' title='bbox 2931 2756 2997 2811; x_wconf 91' lang='lat' dir='ltr'><strong>de</strong></span> <span class='ocrx_word' id='word_1_494' title='bbox 3021 2758 3113 2811; x_wconf 91' lang='lat' dir='ltr'><strong>illo</strong></span> <span class='ocrx_word' id='word_1_495' title='bbox 3144 2776 3155 2811; x_wconf 86' lang='lat'><strong>:</strong></span> 
     </span>
    </p>
   </div>
   <div class='ocr_carea' id='block_1_171' title="bbox 2822 2840 3133 2883">
    <p class='ocr_par' dir='ltr' id='par_1_171' title="bbox 2822 2840 3133 2883">
     <span class='ocr_line' id='line_1_171' title="bbox 2822 2840 3133 2883; baseline 0.013 -4"><span class='ocrx_word' id='word_1_496' title='bbox 2822 2842 2919 2882; x_wconf 90' lang='lat' dir='ltr'><strong>vae</strong></span> <span class='ocrx_word' id='word_1_497' title='bbox 2950 2840 3133 2883; x_wconf 87' lang='lat' dir='ltr'><strong>autem</strong></span> 
     </span>
    </p>
   </div>
   <div class='ocr_carea' id='block_1_172' title="bbox 2822 2898 3203 2956">
    <p class='ocr_par' dir='ltr' id='par_1_172' title="bbox 2822 2898 3203 2956">
     <span class='ocr_line' id='line_1_172' title="bbox 2822 2898 3203 2956; baseline 0.013 -5"><span class='ocrx_word' id='word_1_498' title='bbox 2822 2898 3029 2954; x_wconf 87' lang='lat' dir='ltr'><strong>homini</strong></span> <span class='ocrx_word' id='word_1_499' title='bbox 3080 2900 3157 2955; x_wconf 91' lang='lat' dir='ltr'><strong>illi</strong></span> <span class='ocrx_word' id='word_1_500' title='bbox 3189 2918 3203 2956; x_wconf 91' lang='lat'><strong>:</strong></span> 
     </span>
    </p>
   </div>
   <div class='ocr_carea' id='block_1_173' title="bbox 2821 2971 3267 3096">
    <p class='ocr_par' dir='ltr' id='par_1_173' title="bbox 2821 2971 3267 3096">
     <span class='ocr_line' id='line_1_173' title="bbox 2821 2971 3267 3096; baseline 0.009 -72"><span class='ocrx_word' id='word_1_501' title='bbox 2821 2985 2919 3096; x_wconf 65' lang='lat' dir='ltr'><strong>per</strong></span> <span class='ocrx_word' id='word_1_502' title='bbox 2940 2986 3100 3054; x_wconf 77' lang='lat' dir='ltr'><strong>quem</strong></span> <span class='ocrx_word' id='word_1_503' title='bbox 3124 2971 3267 3028; x_wconf 80' lang='lat' dir='ltr'><strong>[ilius</strong></span> 
     </span>
     <span class='ocr_line' id='line_1_174' title="bbox 2863 3054 3195 3096; baseline 0.006 -1"><span class='ocrx_word' id='word_1_504' title='bbox 2863 3056 3061 3096; x_wconf 82' lang='lat' dir='ltr'><strong>OmlllIS</strong></span> <span class='ocrx_word' id='word_1_505' title='bbox 3090 3054 3195 3096; x_wconf 87' lang='lat' dir='ltr'><strong>tra-</strong></span> 
     </span>
    </p>
   </div>
   <div class='ocr_carea' id='block_1_174' title="bbox 2863 3044 3195 3098">
    <p class='ocr_par' dir='ltr' id='par_1_174' title="bbox 2863 3044 3195 3098">
     <span class='ocr_line' id='line_1_175' title="bbox 2863 3044 3195 3098; baseline 0.009 -3"><span class='ocrx_word' id='word_1_506' title='bbox 2863 3044 3061 3098; x_wconf 89' lang='lat' dir='ltr'><strong>omiuis</strong></span> <span class='ocrx_word' id='word_1_507' title='bbox 3090 3054 3195 3098; x_wconf 88' lang='lat' dir='ltr'><strong>tra-</strong></span> 
     </span>
    </p>
   </div>
   <div class='ocr_carea' id='block_1_175' title="bbox 2822 3113 3009 3167">
    <p class='ocr_par' dir='ltr' id='par_1_175' title="bbox 2822 3113 3009 3167">
     <span class='ocr_line' id='line_1_176' title="bbox 2822 3113 3009 3167; baseline 0.005 -1"><span class='ocrx_word' id='word_1_508' title='bbox 2822 3113 2969 3167; x_wconf 90' lang='lat' dir='ltr'><strong>ditur</strong></span> <span class='ocrx_word' id='word_1_509' title='bbox 2996 3132 3009 3167; x_wconf 89' lang='lat'><strong>:</strong></span> 
     </span>
    </p>
   </div>
   <div class='ocr_carea' id='block_1_176' title="bbox 2823 3184 3175 3240">
    <p class='ocr_par' dir='ltr' id='par_1_176' title="bbox 2823 3184 3175 3240">
     <span class='ocr_line' id='line_1_177' title="bbox 2823 3184 3175 3240; baseline 0.009 -3"><span class='ocrx_word' id='word_1_510' title='bbox 2823 3184 3025 3238; x_wconf 90' lang='lat' dir='ltr'><strong>bonum</strong></span> <span class='ocrx_word' id='word_1_511' title='bbox 3056 3196 3175 3240; x_wconf 87' lang='lat' dir='ltr'><strong>erat</strong></span> 
     </span>
    </p>
   </div>
   <div class='ocr_carea' id='block_1_177' title="bbox 2782 3256 3137 3318">
    <p class='ocr_par' dir='ltr' id='par_1_177' title="bbox 2782 3256 3137 3318">
     <span class='ocr_line' id='line_1_178' title="bbox 2782 3256 3137 3318; baseline 0.003 -10"><span class='ocrx_word' id='word_1_512' title='bbox 2782 3308 2787 3318; x_wconf 84' lang='grc'><strong><em>,</em></strong></span> <span class='ocrx_word' id='word_1_513' title='bbox 2824 3257 3028 3311; x_wconf 88' lang='lat' dir='ltr'><strong>homini</strong></span> <span class='ocrx_word' id='word_1_514' title='bbox 3061 3256 3137 3310; x_wconf 94' lang='lat' dir='ltr'><strong>illi</strong></span> 
     </span>
    </p>
   </div>
   <div class='ocr_carea' id='block_1_178' title="bbox 2819 3328 3224 3383">
    <p class='ocr_par' dir='ltr' id='par_1_178' title="bbox 2819 3328 3224 3383">
     <span class='ocr_line' id='line_1_179' title="bbox 2819 3328 3224 3383; baseline 0.002 -3"><span class='ocrx_word' id='word_1_515' title='bbox 2819 3328 3028 3382; x_wconf 68' lang='lat' dir='ltr'><strong>25.non</strong></span> <span class='ocrx_word' id='word_1_516' title='bbox 3055 3328 3224 3383; x_wconf 87' lang='lat' dir='ltr'><strong>nasci.</strong></span> 
     </span>
    </p>
   </div>
   <div class='ocr_carea' id='block_1_179' title="bbox 2823 3399 3180 3467">
    <p class='ocr_par' dir='ltr' id='par_1_179' title="bbox 2823 3399 3180 3467">
     <span class='ocr_line' id='line_1_180' title="bbox 2823 3399 3180 3467; baseline 0.003 -14"><span class='ocrx_word' id='word_1_517' title='bbox 2823 3399 3180 3467; x_wconf 80' lang='lat' dir='ltr'><strong>Respondeas</strong></span> 
     </span>
    </p>
   </div>
   <div class='ocr_carea' id='block_1_180' title="bbox 2822 3469 3342 3541">
    <p class='ocr_par' dir='ltr' id='par_1_180' title="bbox 2822 3469 3342 3541">
     <span class='ocr_line' id='line_1_181' title="bbox 2822 3469 3342 3541; baseline -0.002 -18"><span class='ocrx_word' id='word_1_518' title='bbox 2822 3480 3005 3525; x_wconf 86' lang='lat' dir='ltr'><strong>autem</strong></span> <span class='ocrx_word' id='word_1_519' title='bbox 3037 3470 3225 3532; x_wconf 81' lang='lat' dir='ltr'><strong>Judas,</strong></span> <span class='ocrx_word' id='word_1_520' title='bbox 3261 3469 3342 3541; x_wconf 82' lang='grc' dir='ltr'><strong>(ά)</strong></span> 
     </span>
    </p>
   </div>
   <div class='ocr_carea' id='block_1_181' title="bbox 2820 3541 3245 3611">
    <p class='ocr_par' dir='ltr' id='par_1_181' title="bbox 2820 3541 3245 3611">
     <span class='ocr_line' id='line_1_182' title="bbox 2820 3541 3245 3611; baseline 0 -15"><span class='ocrx_word' id='word_1_521' title='bbox 2820 3541 2911 3611; x_wconf 89' lang='lat' dir='ltr'><strong>qui</strong></span> <span class='ocrx_word' id='word_1_522' title='bbox 2945 3543 3245 3596; x_wconf 87' lang='lat' dir='ltr'><strong>traditurus</strong></span> 
     </span>
    </p>
   </div>
   <div class='ocr_carea' id='block_1_182' title="bbox 3455 288 3565 348">
    <p class='ocr_par' dir='ltr' id='par_1_182' title="bbox 3455 288 3565 348">
     <span class='ocr_line' id='line_1_183' title="bbox 3455 288 3565 348; baseline -0.027 -1"><span class='ocrx_word' id='word_1_523' title='bbox 3455 288 3565 348; x_wconf 69' lang='lat'><strong>3‘36</strong></span> 
     </span>
    </p>
   </div>
   <div class='ocr_carea' id='block_1_183' title="bbox 1118 3610 1548 3681">
    <p class='ocr_par' dir='ltr' id='par_1_183' title="bbox 1118 3610 1548 3681">
     <span class='ocr_line' id='line_1_184' title="bbox 1118 3610 1548 3681; baseline 0.002 -18"><span class='ocrx_word' id='word_1_524' title='bbox 1118 3610 1329 3666; x_wconf 89' lang='lat' dir='ltr'><strong>diturus</strong></span> <span class='ocrx_word' id='word_1_525' title='bbox 1357 3621 1475 3666; x_wconf 91' lang='lat' dir='ltr'><strong>erat</strong></span> <span class='ocrx_word' id='word_1_526' title='bbox 1510 3611 1548 3681; x_wconf 56' lang='grc' dir='ltr'><em>ἦα</em></span> 
     </span>
    </p>
   </div>
   <div class='ocr_carea' id='block_1_184' title="bbox 706 3696 1433 3758">
    <p class='ocr_par' dir='ltr' id='par_1_184' title="bbox 706 3696 1433 3758">
     <span class='ocr_line' id='line_1_185' title="bbox 706 3696 1433 3758; baseline 0.007 -5"><span class='ocrx_word' id='word_1_527' title='bbox 706 3696 933 3754; x_wconf 82' lang='lat' dir='ltr'><strong>CODEX</strong></span> <span class='ocrx_word' id='word_1_528' title='bbox 965 3697 1433 3758; x_wconf 75' lang='lat' dir='ltr'><strong>CORBEIENSIS.</strong></span> 
     </span>
    </p>
   </div>
   <div class='ocr_carea' id='block_1_185' title="bbox 260 3792 1878 3863">
    <p class='ocr_par' dir='ltr' id='par_1_185' title="bbox 260 3792 1878 3863">
     <span class='ocr_line' id='line_1_186' title="bbox 260 3792 1878 3863; baseline -0.003 -12"><span class='ocrx_word' id='word_1_529' title='bbox 260 3797 415 3851; x_wconf 85' lang='lat' dir='ltr'><strong>riam</strong></span> <span class='ocrx_word' id='word_1_530' title='bbox 457 3793 596 3861; x_wconf 88' lang='lat' dir='ltr'><strong>ejus.</strong></span> <span class='ocrx_word' id='word_1_531' title='bbox 642 3792 789 3846; x_wconf 91' lang='lat' dir='ltr'><strong>Tunc</strong></span> <span class='ocrx_word' id='word_1_532' title='bbox 830 3794 962 3846; x_wconf 90' lang='lat' dir='ltr'><strong>ahiit</strong></span> <span class='ocrx_word' id='word_1_533' title='bbox 993 3810 1131 3848; x_wconf 87' lang='lat' dir='ltr'><strong>unus</strong></span> <span class='ocrx_word' id='word_1_534' title='bbox 1170 3811 1236 3850; x_wconf 83' lang='lat' dir='ltr'><strong>ex</strong></span> <span class='ocrx_word' id='word_1_535' title='bbox 1276 3795 1599 3857; x_wconf 86' lang='lat' dir='ltr'><strong>duodecim,</strong></span> <span class='ocrx_word' id='word_1_536' title='bbox 1649 3793 1738 3863; x_wconf 92' lang='lat' dir='ltr'><strong>qui</strong></span> <span class='ocrx_word' id='word_1_537' title='bbox 1798 3792 1878 3847; x_wconf 86' lang='lat' dir='ltr'><strong>di-</strong></span> 
     </span>
    </p>
   </div>
   <div class='ocr_carea' id='block_1_186' title="bbox 262 3864 1879 3936">
    <p class='ocr_par' dir='ltr' id='par_1_186' title="bbox 262 3864 1879 3936">
     <span class='ocr_line' id='line_1_187' title="bbox 262 3864 1879 3936; baseline -0.001 -15"><span class='ocrx_word' id='word_1_538' title='bbox 262 3868 500 3921; x_wconf 85' lang='lat' dir='ltr'><strong>cebatur</strong></span> <span class='ocrx_word' id='word_1_539' title='bbox 524 3864 964 3936; x_wconf 73' lang='lat' dir='ltr'><strong>JttilasScat&#39;iot,</strong></span> <span class='ocrx_word' id='word_1_540' title='bbox 1005 3866 1069 3917; x_wconf 90' lang='lat' dir='ltr'><strong>ad</strong></span> <span class='ocrx_word' id='word_1_541' title='bbox 1102 3869 1369 3936; x_wconf 72' lang='lat' dir='ltr'><strong>principes</strong></span> <span class='ocrx_word' id='word_1_542' title='bbox 1412 3866 1777 3925; x_wconf 88' lang='lat' dir='ltr'><strong>sacerdotum,</strong></span> <span class='ocrx_word' id='word_1_543' title='bbox 1824 3873 1879 3919; x_wconf 89' lang='lat' dir='ltr'><strong>et</strong></span> 
     </span>
    </p>
   </div>
   <div class='ocr_carea' id='block_1_187' title="bbox 263 3935 1874 4006">
    <p class='ocr_par' dir='ltr' id='par_1_187' title="bbox 263 3935 1874 4006">
     <span class='ocr_line' id='line_1_188' title="bbox 263 3935 1874 4006; baseline -0.002 -14"><span class='ocrx_word' id='word_1_544' title='bbox 263 3942 353 3992; x_wconf 81' lang='lat' dir='ltr'><strong>ait</strong></span> <span class='ocrx_word' id='word_1_545' title='bbox 395 3938 500 3991; x_wconf 86' lang='lat' dir='ltr'><strong>illis</strong></span> <span class='ocrx_word' id='word_1_546' title='bbox 534 3954 546 3987; x_wconf 83' lang='lat'><strong><em>:</em></strong></span> <span class='ocrx_word' id='word_1_547' title='bbox 577 3935 923 4002; x_wconf 82' lang='lat' dir='ltr'><strong>Quid’vultis</strong></span> <span class='ocrx_word' id='word_1_548' title='bbox 964 3938 1095 3989; x_wconf 89' lang='lat' dir='ltr'><strong>mihi</strong></span> <span class='ocrx_word' id='word_1_549' title='bbox 1134 3935 1293 4002; x_wconf 86' lang='lat' dir='ltr'><strong>dare,</strong></span> <span class='ocrx_word' id='word_1_550' title='bbox 1336 3949 1387 3993; x_wconf 90' lang='lat' dir='ltr'><strong>et</strong></span> <span class='ocrx_word' id='word_1_551' title='bbox 1418 3954 1519 4006; x_wconf 85' lang='lat' dir='ltr'><strong>ego</strong></span> <span class='ocrx_word' id='word_1_552' title='bbox 1562 3938 1710 3991; x_wconf 82' lang='lat' dir='ltr'><strong>vobis</strong></span> <span class='ocrx_word' id='word_1_553' title='bbox 1752 3951 1874 3989; x_wconf 90' lang='lat' dir='ltr'><strong>eum</strong></span> 
     </span>
    </p>
   </div>
   <div class='ocr_carea' id='block_1_188' title="bbox 266 4007 1871 4079">
    <p class='ocr_par' dir='ltr' id='par_1_188' title="bbox 266 4007 1871 4079">
     <span class='ocr_line' id='line_1_189' title="bbox 266 4007 1871 4079; baseline -0.002 -16"><span class='ocrx_word' id='word_1_554' title='bbox 266 4010 486 4063; x_wconf 78' lang='lat' dir='ltr'><strong>tradant</strong></span> <span class='ocrx_word' id='word_1_555' title='bbox 514 4007 536 4059; x_wconf 73' lang='grc' dir='ltr'><em>ἲ</em></span> <span class='ocrx_word' id='word_1_556' title='bbox 588 4008 655 4061; x_wconf 80' lang='lat' dir='ltr'><strong>At</strong></span> <span class='ocrx_word' id='word_1_557' title='bbox 696 4007 772 4060; x_wconf 92' lang='lat' dir='ltr'><strong>illi</strong></span> <span class='ocrx_word' id='word_1_558' title='bbox 800 4010 1199 4062; x_wconf 86' lang='lat' dir='ltr'><strong>constituerunt</strong></span> <span class='ocrx_word' id='word_1_559' title='bbox 1224 4012 1270 4062; x_wconf 91' lang='lat' dir='ltr'><strong>ei</strong></span> <span class='ocrx_word' id='word_1_560' title='bbox 1303 4011 1519 4078; x_wconf 86' lang='lat' dir='ltr'><strong>triginta</strong></span> <span class='ocrx_word' id='word_1_561' title='bbox 1562 4018 1871 4079; x_wconf 84' lang='lat' dir='ltr'><strong>argenteos.</strong></span> 
     </span>
    </p>
   </div>
   <div class='ocr_carea' id='block_1_189' title="bbox 264 4080 1878 4149">
    <p class='ocr_par' dir='ltr' id='par_1_189' title="bbox 264 4080 1878 4149">
     <span class='ocr_line' id='line_1_190' title="bbox 264 4080 1878 4149; baseline -0.001 -15"><span class='ocrx_word' id='word_1_562' title='bbox 264 4081 345 4135; x_wconf 80' lang='lat' dir='ltr'><strong>Et</strong></span> <span class='ocrx_word' id='word_1_563' title='bbox 391 4080 591 4133; x_wconf 79' lang='lat' dir='ltr'><strong>eximie</strong></span> <span class='ocrx_word' id='word_1_564' title='bbox 639 4080 935 4147; x_wconf 83' lang='lat' dir='ltr'><strong>quaerebat</strong></span> <span class='ocrx_word' id='word_1_565' title='bbox 983 4082 1443 4149; x_wconf 80' lang='lat' dir='ltr'><strong>opportunitatem</strong></span> <span class='ocrx_word' id='word_1_566' title='bbox 1492 4092 1546 4133; x_wconf 90' lang='lat' dir='ltr'><strong>ut</strong></span> <span class='ocrx_word' id='word_1_567' title='bbox 1586 4094 1708 4133; x_wconf 85' lang='lat' dir='ltr'><strong>cum</strong></span> <span class='ocrx_word' id='word_1_568' title='bbox 1770 4089 1878 4132; x_wconf 87' lang='lat' dir='ltr'><strong>tra-</strong></span> 
     </span>
    </p>
   </div>
   <div class='ocr_carea' id='block_1_190' title="bbox 264 4150 1877 4221">
    <p class='ocr_par' dir='ltr' id='par_1_190' title="bbox 264 4150 1877 4221">
     <span class='ocr_line' id='line_1_191' title="bbox 264 4150 1877 4221; baseline -0.002 -15"><span class='ocrx_word' id='word_1_569' title='bbox 264 4152 450 4206; x_wconf 87' lang='lat' dir='ltr'><strong>deret.</strong></span> <span class='ocrx_word' id='word_1_570' title='bbox 494 4150 686 4221; x_wconf 87' lang='lat' dir='ltr'><strong>Prima</strong></span> <span class='ocrx_word' id='word_1_571' title='bbox 736 4161 913 4203; x_wconf 74' lang='lat' dir='ltr'><strong>autem</strong></span> <span class='ocrx_word' id='word_1_572' title='bbox 970 4165 1286 4221; x_wconf 88' lang='lat' dir='ltr'><strong>azymorum</strong></span> <span class='ocrx_word' id='word_1_573' title='bbox 1332 4162 1675 4206; x_wconf 84' lang='lat' dir='ltr'><strong>accesserunt</strong></span> <span class='ocrx_word' id='word_1_574' title='bbox 1712 4150 1877 4204; x_wconf 88' lang='lat' dir='ltr'><strong>disci-</strong></span> 
     </span>
    </p>
   </div>
   <div class='ocr_carea' id='block_1_191' title="bbox 269 4220 1875 4292">
    <p class='ocr_par' dir='ltr' id='par_1_191' title="bbox 269 4220 1875 4292">
     <span class='ocr_line' id='line_1_192' title="bbox 269 4220 1875 4292; baseline 0.002 -20"><span class='ocrx_word' id='word_1_575' title='bbox 269 4221 392 4292; x_wconf 81' lang='lat' dir='ltr'><strong>puli</strong></span> <span class='ocrx_word' id='word_1_576' title='bbox 438 4220 507 4274; x_wconf 88' lang='lat' dir='ltr'><strong>ad</strong></span> <span class='ocrx_word' id='word_1_577' title='bbox 554 4220 780 4285; x_wconf 76' lang='lat' dir='ltr'><strong>Jcsum,</strong></span> <span class='ocrx_word' id='word_1_578' title='bbox 834 4220 1122 4275; x_wconf 82' lang='lat' dir='ltr'><strong>dicentes:</strong></span> <span class='ocrx_word' id='word_1_579' title='bbox 1181 4220 1282 4278; x_wconf 89' lang='lat' dir='ltr'><strong>Ubi</strong></span> <span class='ocrx_word' id='word_1_580' title='bbox 1337 4224 1417 4276; x_wconf 88' lang='lat' dir='ltr'><strong>vis</strong></span> <span class='ocrx_word' id='word_1_581' title='bbox 1477 4237 1728 4291; x_wconf 76' lang='lat' dir='ltr'><strong>pari-mus</strong></span> <span class='ocrx_word' id='word_1_582' title='bbox 1780 4221 1875 4275; x_wconf 85' lang='lat' dir='ltr'><strong>tibi</strong></span> 
     </span>
    </p>
   </div>
   <div class='ocr_carea' id='block_1_192' title="bbox 270 4292 1875 4357">
    <p class='ocr_par' dir='ltr' id='par_1_192' title="bbox 270 4292 1875 4357">
     <span class='ocr_line' id='line_1_193' title="bbox 270 4292 1875 4357; baseline -0.002 -8"><span class='ocrx_word' id='word_1_583' title='bbox 270 4293 576 4349; x_wconf 86' lang='lat' dir='ltr'><strong>comedere</strong></span> <span class='ocrx_word' id='word_1_584' title='bbox 610 4292 849 4345; x_wconf 86' lang='lat' dir='ltr'><strong>Pascha?</strong></span> <span class='ocrx_word' id='word_1_585' title='bbox 878 4293 893 4321; x_wconf 87' lang='grc'>¹</span> <span class='ocrx_word' id='word_1_586' title='bbox 940 4292 1030 4347; x_wconf 76' lang='lat' dir='ltr'><strong>Ait</strong></span> <span class='ocrx_word' id='word_1_587' title='bbox 1060 4292 1220 4347; x_wconf 85' lang='lat' dir='ltr'><strong>Jesus</strong></span> <span class='ocrx_word' id='word_1_588' title='bbox 1265 4311 1277 4346; x_wconf 87' lang='lat'><strong>:</strong></span> <span class='ocrx_word' id='word_1_589' title='bbox 1336 4295 1411 4347; x_wconf 91' lang='lat' dir='ltr'><strong>Ite</strong></span> <span class='ocrx_word' id='word_1_590' title='bbox 1466 4296 1515 4345; x_wconf 92' lang='lat' dir='ltr'><strong>in</strong></span> <span class='ocrx_word' id='word_1_591' title='bbox 1569 4296 1875 4357; x_wconf 75' lang='lat' dir='ltr'><strong>civitatem,</strong></span> 
     </span>
    </p>
   </div>
   <div class='ocr_carea' id='block_1_193' title="bbox 268 4362 1879 4435">
    <p class='ocr_par' dir='ltr' id='par_1_193' title="bbox 268 4362 1879 4435">
     <span class='ocr_line' id='line_1_194' title="bbox 268 4362 1879 4435; baseline 0 -18"><span class='ocrx_word' id='word_1_592' title='bbox 268 4367 347 4417; x_wconf 83' lang='lat' dir='ltr'><strong>ad</strong></span> <span class='ocrx_word' id='word_1_593' title='bbox 377 4364 696 4432; x_wconf 86' lang='lat' dir='ltr'><strong>quemdam,</strong></span> <span class='ocrx_word' id='word_1_594' title='bbox 740 4374 797 4417; x_wconf 83' lang='lat' dir='ltr'><strong>et.</strong></span> <span class='ocrx_word' id='word_1_595' title='bbox 843 4364 1007 4418; x_wconf 88' lang='lat' dir='ltr'><strong>dicite</strong></span> <span class='ocrx_word' id='word_1_596' title='bbox 1058 4364 1151 4418; x_wconf 91' lang='lat' dir='ltr'><strong>ei:</strong></span> <span class='ocrx_word' id='word_1_597' title='bbox 1212 4366 1461 4435; x_wconf 79' lang='lat' dir='ltr'><strong>Magister</strong></span> <span class='ocrx_word' id='word_1_598' title='bbox 1492 4362 1663 4419; x_wconf 88' lang='lat' dir='ltr'><strong>dicit:</strong></span> <span class='ocrx_word' id='word_1_599' title='bbox 1719 4363 1879 4417; x_wconf 88' lang='lat' dir='ltr'><strong>Tem—</strong></span> 
     </span>
    </p>
   </div>
   <div class='ocr_carea' id='block_1_194' title="bbox 269 4436 1875 4505">
    <p class='ocr_par' dir='ltr' id='par_1_194' title="bbox 269 4436 1875 4505">
     <span class='ocr_line' id='line_1_195' title="bbox 269 4436 1875 4505; baseline 0.002 -22"><span class='ocrx_word' id='word_1_600' title='bbox 269 4451 383 4505; x_wconf 81' lang='lat' dir='ltr'><strong>pus</strong></span> <span class='ocrx_word' id='word_1_601' title='bbox 436 4450 615 4488; x_wconf 90' lang='lat' dir='ltr'><strong>meum</strong></span> <span class='ocrx_word' id='word_1_602' title='bbox 666 4450 834 4504; x_wconf 89' lang='lat' dir='ltr'><strong>prope</strong></span> <span class='ocrx_word' id='word_1_603' title='bbox 886 4446 1007 4498; x_wconf 88' lang='lat' dir='ltr'><strong>est,</strong></span> <span class='ocrx_word' id='word_1_604' title='bbox 1058 4436 1195 4503; x_wconf 86' lang='lat' dir='ltr'><strong>apud</strong></span> <span class='ocrx_word' id='word_1_605' title='bbox 1246 4446 1295 4490; x_wconf 86' lang='lat' dir='ltr'><strong>te</strong></span> <span class='ocrx_word' id='word_1_606' title='bbox 1328 4436 1466 4489; x_wconf 80' lang='lat' dir='ltr'><strong>facio</strong></span> <span class='ocrx_word' id='word_1_607' title='bbox 1522 4438 1722 4489; x_wconf 81' lang='lat' dir='ltr'><strong>Pascha</strong></span> <span class='ocrx_word' id='word_1_608' title='bbox 1754 4452 1875 4487; x_wconf 90' lang='lat' dir='ltr'><strong>cum</strong></span> 
     </span>
    </p>
   </div>
   <div class='ocr_carea' id='block_1_195' title="bbox 271 4506 1873 4577">
    <p class='ocr_par' dir='ltr' id='par_1_195' title="bbox 271 4506 1873 4577">
     <span class='ocr_line' id='line_1_196' title="bbox 271 4506 1873 4577; baseline -0.002 -14"><span class='ocrx_word' id='word_1_609' title='bbox 271 4507 766 4577; x_wconf 83' lang='lat' dir='ltr'><strong>discipulismeis.</strong></span> <span class='ocrx_word' id='word_1_610' title='bbox 802 4506 866 4559; x_wconf 85' lang='lat' dir='ltr'><strong>Et</strong></span> <span class='ocrx_word' id='word_1_611' title='bbox 914 4507 1159 4560; x_wconf 79' lang='lat' dir='ltr'><strong>fecerunt</strong></span> <span class='ocrx_word' id='word_1_612' title='bbox 1209 4508 1457 4577; x_wconf 85' lang='lat' dir='ltr'><strong>discipuli</strong></span> <span class='ocrx_word' id='word_1_613' title='bbox 1488 4508 1627 4560; x_wconf 80' lang='lat' dir='ltr'><strong>sicut</strong></span> <span class='ocrx_word' id='word_1_614' title='bbox 1676 4507 1873 4560; x_wconf 90' lang='lat' dir='ltr'><strong>consti-</strong></span> 
     </span>
    </p>
   </div>
   <div class='ocr_carea' id='block_1_196' title="bbox 272 4576 1882 4647">
    <p class='ocr_par' dir='ltr' id='par_1_196' title="bbox 272 4576 1882 4647">
     <span class='ocr_line' id='line_1_197' title="bbox 272 4576 1882 4647; baseline -0.001 -14"><span class='ocrx_word' id='word_1_615' title='bbox 272 4578 391 4633; x_wconf 89' lang='lat' dir='ltr'><strong>tuit</strong></span> <span class='ocrx_word' id='word_1_616' title='bbox 420 4577 525 4631; x_wconf 73' lang='lat' dir='ltr'><strong>illis</strong></span> <span class='ocrx_word' id='word_1_617' title='bbox 562 4576 754 4640; x_wconf 83' lang='lat' dir='ltr'><strong>Jesus,</strong></span> <span class='ocrx_word' id='word_1_618' title='bbox 787 4589 841 4631; x_wconf 89' lang='lat' dir='ltr'><strong>et</strong></span> <span class='ocrx_word' id='word_1_619' title='bbox 874 4588 1197 4645; x_wconf 78' lang='lat' dir='ltr'><strong>paraverunt</strong></span> <span class='ocrx_word' id='word_1_620' title='bbox 1244 4576 1470 4633; x_wconf 81' lang='lat' dir='ltr'><strong>Pascha.</strong></span> <span class='ocrx_word' id='word_1_621' title='bbox 1506 4578 1745 4647; x_wconf 80' lang='lat' dir='ltr'><strong>Vespere</strong></span> <span class='ocrx_word' id='word_1_622' title='bbox 1787 4592 1882 4631; x_wconf 91' lang='lat' dir='ltr'><strong>au-</strong></span> 
     </span>
    </p>
   </div>
   <div class='ocr_carea' id='block_1_197' title="bbox 274 4648 1873 4719">
    <p class='ocr_par' dir='ltr' id='par_1_197' title="bbox 274 4648 1873 4719">
     <span class='ocr_line' id='line_1_198' title="bbox 274 4648 1873 4719; baseline -0.002 -15"><span class='ocrx_word' id='word_1_623' title='bbox 274 4660 392 4704; x_wconf 80' lang='lat' dir='ltr'><strong>tem</strong></span> <span class='ocrx_word' id='word_1_624' title='bbox 433 4648 613 4714; x_wconf 79' lang='lat' dir='ltr'><strong>facto,</strong></span> <span class='ocrx_word' id='word_1_625' title='bbox 670 4648 1043 4703; x_wconf 86' lang='lat' dir='ltr'><strong>discumbebat</strong></span> <span class='ocrx_word' id='word_1_626' title='bbox 1071 4664 1191 4701; x_wconf 87' lang='lat' dir='ltr'><strong>cum</strong></span> <span class='ocrx_word' id='word_1_627' title='bbox 1240 4650 1524 4703; x_wconf 83' lang='lat' dir='ltr'><strong>duodecim</strong></span> <span class='ocrx_word' id='word_1_628' title='bbox 1574 4649 1873 4719; x_wconf 82' lang='lat' dir='ltr'><strong>discipulis.</strong></span> 
     </span>
    </p>
   </div>
   <div class='ocr_carea' id='block_1_198' title="bbox 273 4720 1878 4789">
    <p class='ocr_par' dir='ltr' id='par_1_198' title="bbox 273 4720 1878 4789">
     <span class='ocr_line' id='line_1_199' title="bbox 273 4720 1878 4789; baseline -0.001 -14"><span class='ocrx_word' id='word_1_629' title='bbox 273 4721 356 4775; x_wconf 86' lang='lat' dir='ltr'><strong>Et</strong></span> <span class='ocrx_word' id='word_1_630' title='bbox 402 4720 687 4775; x_wconf 82' lang='lat' dir='ltr'><strong>edentibus</strong></span> <span class='ocrx_word' id='word_1_631' title='bbox 732 4720 838 4773; x_wconf 88' lang='lat' dir='ltr'><strong>illis</strong></span> <span class='ocrx_word' id='word_1_632' title='bbox 863 4762 877 4782; x_wconf 89' lang='lat'><strong>,</strong></span> <span class='ocrx_word' id='word_1_633' title='bbox 936 4720 1070 4773; x_wconf 80' lang='lat' dir='ltr'><strong>dixt</strong></span> <span class='ocrx_word' id='word_1_634' title='bbox 1099 4737 1111 4773; x_wconf 92' lang='lat'><strong>:</strong></span> <span class='ocrx_word' id='word_1_635' title='bbox 1142 4721 1314 4776; x_wconf 80' lang='lat' dir='ltr'><strong>Amen</strong></span> <span class='ocrx_word' id='word_1_636' title='bbox 1356 4721 1478 4774; x_wconf 89' lang='lat' dir='ltr'><strong>dico</strong></span> <span class='ocrx_word' id='word_1_637' title='bbox 1510 4721 1665 4773; x_wconf 87' lang='lat' dir='ltr'><strong>vobis</strong></span> <span class='ocrx_word' id='word_1_638' title='bbox 1690 4763 1704 4787; x_wconf 90' lang='lat'><strong>,</strong></span> <span class='ocrx_word' id='word_1_639' title='bbox 1755 4721 1878 4789; x_wconf 84' lang='lat' dir='ltr'><strong>quia</strong></span> 
     </span>
    </p>
   </div>
   <div class='ocr_carea' id='block_1_199' title="bbox 278 4792 1879 4846">
    <p class='ocr_par' dir='ltr' id='par_1_199' title="bbox 278 4792 1879 4846">
     <span class='ocr_line' id='line_1_200' title="bbox 278 4792 1879 4846; baseline -0.001 -1"><span class='ocrx_word' id='word_1_640' title='bbox 278 4806 426 4845; x_wconf 88' lang='lat' dir='ltr'><strong>unus</strong></span> <span class='ocrx_word' id='word_1_641' title='bbox 454 4803 691 4845; x_wconf 87' lang='lat' dir='ltr'><strong>vestrum</strong></span> <span class='ocrx_word' id='word_1_642' title='bbox 743 4807 827 4846; x_wconf 87' lang='lat' dir='ltr'><strong>tne</strong></span> <span class='ocrx_word' id='word_1_643' title='bbox 861 4792 1151 4845; x_wconf 85' lang='lat' dir='ltr'><strong>traditurus</strong></span> <span class='ocrx_word' id='word_1_644' title='bbox 1183 4803 1285 4846; x_wconf 89' lang='lat' dir='ltr'><strong>est.</strong></span> <span class='ocrx_word' id='word_1_645' title='bbox 1323 4793 1385 4845; x_wconf 80' lang='lat' dir='ltr'><strong>Et</strong></span> <span class='ocrx_word' id='word_1_646' title='bbox 1432 4794 1735 4845; x_wconf 87' lang='lat' dir='ltr'><strong>contristati</strong></span> <span class='ocrx_word' id='word_1_647' title='bbox 1769 4792 1879 4845; x_wconf 77' lang='lat' dir='ltr'><strong>Val~</strong></span> 
     </span>
    </p>
   </div>
   <div class='ocr_carea' id='block_1_200' title="bbox 278 4863 1877 4933">
    <p class='ocr_par' dir='ltr' id='par_1_200' title="bbox 278 4863 1877 4933">
     <span class='ocr_line' id='line_1_201' title="bbox 278 4863 1877 4933; baseline -0.001 -16"><span class='ocrx_word' id='word_1_648' title='bbox 278 4863 394 4927; x_wconf 88' lang='lat' dir='ltr'><strong>de,</strong></span> <span class='ocrx_word' id='word_1_649' title='bbox 448 4874 744 4932; x_wconf 87' lang='lat' dir='ltr'><strong>coeperunt</strong></span> <span class='ocrx_word' id='word_1_650' title='bbox 797 4864 992 4933; x_wconf 83' lang='lat' dir='ltr'><strong>singuli</strong></span> <span class='ocrx_word' id='word_1_651' title='bbox 1024 4863 1251 4917; x_wconf 83' lang='lat' dir='ltr'><strong>dicere:</strong></span> <span class='ocrx_word' id='word_1_652' title='bbox 1296 4863 1564 4931; x_wconf 76' lang='lat' dir='ltr'><strong>Numquid</strong></span> <span class='ocrx_word' id='word_1_653' title='bbox 1610 4878 1711 4933; x_wconf 88' lang='lat' dir='ltr'><strong>ego</strong></span> <span class='ocrx_word' id='word_1_654' title='bbox 1760 4877 1877 4915; x_wconf 89' lang='lat' dir='ltr'><strong>sum</strong></span> 
     </span>
    </p>
   </div>
   <div class='ocr_carea' id='block_1_201' title="bbox 276 4934 1879 5004">
    <p class='ocr_par' dir='ltr' id='par_1_201' title="bbox 276 4934 1879 5004">
     <span class='ocr_line' id='line_1_202' title="bbox 276 4934 1879 5004; baseline -0.003 -14"><span class='ocrx_word' id='word_1_655' title='bbox 276 4935 559 4990; x_wconf 82' lang='lat' dir='ltr'><strong>Domine?</strong></span> <span class='ocrx_word' id='word_1_656' title='bbox 618 4938 686 4988; x_wconf 78' lang='lat' dir='ltr'><strong>At</strong></span> <span class='ocrx_word' id='word_1_657' title='bbox 739 4935 852 5003; x_wconf 90' lang='lat' dir='ltr'><strong>ipse</strong></span> <span class='ocrx_word' id='word_1_658' title='bbox 905 4935 1275 5004; x_wconf 59' lang='lat' dir='ltr'><strong>respondens,</strong></span> <span class='ocrx_word' id='word_1_659' title='bbox 1324 4938 1445 4989; x_wconf 90' lang='lat' dir='ltr'><strong>ait:</strong></span> <span class='ocrx_word' id='word_1_660' title='bbox 1506 4936 1604 4999; x_wconf 86' lang='lat' dir='ltr'><strong>Qui</strong></span> <span class='ocrx_word' id='word_1_661' title='bbox 1665 4934 1879 5001; x_wconf 82' lang='lat' dir='ltr'><strong>iutingit</strong></span> 
     </span>
    </p>
   </div>
   <div class='ocr_carea' id='block_1_202' title="bbox 277 5004 1880 5074">
    <p class='ocr_par' dir='ltr' id='par_1_202' title="bbox 277 5004 1880 5074">
     <span class='ocr_line' id='line_1_203' title="bbox 277 5004 1880 5074; baseline -0.002 -14"><span class='ocrx_word' id='word_1_662' title='bbox 277 5021 501 5060; x_wconf 86' lang='lat' dir='ltr'><strong>mecum</strong></span> <span class='ocrx_word' id='word_1_663' title='bbox 532 5021 750 5059; x_wconf 87' lang='lat' dir='ltr'><strong>manum</strong></span> <span class='ocrx_word' id='word_1_664' title='bbox 784 5012 833 5059; x_wconf 89' lang='lat' dir='ltr'><strong>in</strong></span> <span class='ocrx_word' id='word_1_665' title='bbox 867 5007 1151 5074; x_wconf 70' lang='lat' dir='ltr'><strong>par-upside</strong></span> <span class='ocrx_word' id='word_1_666' title='bbox 1176 5046 1190 5071; x_wconf 94' lang='lat'><strong>,</strong></span> <span class='ocrx_word' id='word_1_667' title='bbox 1237 5007 1321 5059; x_wconf 92' lang='lat' dir='ltr'><strong>hic</strong></span> <span class='ocrx_word' id='word_1_668' title='bbox 1364 5021 1447 5059; x_wconf 89' lang='lat' dir='ltr'><strong>me</strong></span> <span class='ocrx_word' id='word_1_669' title='bbox 1478 5004 1674 5058; x_wconf 85' lang='lat' dir='ltr'><strong>tradet.</strong></span> <span class='ocrx_word' id='word_1_670' title='bbox 1709 5004 1880 5058; x_wconf 85' lang='lat' dir='ltr'><strong>Filius</strong></span> 
     </span>
    </p>
   </div>
   <div class='ocr_carea' id='block_1_203' title="bbox 276 5076 1877 5147">
    <p class='ocr_par' dir='ltr' id='par_1_203' title="bbox 276 5076 1877 5147">
     <span class='ocr_line' id='line_1_204' title="bbox 276 5076 1877 5147; baseline 0.001 -20"><span class='ocrx_word' id='word_1_671' title='bbox 276 5077 506 5147; x_wconf 83' lang='lat' dir='ltr'><strong>quidem</strong></span> <span class='ocrx_word' id='word_1_672' title='bbox 541 5078 775 5130; x_wconf 86' lang='lat' dir='ltr'><strong>hominis</strong></span> <span class='ocrx_word' id='word_1_673' title='bbox 807 5080 983 5141; x_wconf 81' lang='lat' dir='ltr'><strong>vadit,</strong></span> <span class='ocrx_word' id='word_1_674' title='bbox 1016 5078 1155 5130; x_wconf 82' lang='lat' dir='ltr'><strong>sicut</strong></span> <span class='ocrx_word' id='word_1_675' title='bbox 1204 5081 1462 5146; x_wconf 89' lang='lat' dir='ltr'><strong>scriptum</strong></span> <span class='ocrx_word' id='word_1_676' title='bbox 1496 5085 1582 5130; x_wconf 85' lang='lat' dir='ltr'><strong>est</strong></span> <span class='ocrx_word' id='word_1_677' title='bbox 1623 5076 1692 5130; x_wconf 91' lang='lat' dir='ltr'><strong>de</strong></span> <span class='ocrx_word' id='word_1_678' title='bbox 1744 5076 1877 5129; x_wconf 88' lang='lat' dir='ltr'><strong>illo:</strong></span> 
     </span>
    </p>
   </div>
   <div class='ocr_carea' id='block_1_204' title="bbox 274 5146 1882 5218">
    <p class='ocr_par' dir='ltr' id='par_1_204' title="bbox 274 5146 1882 5218">
     <span class='ocr_line' id='line_1_205' title="bbox 274 5146 1882 5218; baseline 0 -17"><span class='ocrx_word' id='word_1_679' title='bbox 274 5146 391 5201; x_wconf 59' lang='lat' dir='ltr'><strong>Vae</strong></span> <span class='ocrx_word' id='word_1_680' title='bbox 440 5161 620 5201; x_wconf 86' lang='lat' dir='ltr'><strong>autem</strong></span> <span class='ocrx_word' id='word_1_681' title='bbox 673 5148 873 5201; x_wconf 84' lang='lat' dir='ltr'><strong>homini</strong></span> <span class='ocrx_word' id='word_1_682' title='bbox 932 5148 1043 5213; x_wconf 91' lang='lat' dir='ltr'><strong>illi,</strong></span> <span class='ocrx_word' id='word_1_683' title='bbox 1095 5163 1190 5217; x_wconf 90' lang='lat' dir='ltr'><strong>per</strong></span> <span class='ocrx_word' id='word_1_684' title='bbox 1240 5164 1399 5218; x_wconf 88' lang='lat' dir='ltr'><strong>quem</strong></span> <span class='ocrx_word' id='word_1_685' title='bbox 1456 5149 1596 5202; x_wconf 82' lang='lat' dir='ltr'><strong>illius</strong></span> <span class='ocrx_word' id='word_1_686' title='bbox 1646 5146 1882 5201; x_wconf 90' lang='lat' dir='ltr'><strong>hominis</strong></span> 
     </span>
    </p>
   </div>
   <div class='ocr_carea' id='block_1_205' title="bbox 282 5218 1883 5287">
    <p class='ocr_par' dir='ltr' id='par_1_205' title="bbox 282 5218 1883 5287">
     <span class='ocr_line' id='line_1_206' title="bbox 282 5218 1883 5287; baseline -0.001 -14"><span class='ocrx_word' id='word_1_687' title='bbox 282 5218 575 5273; x_wconf 88' lang='lat' dir='ltr'><strong>tradetur;</strong></span> <span class='ocrx_word' id='word_1_688' title='bbox 607 5222 803 5273; x_wconf 87' lang='lat' dir='ltr'><strong>bonutn</strong></span> <span class='ocrx_word' id='word_1_689' title='bbox 832 5229 949 5274; x_wconf 88' lang='lat' dir='ltr'><strong>erat</strong></span> <span class='ocrx_word' id='word_1_690' title='bbox 975 5220 1023 5274; x_wconf 91' lang='lat' dir='ltr'><strong>ei</strong></span> <span class='ocrx_word' id='word_1_691' title='bbox 1051 5260 1067 5287; x_wconf 96' lang='lat'><strong>,</strong></span> <span class='ocrx_word' id='word_1_692' title='bbox 1100 5221 1144 5274; x_wconf 85' lang='lat' dir='ltr'><strong>si</strong></span> <span class='ocrx_word' id='word_1_693' title='bbox 1179 5231 1334 5274; x_wconf 86' lang='lat' dir='ltr'><strong>natus</strong></span> <span class='ocrx_word' id='word_1_694' title='bbox 1365 5234 1470 5274; x_wconf 91' lang='lat' dir='ltr'><strong>non</strong></span> <span class='ocrx_word' id='word_1_695' title='bbox 1495 5219 1687 5273; x_wconf 77' lang='lat' dir='ltr'><strong>fuisset</strong></span> <span class='ocrx_word' id='word_1_696' title='bbox 1717 5220 1883 5272; x_wconf 90' lang='lat' dir='ltr'><strong>homo</strong></span> 
     </span>
    </p>
   </div>
   <div class='ocr_carea' id='block_1_206' title="bbox 276 5287 1878 5361">
    <p class='ocr_par' dir='ltr' id='par_1_206' title="bbox 276 5287 1878 5361">
     <span class='ocr_line' id='line_1_207' title="bbox 276 5287 1878 5361; baseline -0.004 -14"><span class='ocrx_word' id='word_1_697' title='bbox 276 5292 403 5347; x_wconf 90' lang='lat' dir='ltr'><strong>ille.</strong></span> <span class='ocrx_word' id='word_1_698' title='bbox 446 5289 802 5361; x_wconf 80' lang='lat' dir='ltr'><strong>Respondens</strong></span> <span class='ocrx_word' id='word_1_699' title='bbox 851 5299 1032 5346; x_wconf 89' lang='lat' dir='ltr'><strong>autem</strong></span> <span class='ocrx_word' id='word_1_700' title='bbox 1077 5287 1277 5359; x_wconf 81' lang='lat' dir='ltr'><strong>Judas,</strong></span> <span class='ocrx_word' id='word_1_701' title='bbox 1311 5290 1403 5361; x_wconf 91' lang='lat' dir='ltr'><strong>qui</strong></span> <span class='ocrx_word' id='word_1_702' title='bbox 1461 5291 1680 5345; x_wconf 88' lang='lat' dir='ltr'><strong>tradidit</strong></span> <span class='ocrx_word' id='word_1_703' title='bbox 1731 5304 1878 5356; x_wconf 90' lang='lat' dir='ltr'><strong>eum,</strong></span> 
     </span>
    </p>
   </div>
   <div class='ocr_carea' id='block_1_207' title="bbox 1986 3610 3182 3682">
    <p class='ocr_par' dir='ltr' id='par_1_207' title="bbox 1986 3610 3182 3682">
     <span class='ocr_line' id='line_1_208' title="bbox 1986 3610 3182 3682; baseline 0.003 -19"><span class='ocrx_word' id='word_1_704' title='bbox 1986 3611 2133 3680; x_wconf 87' lang='lat' dir='ltr'><strong>cepit</strong></span> <span class='ocrx_word' id='word_1_705' title='bbox 2164 3610 2275 3664; x_wconf 89' lang='lat' dir='ltr'><strong>illis</strong></span> <span class='ocrx_word' id='word_1_706' title='bbox 2820 3610 2937 3666; x_wconf 80' lang='lat' dir='ltr'><strong>erat</strong></span> <span class='ocrx_word' id='word_1_707' title='bbox 2965 3613 3006 3682; x_wconf 59' lang='grc' dir='ltr'><strong>-ξα</strong></span> <span class='ocrx_word' id='word_1_708' title='bbox 3033 3628 3182 3678; x_wconf 88' lang='lat' dir='ltr'><strong>eum,</strong></span> 
     </span>
    </p>
   </div>
   <div class='ocr_carea' id='block_1_208' title="bbox 2447 3701 3109 3761">
    <p class='ocr_par' dir='ltr' id='par_1_208' title="bbox 2447 3701 3109 3761">
     <span class='ocr_line' id='line_1_209' title="bbox 2447 3701 3109 3761; baseline -0.002 -2"><span class='ocrx_word' id='word_1_709' title='bbox 2447 3701 2680 3759; x_wconf 79' lang='lat' dir='ltr'><strong>CODEX</strong></span> <span class='ocrx_word' id='word_1_710' title='bbox 2721 3702 3109 3761; x_wconf 74' lang='lat' dir='ltr'><strong>BRIXIANUS.</strong></span> 
     </span>
    </p>
   </div>
   <div class='ocr_carea' id='block_1_209' title="bbox 1984 3791 3589 3865">
    <p class='ocr_par' dir='ltr' id='par_1_209' title="bbox 1984 3791 3589 3865">
     <span class='ocr_line' id='line_1_210' title="bbox 1984 3791 3589 3865; baseline 0.003 -18"><span class='ocrx_word' id='word_1_711' title='bbox 1984 3791 2111 3847; x_wconf 79' lang='lat' dir='ltr'><strong>iecit</strong></span> <span class='ocrx_word' id='word_1_712' title='bbox 2162 3793 2214 3846; x_wconf 91' lang='lat' dir='ltr'><strong>in</strong></span> <span class='ocrx_word' id='word_1_713' title='bbox 2247 3796 2567 3849; x_wconf 81' lang='lat' dir='ltr'><strong>memoriam</strong></span> <span class='ocrx_word' id='word_1_714' title='bbox 2597 3796 2736 3865; x_wconf 89' lang='lat' dir='ltr'><strong>ejus.</strong></span> <span class='ocrx_word' id='word_1_715' title='bbox 2787 3796 2935 3851; x_wconf 87' lang='lat' dir='ltr'><strong>Tunc</strong></span> <span class='ocrx_word' id='word_1_716' title='bbox 2965 3796 3101 3851; x_wconf 87' lang='lat' dir='ltr'><strong>abiit</strong></span> <span class='ocrx_word' id='word_1_717' title='bbox 3126 3810 3265 3851; x_wconf 86' lang='lat' dir='ltr'><strong>unus</strong></span> <span class='ocrx_word' id='word_1_718' title='bbox 3292 3794 3357 3851; x_wconf 78' lang='lat' dir='ltr'><strong>ex</strong></span> <span class='ocrx_word' id='word_1_719' title='bbox 3387 3793 3589 3852; x_wconf 85' lang='lat' dir='ltr'><strong>duode-</strong></span> 
     </span>
    </p>
   </div>
   <div class='ocr_carea' id='block_1_210' title="bbox 1982 3865 3589 3938">
    <p class='ocr_par' dir='ltr' id='par_1_210' title="bbox 1982 3865 3589 3938">
     <span class='ocr_line' id='line_1_211' title="bbox 1982 3865 3589 3938; baseline 0.002 -21"><span class='ocrx_word' id='word_1_720' title='bbox 1982 3865 2111 3938; x_wconf 74' lang='lat' dir='ltr'><strong>cim.</strong></span> <span class='ocrx_word' id='word_1_721' title='bbox 2148 3866 2238 3934; x_wconf 90' lang='lat' dir='ltr'><strong>qui</strong></span> <span class='ocrx_word' id='word_1_722' title='bbox 2286 3865 2486 3921; x_wconf 89' lang='lat' dir='ltr'><strong>dicitur</strong></span> <span class='ocrx_word' id='word_1_723' title='bbox 2516 3868 2684 3922; x_wconf 70' lang='lat' dir='ltr'><strong>ludas</strong></span> <span class='ocrx_word' id='word_1_724' title='bbox 2713 3868 3050 3924; x_wconf 76' lang='lat' dir='ltr'><strong>Scaritithcs.</strong></span> <span class='ocrx_word' id='word_1_725' title='bbox 3092 3880 3144 3923; x_wconf 90' lang='lat' dir='ltr'><strong>at</strong></span> <span class='ocrx_word' id='word_1_726' title='bbox 3179 3867 3450 3938; x_wconf 86' lang='lat' dir='ltr'><strong>principes</strong></span> <span class='ocrx_word' id='word_1_727' title='bbox 3500 3884 3589 3921; x_wconf 82' lang='lat' dir='ltr'><strong>sa-</strong></span> 
     </span>
    </p>
   </div>
   <div class='ocr_carea' id='block_1_211' title="bbox 1984 3936 3592 4011">
    <p class='ocr_par' dir='ltr' id='par_1_211' title="bbox 1984 3936 3592 4011">
     <span class='ocr_line' id='line_1_212' title="bbox 1984 3936 3592 4011; baseline 0.001 -21"><span class='ocrx_word' id='word_1_728' title='bbox 1984 3936 2265 4011; x_wconf 78' lang='lat' dir='ltr'><strong>cerdotnm</strong></span> <span class='ocrx_word' id='word_1_729' title='bbox 2300 3947 2355 3992; x_wconf 90' lang='lat' dir='ltr'><strong>et</strong></span> <span class='ocrx_word' id='word_1_730' title='bbox 2402 3941 2476 3992; x_wconf 90' lang='lat' dir='ltr'><strong>ait</strong></span> <span class='ocrx_word' id='word_1_731' title='bbox 2526 3940 2652 3995; x_wconf 90' lang='lat' dir='ltr'><strong>illis.</strong></span> <span class='ocrx_word' id='word_1_732' title='bbox 2681 3939 2819 4009; x_wconf 70' lang='lat' dir='ltr'><strong>Quid</strong></span> <span class='ocrx_word' id='word_1_733' title='bbox 2851 3942 3010 3993; x_wconf 83' lang='lat' dir='ltr'><strong>vultis</strong></span> <span class='ocrx_word' id='word_1_734' title='bbox 3041 3936 3191 3993; x_wconf 70' lang='lat' dir='ltr'><strong>mihi</strong></span> <span class='ocrx_word' id='word_1_735' title='bbox 3218 3936 3433 3994; x_wconf 26' lang='lat' dir='ltr'><strong>dare‘et</strong></span> <span class='ocrx_word' id='word_1_736' title='bbox 3492 3956 3592 4011; x_wconf 87' lang='lat' dir='ltr'><strong>ego</strong></span> 
     </span>
    </p>
   </div>
   <div class='ocr_carea' id='block_1_212' title="bbox 1983 4007 3592 4066">
    <p class='ocr_par' dir='ltr' id='par_1_212' title="bbox 1983 4007 3592 4066">
     <span class='ocr_line' id='line_1_213' title="bbox 1983 4007 3592 4066; baseline 0.004 -7"><span class='ocrx_word' id='word_1_737' title='bbox 1983 4007 2139 4061; x_wconf 87' lang='lat' dir='ltr'><strong>vobis</strong></span> <span class='ocrx_word' id='word_1_738' title='bbox 2193 4024 2314 4063; x_wconf 91' lang='lat' dir='ltr'><strong>eum</strong></span> <span class='ocrx_word' id='word_1_739' title='bbox 2372 4011 2603 4065; x_wconf 89' lang='lat' dir='ltr'><strong>tradam.</strong></span> <span class='ocrx_word' id='word_1_740' title='bbox 2641 4007 2815 4066; x_wconf 77' lang='lat' dir='ltr'><strong>Atilii</strong></span> <span class='ocrx_word' id='word_1_741' title='bbox 2864 4020 3171 4065; x_wconf 85' lang='lat' dir='ltr'><strong>statuerunt</strong></span> <span class='ocrx_word' id='word_1_742' title='bbox 3227 4012 3274 4066; x_wconf 90' lang='lat' dir='ltr'><strong>ei</strong></span> <span class='ocrx_word' id='word_1_743' title='bbox 3326 4026 3450 4065; x_wconf 74' lang='lat' dir='ltr'><strong>xxx.</strong></span> <span class='ocrx_word' id='word_1_744' title='bbox 3505 4007 3592 4065; x_wconf 73' lang='lat' dir='ltr'><strong>ar-</strong></span> 
     </span>
    </p>
   </div>
   <div class='ocr_carea' id='block_1_213' title="bbox 1983 4082 3591 4155">
    <p class='ocr_par' dir='ltr' id='par_1_213' title="bbox 1983 4082 3591 4155">
     <span class='ocr_line' id='line_1_214' title="bbox 1983 4082 3591 4155; baseline 0.003 -24"><span class='ocrx_word' id='word_1_745' title='bbox 1983 4086 2249 4155; x_wconf 85' lang='lat' dir='ltr'><strong>genteos._</strong></span> <span class='ocrx_word' id='word_1_746' title='bbox 2291 4082 2356 4136; x_wconf 87' lang='lat' dir='ltr'><strong>Et</strong></span> <span class='ocrx_word' id='word_1_747' title='bbox 2412 4084 2606 4138; x_wconf 83' lang='lat' dir='ltr'><strong>exinde</strong></span> <span class='ocrx_word' id='word_1_748' title='bbox 2660 4084 2956 4154; x_wconf 80' lang='lat' dir='ltr'><strong>quaerebat</strong></span> <span class='ocrx_word' id='word_1_749' title='bbox 3016 4086 3478 4155; x_wconf 84' lang='lat' dir='ltr'><strong>opportunitatem</strong></span> <span class='ocrx_word' id='word_1_750' title='bbox 3533 4092 3591 4136; x_wconf 92' lang='lat' dir='ltr'><strong>ut</strong></span> 
     </span>
    </p>
   </div>
   <div class='ocr_carea' id='block_1_214' title="bbox 1984 4152 2395 4207">
    <p class='ocr_par' dir='ltr' id='par_1_214' title="bbox 1984 4152 2395 4207">
     <span class='ocr_line' id='line_1_215' title="bbox 1984 4152 2395 4207; baseline 0.012 -5"><span class='ocrx_word' id='word_1_751' title='bbox 1984 4164 2109 4203; x_wconf 91' lang='lat' dir='ltr'><strong>eum</strong></span> <span class='ocrx_word' id='word_1_752' title='bbox 2137 4152 2395 4207; x_wconf 87' lang='lat' dir='ltr'><strong>traderet.</strong></span> 
     </span>
    </p>
   </div>
   <div class='ocr_carea' id='block_1_215' title="bbox 2064 4223 3590 4281">
    <p class='ocr_par' dir='ltr' id='par_1_215' title="bbox 2064 4223 3590 4281">
     <span class='ocr_line' id='line_1_216' title="bbox 2064 4223 3590 4281; baseline 0.002 -6"><span class='ocrx_word' id='word_1_753' title='bbox 2064 4223 2238 4276; x_wconf 87' lang='lat' dir='ltr'><strong>Prima</strong></span> <span class='ocrx_word' id='word_1_754' title='bbox 2288 4234 2470 4281; x_wconf 89' lang='lat' dir='ltr'><strong>autem</strong></span> <span class='ocrx_word' id='word_1_755' title='bbox 2534 4226 2621 4281; x_wconf 90' lang='lat' dir='ltr'><strong>die</strong></span> <span class='ocrx_word' id='word_1_756' title='bbox 2678 4227 2976 4281; x_wconf 88' lang='lat' dir='ltr'><strong>azimorum</strong></span> <span class='ocrx_word' id='word_1_757' title='bbox 3029 4228 3379 4281; x_wconf 86' lang='lat' dir='ltr'><strong>accesserunt</strong></span> <span class='ocrx_word' id='word_1_758' title='bbox 3428 4224 3590 4279; x_wconf 56' lang='lat' dir='ltr'><strong>disci:</strong></span> 
     </span>
    </p>
   </div>
   <div class='ocr_carea' id='block_1_216' title="bbox 1984 4293 3587 4368">
    <p class='ocr_par' dir='ltr' id='par_1_216' title="bbox 1984 4293 3587 4368">
     <span class='ocr_line' id='line_1_217' title="bbox 1984 4293 3587 4368; baseline 0.003 -22"><span class='ocrx_word' id='word_1_759' title='bbox 1984 4293 2096 4361; x_wconf 88' lang='lat' dir='ltr'><strong>puli</strong></span> <span class='ocrx_word' id='word_1_760' title='bbox 2137 4295 2213 4368; x_wconf 80' lang='lat' dir='ltr'><strong>ad</strong></span> <span class='ocrx_word' id='word_1_761' title='bbox 2270 4295 2451 4351; x_wconf 82' lang='lat' dir='ltr'><strong>Jesuut</strong></span> <span class='ocrx_word' id='word_1_762' title='bbox 2497 4297 2741 4353; x_wconf 88' lang='lat' dir='ltr'><strong>dicentes</strong></span> <span class='ocrx_word' id='word_1_763' title='bbox 2790 4300 2860 4353; x_wconf 92' lang='lat' dir='ltr'><strong>ei.</strong></span> <span class='ocrx_word' id='word_1_764' title='bbox 2908 4297 3008 4353; x_wconf 89' lang='lat' dir='ltr'><strong>Ubi</strong></span> <span class='ocrx_word' id='word_1_765' title='bbox 3067 4300 3144 4351; x_wconf 86' lang='lat' dir='ltr'><strong>vis</strong></span> <span class='ocrx_word' id='word_1_766' title='bbox 3193 4312 3444 4368; x_wconf 87' lang='lat' dir='ltr'><strong>paremus</strong></span> <span class='ocrx_word' id='word_1_767' title='bbox 3494 4295 3587 4351; x_wconf 90' lang='lat' dir='ltr'><strong>tibi</strong></span> 
     </span>
    </p>
   </div>
   <div class='ocr_carea' id='block_1_217' title="bbox 1986 4366 3591 4439">
    <p class='ocr_par' dir='ltr' id='par_1_217' title="bbox 1986 4366 3591 4439">
     <span class='ocr_line' id='line_1_218' title="bbox 1986 4366 3591 4439; baseline 0.001 -21"><span class='ocrx_word' id='word_1_768' title='bbox 1986 4366 2319 4422; x_wconf 79' lang='lat' dir='ltr'><strong>manducare</strong></span> <span class='ocrx_word' id='word_1_769' title='bbox 2370 4369 2598 4423; x_wconf 84' lang='lat' dir='ltr'><strong>Pascha.</strong></span> <span class='ocrx_word' id='word_1_770' title='bbox 2652 4371 2721 4439; x_wconf 79' lang='grc' dir='ltr'><strong>(ε)</strong></span> <span class='ocrx_word' id='word_1_771' title='bbox 2775 4368 2964 4424; x_wconf 83' lang='lat' dir='ltr'><strong>Atille</strong></span> <span class='ocrx_word' id='word_1_772' title='bbox 3014 4368 3055 4439; x_wconf 62' lang='grc' dir='ltr'><strong>’δ’</strong></span> <span class='ocrx_word' id='word_1_773' title='bbox 3104 4366 3239 4423; x_wconf 78' lang='lat' dir='ltr'><strong>dixit</strong></span> <span class='ocrx_word' id='word_1_774' title='bbox 3271 4368 3346 4423; x_wconf 90' lang='lat' dir='ltr'><strong>Ite</strong></span> <span class='ocrx_word' id='word_1_775' title='bbox 3376 4370 3425 4421; x_wconf 92' lang='lat' dir='ltr'><strong>in</strong></span> <span class='ocrx_word' id='word_1_776' title='bbox 3460 4369 3591 4439; x_wconf 79' lang='lat' dir='ltr'><strong>civi-</strong></span> 
     </span>
    </p>
   </div>
   <div class='ocr_carea' id='block_1_218' title="bbox 1986 4438 3587 4508">
    <p class='ocr_par' dir='ltr' id='par_1_218' title="bbox 1986 4438 3587 4508">
     <span class='ocr_line' id='line_1_219' title="bbox 1986 4438 3587 4508; baseline 0.003 -20"><span class='ocrx_word' id='word_1_777' title='bbox 1986 4446 2152 4508; x_wconf 58' lang='lat' dir='ltr'><strong>gttem</strong></span> <span class='ocrx_word' id='word_1_778' title='bbox 2209 4440 2275 4492; x_wconf 88' lang='lat' dir='ltr'><strong>ad</strong></span> <span class='ocrx_word' id='word_1_779' title='bbox 2338 4441 2625 4506; x_wconf 87' lang='lat' dir='ltr'><strong>quemdam</strong></span> <span class='ocrx_word' id='word_1_780' title='bbox 2666 4438 2731 4495; x_wconf 86' lang='lat' dir='ltr'><strong>et</strong></span> <span class='ocrx_word' id='word_1_781' title='bbox 2782 4442 2943 4496; x_wconf 88' lang='lat' dir='ltr'><strong>dicite</strong></span> <span class='ocrx_word' id='word_1_782' title='bbox 3000 4438 3070 4493; x_wconf 88' lang='lat' dir='ltr'><strong>ei.</strong></span> <span class='ocrx_word' id='word_1_783' title='bbox 3127 4441 3380 4508; x_wconf 80' lang='lat' dir='ltr'><strong>Magister</strong></span> <span class='ocrx_word' id='word_1_784' title='bbox 3437 4438 3587 4493; x_wconf 66' lang='lat' dir='ltr'><strong>dicit.</strong></span> 
     </span>
    </p>
   </div>
   <div class='ocr_carea' id='block_1_219' title="bbox 1986 4506 3586 4582">
    <p class='ocr_par' dir='ltr' id='par_1_219' title="bbox 1986 4506 3586 4582">
     <span class='ocr_line' id='line_1_220' title="bbox 1986 4506 3586 4582; baseline 0.001 -21"><span class='ocrx_word' id='word_1_785' title='bbox 1986 4506 2222 4582; x_wconf 89' lang='lat' dir='ltr'><strong>Tempus</strong></span> <span class='ocrx_word' id='word_1_786' title='bbox 2279 4526 2455 4566; x_wconf 90' lang='lat' dir='ltr'><strong>meum</strong></span> <span class='ocrx_word' id='word_1_787' title='bbox 2516 4529 2687 4582; x_wconf 89' lang='lat' dir='ltr'><strong>prope</strong></span> <span class='ocrx_word' id='word_1_788' title='bbox 2743 4522 2843 4567; x_wconf 78' lang='lat' dir='ltr'><strong>est.</strong></span> <span class='ocrx_word' id='word_1_789' title='bbox 2892 4523 3019 4579; x_wconf 87' lang='lat' dir='ltr'><strong>aput</strong></span> <span class='ocrx_word' id='word_1_790' title='bbox 3088 4522 3138 4567; x_wconf 91' lang='lat' dir='ltr'><strong>le</strong></span> <span class='ocrx_word' id='word_1_791' title='bbox 3192 4506 3326 4567; x_wconf 80' lang='lat' dir='ltr'><strong>facio</strong></span> <span class='ocrx_word' id='word_1_792' title='bbox 3383 4510 3586 4565; x_wconf 82' lang='lat' dir='ltr'><strong>Pascha</strong></span> 
     </span>
    </p>
   </div>
   <div class='ocr_carea' id='block_1_220' title="bbox 1986 4581 3587 4652">
    <p class='ocr_par' dir='ltr' id='par_1_220' title="bbox 1986 4581 3587 4652">
     <span class='ocr_line' id='line_1_221' title="bbox 1986 4581 3587 4652; baseline 0.001 -20"><span class='ocrx_word' id='word_1_793' title='bbox 1986 4595 2108 4632; x_wconf 88' lang='lat' dir='ltr'><strong>cum</strong></span> <span class='ocrx_word' id='word_1_794' title='bbox 2171 4581 2449 4650; x_wconf 84' lang='lat' dir='ltr'><strong>discipulis</strong></span> <span class='ocrx_word' id='word_1_795' title='bbox 2494 4581 2652 4638; x_wconf 89' lang='lat' dir='ltr'><strong>meis.</strong></span> <span class='ocrx_word' id='word_1_796' title='bbox 2710 4583 2776 4637; x_wconf 83' lang='lat' dir='ltr'><strong>Et</strong></span> <span class='ocrx_word' id='word_1_797' title='bbox 2821 4582 3067 4637; x_wconf 80' lang='lat' dir='ltr'><strong>fecerunt</strong></span> <span class='ocrx_word' id='word_1_798' title='bbox 3117 4584 3388 4652; x_wconf 49' lang='lat' dir='ltr'><strong>disteipdli.</strong></span> <span class='ocrx_word' id='word_1_799' title='bbox 3450 4584 3587 4635; x_wconf 88' lang='lat' dir='ltr'><strong>sicut</strong></span> 
     </span>
    </p>
   </div>
   <div class='ocr_carea' id='block_1_221' title="bbox 1989 4652 3587 4723">
    <p class='ocr_par' dir='ltr' id='par_1_221' title="bbox 1989 4652 3587 4723">
     <span class='ocr_line' id='line_1_222' title="bbox 1989 4652 3587 4723; baseline 0.002 -22"><span class='ocrx_word' id='word_1_800' title='bbox 1989 4654 2266 4723; x_wconf 84' lang='lat' dir='ltr'><strong>praecepit</strong></span> <span class='ocrx_word' id='word_1_801' title='bbox 2296 4653 2401 4707; x_wconf 84' lang='lat' dir='ltr'><strong>illis</strong></span> <span class='ocrx_word' id='word_1_802' title='bbox 2428 4653 2588 4708; x_wconf 80' lang='lat' dir='ltr'><strong>Jesus</strong></span> <span class='ocrx_word' id='word_1_803' title='bbox 2638 4664 2691 4709; x_wconf 89' lang='lat' dir='ltr'><strong>et</strong></span> <span class='ocrx_word' id='word_1_804' title='bbox 2724 4663 3052 4723; x_wconf 80' lang='lat' dir='ltr'><strong>paraverunt</strong></span> <span class='ocrx_word' id='word_1_805' title='bbox 3082 4655 3309 4709; x_wconf 84' lang='lat' dir='ltr'><strong>Pascha.</strong></span> <span class='ocrx_word' id='word_1_806' title='bbox 3349 4652 3587 4723; x_wconf 85' lang='lat' dir='ltr'><strong>Vespere</strong></span> 
     </span>
    </p>
   </div>
   <div class='ocr_carea' id='block_1_222' title="bbox 1985 4722 3586 4782">
    <p class='ocr_par' dir='ltr' id='par_1_222' title="bbox 1985 4722 3586 4782">
     <span class='ocr_line' id='line_1_223' title="bbox 1985 4722 3586 4782; baseline -0.001 -7"><span class='ocrx_word' id='word_1_807' title='bbox 1985 4730 2163 4775; x_wconf 90' lang='lat' dir='ltr'><strong>autem</strong></span> <span class='ocrx_word' id='word_1_808' title='bbox 2191 4722 2332 4778; x_wconf 70' lang='lat' dir='ltr'><strong>iacto</strong></span> <span class='ocrx_word' id='word_1_809' title='bbox 2361 4722 2736 4782; x_wconf 86' lang='lat' dir='ltr'><strong>discumbebat</strong></span> <span class='ocrx_word' id='word_1_810' title='bbox 2762 4725 2922 4781; x_wconf 82' lang='lat' dir='ltr'><strong>Jcsus</strong></span> <span class='ocrx_word' id='word_1_811' title='bbox 2950 4743 3073 4781; x_wconf 89' lang='lat' dir='ltr'><strong>cum</strong></span> <span class='ocrx_word' id='word_1_812' title='bbox 3104 4726 3384 4780; x_wconf 84' lang='lat' dir='ltr'><strong>dandecim</strong></span> <span class='ocrx_word' id='word_1_813' title='bbox 3422 4722 3586 4777; x_wconf 88' lang='lat' dir='ltr'><strong>disci-</strong></span> 
     </span>
    </p>
   </div>
   <div class='ocr_carea' id='block_1_223' title="bbox 1986 4793 3586 4861">
    <p class='ocr_par' dir='ltr' id='par_1_223' title="bbox 1986 4793 3586 4861">
     <span class='ocr_line' id='line_1_224' title="bbox 1986 4793 3586 4861; baseline 0.004 -18"><span class='ocrx_word' id='word_1_814' title='bbox 1986 4794 2150 4861; x_wconf 85' lang='lat' dir='ltr'><strong>pulis.</strong></span> <span class='ocrx_word' id='word_1_815' title='bbox 2189 4796 2252 4847; x_wconf 65' lang='lat' dir='ltr'><strong>lit</strong></span> <span class='ocrx_word' id='word_1_816' title='bbox 2281 4796 2564 4851; x_wconf 85' lang='lat' dir='ltr'><strong>edentibus</strong></span> <span class='ocrx_word' id='word_1_817' title='bbox 2595 4800 2720 4853; x_wconf 88' lang='lat' dir='ltr'><strong>illis.</strong></span> <span class='ocrx_word' id='word_1_818' title='bbox 2751 4798 2889 4852; x_wconf 81' lang='lat' dir='ltr'><strong>dixit</strong></span> <span class='ocrx_word' id='word_1_819' title='bbox 2914 4801 3082 4853; x_wconf 82' lang='lat' dir='ltr'><strong>Anien</strong></span> <span class='ocrx_word' id='word_1_820' title='bbox 3110 4799 3230 4850; x_wconf 74' lang='lat' dir='ltr'><strong>dicit</strong></span> <span class='ocrx_word' id='word_1_821' title='bbox 3260 4796 3428 4849; x_wconf 75' lang='lat' dir='ltr'><strong>vobis.</strong></span> <span class='ocrx_word' id='word_1_822' title='bbox 3460 4793 3586 4861; x_wconf 85' lang='lat' dir='ltr'><strong>quia</strong></span> 
     </span>
    </p>
   </div>
   <div class='ocr_carea' id='block_1_224' title="bbox 1989 4863 3585 4925">
    <p class='ocr_par' dir='ltr' id='par_1_224' title="bbox 1989 4863 3585 4925">
     <span class='ocr_line' id='line_1_225' title="bbox 1989 4863 3585 4925; baseline 0.004 -10"><span class='ocrx_word' id='word_1_823' title='bbox 1989 4878 2128 4917; x_wconf 87' lang='lat' dir='ltr'><strong>unus</strong></span> <span class='ocrx_word' id='word_1_824' title='bbox 2153 4877 2387 4920; x_wconf 82' lang='lat' dir='ltr'><strong>vestrum</strong></span> <span class='ocrx_word' id='word_1_825' title='bbox 2416 4870 2712 4925; x_wconf 79' lang='lat' dir='ltr'><strong>traditurus</strong></span> <span class='ocrx_word' id='word_1_826' title='bbox 2741 4882 2823 4925; x_wconf 88' lang='lat' dir='ltr'><strong>est</strong></span> <span class='ocrx_word' id='word_1_827' title='bbox 2848 4886 2954 4925; x_wconf 89' lang='lat' dir='ltr'><strong>me.</strong></span> <span class='ocrx_word' id='word_1_828' title='bbox 2983 4871 3047 4923; x_wconf 85' lang='lat' dir='ltr'><strong>Et</strong></span> <span class='ocrx_word' id='word_1_829' title='bbox 3073 4867 3375 4923; x_wconf 85' lang='lat' dir='ltr'><strong>contristati</strong></span> <span class='ocrx_word' id='word_1_830' title='bbox 3409 4863 3585 4921; x_wconf 85' lang='lat' dir='ltr'><strong>valde.</strong></span> 
     </span>
    </p>
   </div>
   <div class='ocr_carea' id='block_1_225' title="bbox 1986 4937 3582 5011">
    <p class='ocr_par' dir='ltr' id='par_1_225' title="bbox 1986 4937 3582 5011">
     <span class='ocr_line' id='line_1_226' title="bbox 1986 4937 3582 5011; baseline 0.003 -24"><span class='ocrx_word' id='word_1_831' title='bbox 1986 4942 2499 5011; x_wconf 81' lang='lat' dir='ltr'><strong>coeperuntsinguli</strong></span> <span class='ocrx_word' id='word_1_832' title='bbox 2532 4942 2714 4997; x_wconf 89' lang='lat' dir='ltr'><strong>dicere</strong></span> <span class='ocrx_word' id='word_1_833' title='bbox 2751 4941 3017 5011; x_wconf 83' lang='lat' dir='ltr'><strong>Numquid</strong></span> <span class='ocrx_word' id='word_1_834' title='bbox 3049 4955 3148 5009; x_wconf 83' lang='lat' dir='ltr'><strong>ego</strong></span> <span class='ocrx_word' id='word_1_835' title='bbox 3179 4953 3298 4991; x_wconf 89' lang='lat' dir='ltr'><strong>sum</strong></span> <span class='ocrx_word' id='word_1_836' title='bbox 3331 4937 3582 4992; x_wconf 76' lang='lat' dir='ltr'><strong>Domine.</strong></span> 
     </span>
    </p>
   </div>
   <div class='ocr_carea' id='block_1_226' title="bbox 1984 5004 3588 5082">
    <p class='ocr_par' dir='ltr' id='par_1_226' title="bbox 1984 5004 3588 5082">
     <span class='ocr_line' id='line_1_227' title="bbox 1984 5004 3588 5082; baseline 0.003 -23"><span class='ocrx_word' id='word_1_837' title='bbox 1984 5004 2057 5082; x_wconf 64' lang='lat' dir='ltr'><strong>At</strong></span> <span class='ocrx_word' id='word_1_838' title='bbox 2104 5009 2219 5074; x_wconf 85' lang='lat' dir='ltr'><strong>ipse</strong></span> <span class='ocrx_word' id='word_1_839' title='bbox 2262 5004 2597 5081; x_wconf 73' lang='lat' dir='ltr'><strong>reSpondens</strong></span> <span class='ocrx_word' id='word_1_840' title='bbox 2629 5014 2702 5067; x_wconf 88' lang='lat' dir='ltr'><strong>ait</strong></span> <span class='ocrx_word' id='word_1_841' title='bbox 2728 5014 2828 5082; x_wconf 90' lang='lat' dir='ltr'><strong>Qui</strong></span> <span class='ocrx_word' id='word_1_842' title='bbox 2862 5004 3315 5082; x_wconf 46' lang='lat' dir='ltr'><strong>iu&#39;tingit&#39;inccum</strong></span> <span class='ocrx_word' id='word_1_843' title='bbox 3370 5020 3588 5064; x_wconf 86' lang='lat' dir='ltr'><strong>manum</strong></span> 
     </span>
    </p>
   </div>
   <div class='ocr_carea' id='block_1_227' title="bbox 1989 5077 3589 5150">
    <p class='ocr_par' dir='ltr' id='par_1_227' title="bbox 1989 5077 3589 5150">
     <span class='ocr_line' id='line_1_228' title="bbox 1989 5077 3589 5150; baseline 0.004 -21"><span class='ocrx_word' id='word_1_844' title='bbox 1989 5077 2040 5130; x_wconf 92' lang='lat' dir='ltr'><strong>in</strong></span> <span class='ocrx_word' id='word_1_845' title='bbox 2073 5077 2367 5149; x_wconf 63' lang='grc' dir='ltr'><strong>ρηιιεψςίἁιξ</strong></span> <span class='ocrx_word' id='word_1_846' title='bbox 2389 5088 2474 5138; x_wconf 88' lang='lat' dir='ltr'><strong>hic</strong></span> <span class='ocrx_word' id='word_1_847' title='bbox 2521 5101 2605 5140; x_wconf 91' lang='lat' dir='ltr'><strong>me</strong></span> <span class='ocrx_word' id='word_1_848' title='bbox 2638 5077 2834 5138; x_wconf 73' lang='lat' dir='ltr'><strong>tradet.</strong></span> <span class='ocrx_word' id='word_1_849' title='bbox 2870 5077 3035 5135; x_wconf 60' lang='lat' dir='ltr'><strong>Filius</strong></span> <span class='ocrx_word' id='word_1_850' title='bbox 3083 5081 3299 5150; x_wconf 89' lang='lat' dir='ltr'><strong>quidem</strong></span> <span class='ocrx_word' id='word_1_851' title='bbox 3353 5082 3589 5136; x_wconf 87' lang='lat' dir='ltr'><strong>honilhis</strong></span> 
     </span>
    </p>
   </div>
   <div class='ocr_carea' id='block_1_228' title="bbox 1990 5151 3588 5209">
    <p class='ocr_par' dir='ltr' id='par_1_228' title="bbox 1990 5151 3588 5209">
     <span class='ocr_line' id='line_1_229' title="bbox 1990 5151 3588 5209; baseline 0.002 -9"><span class='ocrx_word' id='word_1_852' title='bbox 1990 5151 2137 5203; x_wconf 89' lang='lat' dir='ltr'><strong>vadit</strong></span> <span class='ocrx_word' id='word_1_853' title='bbox 2168 5154 2308 5206; x_wconf 90' lang='lat' dir='ltr'><strong>sicut</strong></span> <span class='ocrx_word' id='word_1_854' title='bbox 2334 5157 2593 5208; x_wconf 85' lang='lat' dir='ltr'><strong>scrihtum</strong></span> <span class='ocrx_word' id='word_1_855' title='bbox 2625 5156 2796 5209; x_wconf 78' lang='lat' dir='ltr'><strong>estde</strong></span> <span class='ocrx_word' id='word_1_856' title='bbox 2827 5169 2913 5208; x_wconf 82' lang='lat' dir='ltr'><strong>eo.</strong></span> <span class='ocrx_word' id='word_1_857' title='bbox 2940 5169 3036 5208; x_wconf 88' lang='lat' dir='ltr'><strong>vae</strong></span> <span class='ocrx_word' id='word_1_858' title='bbox 3060 5164 3242 5209; x_wconf 86' lang='lat' dir='ltr'><strong>autem</strong></span> <span class='ocrx_word' id='word_1_859' title='bbox 3277 5153 3483 5209; x_wconf 82' lang='lat' dir='ltr'><strong>hemini</strong></span> <span class='ocrx_word' id='word_1_860' title='bbox 3514 5153 3588 5205; x_wconf 94' lang='lat' dir='ltr'><strong>illi</strong></span> 
     </span>
    </p>
   </div>
   <div class='ocr_carea' id='block_1_229' title="bbox 1987 5223 3590 5291">
    <p class='ocr_par' dir='ltr' id='par_1_229' title="bbox 1987 5223 3590 5291">
     <span class='ocr_line' id='line_1_230' title="bbox 1987 5223 3590 5291; baseline 0.001 -17"><span class='ocrx_word' id='word_1_861' title='bbox 1987 5232 2086 5289; x_wconf 86' lang='lat' dir='ltr'><strong>per</strong></span> <span class='ocrx_word' id='word_1_862' title='bbox 2112 5238 2271 5291; x_wconf 91' lang='lat' dir='ltr'><strong>quem</strong></span> <span class='ocrx_word' id='word_1_863' title='bbox 2302 5225 2443 5278; x_wconf 79' lang='lat' dir='ltr'><strong>illius</strong></span> <span class='ocrx_word' id='word_1_864' title='bbox 2473 5225 2707 5280; x_wconf 88' lang='lat' dir='ltr'><strong>hominis</strong></span> <span class='ocrx_word' id='word_1_865' title='bbox 2738 5224 2989 5279; x_wconf 87' lang='lat' dir='ltr'><strong>traditur.</strong></span> <span class='ocrx_word' id='word_1_866' title='bbox 3047 5226 3247 5280; x_wconf 91' lang='lat' dir='ltr'><strong>bonum</strong></span> <span class='ocrx_word' id='word_1_867' title='bbox 3284 5235 3403 5281; x_wconf 70' lang='lat' dir='ltr'><strong>erat</strong></span> <span class='ocrx_word' id='word_1_868' title='bbox 3423 5224 3498 5278; x_wconf 92' lang='lat' dir='ltr'><strong>illi</strong></span> <span class='ocrx_word' id='word_1_869' title='bbox 3542 5223 3590 5276; x_wconf 93' lang='lat' dir='ltr'><strong>si</strong></span> 
     </span>
    </p>
   </div>
   <div class='ocr_carea' id='block_1_230' title="bbox 1989 5292 3592 5369">
    <p class='ocr_par' dir='ltr' id='par_1_230' title="bbox 1989 5292 3592 5369">
     <span class='ocr_line' id='line_1_231' title="bbox 1989 5292 3592 5369; baseline 0.003 -27"><span class='ocrx_word' id='word_1_870' title='bbox 1989 5301 2286 5369; x_wconf 28' lang='lat' dir='ltr'><strong>natus-non</strong></span> <span class='ocrx_word' id='word_1_871' title='bbox 2320 5294 2509 5369; x_wconf 62' lang='lat' dir='ltr'><strong>fuisset</strong></span> <span class='ocrx_word' id='word_1_872' title='bbox 2537 5299 2698 5353; x_wconf 91' lang='lat' dir='ltr'><strong>homo</strong></span> <span class='ocrx_word' id='word_1_873' title='bbox 2723 5299 2831 5352; x_wconf 89' lang='lat' dir='ltr'><strong>ille.</strong></span> <span class='ocrx_word' id='word_1_874' title='bbox 2861 5297 3216 5369; x_wconf 78' lang='lat' dir='ltr'><strong>Respondeas</strong></span> <span class='ocrx_word' id='word_1_875' title='bbox 3269 5310 3449 5352; x_wconf 81' lang='lat' dir='ltr'><strong>antem</strong></span> <span class='ocrx_word' id='word_1_876' title='bbox 3497 5292 3592 5348; x_wconf 80' lang='lat' dir='ltr'><strong>Ju-</strong></span> 
     </span>
    </p>
   </div>
   <div class='ocr_carea' id='block_1_231' title="bbox 1989 5359 3104 5442">
    <p class='ocr_par' dir='ltr' id='par_1_231' title="bbox 1989 5359 3104 5442">
     <span class='ocr_line' id='line_1_232' title="bbox 1989 5359 3104 5442; baseline 0.008 -27"><span class='ocrx_word' id='word_1_877' title='bbox 1989 5359 2087 5417; x_wconf 89' lang='lat' dir='ltr'><strong>das</strong></span> <span class='ocrx_word' id='word_1_878' title='bbox 2114 5362 2191 5435; x_wconf 77' lang='grc' dir='ltr'><strong>(ά)</strong></span> <span class='ocrx_word' id='word_1_879' title='bbox 2245 5366 2335 5436; x_wconf 90' lang='lat' dir='ltr'><strong>qui</strong></span> <span class='ocrx_word' id='word_1_880' title='bbox 2385 5367 2687 5425; x_wconf 87' lang='lat' dir='ltr'><strong>traditurus</strong></span> <span class='ocrx_word' id='word_1_881' title='bbox 2738 5380 2855 5425; x_wconf 87' lang='lat' dir='ltr'><strong>erat</strong></span> <span class='ocrx_word' id='word_1_882' title='bbox 2894 5372 2934 5442; x_wconf 73' lang='grc' dir='ltr'><strong>-ι-</strong></span> <span class='ocrx_word' id='word_1_883' title='bbox 2972 5359 3104 5427; x_wconf 71' lang='grc' dir='ltr'><strong>’θυηι</strong></span> 
     </span>
    </p>
   </div>
   <div class='ocr_carea' id='block_1_232' title="bbox 993 5446 2900 5523">
    <p class='ocr_par' dir='ltr' id='par_1_232' title="bbox 993 5446 2900 5523">
     <span class='ocr_line' id='line_1_233' title="bbox 993 5446 2900 5523; baseline 0.003 -10"><span class='ocrx_word' id='word_1_884' title='bbox 993 5456 1386 5514; x_wconf 77' lang='lat' dir='ltr'><strong>VARIANTES</strong></span> <span class='ocrx_word' id='word_1_885' title='bbox 1422 5452 1800 5514; x_wconf 87' lang='lat' dir='ltr'><strong>LECTIONES</strong></span> <span class='ocrx_word' id='word_1_886' title='bbox 1836 5450 2103 5512; x_wconf 83' lang='lat' dir='ltr'><strong>CODICIS</strong></span> <span class='ocrx_word' id='word_1_887' title='bbox 2141 5446 2250 5515; x_wconf 81' lang='lat' dir='ltr'><strong>MS.</strong></span> <span class='ocrx_word' id='word_1_888' title='bbox 2292 5459 2351 5517; x_wconf 90' lang='lat' dir='ltr'><strong>S.</strong></span> <span class='ocrx_word' id='word_1_889' title='bbox 2391 5461 2900 5523; x_wconf 81' lang='lat' dir='ltr'><strong>GERMANENSIS.</strong></span> 
     </span>
    </p>
   </div>
   <div class='ocr_carea' id='block_1_233' title="bbox 350 5552 792 5605">
    <p class='ocr_par' dir='ltr' id='par_1_233' title="bbox 350 5552 792 5605">
     <span class='ocr_line' id='line_1_234' title="bbox 350 5552 792 5605; baseline -0.002 0"><span class='ocrx_word' id='word_1_890' title='bbox 350 5556 367 5585; x_wconf 85' lang='grc'>¹</span> <span class='ocrx_word' id='word_1_891' title='bbox 404 5555 476 5605; x_wconf 77' lang='lat' dir='ltr'><strong>At</strong></span> <span class='ocrx_word' id='word_1_892' title='bbox 496 5552 643 5604; x_wconf 80' lang='lat' dir='ltr'><strong>Jesus</strong></span> <span class='ocrx_word' id='word_1_893' title='bbox 663 5552 792 5604; x_wconf 86' lang='lat' dir='ltr'><strong>dixit</strong></span> 
     </span>
    </p>
   </div>
   <div class='ocr_carea' id='block_1_234' title="bbox 1633 5628 2270 5705">
    <p class='ocr_par' dir='ltr' id='par_1_234' title="bbox 1633 5628 2270 5705">
     <span class='ocr_line' id='line_1_235' title="bbox 1633 5628 2270 5705; baseline 0.014 -11"><span class='ocrx_word' id='word_1_894' title='bbox 1633 5636 2001 5701; x_wconf 82' lang='lat' dir='ltr'><strong>BLANCHINI</strong></span> <span class='ocrx_word' id='word_1_895' title='bbox 2037 5628 2270 5705; x_wconf 67' lang='lat' dir='ltr'><strong>uorax.</strong></span> 
     </span>
    </p>
   </div>
   <div class='ocr_carea' id='block_1_235' title="bbox 360 5731 3585 5815">
    <p class='ocr_par' dir='ltr' id='par_1_235' title="bbox 360 5731 3585 5815">
     <span class='ocr_line' id='line_1_236' title="bbox 360 5731 3585 5815; baseline 0.005 -27"><span class='ocrx_word' id='word_1_896' title='bbox 360 5736 441 5815; x_wconf 62' lang='grc' dir='ltr'><strong>(α)</strong></span> <span class='ocrx_word' id='word_1_897' title='bbox 474 5732 553 5815; x_wconf 52' lang='lat' dir='ltr'><strong>lia</strong></span> <span class='ocrx_word' id='word_1_898' title='bbox 583 5743 635 5788; x_wconf 86' lang='lat' dir='ltr'><strong>et</strong></span> <span class='ocrx_word' id='word_1_899' title='bbox 652 5731 810 5815; x_wconf 57' lang='lat' dir='ltr'><strong>gaiit.</strong></span> <span class='ocrx_word' id='word_1_900' title='bbox 846 5732 961 5787; x_wconf 84' lang='lat' dir='ltr'><strong>Lat.</strong></span> <span class='ocrx_word' id='word_1_901' title='bbox 982 5740 1058 5815; x_wconf 34' lang='lat' dir='ltr'><strong>‘et</strong></span> <span class='ocrx_word' id='word_1_902' title='bbox 1077 5731 1173 5815; x_wconf 55' lang='grc' dir='ltr'><strong>(ἓν.</strong></span> <span class='ocrx_word' id='word_1_903' title='bbox 1204 5742 1484 5811; x_wconf 79' lang='grc' dir='ltr'><strong>στατῆρας.</strong></span> <span class='ocrx_word' id='word_1_904' title='bbox 1504 5764 1569 5773; x_wconf 91' lang='grc'><strong><em>-</em></strong></span> <span class='ocrx_word' id='word_1_905' title='bbox 1600 5733 1675 5806; x_wconf 83' lang='lat' dir='ltr'><strong>(b)</strong></span> <span class='ocrx_word' id='word_1_906' title='bbox 1701 5734 1864 5791; x_wconf 83' lang='lat' dir='ltr'><strong>Addit</strong></span> <span class='ocrx_word' id='word_1_907' title='bbox 1915 5739 1987 5794; x_wconf 72' lang='lat' dir='ltr'><strong>eis</strong></span> <span class='ocrx_word' id='word_1_908' title='bbox 2009 5784 2023 5809; x_wconf 93' lang='lat'><strong>,</strong></span> <span class='ocrx_word' id='word_1_909' title='bbox 2055 5740 2176 5796; x_wconf 89' lang='lat' dir='ltr'><strong>cod.</strong></span> <span class='ocrx_word' id='word_1_910' title='bbox 2204 5757 2421 5813; x_wconf 88' lang='lat' dir='ltr'><strong>quoque</strong></span> <span class='ocrx_word' id='word_1_911' title='bbox 2446 5742 2601 5800; x_wconf 88' lang='lat' dir='ltr'><strong>Cant.</strong></span> <span class='ocrx_word' id='word_1_912' title='bbox 2630 5740 2972 5815; x_wconf 79' lang='grc' dir='ltr'><strong>αὐτοῖς.--(σ)</strong></span> <span class='ocrx_word' id='word_1_913' title='bbox 3004 5741 3082 5798; x_wconf 90' lang='lat' dir='ltr'><strong>lla</strong></span> <span class='ocrx_word' id='word_1_914' title='bbox 3102 5753 3157 5801; x_wconf 91' lang='lat' dir='ltr'><strong>et</strong></span> <span class='ocrx_word' id='word_1_915' title='bbox 3191 5753 3306 5803; x_wconf 66' lang='grc' dir='ltr'><strong>ιω.</strong></span> <span class='ocrx_word' id='word_1_916' title='bbox 3328 5747 3425 5805; x_wconf 85' lang='lat' dir='ltr'><strong>Gr.</strong></span> <span class='ocrx_word' id='word_1_917' title='bbox 3455 5747 3481 5804; x_wconf 85' lang='grc' dir='ltr'>ὁ</span> <span class='ocrx_word' id='word_1_918' title='bbox 3510 5746 3585 5804; x_wconf 70' lang='grc' dir='ltr'><strong>δέ.</strong></span> 
     </span>
    </p>
   </div>
   <div class='ocr_carea' id='block_1_236' title="bbox 282 5802 1172 5883">
    <p class='ocr_par' dir='ltr' id='par_1_236' title="bbox 282 5802 1172 5883">
     <span class='ocr_line' id='line_1_237' title="bbox 282 5802 1172 5883; baseline -0.01 -16"><span class='ocrx_word' id='word_1_919' title='bbox 282 5802 449 5878; x_wconf 75' lang='lat' dir='ltr'><strong>-(d)</strong></span> <span class='ocrx_word' id='word_1_920' title='bbox 487 5804 622 5862; x_wconf 80' lang='lat' dir='ltr'><strong>Tex.</strong></span> <span class='ocrx_word' id='word_1_921' title='bbox 647 5804 740 5863; x_wconf 83' lang='lat' dir='ltr'><strong>Gr.</strong></span> <span class='ocrx_word' id='word_1_922' title='bbox 776 5804 801 5862; x_wconf 88' lang='grc' dir='ltr'><strong>ὁ</strong></span> <span class='ocrx_word' id='word_1_923' title='bbox 832 5802 1172 5883; x_wconf 76' lang='grc' dir='ltr'><strong>παραδιδούς.</strong></span> 
     </span>
    </p>
   </div>
  </div>
