4048 6188
424 281 530 338 52Ἰ

820 395 1049 452 CODEX
1088 390 1625 452 VERCELLENSIS.

432 503 557 560 eum
582 528 596 555 ,
623 487 760 560 dixit
788 507 800 540 2
966 496 969 497 '
1266 487 1468 560 hymno
1498 488 1610 544 dic-

430 558 701 631 Numquid
1266 558 1321 615 to
1345 601 1359 625 ,
1384 560 1634 616 exierunt

431 647 531 701 ego
562 647 682 686 sum
712 631 854 687 Rab—
1265 632 1318 686 in
1349 641 1589 687 montem

430 702 484 756 bi
504 705 526 755 ?
557 703 693 757 Dicit
719 704 767 759 ei
786 702 943 759 Jesus
971 720 984 756 :
1263 702 1482 759 Oliveti.

430 773 511 828 Tu
534 773 739 828 dixisti.
1262 775 1351 830 51.
1395 774 1546 829 Tunc
1568 773 1698 829 dicit
1727 774 1791 828 il-

427 844 517 899 26.
560 845 695 916 Ipsis
724 855 904 903 autem

428 917 747 973 cenantibus
775 958 792 982 ,

440 990 648 1059 accepit
676 989 836 1045 Jesus

465 1075 623 1116 anem
659 1100 673 1125 ,
706 1070 767 1117 ει
789 1076 912 1117 cum

467 1131 739 1189 encdixis—

426 1212 540 1272 set,
575 1244 588 1258 .
634 1204 816 1272 .egit,
847 1212 901 1259 et

428 1274 485 1345 d.
528 1313 543 1329 .
589 1316 604 1330 .
650 1314 664 1328 .
693 1274 929 1345 discipu-

1264 847 1328 901 lis
1354 845 1511 901 Jesus
1545 863 1558 901 :
1592 846 1798 902 Omnes

1263 932 1358 973 vos
1380 918 1608 973 scanda-

1262 991 1371 1045 lum
1406 989 1651 1061 patiemi-

1263 1062 1318 1117 ni
1346 1061 1399 1116 in
1432 1076 1518 1117 me
1538 1103 1552 1125 ,
1578 1060 1677 1116 hac

1265 1142 1444 1188 nocte.
1480 1132 1664 1201 Scrip-

1265 1214 1377 1261 tum
1399 1213 1482 1260 est
1503 1203 1649 1259 enim
1687 1222 1699 1258 :

1262 1275 1508 1333 Percutia
1520 1291 1572 1331 m

428 1344 493 1420 lis
514 1348 656 1415 suis,
681 1356 734 1403 et
761 1344 898 1402 dixit
939 1366 950 1399 :
1262 1358 1535 1420 pastorem
1563 1389 1579 1414 ,
1623 1388 1635 1401 .
1684 1388 1697 1399 .

427 1416 493 1472 A.
542 1458 555 1472 .
600 1459 615 1473 .
663 1460 677 1474 .
725 1460 741 1492 ._
783 1459 796 1473 .
830 1427 1000 1483 te,et
1259 1416 1573 1492 diSpargeu-

429 1528 445 1545 .
490 1531 505 1546 .
549 1529 563 1545 .
611 1530 625 1545 .
670 1528 685 1544 .
727 1489 832 1545 hoc
854 1500 937 1545 est
1263 1532 1277 1547 .
1322 1489 1552 1548 .Xoves
1579 1506 1702 1562 gre-

426 1579 478 1617 e.
525 1604 539 1618 .
584 1600 599 1615 .
645 1602 658 1617 .
702 1601 716 1616 .
765 1576 935 1633 .rpus
1258 1566 1363 1632 gis.

429 1650 535 1690 me.
582 1649 697 1691 .m.
1258 1637 1348 1692 52.
1389 1635 1613 1692 Verum.
1659 1674 1673 1687 .
1721 1674 1732 1685 .
1780 1673 1790 1685 .
1839 1672 1851 1684 .
1894 1670 1909 1687 .

425 1704 516 1759 57.
558 1705 625 1760 Ει
653 1720 731 1779 an
753 1743 766 1758 .
810 1742 825 1757 .
871 1712 983 1779 .ﬂto
1003 1719 1092 1761 ca-
1258 1718 1339 1773 tea
1372 1722 1534 1779 quam
1563 1722 1683 1761 sur-

430 1816 443 1830 .
491 1817 505 1831 .
549 1818 563 1831 .
611 1818 625 1831 .
671 1818 684 1832 .
718 1776 942 1832 benedi—
1256 1776 1491 1846 rexero,
1525 1793 1682 1848 prae-

431 1888 444 1902 .
489 1886 504 1901 .
550 1887 564 1901 .
612 1888 626 1904 .
672 1888 685 1902 .
717 1848 918 1919 gratias
1256 1852 1446 1908 cedam
1471 1865 1569 1905 vos
1592 1850 1647 1904 in

428 1959 443 1973 .
491 1958 507 1974 .
552 1960 566 1974 .
613 1960 625 1972 .
673 1958 688 1973 .
731 1960 746 1975 .
776 1928 832 1975 et
855 1919 948 1977 de-
1257 1922 1578 1987 Galilaeam,

423 1990 502 2045 dit
523 1990 603 2046 eis
630 2033 644 2057 ,
668 1990 858 2047 dicens
884 2009 895 2043 :
1258 1995 1331 2051 ibi
1361 2009 1449 2049 me
1478 1993 1631 2048 vide-

423 2062 515 2117 28.
558 2062 657 2117 Hic
694 2071 779 2119 est
806 2078 930 2118 san-
1260 2066 1406 2123 bitis.

1260 2139 1349 2194 55.
1390 2133 1749 2204 Respondeas

1259 2218 1442 2265 autem
1475 2208 1553 2262 illi
1586 2207 1686 2261 Pc-

1262 2290 1398 2347 trus,
1423 2279 1559 2333 dixit
1589 2296 1601 2331 :
1637 2276 1710 2349 (a)
1734 2275 1790 2331 Si
1818 2276 1858 2345 ’ὶ-

422 2133 548 2216 guis
570 2149 721 2189 meus

422 2214 549 2259 novi
574 2214 759 2288 testa-o

424 2286 595 2332 menti
623 2318 638 2344 ,
668 2286 762 2347 qui

423 2362 522 2418 pro
548 2348 734 2403 multis
1258 2366 1451 2406 omnes
1478 2365 1635 2406 scan-

423 2419 718 2475 eﬂ‘unditur
1258 2422 1474 2478 dalizati
1507 2420 1628 2477 fue-

423 2490 480 2546 in
512 2490 790 2547 remissio-
1259 2495 1369 2549 rint
1394 2494 1447 2548 in
1471 2502 1545 2558 te,
1574 2506 1675 2563 ego

423 2578 547 2618 nem
576 2577 768 2632 pecca-
841 2631 848 2632 ί
1257 2580 1555 2632 numquam

1254 2637 1591 2691 scandaliza-

1255 2708 1347 2762 54.
1388 2710 1507 2761 bor.
1550 2705 1640 2759 Ait
1668 2719 1767 2759 au-

420 2632 514 2689 29.
556 2631 759 2688 terum.
791 2631 922 2686 Dico

421 2712 602 2761 autem
631 2704 788 2765 vobis
815 2720 831 2759 :

423 2790 531 2830 non
558 2775 735 2831 bibam
1259 2787 1368 2832 tem
1397 2778 1560 2832 Petro

422 2861 491 2903 ex
523 2846 580 2901 lt.
627 2884 642 2899 .
688 2886 701 2899 .
748 2884 763 2898 .
807 2885 821 2899 .
868 2884 882 2897 -
1256 2848 1414 2904 Jcsus
1447 2866 1460 2901 :
1492 2847 1669 2904 Amen
1692 2846 1775 2901 di-

423 2926 562 2973 tura.
608 2960 623 2973 .
668 2958 681 2973 .
728 2957 742 2971 .
788 2958 802 2972 .
850 2955 862 2968 .
913 2984 946 2990 __
1257 2934 1324 2976 co
1355 2920 1471 2985 tibi,
1495 2919 1619 2990 quia

422 3004 642 3063 usqu.__.
688 3006 702 3044 :
744 3028 760 3045 .
806 3028 818 3043 .
866 3027 878 3041 .
911 2984 976 3041 il—
1258 2991 1334 3063 (ὁ)
1363 2984 1583 3063 noctei-
1614 2988 1716 3044 hac
1743 3002 1832 3042 an-

420 3059 533 3115 lum
571 3059 715 3134 diem
738 3100 756 3128 ,
1257 3059 1459 3134 te’galli
1489 3059 1731 3134 cantum,

421 3148 544 3188 cum
568 3132 718 3188 illum
1255 3132 1455 3189 ter'me
1485 3133 1652 3189 abne-

420 3203 602 3259 bibam
623 3203 805 3259 vobis-
1252 3205 1425 3273 gabis.

422 3289 545 3330 cum
568 3290 767 3332 novum
1254 3278 1341 3333 55.
1383 3278 1471 3332 Ait
1492 3276 1541 3331 ei
1568 3275 1761 3332 Petrus
1783 3293 1795 3327 :

423 3346 475 3400 in
500 3362 667 3417 regno
692 3346 791 3401 Pa—
839 3416 854 3418 _
1257 3388 1269 3402 .
1316 3390 1328 3403 .
1378 3390 1392 3404 .
1435 3349 1481 3404 si
1504 3356 1761 3418 oportue-

422 3418 511 3473 50.
554 3388 649 3474 δίε
680 3419 808 3474 mei.
837 3416 902 3473 Et
1255 3422 1325 3475 rit
1352 3436 1440 3475 me
1470 3388 1646 3475 tectum

834 3532 1082 3605 XCODEX
1113 3534 1585 3593 CORBEIENSIS.

414 3628 557 3685 dixit
582 3645 595 3683 :
629 3629 898 3701 Numquid
925 3646 1026 3701 ego
1057 3647 1175 3686 sum
1205 3631 1411 3687 Rabbi?
1439 3631 1529 3685 Ait
1556 3630 1632 3685 illi
1665 3648 1677 3683 :
1705 3629 1783 3684 Tn
1808 3629 2011 3685 dixisti.

420 3701 785 3773 coenantibus
798 3712 977 3757 autem
1003 3703 1324 3773 eis,accepit
1351 3703 1509 3758 Jesus
1538 3712 1825 3772 panem,et
1852 3703 2021 3756 bene-

422 3772 582 3844 dixit,
614 3788 678 3827 ac
700 3774 881 3843 fregit,
902 3773 1155 3844 deditque
1184 3772 1463 3843 discipulis
1496 3775 1608 3828 suis
1630 3815 1643 3837 ,
1670 3790 1726 3833 et
1766 3774 1839 3827 ait
1873 3792 1886 3827 :
1912 3776 2017 3826 Ac-

420 3843 666 3913 cipitc,et
690 3844 704 3873 ί
737 3845 1006 3900 comedite
1024 3864 1034 3897 :
1055 3843 1155 3900 lioc
1180 3855 1264 3901 est
1289 3861 1487 3913 corpus
1510 3861 1689 3899 meum
1707 3844 1888 3913 atquod
1918 3859 2018 3913 pro

420 3915 575 3987 vobis
608 3915 868 3987 tradetur.
914 3915 982 3969 Et
1011 3918 1282 3985 accipiens
1309 3918 1534 3972 calicem
1558 3915 1759 3987 gratias
1782 3916 1892 3985 egit
1923 3933 1936 3968 :
1963 3925 2019 3969 et

421 3985 612 4040 dedit’
645 3985 921 4055 discipulis
948 3988 1298 4054 suis,;dicens
1332 4005 1344 4040 :
1388 3985 1650 4043 Bibite'ex
1679 3986 1779 4040 hoc
1804 4001 2017 4040 omnes.

423 4056 519 4111 llic
543 4066 625 4112 est
654 4058 797 4111 enim
829 4059 1048 4128 sanguis
1078 4074 1231 4113 meus
1262 4059 1382 4112 novi
1415 4058 1762 4122 testamenti,
1794 4058 1885 4127 qui
1920 4072 2018 4126 pro

421 4129 605 4183 multis
632 4128 939 4182 ell'undetur
970 4132 1023 4183 in
1063 4130 1438 4185 remissionem
1471 4142 1839 4198 peccatorum.
1884 4129 2015 4183 Dico

421 4207 601 4255 autem
635 4200 789 4254 vobis
821 4216 832 4252 :
867 4217 972 4255 non
1030 4201 1211 4255 bibam
1259 4202 1454 4256 amodo
1483 4202 1551 4256 dc
1601 4202 1703 4256 ltoc
1745 4201 2019 4270 geniminc

421 4272 577 4343 yitis,
613 4286 783 4342 usque
814 4272 864 4326 in
911 4272 1054 4328 diem
1102 4273 1287 4335 illum,
1332 4289 1494 4343 quum
1529 4273 1657 4328 illud
1698 4272 1877 4343 bibam
1925 4286 2019 4325 vo-

420 4341 626 4415 biscum
654 4341 851 4415 novum
883 4345 933 4398 in
968 4360 1133 4414 regno
1163 4341 1490 4400 Patris'mci.
1518 4345 1583 4400 Et
1622 4346 1821 4415 hymno
1846 4342 2014 4407 dicto,

422 4414 670 4468 exierunt
700 4413 753 4468 in
784 4413 1263 4471 montcm’OIiveli.

495 4483 708 4539 XXVII.
738 4485 891 4541 Tunc
925 4487 1053 4542 dicit
1082 4488 1189 4541 illis
1236 4488 1394 4543 Jesus
1430 4506 1441 4541 :
1474 4486 1675 4543 Omnes
1700 4502 1801 4541 vos
1853 4500 2014 4541 scau-

419 4554 603 4611 dalum
631 4557 907 4626 patiemini
932 4558 984 4612 iu
1032 4575 1117 4614 me
1140 4601 1153 4623 ,
1186 4561 1239 4613 in
1269 4561 1368 4613 ista
1414 4571 1593 4615 nocte.
1630 4560 1902 4627 Scriptum
1930 4566 2015 4613 est

419 4628 562 4702 enim
597 4646 609 4680 :
646 4628 949 4702 Percutiam
1002 4639 1306 4700 pastorem,
1356 4641 1409 4686 et
1458 4631 1834 4702 dispergcntur
1883 4644 2011 4683 oves

415 4700 616 4770 gregis.
648 4700 937 4770 Postquam
961 4712 1139 4756 autem
1164 4700 1556 4767 resurrcxcrn,‘
1573 4700 1888 4771 praecedam
1913 4715 2011 4754 vos

416 4771 806 4843 inGalilaeam.
838 4771 1194 4843 Respondens
1221 4784 1401 4829 autem
1434 4775 1646 4838 Petrus,
1679 4776 1754 4828 ait
1785 4774 1861 4827 illi
1891 4790 1904 4825 :
1942 4772 2006 4825 Et

417 4841 464 4894 si
488 4859 677 4915 omnes
705 4841 1055 4899 scandalizati
1089 4842 1291 4899 fuerint
1336 4844 1387 4898 iu
1432 4854 1483 4898 te
1506 4886 1521 4909 ,
1578 4860 1680 4914 ego
1713 4858 2005 4915 numquam

417 4914 846 4992 scandalizabor.
894 4916 985 4971 Ait
1028 4916 1103 4970 illi
1127 4915 1286 4992 .Ie_s_us
1313 4932 1325 4967 :
1357 4918 1527 4970 Amen
1558 4916 1679 4971 dico
1724 4916 1840 4981 tibi,
1866 4914 2007 4992 quia

416 4984 481 5058 in
506 4984 610 5058 hac
627 4999 786 5058 inpete
805 4997 1095 5057 antequam
1121 4986 1295 5058 gallus
1317 4996 1518 5050 cantet,
1552 4996 1633 5042 ter
1656 5002 1743 5041 me
1764 4984 2005 5056 negabis.

415 5053 510 5110 Ait
536 5053 615 5109 illi
644 5054 833 5113 Petrus
864 5076 878 5113 :
911 5053 1083 5115 Eiiam
1116 5053 1163 5115 si
1203 5058 1511 5130 oportuerit
1545 5074 1631 5114 me
1662 5058 1803 5113 mori
1831 5053 2008 5113 tecum

961 279 1230 338 EUSEBll
1261 278 1602 336 VERCELL.
1647 275 2104 336 EVANGELIUM
2143 273 2285 334 CUM
2324 275 2555 334 VARIIS
2590 274 2746 334 COD.
2783 274 3178 335 COLLATUM.

2560 392 2793 451 CODEX
2834 391 3291 451 VERONENSIS.

2962 488 3059 543 tris
3089 488 3218 543 mei.

2961 559 3050 616 50.
3094 559 3161 614 Et
3178 558 3395 631 hymno
3424 558 3507 615 di—

2962 640 3073 695 cto,
3104 630 3353 686 exierunt

2963 700 3015 756 in
3047 712 3285 758 montem

2960 771 3179 832 Olibeti.
3226 779 3285 837 »Β

2961 845 3052 898 51.
3095 844 3251 900 Tunc
3278 844 3410 902 dicit
3446 846 3512 900 il-

2965 921 3023 979 »Β
3068 916 3132 971 lis
3162 934 3175 971 :
3205 916 3406 973 Omnes
3433 931 3529 972 vos

2958 987 3279 1043 scandalum

2960 1060 3240 1128 patiemini
3266 1062 3321 1114 in

2960 1146 3069 1195 me,
3105 1131 3161 1185 in
3190 1134 3292 1187 ista

2964 1212 3146 1258 nocte.

2960 1272 3237 1343 Scriptum
3268 1283 3353 1330 est

2961 1346 3106 1400 enim
3143 1365 3154 1399 :
3190 1346 3494 1402 Percutiam

2961 1426 3258 1486 pastorem,
3287 1427 3340 1474 et
3370 1418 3483 1473 dis-

2961 1504 3160 1559 pargeu
3171 1499 3255 1545 tur
3285 1503 3412 1545 oves

2129 490 2266 546 dixit
2295 506 2311 547 :
2342 490 2511 546 Num-

2128 562 2255 633 quid
2287 578 2387 631 ego
2414 576 2533 617 sum

2130 633 2340 688 liabbi?

2128 705 2229 759 Aitl
2256 705 2331 760 illi
2360 705 2517 761 Jesus
2551 722 2565 761 :

2128 774 2210 829 Tu
2236 776 2438 831 dixisti.

2127 846 2220 902 26.
2264 848 2400 917 Ipsis
2426 856 2605 904 autem

2126 920 2447 974 cenantibus

2128 992 2336 1060 accepit
2364 989 2522 1046 Jesus

2128 1077 2345 1131 panem,
2380 1070 2436 1117 et
2466 1062 2560 1117 be-

2128 1133 2355 1199 nedixit,
2389 1147 2452 1188 ac

2128 1206 2303 1276 fregit,
2335 1203 2511 1276 deditg

2125 1274 2230 1345 que
2259 1274 2539 1342 discipulis

2124 1348 2262 1413 suis,
2297 1356 2352 1402 et
2376 1348 2453 1401 ait
2482 1362 2495 1399 :

2124 1417 2393 1488 Accipite,
2423 1427 2479 1474 ct

2126 1491 2450 1545 manducata

2124 1576 2193 1617 ex
2223 1562 2327 1617 hoc
2356 1575 2547 1617 omnes
2578 1578 2590 1614 :
2958 1576 3172 1631 greges.

2125 1631 2230 1689 hoc
2254 1642 2338 1690 est
2365 1634 2509 1689 enim
2959 1632 3050 1686 52.
3095 1632 3201 1688 Sed
3234 1640 3520 1705 postquam

2122 1720 2320 1775 COl'pllS
2353 1720 2557 1760 meum.
2960 1719 3335 1771 TBSUI'I'GXCI'O,

2120 1778 2211 1831 27.
2256 1777 2326 1832 Et
2356 1776 2629 1845 accipiens
2959 1791 3117 1846 prae-

2121 1849 2347 1906 calicem
2376 1864 2502 1919 gra-
2955 1848 3145 1919 cedam
3173 1861 3269 1903 vos
3299 1848 3352 1903 in

2125 1921 2228 1975 tias
2257 1920 2365 1990 egit
2383 1917 2409 1973 ἐ
2443 1928 2499 1974 et
2954 1917 3239 1975 Galileam.

2122 1990 2272 2047 dedit
2303 1991 2430 2057 illis,

2122 2062 2308 2118 dicens
2338 2080 2350 2115 :
2384 2064 2489 2117 Ac-

2123 2135 2311 2205 cipite,
2343 2143 2396 2189 et
2421 2134 2503 2189 bi-

2121 2206 2234 2261 bite
2267 2221 2335 2261 ex
2362 2206 2487 2260 hoc.

2956 1990 3044 2045 55.
3092 1990 3447 2060 Respondens

2953 2072 3131 2118 autem
3157 2062 3372 2129 Petrus,

2953 2133 3066 2188 ait:
3092 2134 3167 2205 (α)
3194 2133 3252 2189 Si
3268 2134 3305 2204 οῖ

2953 2220 3144 2262 omnes
3170 2220 3327 2261 scan-

2119 2276 2210 2333 28.
2257 2278 2356 2332 llic
2382 2287 2464 2331 est
2490 2274 2634 2331 enim
2953 2276 3334 2331 dalizabuntur

2122 2350 2346 2416 sanguis
2369 2362 2523 2405 meus
2956 2349 3010 2403 in
3036 2357 3108 2415 te,
3139 2363 3241 2418 ego

2120 2421 2269 2485 novi,
2302 2430 2357 2476 et
2382 2422 2595 2475 aeterni
2955 2435 3243 2489 numquam
3271 2433 3429 2475 scan-

2122 2492 2456 2558 testamenti,
2955 2491 3244 2546 dalizabor.

2954 2562 3042 2617 54.
3086 2562 3223 2617 Dicit
3253 2561 3327 2616 illi

2120 2564 2211 2635 qui
2239 2579 2339 2635 pro
2365 2562 2551 2635 multis

2953 2632 3110 2688 Jesus
3134 2651 3146 2685 ε
3175 2634 3344 2688 Amen

2122 2634 2433 2691 effundetur
2466 2634 2519 2688 in

2119 2707 2496 2762 remissionem
2518 2718 2647 2776 pec-
2954 2705 3076 2759 dico
3105 2704 3224 2776 tibi,

2120 2786 2387 2833 calorum.
2520 2773 2533 2776 '
2954 2776 3100 2847 QUUd
3130 2773 3208 2847 (ὁ)
3240 2773 3340 2830 hac
3368 2776 3405 2845 ’ξ’

2118 2848 2210 2904 29.
2256 2850 2387 2904 Dico
2411 2857 2593 2903 autem
2624 2864 2733 2904 νο-
2954 2858 3112 2903 nocte
3130 2855 3281 2901 ante-

2949 2935 3108 2988 quam
3133 2918 3307 2989 gallus

2951 3000 3154 3055 cantet,
3182 3000 3263 3044 ter

2952 3077 3039 3117 me
3068 3060 3312 3132 negabis.

2950 3134 3040 3189 55.
3083 3136 3173 3188 Ait
3195 3133 3274 3187 illi

2952 3204 3177 3260 Petrus:
3205 3203 3432 3260 Etiamsi

2951 3291 3040 3333 me
3062 3286 3357 3346 opportue—

2952 3348 3024 3402 rit
3051 3348 3188 3402 mori
3224 3357 3301 3404 te-

2950 3434 3093 3486 cum,
3126 3434 3235 3473 non

2584 3536 2819 3595 CODEX
2857 3536 3255 3594 BRIXIANUS.

2122 3627 2267 3684 dixit
2300 3647 2312 3685 :
2354 3628 2623 3700 Numquid
2653 3645 2752 3699 ego
2796 3644 2913 3683 sum
2973 3629 3167 3683 Rabhi.
3197 3627 3290 3684 Ait
3320 3628 3393 3683 illi
3420 3626 3601 3685 Iesus.
3634 3630 3725 3684 Tu

2123 3700 2699 3756 dixisti.Cacnanlibus
2716 3710 2900 3755 autem
2923 3702 3001 3755 eis
3023 3706 3235 3770 accepit
3258 3700 3413 3756 Jesus
3441 3716 3635 3769 panem
3664 3712 3727 3757 et

2122 3771 2451 3828 benedicens
2475 3772 2633 3842 fregit
2662 3784 2715 3827 et
2743 3771 3190 3841 deditdiscipulis
3207 3774 3319 3827 suis
3336 3773 3539 3826 dicens.
3565 3775 3729 3827 Acci-

2125 3846 2233 3913 pite
2252 3854 2306 3899 ct
2337 3845 2501 3899 edite.
2528 3844 2631 3898 hoc
2653 3845 2894 3899 cstcnim
2912 3860 3107 3913 corpus
3138 3860 3337 3898 meum.
3357 3844 3423 3897 Et
3446 3844 3726 3911 accipiens

2127 3916 2353 3971 calicem
2383 3916 2585 3985 gratias
2625 3916 2736 3983 egit
2765 3925 2818 3969 et
2863 3915 3012 3969 dedit
3058 3916 3164 3970 illis
3189 3916 3398 3971 dicens.
3436 3915 3608 3969 Bibitc
3654 3933 3727 3971 ex

2128 3986 2232 4041 hoc
2260 4002 2449 4041 omnes
2491 3987 2588 4041 llic
2620 3998 2703 4041 est
2729 3986 2871 4041 enim
2917 3987 3137 4056 sanguis
3188 4002 3358 4041 incus.
3400 3988 3523 4041 novi
3558 3997 3727 4041 teSIa-

2127 4060 2295 4113 menti
2323 4061 2413 4127 qui
2449 4074 2547 4126 pro
2581 4058 2764 4112 multis
2795 4057 3102 4113 cfl‘undetur
3130 4058 3183 4112 in
3215 4060 3557 4113 remissione.
3594 4074 3729 4127 pec-

2125 4139 2392 4184 catorum.
2426 4130 2555 4185 Dico
2601 4139 2779 4185 autem
2814 4130 2966 4184 vobis
2994 4130 3119 4199 quia
3163 4145 3269 4183 non
3300 4130 3480 4184 bibam
3516 4130 3725 4184 amndo

2125 4215 2195 4255 ex
2221 4200 2321 4255 hac
2347 4201 2702 4271 generatione
2739 4202 2864 4255 vitis
2894 4215 3067 4270 usque
3100 4202 3151 4254 iu
3192 4202 3339 4256 diem
3395 4202 3558 4255 illum.
3591 4217 3724 4255 cum

2126 4272 2255 4327 illud
2290 4273 2469 4329 bibam
2502 4273 2777 4328 vobiscum
2808 4288 3009 4327 novum
3043 4272 3094 4325 in
3121 4288 3289 4343 regno
3316 4273 3492 4327 Patris
3516 4272 3645 4325 mci.

2200 4345 2267 4397 Et
2297 4360 2461 4414 ymno
2488 4344 2653 4399 dicto.
2689 4345 2937 4399 exierunt
2968 4344 3020 4398 in
3049 4356 3288 4399 montem
3317 4344 3532 4398 Oliveti.
3568 4344 3727 4400 Tunc

2123 4414 2256 4470 dicit
2280 4416 2390 4470 illis
2418 4415 2598 4472 Jesus.
2630 4416 2833 4471 Omnes
2862 4431 2961 4471 vos
3001 4416 3317 4471 scandalum
3347 4415 3629 4485 patiemini
3671 4420 3725 4470 in

2123 4502 2209 4541 me
2242 4488 2293 4541 in
2324 4488 2422 4543 hac
2448 4496 2627 4543 nocte.
2660 4488 2932 4541 Scribtum
2954 4500 3039 4542 est
3061 4488 3228 4541 enim.
3256 4488 3561 4542 Percutiam
3599 4505 3731 4554 pas-

2122 4567 2315 4613 torem.
2366 4568 2421 4614 et
2449 4560 2832 4629 dispargenlur
2868 4574 3001 4613 oves
3038 4563 3242 4629 gregis.
3279 4558 3385 4614 Sed
3430 4567 3728 4628 postquam

2118 4646 2491 4686 resurrexero.
2528 4630 2848 4699 praecedam
2880 4646 2977 4684 vos
3018 4632 3071 4683 in
3102 4630 3384 4686 Galileam.
3432 4672 3445 4683 .
3466 4630 3728 4697 Respon-

2116 4702 2250 4757 deus
2298 4714 2477 4757 autem
2510 4702 2703 4758 Petrus
2748 4704 2824 4756 ait
2854 4701 2930 4756 illi
2978 4701 3094 4755 Etsi
3126 4717 3317 4757 omnes
3370 4702 3727 4757 scandalizati

2116 4772 2319 4829 fuerint
2371 4774 2423 4828 in
2483 4785 2553 4828 te.
2612 4788 2713 4844 ego
2769 4789 3060 4841 numquam
3123 4772 3557 4827 scaudalizabor.
3620 4812 3633 4824 .
3711 4813 3726 4827 .

2118 4846 2207 4899 Ait
2233 4846 2307 4900 illi
2338 4845 2496 4901 Jesus
2528 4846 2700 4901 Amen
2726 4844 2849 4899 dico
2876 4845 3111 4915 tibiquia
3143 4845 3195 4898 iu
3229 4844 3328 4899 hac
3351 4856 3531 4899 nocte.
3561 4856 3732 4900 autc-

2118 4932 2280 4983 quam
2326 4918 2498 4987 gallus
2528 4925 2713 4973 cantet
2763 4926 2844 4971 ter
2884 4931 2971 4971 me
3002 4916 3244 4985 negabis.
3275 4916 3365 4971 Ait
3389 4916 3465 4971 illi
3497 4915 3728 4971 Petrus.

2120 4987 2297 5044 Etiam
2321 4991 2366 5045 si
2390 5004 2478 5046 me
2516 4989 2856 5060 opportuerit
2887 4988 3023 5043 mori
3074 4998 3249 5044 tecum

2120 2919 2205 2973 bis
2239 2937 2251 2973 :
2280 2936 2388 2975 non
2416 2920 2595 2975 bibam

2121 2992 2317 3047 amodo
2336 2992 2405 3047 de
2437 2991 2538 3045 hac

2119 3074 2367 3118 creatura
2390 3062 2517 3117 vilis

2120 3132 2302 3206 hujus,
2335 3149 2506 3206 usque
2538 3133 2591 3189 in

2118 3204 2262 3260 diem
2294 3204 2466 3274 illum,
2500 3221 2622 3261 cum

2120 3276 2252 3331 illud
2276 3277 2455 3333 bibam
2483 3291 2578 3332 vo—

2118 3348 2327 3403 biscum
2362 3349 2585 3417 nobum,

2121 3418 2174 3473 in
2206 3434 2374 3491 regno
2402 3421 2502 3475 Pa-

1103 5221 1499 5280 VARIANTES
1537 5220 1922 5281 LECTIONES
1956 5220 2223 5280 CODICIS
2260 5221 2371 5280 MS.
2414 5224 2473 5280 S.
2512 5222 3031 5281 GERMANENSIS.

478 5313 499 5344 ¹
538 5314 736 5367 edite...
762 5324 947 5365 meum.
969 5312 1032 5366 Et
1052 5317 1297 5379 accipiens

2180 5319 2201 5349 ²
2235 5316 2330 5369 illis

1764 5421 2134 5481 BLANCHINI
2169 5420 2396 5477 NOTAE.

483 5523 511 5555 α
540 5515 655 5575 Hoc
701 5533 812 5575 non
854 5516 1061 5575 addunt
1098 5513 1203 5572 alia
1246 5514 1615 5572 vetustissima
1646 5512 1992 5585 Exemplaria

409 5583 619 5658 Graeca
645 5592 729 5645 vel
759 5591 967 5647 Latina.
1020 5592 1408 5646 Assumentum
1457 5597 1584 5658 puta
1615 5603 1681 5643 ex
1730 5583 1898 5657 prima
1927 5587 1995 5642 ad

410 5656 724 5715 Corinthios
746 5663 985 5732 Epistola
1006 5706 1020 5732 ,
1054 5678 1175 5735 cap.
1202 5678 1253 5717 χι
1271 5703 1285 5727 ,
1317 5656 1577 5727 νονεζ2ι,
1603 5658 1695 5714 ubi
1723 5656 1871 5713 elare
1897 5673 1993 5713 ex-

2103 5530 2292 5587 pressa
2319 5524 2446 5570 sunt
2470 5530 2610 5585 quae
2635 5515 2703 5572 ad
2744 5514 2906 5572 iidem
2935 5514 3049 5572 veri
3079 5515 3326 5587 corporis
3353 5512 3561 5572 Christi
3589 5513 3726 5570 dis~

2103 5586 2298 5659 cipulis
2320 5587 2574 5659 incibum
2599 5588 2782 5644 traditi
2813 5588 3103 5659 pertinent.
3137 5586 3336 5645 Confer
3378 5588 3541 5644 etiam
3571 5603 3729 5657 quae

2106 5658 2359 5713 dicuntur
2386 5657 2516 5714 Luc.
2551 5675 2693 5727 xxu,
2730 5657 2821 5715 l9.

484 5773 562 5847 (a)
600 5776 678 5832 lta
706 5787 760 5833 et
780 5778 903 5835 cod.
936 5781 1092 5838 Cant.
1126 5783 1187 5837 εἰ.
1224 5810 1294 5823 --
1332 5779 1407 5853 (b)
1436 5779 1576 5837 Ante
1606 5774 1725 5844 hac,
1754 5774 1906 5834 deest
1931 5775 2006 5843 in,
2035 5774 2195 5833 etiam
2222 5774 2277 5831 in
2294 5772 2419 5831 cod.
2440 5775 2594 5831 Cant.
