4048 6188
353 250 457 309 355

1308 253 1755 313 EVANGELIUM
1792 251 2163 313 SECUNDUM
2198 254 2633 313 MATTHIEUM.

700 344 931 422 coosx
967 361 1515 427 vsscsusssrs.

345 455 491 528 tibus
508 471 627 512 com
636 472 754 528 prc-

346 527 589 584 hendere
609 527 691 584 me
715 546 727 582 :

342 598 565 654 cottidie

338 680 471 739 aput
500 684 597 725 vos
628 668 782 725 sede-

338 739 461 795 bam
493 742 546 794 in
579 751 712 796 tem-

338 811 429 881 plo
464 810 687 870 docens.

404 924 418 935 .
463 922 477 935 .
510 897 619 938 non
647 893 802 938 tenu-

341 994 356 1008 .
403 994 415 1005 .
462 994 475 1006 .
509 955 706 1009 tisme.

338 1024 430 1081 56.
470 1024 587 1080 Hoc
609 1033 787 1081 autem
817 1033 892 1081 to-

340 1106 779 1151 tum......

338 1175 441 1231 est,
475 1176 533 1222 ut
548 1167 741 1235 impie-

336 1248 498 1293 antur
522 1238 707 1309 Scrip-

334 1319 488 1365 turae
531 1310 591 1365 P.
637 1308 657 1364 .“
683 1308 854 1381 ophe-

335 1391 532 1436 tarum.

335 1451 490 1507 Tunc
522 1451 779 1524 discipuli

336 1524 453 1593 ejus
481 1538 696 1590 omnes,

336 1594 527 1649 relicto
556 1610 645 1661 eo,
674 1594 759 1651 fu-

1182 462 1330 515 nium
1353 461 1541 516 adver-

1181 546 1275 587 sus
1295 532 1497 600 Jesum,
1527 539 1585 588 ut
1604 546 1729 589 eum

1179 603 1544 659 interﬁcerent
1574 621 1589 657 :

1180 676 1249 729 60
1278 683 1335 729 et
1354 690 1460 730 non
1483 676 1564 729 in-

1178 755 1391 812 verunt,
1412 762 1533 802 cum
1564 745 1702 802 mul-

1181 820 1248 873 tis
1274 818 1423 873 ialsis
1450 826 1559 874 tee—

1180 898 1260 945 tes
1296 890 1558 945 accessis-

1176 970 1297 1017 sent
1312 1002 1327 1025 ,
1360 975 1467 1015 non
1497 961 1579 1016 in-

1178 1042 1445 1088 venerunt

1180 1103 1385 1158 exitum
1413 1104 1513 1159 rei.

1180 1172 1374 1229 Postea
1402 1185 1581 1229 autem

1179 1257 1452 1300 venerunt

1181 1315 1355 1370 duof.
1402 1354 1475 1371 ..
1521 1324 1676 1371 ,ια-

1314 1356 1427 1451 ίὲέ,
1457 1356 1794 1442 endis-erunt
1821 1404 1834 1439 ι

1183 1456 1281 1512 Hic
1306 1457 1443 1513 dixit
1480 1474 1495 1516 :
1524 1456 1656 1513 Pos-

1182 1542 1301 1583 sum
1330 1528 1577 1585 destrue—

1178 1614 1239 1671 re
1264 1600 1524 1671 templum

335 1666 423 1721 57.
464 1676 687 1737 gerunt.
717 1665 801 1721 Ad
824 1663 902 1720 illi
1178 1668 1306 1736 Dei,
1337 1663 1393 1726 ei
1418 1675 1471 1725 in
1506 1670 1596 1727 tri-

336 1746 588 1793 tenentes
846 1770 855 1778 -
1178 1739 1281 1796 bus
1308 1741 1500 1798 diebus

333 1808 540 1877 Jesum,
571 1809 741 1865 duxe-
1176 1811 1464 1869 aediﬁcare

336 1891 461 1936 runt
489 1880 558 1935 ad
584 1880 700 1937 Cai-
1178 1882 1332 1940 illud.

334 1952 495 2023 pham
521 1952 721 2021 princi-
1179 1954 1268 2009 62.
1312 1956 1381 2010 Et
1409 1970 1531 2010 cum
1561 1971 1680 2011 sure

336 2038 455 2096 pem
484 2037 667 2096 sacer-7
1178 2027 1408 2081 rexisset
1436 2028 1586 2096 prin-

337 2095 545 2166 dotum,
573 2093 665 2149 ubi
1177 2110 1306 2166 ceps
1331 2093 1585 2153 sacerdo-

337 2165 549 2219 scribae
578 2172 633 2219 et
652 2180 737 2220 se-
1179 2165 1313 2233 tum,
1347 2169 1578 2224 dixitilli
1612 2186 1627 2225 :

338 2237 519 2291 niores
548 2249 679 2290 con-
1178 2238 1293 2294 Non
1317 2254 1544 2309 respon—

338 2317 617 2381 venerant.
1178 2310 1275 2381 des
1300 2310 1367 2365 ad
1395 2326 1480 2374 ea,
1511 2325 1650 2381 quae

337 2378 425 2433 58.
469 2378 660 2432 Petrus
678 2385 862 2432 autem
1178 2379 1235 2435 hi
1262 2381 1527 2437 adversus

337 2449 664 2518 sequebatur
1180 2460 1233 2506 te
1259 2453 1553 2508 testiﬁcan-

339 2535 457 2576 eum
488 2534 517 2573 a
546 2519 663 2574 lon—
1178 2523 1267 2579 65.
1313 2523 1437 2579 tur?
1465 2524 1622 2579 Jesus
1647 2531 1828 2579 autem

338 2606 420 2661 ge,
452 2606 624 2663 usque
653 2588 719 2644 ad
746 2602 803 2642 ι-
1178 2595 1411 2650 tacebat.
1446 2596 1512 2649 Et
1536 2592 1609 2663 (ι)
1643 2607 1757 2648 res-

341 2662 497 2735 trium
529 2662 676 2731 prin-
1178 2665 1422 2735 pondens
1451 2664 1492 2735 -ί-
1524 2662 1669 2733 prin-

344 2776 353 2786 .
399 2773 411 2786 .
439 2734 523 2803 pis
553 2747 633 2787 sa.
677 2773 752 2807 L.
784 2771 813 2807 _.
1178 2734 1307 2807 ceps
1332 2734 1590 2791 sacerdo-

342 2844 355 2858 .
399 2844 413 2859 .
458 2847 469 2858 .
520 2842 537 2858 .
579 2845 592 2857 .
640 2845 652 2856 .
688 2805 753 2859 Et
783 2805 863 2859 in-
1179 2805 1293 2862 tum
1323 2807 1576 2862 dixitei:

340 2877 657 2949 gressusin-
1178 2878 1383 2949 Adjuro
1416 2887 1467 2933 te
1496 2894 1595 2949 per

342 2946 440 3012 tro,
474 2946 701 3002 sedebat
1180 2946 1353 3005 Deum
1382 2946 1565 3003 vivum
1584 2990 1599 3015 ,

339 3034 455 3073 cum
486 3018 675 3073 minis—
1179 3028 1236 3075 ut
1263 3020 1411 3075 dicas
1439 3036 1535 3074 no-

341 3098 402 3144 tr.
448 3129 462 3142 .
508 3130 522 3143 .
572 3128 587 3143 .
622 3088 815 3144 tvide-
1181 3091 1267 3148 bis
1297 3093 1339 3145 si
1376 3101 1431 3146 lu
1456 3106 1515 3146 es
1545 3090 1794 3147 Christus

1181 3162 1251 3217 64
1289 3162 1433 3217 ﬁlius
1460 3163 1578 3218 Dei.
1608 3162 1701 3217 Ait

1178 3232 1354 3289 Jesus.
1385 3233 1466 3289 Tu
1493 3233 1674 3289 dixisti
1706 3251 1719 3288 :

339 3168 417 3214 ret
442 3162 648 3217 exitum

338 3232 422 3287 59.
461 3231 563 3287 rei.
596 3231 858 3301 Princeps

338 3318 485 3369 vero,
516 3314 565 3357 et
600 3302 721 3357 uni.
1178 3316 1553 3361 verumtamen

337 3388 548 3428 versum
570 3388 703 3430 con-
1179 3376 1302 3431 dico
1330 3376 1483 3430 vobis
1501 3418 1516 3441 ,

337 3446 538 3511 cilium,
578 3459 745 3515 quae-
1178 3448 1373 3500 amodo
1398 3446 1546 3503 vide-

340 3516 525 3571 rebant
553 3516 653 3571 l'al-
1177 3517 1303 3573 bitis
1329 3518 1497 3573 ﬁlium

334 3601 451 3645 sum
480 3587 728 3646 testimo-
1176 3586 1414 3644 hominis
1436 3602 1528 3644 se-

760 3699 995 3759 CODEX
1033 3702 1511 3761 CORBEIENSIS.

337 3815 475 3890 tibus
499 3816 967 3890 cornprehendere
1011 3834 1098 3874 me
1132 3836 1145 3873 :
1186 3819 1427 3890 quotidie
1460 3818 1601 3888 apud
1642 3835 1737 3890 vos
1778 3820 1935 3876 sede-

336 3886 452 3941 bam
477 3886 683 3944 docens
716 3887 768 3942 in
800 3889 1021 3959 templo,
1044 3900 1101 3945 et
1138 3886 1245 3945 non
1293 3908 1379 3946 me
1406 3886 1672 3945 tenuistis.
1706 3889 1818 3945 lioc
1840 3908 1935 3946 au-

333 3966 437 4031 tem
469 3969 641 4013 totum
672 3959 871 4031 factum
891 3970 996 4025 est,
1020 3971 1079 4016 ut
1105 3961 1458 4030 implerentur
1477 3962 1789 4031 Scripturae
1807 3963 1937 4017 Pro-

334 4029 641 4096 phetarum.
668 4030 822 4086 Tunc
847 4031 1097 4102 discipuli
1144 4029 1356 4099 omnes,
1398 4029 1721 4096 relicto'eo,
1762 4035 1935 4104 logie-

337 4110 475 4155 runt.

400 4171 643 4227 XXVIII.
677 4171 748 4226 At
776 4172 851 4227 illi
883 4181 1131 4230 tenentes
1161 4174 1370 4240 Iesum,
1403 4174 1673 4231 duxerunt
1703 4175 1767 4228 ad
1808 4173 1932 4229 Cai-

334 4242 492 4311 phm
526 4245 826 4313 principem
857 4247 1220 4311 sacerdotum,
1250 4247 1338 4300 ubi
1372 4247 1581 4301 scribae
1607 4256 1662 4301 et
1686 4247 1931 4303 seniores

334 4324 726 4369 convenerant.
752 4314 944 4370 Petrus
971 4324 1150 4373 autem
1190 4319 1515 4385 sequebatur
1539 4333 1662 4371 eum
1689 4334 1718 4372 a
1748 4320 1926 4386 longe.

335 4400 499 4459 usque
526 4386 580 4438 in
612 4386 810 4459 atrium
854 4388 1108 4457 principis
1135 4388 1498 4443 sacerdotum.
1545 4388 1615 4442 Et
1652 4391 1927 4459 ingressus

335 4455 494 4521 intro,
527 4456 756 4511 sedebat
774 4471 896 4512 cum
924 4455 1205 4523 ministris,
1240 4470 1295 4514 ut
1322 4460 1527 4515 videret
1552 4455 1734 4515 linem:
1770 4461 1925 4516 Prin-

331 4529 682 4602 cipesputem
707 4528 1073 4602 sacerdotum,
1096 4540 1326 4602 etomne
1353 4532 1661 4599 concilium,
1689 4548 1922 4602 quaere-

335 4598 460 4671 bant
476 4597 676 4652 falsum
700 4600 1065 4671 testimonium
1090 4610 1270 4657 contra
1293 4601 1497 4671 Jesum,
1521 4615 1578 4656 ut
1601 4597 1726 4659 eum
1758 4603 1919 4659 morti

336 4668 636 4745 traderent:
662 4678 717 4723 et
733 4670 1209 4745 noninvenerunt,
1236 4690 1400 4745 quum
1434 4668 1587 4730 multi
1608 4674 1725 4729 l‘alsi
1755 4684 1922 4730 testes

337 4740 712 4821 secessissent:
733 4738 1034 4821 Novissime
1062 4745 1079 4774 ⁸
1104 4738 1488 4821 veneruntduo
1518 4747 1632 4801 falsi
1665 4756 1849 4821 testes.
1868 4754 1926 4821 et

337 4809 588 4889 dixerunt
614 4811 742 4889 gliic
763 4811 937 4889 dixit;
953 4815 1186 4889 Possum
1211 4816 1491 4873 destruere
1514 4820 1769 4889 templum
1804 4817 1920 4882 Dei,

339 4887 393 4935 et
415 4892 534 4965 post
558 4882 796 4965 triduum
820 4883 1105 4965 aediﬁcare
1129 4888 1287 4965 illud.
1323 4891 1387 4943 Et
1416 4882 1642 4965 surgens
1671 4890 1925 4960 princeps

340 4953 681 5034 sacerdotum
702 4992 715 5018 ,
746 4955 822 5034 sit
866 4955 944 5010 illi
976 4957 1164 5034 _:_Nihil
1204 4953 1606 5034 respondes'ad
1640 4953 1702 5016 ea
1726 5001 1739 5025 ,
1779 4953 1920 5034 quae

339 5023 422 5077 isti
451 5023 742 5080 adversum
773 5030 828 5081 te
868 5023 1441 5087 testiﬁcantur‘ilesus
1477 5042 1655 5088 autem
1682 5023 1915 5088 tacebat.

344 5091 410 5175 Et
429 5095 684 5165 princeps
701 5098 1041 5177 sacerdotum
1066 5102 1141 5177 sit
1169 5102 1247 5157 illi
1284 5123 1297 5157 :
1327 5102 1532 5177 Adiuro
1560 5114 1611 5159 te
1634 5119 1729 5174 per
1753 5103 1923 5177 Deum

344 5166 573 5248 vivumh
601 5179 657 5248 ut
700 5166 854 5248 dices
893 5172 1048 5248 nobis
1076 5174 1120 5248 si
1154 5182 1209 5228 tu
1240 5190 1300 5230 es
1328 5166 1578 5232 Christus
1598 5166 1759 5248 ﬁlius
1804 5176 1923 5248 Dei.

348 5232 577 5312 Dicitilli
597 5237 778 5312 _J_es_us.
812 5238 1144 5312 Tudixisti:
1179 5256 1551 5303 verumtamen
1577 5247 1700 5302 dico
1734 5245 1925 5312 vobis,

352 5308 533 5362 amodo
558 5308 809 5365 videbitis
839 5310 1007 5368 ﬁlium
1034 5313 1271 5371 hominis
1312 5316 1506 5373 seden-

2472 366 2706 427 CODEX
2744 367 3198 427 VERONENSIS.

2047 463 2279 519 fustibus
2308 480 2442 519 con—

2047 535 2388 605 prehendere

2046 622 2136 662 me
2161 625 2172 660 :
2197 607 2397 662 cotidie

2046 687 2177 743 aput
2206 693 2301 733 vos
2324 692 2410 734 se-

2046 748 2240 804 debam
2272 750 2325 803 in

2047 821 2251 890 templo
2284 820 2487 875 docens
2503 860 2521 887 ,

2046 900 2104 946 ει
2134 906 2239 946 non
2262 907 2348 947 me
2372 901 2450 947 te-

2047 963 2263 1017 nuistis.

2048 1033 2138 1089 56.
2182 1034 2294 1089 Hoc
2315 1042 2496 1089 autem

2048 1112 2221 1160 totum
2252 1104 2449 1159 factum

2047 1185 2132 1230 est
2146 1218 2160 1243 ,
2193 1185 2253 1229 ut
2289 1177 2555 1245 implean-

2048 1253 2136 1316 tur
2164 1246 2475 1316 Scripturae

2047 1315 2464 1387 PrOphetarum.

2046 1385 2199 1443 Tunc
2226 1387 2389 1443 disci—

2046 1458 2159 1528 puli
2189 1473 2409 1525 omnes,

2046 1529 2238 1585 relicto
2266 1544 2331 1586 eo
2355 1568 2371 1595 ,

2048 1598 2338 1670 fugierunt.

2047 1669 2138 1725 57.
2181 1672 2263 1726 Ad
2298 1671 2373 1725 illi
2402 1678 2481 1726 te-

2044 1750 2237 1797 nentes
2262 1741 2447 1798 Jesum
2471 1784 2485 1807 ,

2044 1811 2317 1869 duxerunt

2043 1884 2113 1938 ad
2138 1882 2329 1940 Cailan

2043 1954 2343 2025 principem
2370 1970 2457 2011 sa-

2044 2026 2326 2081 cerdotum
2345 2068 2359 2091 ,
2392 2026 2481 2083 ubi

2044 2098 2254 2153 scribae
2275 2108 2331 2153 et

2042 2169 2287 2224 seniores
2310 2183 2440 2225 con-

2041 2249 2321 2296 venerant.

2041 2310 2134 2369 58.
2175 2311 2368 2368 Petrus
2396 2319 2580 2367 autem

2041 2383 2369 2453 sequebatur

2041 2469 2165 2511 eum
2187 2468 2217 2506 a
2248 2454 2438 2525 longe,

2041 2538 2217 2606 usque
2244 2526 2297 2579 in
2338 2596 2349 2606 I
2429 2593 2441 2604 ι

2040 2596 2237 2649 atrium
2269 2596 2471 2665 princi-

2081 2668 2125 2721 is
2145 2664 2511 2722 sacerdotum.

2091 2747 2109 2792 t
2131 2738 2408 2807 ingressus

2041 2808 2186 2864 intro
2208 2809 2433 2865 sedebat

2040 2894 2165 2935 cum
2193 2879 2482 2941 ministris,

2042 2960 2103 3005 ut
2127 2950 2337 3006 videret

2040 3021 2203 3077 ﬁnem
2233 3021 2332 3077 rei.

2042 3093 2133 3149 59.
2176 3092 2455 3160 Principes
2480 3105 2575 3145 au-

2042 3174 2151 3220 tem
2181 3162 2545 3226 sacerdotum,

2040 3242 2097 3289 et
2122 3234 2435 3306 universum

2040 3304 2352 3370 concilium,
2383 3304 2548 3374 Quae-

2043 3374 2236 3437 rebant
2262 3375 2459 3445 falsum

2042 3446 2410 3501 testimonium

2042 3527 2226 3573 contra
2249 3515 2460 3582 Jesum,

2044 3596 2102 3643 ut
2129 3602 2251 3644 eum
2282 3587 2442 3640 morti

2883 461 3161 516 traderent
3194 479 3206 513 :

2885 533 2974 587 60.
3015 542 3071 588 et
3098 547 3207 587 non
3241 532 3391 593 inve-

2882 611 3111 669 nerunt,
3137 618 3261 660 cum

2881 675 3036 731 multi
3062 674 3181 729 falsi

2882 756 3049 802 testes
3077 746 3341 803 accessis-

2880 827 3025 873 56M.

2880 887 3187 944 Novissime

2880 968 3060 1014 autem
3090 973 3253 1018 vene-

2881 1039 3010 1085 runt
3038 1031 3146 1085 duo

2882 1100 3003 1157 l'alsi
3036 1109 3205 1157 testes
3226 1147 3241 1171 ,

2881 1180 2937 1227 et
2963 1172 3252 1229 dixerunt:

2880 1244 2961 1367 ila)
2994 1244 3315 1328 Audivimus

2921 1329 3022 1367 unc
3048 1314 3249 1367 dixisse
3278 1315 3315 1367 +

2921 1329 3029 1387 unc
3048 1314 3249 1370 dixisse
3278 1315 3321 1387 «ι’
3352 1333 3366 1370 :

2879 1384 2939 1440 6i
2955 1425 2968 1437 .
3002 1385 3229 1441 Possum
3260 1384 3356 1443 de-

2878 1466 3092 1527 struere
3119 1458 3380 1527 templum

2879 1524 2984 1583 hoc
3015 1528 3109 1583 Dei
3132 1568 3147 1592 ,
3180 1538 3235 1583 et

2878 1608 3008 1680 post
3031 1599 3213 1680 triduo

2877 1667 3009 1725 illud
3048 1667 3299 1727 reaedill-

2877 1753 3024 1796 care.

2879 1811 2969 1865 62.
3004 1812 3072 1866 Et
3097 1824 3326 1884 surgens

2878 1884 3131 1954 princeps
3156 1896 3243 1940 sa-

2877 1954 3161 2009 cerdotum
3186 1996 3203 2011 .
3236 1956 3312 2011 ait

2876 1996 2963 2079 iiii
2975 1996 3166 2081 :"iiiiiii
3186 1996 3203 2022 '

2874 2096 3172 2166 respondes
3202 2096 3269 2151 ad

2874 2178 2937 2220 ea
2959 2208 2974 2232 ,
3005 2182 3143 2236 quae
3171 2168 3261 2223 isti

2872 2236 3165 2294 adversum
3199 2252 3254 2295 te

2874 2311 3234 2365 testiﬁcantur
3251 2307 3277 2362 ?

2874 2380 2966 2435 65.
2999 2380 3157 2437 Jesus
3186 2389 3371 2436 autem

2877 2452 3110 2507 tacebat.

2876 2520 2941 2593 Et
2972 2521 3058 2593 (ὁ)
3078 2534 3308 2591 respon-

2874 2591 3009 2648 dens
3028 2591 3077 2664 '1-
3108 2593 3359 2664 princeps

2874 2672 3222 2719 sacerdotum

2877 2736 2953 2789 ait
2981 2735 3097 2791 illi:
3136 2735 3296 2807 Adju-

2878 2820 2941 2861 ro
2970 2816 3021 2861 te
3051 2822 3149 2877 per
3178 2806 3348 2862 Deum

2876 2878 3058 2932 vivum
3080 2919 3095 2940 ,
3126 2888 3185 2933 ut
3212 2878 3293 2933 di-

2876 2962 2968 3004 cas
3000 2949 3158 3004 nobis
3186 2948 3234 3003 si

2879 3026 2933 3074 tu
2964 3034 3023 3074 es
3054 3018 3306 3074 Christus

2880 3096 2939 3153 ὦ
2975 3090 3115 3145 ﬁlius
3148 3090 3264 3145 Dei.
3302 3095 3359 3151 ὦ

2872 3160 2962 3215 64.
2996 3161 3137 3216 Dicit
3162 3160 3241 3215 illi

2871 3231 3051 3287 Jesus.
3086 3232 3167 3287 Tu
3195 3231 3279 3287 di-

2871 3389 3029 3429 amen
3061 3372 3185 3428 dico

2874 3443 3027 3498 vobis
3050 3484 3065 3507 ,
3098 3444 3296 3498 amodo

2875 3514 3127 3569 videbitis
3155 3512 3325 3567 ﬁlium

2875 3581 3111 3638 hominis
3138 3583 3326 3639 seden-

2500 3702 2735 3759 CODEX
2772 3696 3165 3761 BRIXIANUS.

2037 3817 2210 3899 s‘tibus
2230 3818 2708 3899 conpraehendere
2731 3832 2835 3872 me.
2856 3815 3077 3899 cottidie
3098 3815 3354 3899 θροεῖ-νος
3375 3816 3631 3899 sedebam

2038 3890 2241 3945 docens
2271 3890 2323 3944 in
2357 3888 2559 3957 templo
2587 3900 2641 3944 et
2670 3904 2777 3943 non
2806 3904 2891 3944 me
2921 3888 3319 3944 tenuistis.lloc
3346 3898 3524 3943 autem
3549 3896 3633 3944 to-

2044 3971 2154 4016 tum
2178 3962 2376 4016 factum
2396 3969 2478 4016 est
2496 3970 2551 4015 ut
2576 3959 2716 4015 adim
2726 3962 3000 4029 plcrcntur
3013 3960 3321 4016 Scribturae
3336 3960 3632 4030 Propheta-

2042 4048 2183 4087 rum.
2204 4031 2355 4087 Tunc
2376 4032 2625 4101 discipuli
2654 4046 2842 4086 omnes
2861 4031 3047 4086 relicto
3069 4046 3134 4086 eo
3160 4031 3428 4102 fugerunt.
3449 4033 3516 4084 At
3551 4032 3625 4085 illi

2045 4110 2289 4158 tenentes
2313 4102 2805 4167 Jesum,duxeruut
2834 4103 2900 4157 ad
2926 4101 3190 4170 Caiphan.
3226 4101 3525 4172 principem
3548 4117 3630 4156 sa-

2040 4173 2341 4229 cerdotum.
2369 4174 2455 4229 ubi
2470 4174 2677 4229 scribae
2700 4184 2753 4229 ct
2774 4174 3017 4229 seniores
3028 4182 3412 4229 convenerant.
3433 4174 3626 4228 Petrus

2035 4255 2214 4300 autem
2234 4246 2555 4315 sequebatur
2576 4261 2699 4300 eum
2724 4261 2752 4299 a
2779 4244 2937 4313 longe
2956 4260 3124 4314 usque
3145 4244 3453 4315 adjdomum
3478 4246 3627 4312 priu-

2033 4316 2170 4383 cipis
2196 4314 2558 4371 Sacerdotium.
2583 4316 2652 4369 Et
2675 4317 2944 4385 ingressus
2974 4315 3108 4368 intra
3132 4314 3352 4369 sedebat
3376 4330 3497 4370 cum
3524 4316 3625 4369 ml-

2032 4388 2220 4443 nistris
2249 4398 2305 4442 ut
2326 4389 2533 4443 videret
2562 4387 2720 4442 ﬁnem
2748 4388 2848 4441 rei.
2866 4386 3143 4453 Principes
3166 4397 3345 4440 autem
3367 4385 3623 4441 sacerdo-

2033 4465 2141 4511 tum
2162 4467 2217 4513 et
2239 4458 2480 4513 seniores
2500 4467 2754 4512 ctomnes
2774 4458 3061 4511 concilium
3077 4456 3620 4525 quaerebantfalsum

2031 4529 2394 4584 testimonium
2421 4529 2680 4584 adversus
2700 4528 2882 4583 Jesum
2911 4536 2971 4583 ut
2992 4542 3116 4583 cum
3137 4528 3297 4583 morti
3323 4528 3623 4583 traderent.

2023 4607 2079 4654 et
2106 4616 2209 4654 non
2244 4601 2582 4655 invenerunt.

3536 260 3641 315 55-5

2097 4670 2313 4728 Etcum
2344 4671 2495 4726 multi
2532 4669 2645 4723 {nisi
2698 4676 2861 4725 testes
2888 4670 3267 4725 accessissent.
3310 4684 3416 4724 non
3473 4667 3625 4721 inve-

2028 4752 2225 4797 nerunt
2276 4744 2510 4811 culpam.
2572 4741 2880 4796 Novissime
2939 4750 3116 4797 autem
3160 4746 3467 4811 venerunt
3515 4737 3626 4794 duo

2025 4811 2147 4868 falsi
2181 4824 2344 4870 teSIes
2382 4823 2437 4869 et
2467 4814 2719 4868 dixerunt

2770 4812 2847 4882 (a)
2879 4813 3031 4867 liunc
3068 4810 3369 4865 audivimus
3418 4809 3625 4882 dixisse

2027 4883 2069 4956 -ί-
2102 4885 2327 4941 Possum
2370 4884 2649 4941 destruere
2695 4881 2951 4954 templum
3002 4883 3114 4956 Dei.
3150 4891 3203 4934 et
3232 4889 3354 4951 post
3387 4881 3623 4956 triduum

2029 4952 2317 5013 aediﬁcare
2363 4956 2492 5011 illud
2546 4956 2609 5010 Et
2652 4952 2918 5020 exurgens
2961 4952 3215 5023 princeps
3244 4953 3615 5009 sacerdotum.

2025 5030 2102 5084 ait
2130 5032 2201 5086 illi
2234 5030 2378 5085 Nihil
2409 5026 2705 5097 respondes
2736 5025 2803 5079 ad
2842 5039 2925 5079 ea.
2956 5038 3095 5097 quae
3125 5023 3210 5097 isti
3242 5024 3528 5097 adversum
3563 5031 3618 5078 te

2029 5102 2404 5155 testiﬁcantur.
2457 5095 2614 5152 Jesus
2662 5104 2839 5168 autem
2883 5095 3122 5168 tacebat.
3165 5096 3229 5152 Et
3281 5096 3356 5168 (ὸ)
3396 5109 3555 5164 rcspo

2030 5170 2232 5242 densf
2260 5172 2508 5239 princeps
2533 5167 2872 5242 sacerdotum
2922 5165 2998 5242 ait
3048 5166 3125 5221 illi
3170 5165 3372 5242 A_djuro
3425 5174 3625 5242 te__per

2034 5234 2217 5296 Deum'
2234 5234 2409 5294 vivum
2441 5234 2501 5293 ut
2526 5238 2672 5294 dicas
2703 5237 2876 5291 nobis.
2910 5236 2955 5291 si
2987 5247 3039 5292 tu
3070 5254 3130 5294 es
3176 5234 3423 5293 Christus
3477 5234 3624 5290 ﬁlius

2036 5308 2151 5365 Dei.
2193 5312 2328 5365 Dicit
2367 5310 2442 5365 illi
2472 5309 2648 5365 Jcsus.
2694 5306 2779 5363 Tu
2822 5307 3029 5364 dixisti.
3081 5317 3450 5365 verumtamen
3500 5304 3626 5361 dico

2039 5382 2190 5439 vobis
2219 5382 2416 5438 amodo
2448 5380 2699 5437 videbitis
2730 5380 2902 5435 tilium
2934 5380 3169 5437 hominis
3198 5378 3395 5436 seden-

1027 5472 1417 5534 VARIANTES
1452 5475 1833 5536 LECTIONES
1870 5474 2135 5569 (φωρ.ιὸ
2168 5474 2279 5532 MS.
2322 5473 2381 5531 S.
2423 5468 2931 5532 GERMANENSIS.

410 5560 427 5593 ¹
460 5570 619 5617 autem

1630 5662 2017 5735 BLANCHINI
2046 5662 2280 5725 NOTE.

428 5740 505 5811 (a)
535 5740 608 5798 Ita
640 5753 695 5802 et
721 5745 843 5804 cod.
874 5749 1035 5809 Cant.
1069 5756 1358 5829 ἠκούσαμεν
1405 5760 1565 5817 αὐτοῦ
1604 5760 1849 5834 λέγοντος·
1894 5791 1926 5806 '-

2037 5760 2068 5831 ι)
2102 5760 2267 5819 Addit
2290 5757 2639 5831 respondens,
2669 5752 2831 5812 etiam
2861 5759 2971 5811 tex.
3000 5751 3096 5812 Gr.
3122 5754 3430 5836 ἀποκρυθιίς.
