2024 3094
178 130 230 159 537

373 191 486 221 CODEX
504 192 775 222 VERCELLENSIS.

176 256 185 267 .
225 258 234 265 .
276 258 283 265 .
324 258 331 265 .
368 259 376 267 .
416 260 423 267 .
462 260 468 266 .
508 260 516 267 .
590 239 841 282 §.deris.Etpr0<

174 291 185 302 .
225 294 232 301 .
275 294 282 301 .
322 294 331 303 .
368 296 373 302 .
414 295 422 302 .
461 296 468 303 .
509 296 516 302 .
587 280 668 309 jectts
686 284 779 309 argen-

246 331 359 360 CAPUT
373 332 482 362 xxvu-
590 311 799 375 ifclﬁsifTé’t'Zf

172 377 200 405 1.
217 376 339 417 Cumque
353 386 411 406 ma-
589 382 657 415 biit,
673 387 701 409 et
715 382 812 417 laqueo

172 420 206 441 ne
220 418 294 441 esset
308 414 365 442 fac—
589 425 620 445 se
635 414 785 451 suspendit.

172 453 245 488 tum!
259 451 365 477 consili-
589 454 615 481 6.
631 453 761 488 Princeps
774 462 818 482 au-

172 492 215 512 um
229 484 354 527 fecerunt
589 493 642 516 tem
654 484 778 517 sacerdo-

171 528 267 559 omnes
281 528 353 559 prtn:
589 527 645 551 tum
654 544 662 557 ,
678 528 789 559 accepta

170 556 244 591 cipes
256 557 380 594 sacerdo-
588 560 716 594 pecunia,
730 556 803 589 dixe-

588 601 665 623 runt:
677 595 734 623 Non
749 596 776 623 Ii-

587 636 632 658 cet
645 632 751 659 mittere

587 674 618 694 ea
631 668 658 694 in
671 667 798 695 corbam:

587 703 649 737 quia
661 703 756 738 praeti-

587 746 631 765 um
644 738 749 772 sangui-

586 774 614 800 7.
630 773 674 801 nis
687 780 738 801 est.
752 772 846 801 Consi-

170 596 226 618 tum
239 596 268 619 et
280 593 368 620 senio-

168 634 213 655 res
227 627 313 663 plebis
327 628 371 656 ad-

168 670 265 691 versus
279 663 389 700 Jesum,

168 703 197 726 ut
210 706 273 726 eum
289 707 362 728 mor-

167 734 186 761 ti
203 734 353 763 traderent.

167 770 195 797 Ξ.
212 769 371 806 Etrligatum

167 812 229 833 etim
242 805 396 842 duxerunt,
586 808 623 836 lio
635 814 725 837 autent
739 816 781 837 ac-

166 845 194 869 et
207 841 321 880 tra_dide_-
388 841 392 842 ⁷
586 849 665 880 cepto
682 845 752 872 inter

165 876 337 916 [untPontio
355 915 360 916 γ
586 876 632 913 se',
648 881 685 915 (ὁ)
701 885 827 909 emerunt
839 880 861 916 ἰ-

165 912 253 951 Pilato
270 915 372 951 praesi-
586 912 680 949 agrum
693 917 755 951 tigu-
846 912 853 916 ⁷
887 931 889 933 -

165 948 192 975 5.
210 948 247 975 di.
270 947 347 977 Tunc

166 983 262 1011 videns
275 984 358 1013 ludas
369 1006 377 1018 ,

163 1019 210 1054 qui
227 1020 338 1048 tradidit

586 951 619 983 li,
634 951 667 979 ad
680 952 798 993 sepultu-

585 994 843 1059 ἓῗᾛξιξῖἰῖτὶῖτορ-

164 1062 238 1088 eum,
252 1056 316 1090 quia
329 1056 406 1084 dam-
587 1062 629 1085 ter
644 1057 696 1086 hoc
712 1066 755 1086 vo-

164 1096 245 1129 natus
260 1098 306 1129 ess
321 1111 329 1119 .
346 1112 354 1120 .
372 1100 380 1126 ;
393 1094 483 1129 paeni-
585 1098 661 1129 catus
674 1099 716 1122 est
730 1101 795 1129 ager

164 1127 250 1154 tentia
265 1126 331 1155 duc—
393 1126 403 1129 '
585 1128 648 1157 illae
658 1126 752 1157 Acbeli

165 1166 210 1189 tus
218 1183 227 1194 ,
242 1163 347 1190 rettulit
586 1165 681 1193 demac
689 1186 697 1198 ,
713 1165 764 1193 hoc

165 1198 276 1233 triginta
289 1206 383 1234 argen-

164 1237 225 1270 teos
237 1234 365 1270 principi-

164 1267 214 1296 bus
229 1267 354 1298 sacerdo-

165 1308 222 1331 tum
231 1325 238 1336 .
252 1309 281 1332 et
291 1306 380 1333 senio—

164 1340 190 1366 4.
209 1340 284 1368 ribus
292 1361 299 1373 ,
316 1341 429 1369 dicens:

585 1205 627 1228 est
635 1221 642 1232 ,
658 1209 723 1236 ager
736 1209 794 1228 san-

584 1236 672 1272 guinis
680 1258 687 1270 ,
703 1244 789 1272 usque

585 1271 612 1299 in
629 1272 734 1299 hodier-

584 1314 650 1334 num
667 1307 748 1335 diem.

585 1342 613 1370 9.
634 1342 711 1370 Tunc
722 1342 818 1377 imple-

163 1374 278 1413 Peccavi
288 1396 295 1408 ,
311 1377 385 1412 quod
587 1382 641 1405 tum
656 1383 698 1406 est
711 1374 782 1413 quod

164 1411 328 1439 tradiderim
584 1413 685 1441 dictum
700 1411 743 1441 est

163 1448 324 1490 sanguinem
585 1456 634 1490 per
647 1449 768 1490 Prophe-

162 1484 274 1516 justum.
584 1489 650 1518 tam,
666 1484 760 1513 dicen-

164 1516 205 1544 Ad
221 1518 352 1559 illiﬁdire-
584 1523 638 1548 tcm
652 1530 658 1548 :
673 1521 706 1548 Et
716 1528 793 1559 acce-

164 1558 243 1590 runt:
257 1554 328 1588 Quid
583 1561 683 1590 perunt
698 1557 746 1584 tri-

163 1588 197 1616 ad
211 1590 281 1618 nos?
297 1594 324 1618 tu
336 1590 377 1619 vi—
583 1588 658 1627 ginta
670 1599 767 1628 argen-

379 1659 499 1688 CODEX
516 1660 751 1690 CORBEIENSIS.

162 1713 209 1734 sus
222 1711 264 1735 est
277 1707 359 1740 foras,
369 1708 377 1723 ί
393 1712 420 1735 et
433 1708 601 1736 amarissime
614 1708 697 1736 ﬂevit.
711 1708 788 1736 Mane
802 1712 891 1736 autem
905 1707 962 1736 fac-

162 1747 209 1774 to,
229 1743 373 1770 consilium
394 1743 512 1778 injeruut
532 1751 626 1771 omnes
641 1743 776 1778 principes
789 1744 960 1771 sacerdotum

162 1778 173 1793 ’
189 1783 217 1805 et
231 1786 326 1806 omnes
341 1779 463 1806 seniores
479 1779 571 1814 populi
584 1779 714 1807 adversus
728 1779 819 1807 Jesum
830 1800 838 1811 ,
855 1784 884 1805 ut
898 1787 961 1806 eum

161 1815 243 1841 morti
264 1814 412 1842 traderent.
436 1815 469 1842 Et
493 1816 611 1842 vinctum
635 1816 804 1842 adduxerunt
828 1822 909 1847 eum,
933 1819 961 1842 et

163 1850 334 1877 tradiderunt
354 1850 451 1878 Pontio
466 1850 554 1877 Pilato
571 1851 696 1883 praesidi.
712 1850 788 1878 Tttuc
802 1850 897 1877 videns
912 1850 961 1878 Ju-

161 1885 211 1912 das
222 1907 228 1917 ,
247 1887 290 1919 qui
307 1894 368 1912 eum
386 1885 514 1919 tradidit,
530 1886 590 1921 qttia
606 1886 748 1913 damnatus
764 1886 774 1902 ³
788 1891 877 1914 esset;
894 1893 959 1920 pne-

158 1922 274 1948 nitentia
291 1922 399 1953 ductus,
410 1922 502 1949 rctttlit
517 1923 624 1956 triginta
637 1928 781 1957 argenteos
794 1922 959 1957 principibus

158 1957 354 1988 sacerdouim.
376 1963 403 1984 ct
424 1957 596 1988 senioribus.
619 1957 733 1984 dicens:
756 1958 885 1989 Peccavi,
908 1963 960 1984 tra-

158 1993 230 2018 dens
243 1994 401 2027 Sanguinem
422 1993 537 2028 justum.
559 1993 594 2020 At.
617 1993 653 2020 illi
674 1993 815 2020 dixerunt:
837 1993 906 2026 Quid
926 1994 960 2021 ad

158 2029 234 2055 nos?
258 2033 287 2055 tu
308 2029 418 2056 videris.
434 2029 467 2056 Et
487 2028 616 2062 projectis
636 2029 771 2063 argenteis
793 2030 818 2055 in
840 2028 958 2062 templo,

157 2064 295 2091 recessit:
313 2069 339 2091 et
359 2064 455 2092 abiens
476 2064 573 2097 laqui-o
596 2072 624 2091 sc
647 2065 797 2098 suspendit.
821 2064 960 2098 Principes

157 2106 251 2126 autem
278 2099 448 2126 sacerdotum
462 2120 468 2132 ,
494 2100 612 2133 acceptis
636 2100 772 2133 argenteis
784 2121 791 2132 ,
807 2099 934 2127 dixerunt
950 2109 956 2127 ε

157 2134 219 2161 Non
234 2135 296 2170 licet
312 2136 418 2162 mittere
434 2143 481 2163 eos
496 2135 521 2162 itt
538 2135 548 2150 ⁸
563 2135 710 2162 corbanatu
725 2144 732 2162 :
753 2136 814 2169 quia
842 2137 956 2169 pretium

156 2171 300 2204 Sanguinis
319 2176 371 2197 est.
386 2171 506 2198 Consilio
526 2176 614 2198 autem
630 2171 710 2201 inito.
725 2176 848 2197 emerunt
859 2179 892 2197 ex
905 2171 960 2198 illis

157 2213 255 2240 agrum
272 2206 345 2240 ﬁguli
360 2228 367 2239 ,
385 2207 409 2233 in
427 2206 592 2240 sepulturam
609 2206 823 2240 peregrinorum.
847 2206 962 2240 Propter

156 2241 212 2268 hoc
222 2249 332 2268 vocatus
348 2246 390 2269 est
404 2250 468 2277 ager
480 2242 525 2269 ille
535 2263 542 2273 ,
554 2242 564 2257 ⁵
577 2246 589 2259 κ
602 2241 800 2269 Acbcldauiacli
815 2262 822 2273 ,
838 2241 888 2268 hoc
902 2246 960 2275 est,

155 2284 224 2311 ager
237 2278 387 2312 sanguinis,
406 2285 490 2311 usque
505 2277 530 2304 in
547 2277 708 2304 hodiernum
723 2277 805 2304 diem.
821 2277 896 2304 Tunc
910 2277 962 2304 itu-

156 2314 264 2347 pletum
279 2319 320 2339 est
334 2313 406 2347 quod
421 2313 521 2340 dictum
542 2318 583 2340 est
602 2320 649 2346 per
663 2313 824 2340 Hieremiam
839 2313 964 2348 Prophe-

157 2353 230 2383 tatn,
241 2348 377 2376 dicentem
391 2357 397 2377 ;
412 2349 446 2377 Et
459 2348 622 2383 acceperunt
635 2349 743 2384 triginta
752 2356 849 2383 argen-

661 133 886 165 EVANGELIUM
904 131 1088 164 SECUNDUM
1107 132 1324 161 MATTHEUM.

1242 191 1360 221 CODEX
1381 192 1605 223 VERONENSIS.

1024 246 1071 267 sus
1086 238 1177 271 foras,
1192 247 1263 267 ama—
1441 241 1475 268 ad
1490 240 1561 268 nos}?
1575 245 1603 268 tu

1024 274 1131 304 rissime
1144 275 1269 311 ploravit.
1441 275 1469 303 5.
1489 276 1601 304 videris.
1618 276 1653 305 Et

1441 312 1570 347 projectis
1583 319 1628 339 ar-

1441 348 1546 382 genteis
1561 347 1588 375 in

1440 383 1553 418 templo,
1567 390 1657 412 seces-

1441 418 1476 446 sit
1494 427 1501 445 z
1519 423 1546 446 et
1559 419 1636 453 abiit,

1442 458 1470 482 et
1482 454 1579 489 laqueo
1592 462 1622 482 se

1442 490 1592 523 suspendit.

1442 525 1469 552 6.
1489 525 1566 552 Tunc
1576 527 1651 560 prin-

1441 561 1515 595 cipes
1528 568 1618 589 sacer-

1441 596 1546 628 dotum.
1563 597 1682 633 acceptis

1094 368 1208 399 CAPUT
1224 369 1332 400 XXVII.

1024 451 1051 479 Ι.
1068 450 1146 478 Mane
1160 456 1250 480 autem
1265 452 1317 481 fac-

1022 490 1092 518 tum.
1109 488 1253 515 consilium

1023 521 1062 557 (a)
1073 524 1263 560 acceperunt-l-

1023 564 1118 585 omnes
1134 559 1235 592 princi-

1023 600 1071 627 pes
1086 594 1258 623 sacerdotum

1023 633 1051 666 ει
1060 630 1182 666 seniores
1442 633 1591 666 argenteis,

1043 664 1110 692 lebis
1125 666 1255 695 adversus
1441 664 1569 695 diierunt
1584 664 1591 696 Ξ

1039 707 1126 732 esum.
1143 705 1172 728 ut
1440 702 1499 730 Non
1517 703 1580 731 licet

1022 742 1084 762 eum
1101 736 1181 764 morti
1440 739 1550 766 mittere
1561 747 1609 767 eos

1022 770 1170 799 traderent.
1440 773 1468 801 in
1485 774 1602 802 loculum
1619 784 1626 803 :

1022 805 1049 832 2.
1071 806 1105 834 Et
1117 808 1237 836 vinctum

1022 841 1192 871 adduxerunt

1022 883 1095 910 eum,
1112 883 1139 905 et
1155 880 1239 907 tradi-

1022 912 1120 941 derunt
1136 914 1232 943 Pontio

1022 948 1110 976 Pilato
1124 951 1251 983 praesidi.

1020 984 1048 1011 5.
1070 985 1144 1012 Tunc
1157 986 1251 1015 videns

1019 1019 1115 1053 Judas,
1124 1022 1169 1056 qui

1019 1063 1082 1083 eum
1099 1057 1221 1091 tradidit,

1019 1092 1081 1126 quia
1093 1092 1236 1122 damnatus

1018 1132 1075 1161 est;
1093 1129 1234 1163 paeniten~

1018 1162 1055 1189 tia
1068 1163 1177 1198 ductus,
1192 1164 1254 1193 red-

1019 1197 1082 1225 tulit
1095 1206 1161 1227 xxx.

1018 1239 1163 1268 argenteos
1176 1237 1249 1269 prin-

1017 1269 1123 1303 cipibus
1138 1277 1228 1298 sacer-

1017 1303 1120 1337 dotum,
1134 1310 1162 1332 et

1017 1340 1171 1368 senioribus
1178 1362 1186 1374 ,

1017 1374 1045 1402 4.
1066 1376 1159 1406 dicens
1174 1386 1181 1404 :
1198 1377 1299 1406 Pecca-

1017 1411 1054 1447 vi,
1070 1412 1142 1447 quod
1158 1417 1213 1440 tra-

1017 1446 1132 1475 diderim
1144 1455 1207 1476 san-

1440 810 1502 844 quia
1518 811 1651 845 praetium

1440 846 1580 881 sanguinis
1587 851 1640 874 est.

1442 881 1470 908 7.
1491 882 1609 910 Consilio
1621 890 1669 910 au-

1441 921 1495 944 tem
1510 922 1622 950 accepto

1441 952 1512 979 inter
1525 960 1554 980 se
1569 953 1619 989 (ιν),

1440 993 1566 1016 emerunt
1579 989 1599 1024 -ιθ

1439 1031 1533 1059 agrum
1549 1024 1633 1059 ﬁguli.

1438 1059 1466 1086 io
1481 1060 1648 1093 sepulturam

1439 1103 1614 1129 peregrmoru
1619 1104 1644 1122 111
1650 1115 1656 1122 .

1439 1131 1465 1157 8.
1488 1131 1600 1165 Propter
1612 1131 1663 1159 hoc

1438 1172 1549 1193 Vocatus
1563 1172 1604 1193 est

1438 1208 1501 1235 ager
1517 1202 1571 1233 ille,
1587 1202 1686 1229 Achel—

1438 1237 1563 1268 demach,
1580 1238 1652 1271 quod
1664 1240 1717 1270 est,

1437 1278 1502 1306 ager
1512 1272 1663 1306 sanguinis.

1437 1314 1524 1341 usque
1540 1308 1565 1334 in
1581 1307 1631 1335 ho-

1435 1342 1560 1370 diernum
1574 1343 1658 1370 diem.

1437 1377 1464 1405 9.
1486 1378 1562 1406 Tunc
1574 1379 1670 1414 imple-

1437 1418 1493 1441 tum
1510 1420 1551 1441 est
1568 1414 1641 1448 quod

1436 1449 1538 1477 dictum
1553 1454 1595 1477 est

1016 1483 1125 1518 guinem
1139 1485 1183 1519 ju-
1435 1493 1484 1521 per
1498 1485 1673 1519 Prophetam,

1016 1523 1099 1546 stum.
1436 1520 1571 1548 dicentem
1588 1529 1594 1547 :

1015 1525 1099 1546 stum.
1436 1525 1571 1548 dicentem
1588 1529 1594 1547 ἒ

1017 1555 1058 1581 Ad
1075 1555 1111 1582 illi
1127 1555 1169 1583 di-
1436 1555 1472 1583 Et
1483 1560 1647 1591 acceperunt

1017 1595 1116 1619 xerunt
1128 1599 1136 1619 :
1150 1591 1221 1626 Quid
1436 1599 1504 1619 xxx.
1520 1596 1665 1628 argenteos

1251 1660 1368 1689 CODEX
1386 1660 1585 1689 BRIXIANUS.

1017 1717 1064 1738 sus
1089 1708 1163 1736 foras
1185 1708 1260 1736 ﬂevit
1285 1716 1388 1736 amare.
1421 1708 1500 1735 Mane
1534 1713 1624 1736 autem
1647 1708 1719 1735 facto
1749 1713 1818 1735 con-

1015 1745 1107 1773 silium
1131 1744 1252 1772 fecerunt
1272 1751 1367 1771 omnes
1391 1744 1526 1778 principes
1546 1744 1717 1771 sacerdotum
1731 1748 1759 1770 et
1775 1750 1820 1769 se—

1016 1782 1107 1808 niores
1121 1780 1211 1814 populi
1224 1779 1355 1807 adverSus
1378 1777 1515 1806 Jesum’ut
1537 1786 1597 1806 eum
1622 1779 1702 1806 morti
1728 1777 1819 1805 trade-

1014 1821 1086 1844 rent.
1108 1815 1140 1842 Et
1164 1815 1283 1841 vinctum
1302 1815 1475 1842 adduxerunt
1503 1822 1565 1841 eum
1595 1819 1622 1841 ct
1647 1813 1819 1840 tradiderunt

1014 1851 1111 1879 Pontio
1131 1850 1215 1877 Pilato
1231 1851 1359 1885 praesidi.
1379 1850 1455 1877 Tunc
1474 1849 1568 1876 videns
1581 1849 1664 1877 ludas
1689 1849 1734 1883 qui
1754 1856 1817 1885 eum

1014 1886 1124 1914 tradidit
1137 1887 1197 1919 quia
1212 1883 1245 1912 ad
1257 1886 1391 1920 judicium
1410 1886 1506 1912 ductus
1518 1888 1569 1912 est.
1585 1885 1750 1920 paenitentia
1766 1883 1816 1911 du—

1012 1929 1083 1950 ctus.
1110 1926 1246 1949 revocavit
1270 1921 1378 1956 triginta
1403 1925 1547 1956 argenteos
1582 1921 1749 1955 principibus
1773 1926 1817 1946 sa-

1013 1958 1152 1986 cerdomm
1167 1962 1194 1984 et
1208 1956 1361 1984 senioribus
1380 1957 1483 1983 dicens.
1502 1956 1613 1983 Peccavi
1629 1956 1738 1983 tradens
1753 1962 1817 1982 san-

1012 1996 1120 2029 guinem
1137 1993 1251 2028 justum.
1267 1992 1307 2020 llli
1324 1997 1415 2020 autem
1430 1992 1566 2020 dixerunt.
1583 1991 1651 2026 Quid
1666 1991 1700 2018 ad
1722 1998 1772 2018 nos
1787 1995 1816 2018 tu

1012 2030 1123 2057 videris.
1603 2037 1607 2040 ·

1048 2066 1080 2092 Ει
1097 2064 1223 2099 projectis
1240 2064 1376 2095 argenteis
1391 2064 1418 2091 in
1434 2064 1536 2097 templo
1549 2063 1707 2099 recessitret
1720 2062 1816 2089 abiens

1011 2100 1108 2138 laqueo
1121 2098 1151 2127 se
1168 2100 1317 2138 suspendit.
1335 2099 1411 2127 Tunc
1426 2100 1561 2138 principes
1582 2098 1752 2138 sacerdotum
1770 2105 1816 2138 ac-

1013 2134 1099 2171 ceptis
1122 2136 1259 2170 argenteis
1282 2136 1408 2162 dixerunt
1431 2135 1489 2162 Non
1511 2135 1580 2171 licet?
1595 2141 1641 2160 eos
1663 2134 1772 2161 mittere
1787 2134 1814 2159 in

1014 2170 1115 2199 corban
1129 2171 1190 2206 quia
1203 2171 1334 2205 praetium
1347 2171 1486 2205 sanguinis
1499 2171 1551 2206 est.
1561 2170 1815 2206 Cottrsilium‘autem

1015 2212 1128 2239 accepto
1138 2204 1266 2233 emerunt
1281 2215 1314 2233 ex
1331 2206 1382 2232 illis
1397 2204 1489 2240 agrum
1508 2205 1579 2239 ﬁguli
1593 2205 1626 2231 ad
1646 2204 1814 2240 sepulturam

1015 2243 1219 2277 peregrinorum
1235 2241 1349 2277 Propter
1363 2239 1419 2268 hoc
1428 2245 1540 2268 vocattts
1554 2245 1596 2268 est
1612 2248 1675 2277 ager
1693 2239 1738 2267 ille
1751 2246 1814 2277 ager

1015 2275 1164 2313 sanguinis.
1190 2285 1274 2311 usque
1290 2275 1329 2304 'in
1358 2277 1516 2304 ltodiernum
1531 2277 1614 2313 diem.
1631 2276 1708 2313 Tunc
1727 2275 1813 2313 adim-

1015 2309 1116 2348 pleﬁtttt
1136 2318 1193 2343 est.
1209 2309 1278 2347 quod
1302 2312 1403 2339 dictum
1427 2317 1469 2339 est
1487 2320 1536 2347 per
1559 2312 1720 2348 Hieremiam
1747 2309 1813 2336 Pro-

1016 2347 1124 2384 phetam
1146 2349 1341 2386 dicentem.Et
1356 2353 1521 2387 acceperunt
1542 2347 1650 2384 triginta
1663 2353 1760 2382 argen-

496 2416 694 2446 VARIANTES
713 2416 906 2446 LECTIONES
923 2416 1058 2446 CODICIS
1076 2417 1132 2445 MS.
1154 2417 1184 2445 S.
1205 2416 1460 2446 GERMANENSIS.

189 2476 201 2491 ί
219 2475 287 2500 ﬂevit
299 2481 390 2501 amare.

189 2507 202 2522 ί
219 2511 246 2531 et
256 2507 368 2532 seniores

191 2538 203 2554 ³
219 2541 271 2569 est;

1043 2476 1054 2523 ἒ
1070 2475 1253 2533 ἳυὲἳῖἓέὣαιι
1263 2507 1286 2531 ι.

835 2568 1020 2599 BLANCHINI
1031 2569 1147 2598 NOTAE.

196 2633 209 2647 ιι
224 2627 326 2655 Nomen
356 2627 427 2655 istud
451 2628 477 2655 in
496 2635 547 2656 ms.
563 2627 692 2655 Cantabr.
709 2627 805 2655 Latine
824 2627 955 2662 scriptum

157 2664 318 2700 perhibetur
333 2663 522 2691 Echeldemach
533 2672 543 2700 ί
556 2665 627 2700 quod
644 2663 676 2700 in
686 2671 751 2700 mss.
766 2664 868 2700 nostris
888 2663 956 2698 legi-

159 2699 207 2728 ittr
229 2699 419 2727 Acheldamach
431 2721 437 2730 ,
453 2704 481 2726 et
496 2699 694 2726 Acheldemach.
709 2699 843 2734 (lorrupte
859 2699 884 2726 in
900 2707 958 2726 om-

158 2735 242 2763 nibus
265 2736 360 2769 legitur
386 2735 466 2762 Acha!
481 2736 523 2762 vel
538 2734 620 2761 Echel
629 2755 636 2767 ,
652 2742 700 2767 pro
714 2734 776 2761 Acel
785 2743 795 2768 ;
808 2739 836 2762 et
851 2734 957 2762 demaclt

158 2776 189 2799 et
203 2771 312 2798 damaclt
322 2792 329 2803 ,
344 2778 393 2805 pro
405 2771 482 2797 dumo
495 2771 536 2798 vel
551 2770 635 2797 demit.
650 2769 716 2797 Nam
731 2770 826 2803 Syrum
842 2778 938 2798 nomen
951 2792 958 2802 ,

157 2806 233 2843 quod
248 2806 406 2843 sanguinem
420 2806 565 2842 signiﬁcat,
576 2806 703 2834 scribitur
717 2808 791 2841 ΜΠ,
805 2807 888 2841 demo,
905 2814 958 2834 non

1008 2630 1082 2668 “.1131,
1097 2629 1214 2656 demaclt.
1230 2628 1258 2656 ln
1272 2627 1388 2656 Hebraeo
1400 2627 1550 2668 Evangelio
1563 2627 1693 2660 Matthaei,
1702 2625 1813 2668 Parisiis

1009 2663 1084 2704 edito
1097 2676 1269 2716 anuo__l5_5_l,
1282 2676 1401 2716 legimus
1415 2663 1561 2716 Nimbpij,
1572 2673 1763 2716 linat-atde”.
1776 2664 1810 2700 in

1010 2711 1147 2750 nonnullis
1169 2708 1288 2750 Mattliaei
1308 2708 1412 2740 Grmcis
1435 2708 1635 2750 exemplaribus
1654 2708 1811 2750 Ἀκὰλδημειεε

1009 2748 1097 2785 primo
1112 2754 1201 2785 autem
1218 2748 1311 2777 Actor.
1326 2751 1421 2785 Apost.
1442 2745 1542 2783 capite,
1559 2753 1639 2774 versu
1657 2746 1699 2780 l9,
1715 2745 1811 2774 scribi-

1010 2788 1055 2813 tur
1069 2783 1218 2821 Ἁκελδαμά.
1246 2784 1249 2787 ”

198 2884 239 2920 (a)
257 2869 335 2914 Juxta
352 2889 420 2914 text.
443 2884 492 2914 Gr.
513 2885 616 2917 ἔλαϐον.
632 2884 668 2907 -'-
681 2885 721 2922 (b)
743 2886 808 2915 Post
826 2892 952 2922 emerunt,
963 2887 1040 2917 deest
1052 2896 1083 2916 ex
1096 2888 1160 2923 illis,
1171 2888 1255 2916 etiam
1267 2887 1294 2915 in
1308 2886 1402 2915 codice
1413 2885 1493 2913 Cant.
1505 2884 1611 2914 Latino.
