2024 3094
213 129 265 159 559
482 129 619 160 EUSEBII
637 127 806 159 VERCELL.
827 127 1054 157 EVANGELIUM
1073 127 1142 156 CUM
1163 127 1278 157 VARIIS
1294 126 1372 157 (ὊΙ).
1392 125 1595 156 (ΞοῐιῐιΑἸᾚΜ.Δ
1810 124 1864 154 5ἱο

186 181 195 188 '
412 188 528 218 coosx
546 186 815 217 VERCELLENSIS.

215 241 274 264 teos
286 236 386 271 praeti-

214 279 262 300 um
276 272 401 299 aestima-

214 308 245 340 ti,
262 314 342 342 quem
354 314 416 334 aes-

215 344 379 370 timaveruut

215 386 230 405 a
247 377 309 405 ﬁliis
322 377 405 404 Istra-

215 413 259 441 lO.
280 412 324 440 hel
338 421 344 439 :
361 416 389 440 et
400 412 484 441 dede-

215 452 278 476 runt
291 455 339 476 eos
352 448 380 476 in

214 491 308 520 agrum
317 483 385 519 ﬁgu-

214 519 246 553 li,
258 520 284 547 in
298 519 419 561 sepultu-

214 563 272 582 ram
289 562 408 590 peregri-

214 598 310 618 norum
315 611 322 617 .

216 627 259 653 ll.
280 626 360 653 Iesus
373 629 463 654 autem
477 631 533 655 sto-

216 662 248 689 tit
260 665 322 689 ante
337 668 415 696 prae-

215 697 313 729 sidem,
327 701 355 724 et
367 696 409 724 in-

215 731 363 766 terrogavit

214 775 276 795 eum
291 774 414 802 praeses,

215 803 309 831 dicens
320 810 327 829 :
344 802 385 830 Tu
399 810 430 831 es

213 846 263 866 rex
276 838 393 866 Iudaeo-

214 874 294 901 rum?
308 873 387 901 Iesus
400 881 448 902 au-

214 914 268 936 tem
282 909 339 936 ait:
356 908 397 937 Tu
407 910 447 937 di-

214 944 259 971 12.
279 945 329 972 cis.
345 944 378 971 Et
392 953 453 973 cum

213 984 388 1007 accusaretur

214 1022 230 1041 a
244 1014 414 1050 principibus

214 1050 386 1078 sacerdotum
395 1070 404 1084 ,

214 1090 242 1113 et
254 1085 416 1120 senioribus,

214 1120 284 1148 nihil
299 1128 411 1148 resoon-

214 1156 260 1183 15.
280 1156 329 1183 dit.
345 1156 420 1186 Tunc
429 1159 471 1186 di-

214 1192 250 1218 cit
267 1192 304 1218 illi
320 1191 442 1222 Pilatus:

213 1226 274 1254 Non
286 1227 364 1255 audis

214 1267 315 1297 quanta
330 1264 427 1293 adven-

215 1305 262 1325 sus
278 1303 303 1325 te
320 1300 442 1329 testimo-

216 1334 262 1360 nia
277 1333 437 1368 perhibent!

217 1368 262 1396 ﬂ.
284 1369 317 1395 Et
329 1377 382 1397 non
393 1377 453 1400 ros-

216 1403 313 1443 pondit
324 1405 402 1443 ei_(b)
418 1407 504 1436 ullum
516 1407 537 1443 ἰ·

216 1440 340 1474 verbum,
355 1441 393 1469 ita

215 1479 246 1502 ut
258 1476 371 1505 mirare-

217 1516 262 1538 tur
277 1519 386 1545 praeses

218 1547 308 1574 valde.

218 1582 263 1610 15.
283 1582 335 1610 Per
348 1583 420 1612 diem
434 1591 484 1613 au»

217 1622 271 1645 tem
285 1617 384 1647 festum

217 1661 368 1682 consueve~

217 1694 260 1730 rat
275 1696 384 1723 praeses
397 1691 439 1719 di-

217 1729 325 1753 mittere
337 1733 386 1761 po-

216 1761 280 1795 pulo
294 1768 379 1790 unum
395 1762 471 1791 vinc-

633 240 698 267 tum,
715 242 795 269 quem
810 234 869 262 vol.

632 270 676 297 16.
697 271 810 297 uissent.
823 270 897 299 Tum

632 305 668 340 (ο)
683 305 819 333 habebant
832 306 852 341 1-

632 341 766 381 insignem

631 381 749 403 vmctum
761 396 767 408 ,

631 412 676 446 qui
691 412 799 439 diceba-

633 452 675 474 tur
692 447 791 474 Barab-

632 482 691 510 bas.

633 518 677 545 17.
698 517 877 554 Congregatis

632 558 722 581 autem
735 553 802 586 illis,
813 553 859 581 di—

632 589 673 616 xit
686 589 789 616 Pilatus
801 598 808 617 :
819 588 907 623 Quem

631 624 714 652 vultis
723 624 801 652 vobis

631 659 666 688 de
678 659 785 687 duobus
797 660 861 687 mit-

633 699 687 722 tam
700 703 708 723 :
723 695 824 723 Barab-

632 731 696 764 ban,
708 738 743 757 an
757 730 860 764 Iesum,

632 766 678 801 qui
689 766 789 801 dicitur

633 800 677 829 l8.
698 800 840 829 Christus?
854 801 963 830 Sciebat

631 837 704 864 enim
718 836 790 872 quod

632 879 682 907 per
696 871 827 899 invidiam

633 907 802 935 tradiderant

633 942 678 971 19.
699 950 760 970 eum
776 942 828 979 (ά).
843 942 947 972 Seden-

633 983 659 1006 te
674 982 764 1005 autem
780 979 828 1006 illo

632 1021 681 1049 pro
694 1014 816 1041 tribuna-

632 1049 662 1082 li,
676 1049 749 1090 misit
761 1049 795 1076 ad
808 1057 871 1090 eum

632 1091 704 1112 uxor
718 1085 788 1118 ejus.
800 1085 843 1112 di-

632 1127 698 1161 cens
711 1129 718 1147 :
730 1120 804 1161 Nihil
812 1121 848 1161 sit

633 1156 680 1183 tibi
689 1176 696 1187 ,
713 1160 740 1183 et
750 1156 826 1190 justo
838 1156 871 1184 il-

633 1191 663 1218 li.
678 1190 759 1218 Multa
772 1191 847 1219 enim

633 1233 711 1262 passa
727 1234 786 1254 sum
800 1227 849 1254 ho-

632 1262 676 1290 die
691 1269 739 1304 per
752 1263 839 1304 visum

634 1302 744 1339 propter
757 1298 842 1339 illum.

633 1333 679 1360 20.
699 1333 841 1369 Principes
855 1338 946 1362 autem

634 1369 817 1410 sacerdotum,

634 1409 663 1432 et
676 1409 798 1432 seniores

634 1445 829 1477 persuaserunt

634 1478 734 1513 populo
748 1482 777 1504 ut
791 1484 837 1512 pe-

633 1512 721 1542 terent
736 1512 838 1540 Barab-

634 1551 698 1582 ban,
713 1548 807 1576 Iesum
822 1553 888 1576 vero

636 1584 791 1619 perderent.

633 1620 664 1647 2t
672 1641 680 1649 .
700 1619 879 1655 RespOndens
891 1626 939 1647 au-

634 1659 689 1683 tem
706 1662 827 1690 praeses,
843 1655 881 1682 ait

634 1691 688 1719 illis
701 1700 708 1718 z
724 1691 811 1725 Quem
824 1690 884 1718 vul-

634 1727 669 1755 tis
683 1726 760 1755 vobis
774 1726 808 1754 de
823 1725 892 1754 duo-

634 1763 677 1792 bis
691 1762 728 1799 (ε)
740 1762 875 1790 dimittam
889 1761 926 1798 Ἠ

1284 187 1400 216 οουει
1420 185 1643 216 VERONENSIS.

1064 235 1197 271 praetium
1210 235 1255 262 ad-

1063 271 1199 306 praetiati,
1213 271 1285 306 quod
1299 290 1304 294 ν

1064 306 1300 339 adpraetiaverunt

1063 349 1078 369 a
1093 341 1155 368 ﬁliis
1168 341 1250 368 [stra-

1065 377 1110 404 10.
1130 376 1175 404 hel
1190 386 1197 403 :
1213 381 1242 404 et
1255 376 1338 405 dede-

1063 416 1128 439 runt
1139 418 1186 439 eos
1201 412 1229 439 in

1064 454 1157 483 agrum
1171 446 1240 482 ﬁgu-

1064 483 1095 515 li,
1109 483 1180 510 sicut
1195 490 1260 511 con-

1064 518 1153 545 stituit
1169 518 1234 546 mihi

1065 553 1206 581 Dominus.

1066 589 1110 616 H.
1131 588 1210 617 Iesus
1222 593 1313 617 autem

1065 624 1142 652 stetit
1153 629 1216 652 ante

1066 659 1219 694 praesidem
1231 680 1239 693 ,

1065 699 1093 722 et
1108 697 1259 730 interroga-

1066 730 1104 757 vit
1118 738 1180 758 eum
1195 731 1270 766 prae-

1065 772 1120 799 ses,
1137 766 1232 794 dicens
1243 774 1251 793 :

1067 801 1107 828 Tu
1118 809 1148 829 es
1162 808 1210 829 rex

1066 836 1249 865 Iudaeorum?

1068 872 1138 899 Dicit
1148 872 1175 900 ei

1067 907 1147 936 Iesus
1163 916 1170 934 :
1186 907 1228 934 Tu

1067 943 1145 971 dicis.

1069 978 1113 1005 12.
1134 978 1168 1006 Ει
1177 985 1238 1005 cum
1251 985 1297 1006 ae-

1067 1018 1208 1041 cusaretur
1221 1021 1237 1041 a

1067 1049 1236 1084 principibus

1067 1085 1239 1112 sacerdotum
1247 1104 1256 1117 ,

1067 1125 1094 1147 et
1104 1119 1267 1153 senioribus,

1066 1156 1134 1191 nihil
1147 1155 1185 1191 (a)
1199 1162 1313 1190 respon—

1065 1190 1188 1226 debat-j.

1067 1226 1111 1255 15.
1131 1226 1208 1254 Tunc
1217 1225 1284 1254 dicit

1066 1261 1107 1288 illi
1119 1262 1222 1289 Pilatus
1238 1270 1244 1287 :

1065 1296 1124 1324 Non
1139 1297 1217 1325 audis

1066 1337 1166 1367 quanta
1179 1332 1321 1361 adversum

1066 1372 1094 1395 te
1106 1368 1199 1395 dicunt
1214 1373 1254 1396 te-

1068 1403 1113 1431 14.
1133 1404 1275 1431 stimonia?
1290 1403 1323 1432 Et

1067 1446 1120 1466 non
1131 1440 1272 1474 respondit

1067 1475 1092 1502 ei
1107 1475 1146 1510 (ὸ)
1161 1476 1244 1510 ullum
1257 1475 1277 1510 ’ζ-

1066 1508 1191 1542 verbum,
1206 1508 1242 1538 ita

1068 1551 1096 1573 ut
1109 1547 1253 1573 miraretur

1067 1588 1176 1616 praeses
1191 1582 1271 1609 velte-

1067 1622 1183 1645 menter.

1067 1653 1111 1680 15.
1133 1652 1184 1680 Per
1196 1652 1266 1680 diem

1067 1692 1158 1716 autem
1173 1688 1283 1716 sollem—

1068 1731 1130 1752 nem
1144 1723 1294 1751 consuebe—

1069 1764 1110 1787 rat
1125 1766 1235 1795 praeses
1249 1759 1291 1786 di-

1482 234 1590 262 mittere
1603 233 1702 268 populo

1481 277 1563 298 unum
1576 269 1708 301 vinctum,

1480 312 1561 339 quem
1575 304 1735 339 voluissent.

1482 338 1527 368 ιδ.
1548 338 1584 375 (ε)
1599 338 1739 367 Habebam
1753 338 1774 374 ιτ

1480 380 1571 403 autem
1585 375 1704 403 vinctum

1482 410 1625 445 insignem,
1639 411 1685 445 qui

1481 446 1621 474 dicebatur
1633 446 1685 473 Ba-

1481 482 1590 509 rabbas.

1483 517 1527 544 17.
1549 516 1727 552 Οοιιετεετιιίι

1484 557 1573 580 autem
1586 553 1651 584 illis,

1483 587 1553 615 dixit
1566 587 1668 615 Pilatus
1682 596 1690 615 ;

1483 623 1570 657 Quem
1581 623 1663 650 vultis

1484 658 1617 686 dimittam
1630 667 1636 685 :
1650 658 1701 687 BI-

1485 694 1598 727 rabban,
1614 702 1649 721 an

1483 729 1575 757 Iesum
1585 751 1592 762 ,
1607 729 1653 763 qui

1485 765 1584 792 dicitur
1597 765 1677 792 Chri-

1486 800 1531 828 18.
1551 800 1626 827 stus?
1641 799 1750 829 Sciebat

1486 836 1557 863 enim
1572 835 1643 871 quod

1487 879 1535 904 per
1550 871 1682 898 invidiam

1487 907 1653 934 tradiderant
1667 912 1740 934 eum.

1487 942 1530 969 l9.
1551 942 1591 978 (rt)
1607 941 1726 970 Sedcnte
1738 947 1786 968 au-

1487 981 1541 1004 tem
1556 978 1602 1005 illo
1618 985 1667 1012 pro

1487 1011 1625 1045 tribunali,
1640 1011 1714 1039 misit

1485 1048 1519 1075 ad
1532 1048 1608 1076 illum
1620 1056 1689 1076 uxor

1484 1083 1554 1118 ejus,
1570 1083 1664 1112 dicens
1677 1092 1683 1111 :

1484 1119 1556 1146 Nihil
1570 1119 1606 1146 sit
1617 1119 1676 1152 tibi,

1483 1159 1511 1182 et
1523 1154 1598 1189 justo
1611 1154 1661 1182 illi.

1484 1190 1566 1218 Multa
1577 1190 1650 1218 enim

1484 1233 1561 1260 passa
1576 1233 1635 1253 sum

1484 1260 1562 1288 hodie
1576 1269 1623 1295 per
1637 1262 1676 1288 vi-

1483 1305 1542 1323 sum
1559 1301 1668 1330 propter
1683 1303 1757 1323 eum.

1483 1332 1527 1359 20.
1548 1332 1688 1366 Principes
1702 1339 1750 1358 au-

1484 1372 1538 1394 tem
1555 1369 1738 1400 sacerdotum,

1484 1408 1511 1430 et
1522 1403 1645 1430 seniores

1484 1443 1679 1473 persuaserunt

1485 1474 1583 1508 populo
1598 1478 1626 1500 ut

1486 1515 1609 1544 peterent
1625 1511 1676 1537 lla-

1485 1545 1596 1577 rabhan,
1610 1545 1702 1572 Iesqu

1485 1590 1548 1608 vero
1565 1582 1721 1614 perderent.

1486 1617 1531 1643 2i.
1552 1616 1732 1651 Respondens
1747 1620 1794 1641 au-

1486 1657 1540 1680 tem
1554 1659 1675 1684 praeses,

1485 1688 1522 1714 ait
1539 1696 1544 1714 :
1562 1688 1646 1720 Quem
1660 1686 1715 1714 vul—

1487 1724 1519 1750 tis
1532 1723 1565 1750 de
1584 1723 1690 1750 duobus

1487 1760 1562 1786 vobis
1579 1759 1613 1794 (ο)
1631 1758 1765 1786 dimittam
1780 1755 1818 1792 1-?

434 1820 550 1849 CODEX
568 1818 803 1850 CORBEIENSIS.

217 1869 276 1902 teos
297 1866 414 1902 pretium
437 1867 446 1882 ί
466 1867 627 1902 appretiati,
651 1875 733 1902 quem
757 1866 978 1902 appretiaverunt
1001 1873 1017 1894 a

216 1899 281 1927 ﬁliis
295 1900 379 1938 lsrael
394 1907 446 1938 :Vet
460 1899 593 1938 dederunt
610 1899 667 1930 eos'
678 1904 704 1930 in
719 1899 812 1937 agrum
834 1902 926 1938 ﬁguli,
947 1901 1018 1929 sicut

215 1935 360 1964 constituit
380 1936 447 1964 mihi
472 1937 612 1965 Dominus.
637 1938 717 1965 Iesus
738 1935 832 1965 autem
853 1935 930 1964 stetit
953 1941 1017 1965 ante

217 1971 379 2008 praesidem,
395 1976 422 1999 et
436 1973 612 2008 interrogavit
625 1981 687 2008 eum
708 1980 827 2008 praeses,
845 1971 939 1999 dicens
955 1980 961 1998 :
976 1971 1017 2000 Tu

217 2013 247 2034 es
259 2014 306 2033 rex
316 2006 499 2035 Iudaeorum?
513 2006 582 2035 Dicit
593 2008 632 2035 illi
642 2006 737 2035 Iesus:
750 2007 791 2035 Tu
802 2008 879 2035 dicis.
891 2008 922 2034 Et
932 2015 1016 2042 quum

217 2046 392 2078 accusaretur
404 2050 419 2069 a
434 2044 600 2078 principibus
614 2044 795 2075 sacerdotum,
810 2047 838 2070 et
850 2042 1015 2076 senioribus,

217 2075 287 2104 nihil
310 2075 461 2112 respondit.
478 2075 553 2106 Tunc
571 2078 637 2106 dicit
657 2078 696 2106 illi
717 2078 818 2106 Pilatus
835 2086 842 2106 :
863 2078 921 2105 Nan
938 2075 1017 2106 audis

217 2116 318 2146 quanta
333 2113 476 2141 adversum
493 2118 519 2142 te
534 2113 627 2142 dicunt
653 2113 825 2142 testimonia?
844 2113 879 2141 Et
898 2120 953 2140 non
973 2121 1017 2141 re-

217 2147 326 2184 spondit
336 2146 362 2176 ci
374 2148 458 2184 ullum
470 2149 593 2183 verbum,
610 2150 644 2177 ita
657 2154 683 2177 ut
695 2149 837 2177 miraretur
850 2156 960 2184 praeses
971 2157 1018 2176 ve-

219 2181 426 2212 hementer.Per
433 2184 504 2213 diem
512 2181 603 2213 autem
610 2185 751 2213 solennem
758 2181 936 2213 consueverat
945 2192 1018 2219 prae.

217 2225 266 2256 ses
273 2218 410 2256 dimittere
421 2221 520 2256 popqu
531 2228 612 2248 unum
622 2221 752 2251 vinctum.
764 2228 844 2255 quem
854 2219 1014 2256 voluissent.

217 2252 339 2291 [labebat
354 2252 444 2291 autet'n
456 2252 519 2284 iuuc
530 2256 647 2284 vinctum
663 2252 807 2291 insignem,
819 2256 864 2290 qui
878 2255 1018 2282 dicebatur

216 2289 367 2330 Barabbas._
377 2289 561 2330 Congregatis
567 2299 640 2330 ergo
648 2289 789 2330 illis,dix_it
804 2291 1016 2330 Pilatus_:_Quem

216 2324 521 2362 vultisdimittanfvobis
529 2336 535 2353 :
544 2324 705 2360 Barabbam,
716 2335 749 2354 an
758 2326 861 2360 Iesum,
868 2327 912 2362 qui
919 2326 1018 2354 dicitur

217 2358 360 2387 Christus?
373 2360 482 2397 Sciebat
495 2362 567 2389 enim
590 2362 663 2397 quod
678 2358 725 2397 per
745 2358 1018 2389 invidiam-tradidis-

218 2400 279 2422 seut
292 2403 365 2423 eutn.
380 2396 497 2424 Sedcnte
510 2396 606 2425 autem
615 2398 662 2425 illo
676 2396 724 2433 pro
738 2397 863 2425 tribunali
873 2418 881 2430 ,
899 2398 969 2425 misit
984 2397 1018 2425 ad

218 2437 279 2467 eum
298 2439 366 2458 uxor
385 2432 462 2467 ejus,
486 2432 598 2460 dicens:
615 2433 687 2460 Nihil
699 2432 734 2459 sit
753 2432 800 2460 tibi
820 2437 846 2460 et
868 2433 939 2467 justo
968 2433 1016 2460 illi.

217 2465 384 2505 Multaenim
396 2465 475 2502 passa
490 2475 549 2495 sum
565 2469 645 2505 hodie
662 2476 709 2503 per
721 2468 806 2505 visum
821 2465 931 2503 propter
943 2475 1017 2495 eum.

218 2500 371 2538 Principes
377 2500 467 2538 autem
482 2504 655 2531 sacerdotum
662 2500 674 2536 ’,
690 2508 718 2530 et
738 2500 860 2530 seniores
872 2500 1018 2538 persuase-

216 2540 281 2573 runt
294 2536 398 2573 papulis
411 2544 440 2565 ut
453 2544 576 2573 peterent
589 2540 757 2571 Barabbam,
773 2538 866 2566 Iesum
877 2536 944 2566 vero
957 2546 1018 2573 per-

217 2572 323 2613 derent.
346 2572 637 2613 liteSpondensautein
650 2581 761 2613 praeses
771 2594 778 2607 ,
794 2574 833 2601 ait
846 2574 899 2602 illis
912 2582 919 2601 :
931 2572 1018 2608 Quem

218 2607 300 2637 vultis
317 2607 395 2636 vobis
411 2608 446 2637 de
467 2609 575 2638 (limbus
587 2611 598 2627 ³
612 2607 728 2640 dimitti?

1300 1817 1416 1847 CODEX
1435 1817 1632 1846 BBIXIANUS.

1072 1870 1140 1892 teos.
1166 1865 1297 1899 praetium
1322 1864 1491 1898 adpt‘aeliuli.
1528 1865 1597 1899 quod
1632 1862 1870 1898 adpraetiaverunt

1072 1901 1132 1927 ﬁliis
1152 1902 1207 1927 rael
1223 1905 1247 1927 el
1262 1900 1448 1927 dederunteos
1463 1900 1488 1926 in
1505 1908 1597 1932 agrum
1616 1899 1697 1934 ﬁguli.
1712 1899 1781 1925 sicut
1793 1905 1870 1932 prae-

1069 1937 1140 1971 cepit
1163 1936 1226 1962 mihi
1253 1936 1389 1962 Domitius.
1410 1936 1488 1962 Iesus
1509 1940 1596 1962 autem
1618 1936 1691 1971 stetit
1708 1940 1771 1971 aute
1789 1940 1869 1967 prae-

1070 1972 1165 1998 sidem.
1181 1976 1208 1998 et
1223 1972 1397 2006 interrogavit
1410 1979 1469 1998 enin
1485 1979 1604 2004 praeses.
1618 1970 1712 1998 dicens
1722 1970 1763 1997 Tu
1775 1976 1804 1996 es
1819 1975 1868 1995 rex

1070 2007 1243 2034 Iudaeorum.
1256 2007 1325 2033 Dicit
1339 2008 1362 2033 ei
1376 2007 1465 2034 Iesus.
1482 2007 1520 2033 Tu
1537 2007 1614 2033 dicis.

1105 2042 1138 2069 Et
1162 2050 1221 2069 cum
1236 2047 1408 2069 accusaretur
1429 2050 1441 2068 a
1465 2043 1630 2077 principibus
1648 2040 1869 2077 sacerdotum__et

1068 2078 1230 2114 senioribus.
1246 2078 1313 2104 nihil
1328 2074 1476 2113 respondit.
1490 2074 1566 2105 Tune
1577 2078 1642 2114 dicit
1655 2078 1692 2104 illi
1707 2076 1764 2103 Non
1776 2074 1865 2114 audis.

1068 2117 1167 2147 quanta
1188 2113 1329 2140 adversum
1353 2109 1382 2140 te
1401 2114 1586 2141 testiﬁcantur.
1604 2113 1638 2140 Et
1661 2120 1713 2139 non
1728 2109 1868 2145 respondit

1068 2149 1091 2176 ei
1107 2149 1146 2183 (b)
1162 2149 1243 2175 ullum
1263 2149 1282 2183 ’ᾗ
1295 2149 1416 2176 verbum.
1433 2149 1468 2175 ita
1491 2154 1517 2175 ut
1538 2149 1682 2176 miraretur
1701 2153 1809 2181 praeses
1821 2153 1869 2171 ve-

1069 2183 1217 2211 hementer.
1234 2184 1284 2211 I’er
1304 2185 1375 2211 diem
1395 2189 1483 2211 autem
1505 2186 1674 2211 sollemnem.
1690 2184 1869 2210 consueverat

1070 2227 1171 2253 preses.
1190 2220 1326 2246 dimittere
1350 2221 1447 2254 populo
1471 2228 1554 2247 unum
1578 2220 1695 2247 vinctum
1717 2224 1808 2254 quem?
1822 2224 1868 2254 vo-

1069 2252 1191 2282 luissent.
1215 2255 1251 2291 (c)
1278 2252 1415 2282 Habebunt
1431 2255 1449 2290 -ίτ
1471 2262 1559 2282 autent
1582 2260 1646 2282 tunc
1667 2255 1786 2291 vinctum
1803 2252 1869 2278 insi-

1069 2298 1147 2325 gnem
1171 2291 1216 2325 qui
1242 2289 1381 2317 dicebatur
1406 2289 1549 2318 Barabbas.
1575 2289 1753 2325 Congregatis
1769 2292 1868 2325 autem

1069 2322 1132 2364 illis.
1147 2322 1214 2353 diiut
1230 2326 1341 2364 Pilatus.
1358 2328 1442 2364 Quem
1457 2326 1535 2364 vultis
1553 2322 1702 2364 dimittam:
1715 2324 1800 2364 vobis.
1819 2322 1870 2364 Da-

1070 2362 1169 2388 rahban
1186 2369 1218 2387 an
1234 2361 1324 2388 Iesum
1342 2363 1385 2395 qui
1399 2362 1495 2388 dicitur
1509 2361 1643 2389 Christus.
1660 2361 1767 2388 Sciebat
1783 2361 1868 2391 euitn,

1069 2398 1140 2431 (μιυά
1157 2405 1204 2430 per
1221 2397 1347 2434 invidiam
1365 2398 1608 2434 trailideruntreum
1624 2397 1664 2433 (d)
1680 2396 1799 2434 Sedcnte
1821 2401 1870 2434 au-

1072 2430 1123 2459 tem
1140 2433 1185 2459 illn
1201 2440 1248 2466 pro
1265 2432 1403 2459 tribunali.
1421 2433 1493 2459 misit
1509 2433 1541 2459 ad
1560 2430 1635 2459 illum
1656 2430 1729 2458 uxor
1746 2430 1804 2465 ejus
1828 2430 1871 2455 di-

1070 2476 1145 2495 cens.
1161 2468 1230 2495 Nihil
1257 2468 1302 2494 tibi
1324 2473 1350 2495 et
1363 2469 1434 2503 jule
1460 2469 1507 2494 illi.
1523 2468 1603 2495 Multa
1616 2468 1687 2495 enim
1703 2474 1781 2502 passa
1808 2472 1870 2492 sum

1070 2504 1149 2530 hodie
1165 2512 1212 2538 per
1227 2505 1312 2530 visum
1330 2509 1439 2538 propter
1453 2511 1523 2532 eunt.
1548 2523 1554 2529 .
1576 2503 1705 2537 Princeps
1719 2507 1808 2528 autent
1824 2508 1871 2527 sa-

1070 2540 1208 2566 cerdotum
1225 2544 1252 2566 et
1265 2541 1386 2566 seniores
1402 2545 1594 2573 persuaserunt
1621 2539 1736 2573 populis.
1766 2541 1797 2563 ut
1811 2543 1871 2573 _pe—

1070 2579 1159 2601 terent
1175 2574 1323 2601 Barahban.
1341 2570 1432 2601 Iesum
1445 2582 1508 2601 vero
1524 2570 1678 2609 perdet-eui.
1692 2570 1872 2609 Respondeas

1070 2614 1160 2637 autem
1185 2609 1287 2636 Pilatus
1312 2618 1405 2644 preses
1419 2610 1457 2638 ait
1471 2607 1534 2638 illis.
1552 2610 1637 2644 Quem
1656 2608 1738 2637 vultis
1757 2615 1791 2636 ex
1807 2607 1872 2634 dno-

1071 2645 1121 2673 bus
1141 2643 1177 2681 (e)
1195 2643 1327 2672 dimittam
1343 2645 1362 2681 -',-
1566 2643 1571 2644 ⁷
1899 2645 1903 2648 ’

559 2687 755 2719 VARIANTES
772 2687 966 2719 LECTIONES
984 2688 1120 2719 CODICIS
1139 2691 1192 2718 MS.
1213 2691 1241 2718 S.
1263 2691 1516 2721 GERMANENSIS.

250 2739 259 2756 ⁸
277 2739 458 2772 prettumquod
470 2738 671 2771 adpretiaverunt
681 2738 737 2764 ﬁliis
772 2773 776 2779 _

1101 2740 1113 2757 ι
1128 2740 1248 2767 dimittam
1254 2741 1267 2768 Ὺ

907 2771 1092 2810 ΒιΑΝαΗΙΝι
1109 2781 1226 2811 nom.

261 2827 300 2871 te)
319 2827 358 2871 _lta
369 2833 396 2871 et
409 2828 470 2856 eod.
485 2827 563 2871 Cant.
576 2827 899 2871 ἆτῃρίνιςορ-(ὺλᾼηιε
911 2828 1003 2871 ullum,
1016 2842 1017 2850 ι

1071 2834 1092 2856 st
1101 2830 1156 2871 .ad,
1176 2832 1255 2871 etiam
1269 2832 1295 2860 in
1306 2832 1367 2871 cod.
1380 2832 1458 2871 Cant.
1469 2831 1544 2868 —(c)
1555 2831 1634 2871 lla_et
1648 2837 1714 2871 text.
1729 2833 1776 2871 9r.
1787 2828 1869 2871 εἶχον.
1914 2863 1918 2865 μ

219 2864 297 2900 ...(ά)
318 2863 387 2890 Hinc
406 2871 491 2900 usque
505 2865 540 2893 ad
557 2874 584 2892 ν.
601 2863 737 2904 ιῖιιυάυε
750 2863 848 2904 capitis
862 2865 1020 2897 mutilantur
1033 2865 1125 2902 omnia
1137 2865 1166 2903 in
1185 2867 1265 2902 Goth.
1280 2883 1316 2889 —
1328 2869 1367 2910 to)
1391 2869 1428 2896 Ita
1444 2871 1474 2897 et
1494 2863 1561 2897 text.
1585 2868 1633 2897 Gr.
1656 2869 1770 2901 ἀπολύω.
