  <div class='ocr_page' id='page_1' title='image "/cluster/home/n/w/nwhite01/storage/ocr_20150623/12/hvd.32044096580410/176.png"; bbox 0 0 2024 3094; ppageno 0'>
   <div class='ocr_carea' id='block_1_1' title="bbox 146 120 204 149">
    <p class='ocr_par' dir='ltr' id='par_1_1' title="bbox 146 120 204 149">
     <span class='ocr_line' id='line_1_1' title="bbox 146 120 204 149; baseline 0.034 -2"><span class='ocrx_word' id='word_1_1' title='bbox 146 120 204 149; x_wconf 74' lang='grc'><strong>511</strong></span> 
     </span>
    </p>
   </div>
   <div class='ocr_carea' id='block_1_2' title="bbox 351 180 753 218">
    <p class='ocr_par' dir='ltr' id='par_1_2' title="bbox 351 180 753 218">
     <span class='ocr_line' id='line_1_2' title="bbox 351 180 753 218; baseline 0.005 -10"><span class='ocrx_word' id='word_1_2' title='bbox 351 180 463 218; x_wconf 81' lang='lat' dir='ltr'><strong>CODEX</strong></span> <span class='ocrx_word' id='word_1_3' title='bbox 483 181 753 212; x_wconf 74' lang='lat' dir='ltr'><strong>VERCELLENSIS.</strong></span> 
     </span>
    </p>
   </div>
   <div class='ocr_carea' id='block_1_3' title="bbox 148 227 726 257">
    <p class='ocr_par' dir='ltr' id='par_1_3' title="bbox 148 227 726 257">
     <span class='ocr_line' id='line_1_3' title="bbox 148 227 726 257; baseline 0.002 -1"><span class='ocrx_word' id='word_1_4' title='bbox 148 229 195 256; x_wconf 83' lang='lat' dir='ltr'><strong>Ad</strong></span> <span class='ocrx_word' id='word_1_5' title='bbox 210 227 250 255; x_wconf 89' lang='lat' dir='ltr'><strong>illi</strong></span> <span class='ocrx_word' id='word_1_6' title='bbox 262 227 391 256; x_wconf 88' lang='lat' dir='ltr'><strong>dixerunt</strong></span> <span class='ocrx_word' id='word_1_7' title='bbox 403 238 410 256; x_wconf 89' lang='lat'><em>:</em></span> <span class='ocrx_word' id='word_1_8' title='bbox 572 229 726 257; x_wconf 84' lang='lat' dir='ltr'><strong>universam</strong></span> 
     </span>
    </p>
   </div>
   <div class='ocr_carea' id='block_1_4' title="bbox 146 263 898 328">
    <p class='ocr_par' dir='ltr' id='par_1_4' title="bbox 146 263 898 328">
     <span class='ocr_line' id='line_1_4' title="bbox 146 263 898 327; baseline 0.005 -37"><span class='ocrx_word' id='word_1_9' title='bbox 146 264 194 327; x_wconf 44' lang='lat' dir='ltr'><strong>sui)</strong></span> <span class='ocrx_word' id='word_1_10' title='bbox 210 263 351 305; x_wconf 72' lang='lat' dir='ltr'><strong>Barabban</strong></span> <span class='ocrx_word' id='word_1_11' title='bbox 571 265 617 292; x_wconf 82' lang='lat'><strong>28.</strong></span> <span class='ocrx_word' id='word_1_12' title='bbox 638 265 777 294; x_wconf 94' lang='lat' dir='ltr'><strong>cohortem</strong></span> <span class='ocrx_word' id='word_1_13' title='bbox 794 275 800 293; x_wconf 95' lang='lat'><strong>:</strong></span> <span class='ocrx_word' id='word_1_14' title='bbox 816 270 844 294; x_wconf 87' lang='lat' dir='ltr'><strong>et</strong></span> <span class='ocrx_word' id='word_1_15' title='bbox 857 266 898 294; x_wconf 84' lang='lat' dir='ltr'><strong>iu-</strong></span> 
     </span>
     <span class='ocr_line' id='line_1_5' title="bbox 193 299 761 328; baseline 0.005 -3"><span class='ocrx_word' id='word_1_16' title='bbox 193 320 200 326; x_wconf 91' lang='lat'><strong>.</strong></span> <span class='ocrx_word' id='word_1_17' title='bbox 223 299 295 326; x_wconf 83' lang='lat' dir='ltr'><strong>Dicit</strong></span> <span class='ocrx_word' id='word_1_18' title='bbox 310 299 361 326; x_wconf 86' lang='lat' dir='ltr'><strong>illis</strong></span> <span class='ocrx_word' id='word_1_19' title='bbox 397 299 478 328; x_wconf 86' lang='lat' dir='ltr'><strong>ilatus</strong></span> <span class='ocrx_word' id='word_1_20' title='bbox 493 310 500 328; x_wconf 83' lang='lat'><strong>:</strong></span> <span class='ocrx_word' id='word_1_21' title='bbox 572 300 689 328; x_wconf 81' lang='lat' dir='ltr'><strong>duerunt</strong></span> <span class='ocrx_word' id='word_1_22' title='bbox 699 308 761 328; x_wconf 91' lang='lat' dir='ltr'><strong>eum</strong></span> 
     </span>
    </p>
   </div>
   <div class='ocr_carea' id='block_1_5' title="bbox 148 334 352 370">
    <p class='ocr_par' dir='ltr' id='par_1_5' title="bbox 148 334 352 370">
     <span class='ocr_line' id='line_1_6' title="bbox 148 334 352 370; baseline -0.01 -7"><span class='ocrx_word' id='word_1_23' title='bbox 148 334 224 370; x_wconf 86' lang='lat' dir='ltr'><strong>Quid</strong></span> <span class='ocrx_word' id='word_1_24' title='bbox 238 342 303 370; x_wconf 82' lang='lat' dir='ltr'><strong>ergo</strong></span> <span class='ocrx_word' id='word_1_25' title='bbox 313 334 352 361; x_wconf 86' lang='lat' dir='ltr'><strong>l‘a-</strong></span> 
     </span>
    </p>
   </div>
   <div class='ocr_carea' id='block_1_6' title="bbox 574 337 769 371">
    <p class='ocr_par' dir='ltr' id='par_1_6' title="bbox 574 337 769 371">
     <span class='ocr_line' id='line_1_7' title="bbox 574 337 769 371; baseline 0 -8"><span class='ocrx_word' id='word_1_26' title='bbox 574 337 691 364; x_wconf 83' lang='lat' dir='ltr'><strong>tunicam</strong></span> <span class='ocrx_word' id='word_1_27' title='bbox 706 344 769 371; x_wconf 88' lang='lat' dir='ltr'><strong>pur-</strong></span> 
     </span>
    </p>
   </div>
   <div class='ocr_carea' id='block_1_7' title="bbox 149 371 802 407">
    <p class='ocr_par' dir='ltr' id='par_1_7' title="bbox 149 371 802 407">
     <span class='ocr_line' id='line_1_8' title="bbox 149 371 802 407; baseline 0 -8"><span class='ocrx_word' id='word_1_28' title='bbox 149 372 261 399; x_wconf 87' lang='lat' dir='ltr'><strong>ciamus</strong></span> <span class='ocrx_word' id='word_1_29' title='bbox 272 371 376 403; x_wconf 84' lang='lat' dir='ltr'><strong>Jesum,</strong></span> <span class='ocrx_word' id='word_1_30' title='bbox 572 379 694 407; x_wconf 86' lang='lat' dir='ltr'><strong>puream,</strong></span> <span class='ocrx_word' id='word_1_31' title='bbox 708 377 735 399; x_wconf 88' lang='lat' dir='ltr'><strong>et</strong></span> <span class='ocrx_word' id='word_1_32' title='bbox 748 371 802 400; x_wconf 86' lang='lat' dir='ltr'><strong>cla-</strong></span> 
     </span>
    </p>
   </div>
   <div class='ocr_carea' id='block_1_8' title="bbox 149 406 315 442">
    <p class='ocr_par' dir='ltr' id='par_1_8' title="bbox 149 406 315 442">
     <span class='ocr_line' id='line_1_9' title="bbox 149 406 315 442; baseline -0.006 -8"><span class='ocrx_word' id='word_1_33' title='bbox 149 407 200 442; x_wconf 91' lang='lat' dir='ltr'><strong>qui</strong></span> <span class='ocrx_word' id='word_1_34' title='bbox 214 406 315 442; x_wconf 61' lang='lat' dir='ltr'><strong>dicitur</strong></span> 
     </span>
    </p>
   </div>
   <div class='ocr_carea' id='block_1_9' title="bbox 572 407 782 443">
    <p class='ocr_par' dir='ltr' id='par_1_9' title="bbox 572 407 782 443">
     <span class='ocr_line' id='line_1_10' title="bbox 572 407 782 443; baseline 0 -8"><span class='ocrx_word' id='word_1_35' title='bbox 572 407 680 443; x_wconf 88' lang='lat' dir='ltr'><strong>mydem</strong></span> <span class='ocrx_word' id='word_1_36' title='bbox 693 407 782 436; x_wconf 90' lang='lat' dir='ltr'><strong>cocci—</strong></span> 
     </span>
    </p>
   </div>
   <div class='ocr_carea' id='block_1_10' title="bbox 149 441 783 471">
    <p class='ocr_par' dir='ltr' id='par_1_10' title="bbox 149 441 783 471">
     <span class='ocr_line' id='line_1_11' title="bbox 149 441 783 471; baseline 0 -1"><span class='ocrx_word' id='word_1_37' title='bbox 149 441 199 470; x_wconf 75' lang='lat'><strong>23.</strong></span> <span class='ocrx_word' id='word_1_38' title='bbox 219 441 362 469; x_wconf 77' lang='lat' dir='ltr'><strong>Christus?</strong></span> <span class='ocrx_word' id='word_1_39' title='bbox 374 441 537 471; x_wconf 78' lang='lat' dir='ltr'><strong>Dicuntom—</strong></span> <span class='ocrx_word' id='word_1_40' title='bbox 573 441 651 471; x_wconf 74' lang='lat' dir='ltr'><strong>néam</strong></span> <span class='ocrx_word' id='word_1_41' title='bbox 666 443 783 470; x_wconf 86' lang='lat' dir='ltr'><strong>circum-</strong></span> 
     </span>
    </p>
   </div>
   <div class='ocr_carea' id='block_1_11' title="bbox 150 475 759 512">
    <p class='ocr_par' dir='ltr' id='par_1_11' title="bbox 150 475 759 512">
     <span class='ocr_line' id='line_1_12' title="bbox 150 475 759 512; baseline 0 -6"><span class='ocrx_word' id='word_1_42' title='bbox 150 486 203 506; x_wconf 89' lang='lat' dir='ltr'><strong>nes</strong></span> <span class='ocrx_word' id='word_1_43' title='bbox 218 487 225 505; x_wconf 87' lang='lat'>:</span> <span class='ocrx_word' id='word_1_44' title='bbox 241 475 388 512; x_wconf 80' lang='lat' dir='ltr'><strong>Crucillga-</strong></span> <span class='ocrx_word' id='word_1_45' title='bbox 572 478 702 506; x_wconf 86' lang='lat' dir='ltr'><strong>dederunt</strong></span> <span class='ocrx_word' id='word_1_46' title='bbox 716 479 759 511; x_wconf 84' lang='lat' dir='ltr'><strong>ei;</strong></span> 
     </span>
    </p>
   </div>
   <div class='ocr_carea' id='block_1_12' title="bbox 150 513 809 548">
    <p class='ocr_par' dir='ltr' id='par_1_12' title="bbox 150 513 809 548">
     <span class='ocr_line' id='line_1_13' title="bbox 150 513 809 548; baseline -0.002 -6"><span class='ocrx_word' id='word_1_47' title='bbox 150 519 207 542; x_wconf 85' lang='lat' dir='ltr'><strong>tur.</strong></span> <span class='ocrx_word' id='word_1_48' title='bbox 224 513 270 540; x_wconf 78' lang='lat' dir='ltr'><strong>Ait</strong></span> <span class='ocrx_word' id='word_1_49' title='bbox 285 513 340 540; x_wconf 81' lang='lat' dir='ltr'><strong>illis</strong></span> <span class='ocrx_word' id='word_1_50' title='bbox 355 521 433 548; x_wconf 87' lang='lat' dir='ltr'><strong>prae-</strong></span> <span class='ocrx_word' id='word_1_51' title='bbox 571 514 615 542; x_wconf 81' lang='lat'><strong>29.</strong></span> <span class='ocrx_word' id='word_1_52' title='bbox 637 519 665 541; x_wconf 86' lang='lat' dir='ltr'><strong>et</strong></span> <span class='ocrx_word' id='word_1_53' title='bbox 680 521 809 542; x_wconf 86' lang='lat' dir='ltr'><strong>coronam</strong></span> 
     </span>
    </p>
   </div>
   <div class='ocr_carea' id='block_1_13' title="bbox 150 548 388 582">
    <p class='ocr_par' dir='ltr' id='par_1_13' title="bbox 150 548 388 582">
     <span class='ocr_line' id='line_1_14' title="bbox 150 548 388 582; baseline -0.008 -5"><span class='ocrx_word' id='word_1_54' title='bbox 150 557 199 577; x_wconf 88' lang='lat' dir='ltr'><strong>ses</strong></span> <span class='ocrx_word' id='word_1_55' title='bbox 213 558 219 575; x_wconf 72' lang='grc' dir='ltr'><strong>ι</strong></span> <span class='ocrx_word' id='word_1_56' title='bbox 235 548 302 582; x_wconf 89' lang='lat' dir='ltr'><strong>Quid</strong></span> <span class='ocrx_word' id='word_1_57' title='bbox 316 549 388 575; x_wconf 91' lang='lat' dir='ltr'><strong>enim</strong></span> 
     </span>
    </p>
   </div>
   <div class='ocr_carea' id='block_1_14' title="bbox 572 549 815 583">
    <p class='ocr_par' dir='ltr' id='par_1_14' title="bbox 572 549 815 583">
     <span class='ocr_line' id='line_1_15' title="bbox 572 549 815 583; baseline 0.004 -7"><span class='ocrx_word' id='word_1_58' title='bbox 572 550 605 577; x_wconf 91' lang='lat' dir='ltr'><strong>de</strong></span> <span class='ocrx_word' id='word_1_59' title='bbox 620 549 704 583; x_wconf 82' lang='lat' dir='ltr'><strong>spinis</strong></span> <span class='ocrx_word' id='word_1_60' title='bbox 719 557 815 583; x_wconf 89' lang='lat' dir='ltr'><strong>posue-</strong></span> 
     </span>
    </p>
   </div>
   <div class='ocr_carea' id='block_1_15' title="bbox 149 583 787 620">
    <p class='ocr_par' dir='ltr' id='par_1_15' title="bbox 149 583 787 620">
     <span class='ocr_line' id='line_1_16' title="bbox 149 583 787 620; baseline 0.002 -8"><span class='ocrx_word' id='word_1_61' title='bbox 149 584 217 612; x_wconf 88' lang='lat' dir='ltr'><strong>mali</strong></span> <span class='ocrx_word' id='word_1_62' title='bbox 233 583 315 620; x_wconf 77' lang='lat' dir='ltr'><strong>fecit?</strong></span> <span class='ocrx_word' id='word_1_63' title='bbox 329 584 371 612; x_wconf 79' lang='lat' dir='ltr'><strong>Ad</strong></span> <span class='ocrx_word' id='word_1_64' title='bbox 384 584 416 612; x_wconf 92' lang='lat' dir='ltr'><strong>il-</strong></span> <span class='ocrx_word' id='word_1_65' title='bbox 571 591 634 612; x_wconf 89' lang='lat' dir='ltr'><strong>runt</strong></span> <span class='ocrx_word' id='word_1_66' title='bbox 648 592 729 620; x_wconf 90' lang='lat' dir='ltr'><strong>super</strong></span> <span class='ocrx_word' id='word_1_67' title='bbox 744 593 787 613; x_wconf 91' lang='lat' dir='ltr'><strong>ca-</strong></span> 
     </span>
    </p>
   </div>
   <div class='ocr_carea' id='block_1_16' title="bbox 149 618 800 655">
    <p class='ocr_par' dir='ltr' id='par_1_16' title="bbox 149 618 800 655">
     <span class='ocr_line' id='line_1_17' title="bbox 149 618 800 655; baseline 0 -7"><span class='ocrx_word' id='word_1_68' title='bbox 149 620 170 648; x_wconf 89' lang='lat' dir='ltr'><strong>li</strong></span> <span class='ocrx_word' id='word_1_69' title='bbox 187 618 270 654; x_wconf 83' lang='lat' dir='ltr'><strong>magis</strong></span> <span class='ocrx_word' id='word_1_70' title='bbox 284 619 339 646; x_wconf 91' lang='lat' dir='ltr'><strong>cla-</strong></span> <span class='ocrx_word' id='word_1_71' title='bbox 571 625 618 655; x_wconf 91' lang='lat' dir='ltr'><strong>put</strong></span> <span class='ocrx_word' id='word_1_72' title='bbox 628 618 696 655; x_wconf 77' lang='lat' dir='ltr'><strong>ejus,</strong></span> <span class='ocrx_word' id='word_1_73' title='bbox 711 624 739 648; x_wconf 87' lang='lat' dir='ltr'><strong>et</strong></span> <span class='ocrx_word' id='word_1_74' title='bbox 752 621 800 648; x_wconf 84' lang='lat' dir='ltr'><strong>ha-</strong></span> 
     </span>
    </p>
   </div>
   <div class='ocr_carea' id='block_1_17' title="bbox 150 655 393 683">
    <p class='ocr_par' dir='ltr' id='par_1_17' title="bbox 150 655 393 683">
     <span class='ocr_line' id='line_1_18' title="bbox 150 655 393 683; baseline 0 0"><span class='ocrx_word' id='word_1_75' title='bbox 150 656 264 683; x_wconf 83' lang='lat' dir='ltr'><strong>mabant</strong></span> <span class='ocrx_word' id='word_1_76' title='bbox 275 664 281 681; x_wconf 93' lang='lat'>:</span> <span class='ocrx_word' id='word_1_77' title='bbox 298 655 393 683; x_wconf 89' lang='lat' dir='ltr'><strong>Cruci-</strong></span> 
     </span>
    </p>
   </div>
   <div class='ocr_carea' id='block_1_18' title="bbox 571 656 756 683">
    <p class='ocr_par' dir='ltr' id='par_1_18' title="bbox 571 656 756 683">
     <span class='ocr_line' id='line_1_19' title="bbox 571 656 756 683; baseline 0 0"><span class='ocrx_word' id='word_1_78' title='bbox 571 656 713 683; x_wconf 88' lang='lat' dir='ltr'><strong>rundinem</strong></span> <span class='ocrx_word' id='word_1_79' title='bbox 730 657 756 683; x_wconf 96' lang='lat' dir='ltr'><strong>in</strong></span> 
     </span>
    </p>
   </div>
   <div class='ocr_carea' id='block_1_19' title="bbox 147 691 764 726">
    <p class='ocr_par' dir='ltr' id='par_1_19' title="bbox 147 691 764 726">
     <span class='ocr_line' id='line_1_20' title="bbox 147 691 764 726; baseline -0.002 -7"><span class='ocrx_word' id='word_1_80' title='bbox 147 691 197 719; x_wconf 64' lang='lat'><strong>24.</strong></span> <span class='ocrx_word' id='word_1_81' title='bbox 218 691 323 726; x_wconf 79' lang='lat' dir='ltr'><strong>ligatur.</strong></span> <span class='ocrx_word' id='word_1_82' title='bbox 338 691 439 720; x_wconf 86' lang='lat' dir='ltr'><strong>Videns</strong></span> <span class='ocrx_word' id='word_1_83' title='bbox 571 691 680 719; x_wconf 80' lang='lat' dir='ltr'><strong>dextera</strong></span> <span class='ocrx_word' id='word_1_84' title='bbox 695 691 764 726; x_wconf 86' lang='lat' dir='ltr'><strong>ejus.</strong></span> 
     </span>
    </p>
   </div>
   <div class='ocr_carea' id='block_1_20' title="bbox 147 725 765 761">
    <p class='ocr_par' dir='ltr' id='par_1_20' title="bbox 147 725 765 761">
     <span class='ocr_line' id='line_1_21' title="bbox 147 725 765 761; baseline 0 -7"><span class='ocrx_word' id='word_1_85' title='bbox 147 732 240 754; x_wconf 81' lang='lat' dir='ltr'><strong>autem</strong></span> <span class='ocrx_word' id='word_1_86' title='bbox 256 725 360 754; x_wconf 88' lang='lat' dir='ltr'><strong>Pilatus</strong></span> <span class='ocrx_word' id='word_1_87' title='bbox 571 726 605 754; x_wconf 86' lang='lat' dir='ltr'><strong>Et</strong></span> <span class='ocrx_word' id='word_1_88' title='bbox 620 725 765 761; x_wconf 79' lang='lat' dir='ltr'><strong>adgenicu-</strong></span> 
     </span>
    </p>
   </div>
   <div class='ocr_carea' id='block_1_21' title="bbox 147 761 779 798">
    <p class='ocr_par' dir='ltr' id='par_1_21' title="bbox 147 761 779 798">
     <span class='ocr_line' id='line_1_22' title="bbox 147 761 779 798; baseline -0.002 -8"><span class='ocrx_word' id='word_1_89' title='bbox 147 763 197 798; x_wconf 88' lang='lat' dir='ltr'><strong>qui</strong></span> <span class='ocrx_word' id='word_1_90' title='bbox 211 761 279 798; x_wconf 84' lang='lat' dir='ltr'><strong>nihil</strong></span> <span class='ocrx_word' id='word_1_91' title='bbox 293 761 331 798; x_wconf 67' lang='grc' dir='ltr'><strong>(ρ)</strong></span> <span class='ocrx_word' id='word_1_92' title='bbox 348 770 412 796; x_wconf 88' lang='lat' dir='ltr'><strong>pro—</strong></span> <span class='ocrx_word' id='word_1_93' title='bbox 571 762 662 798; x_wconf 76' lang='lat' dir='ltr'><strong>iantes</strong></span> <span class='ocrx_word' id='word_1_94' title='bbox 671 770 705 793; x_wconf 92' lang='lat' dir='ltr'><strong>se_</strong></span> <span class='ocrx_word' id='word_1_95' title='bbox 715 766 779 790; x_wconf 89' lang='lat' dir='ltr'><strong>ante</strong></span> 
     </span>
    </p>
   </div>
   <div class='ocr_carea' id='block_1_22' title="bbox 147 797 757 834">
    <p class='ocr_par' dir='ltr' id='par_1_22' title="bbox 147 797 757 834">
     <span class='ocr_line' id='line_1_23' title="bbox 147 797 757 834; baseline 0 -10"><span class='ocrx_word' id='word_1_96' title='bbox 147 799 208 825; x_wconf 81' lang='lat' dir='ltr'><strong>Iicit</strong></span> <span class='ocrx_word' id='word_1_97' title='bbox 218 797 249 834; x_wconf 70' lang='lat' dir='ltr'><strong>~jf,</strong></span> <span class='ocrx_word' id='word_1_98' title='bbox 264 797 319 834; x_wconf 20' lang='lat' dir='ltr'><strong>sed,</strong></span> <span class='ocrx_word' id='word_1_99' title='bbox 327 799 413 834; x_wconf 85' lang='lat' dir='ltr'><strong>magis</strong></span> <span class='ocrx_word' id='word_1_100' title='bbox 570 805 631 834; x_wconf 80' lang='lat' dir='ltr'><strong>eum</strong></span> <span class='ocrx_word' id='word_1_101' title='bbox 647 797 757 834; x_wconf 36' lang='lat' dir='ltr'><strong>delude:</strong></span> 
     </span>
    </p>
   </div>
   <div class='ocr_carea' id='block_1_23' title="bbox 148 833 355 861">
    <p class='ocr_par' dir='ltr' id='par_1_23' title="bbox 148 833 355 861">
     <span class='ocr_line' id='line_1_24' title="bbox 148 833 355 861; baseline 0.005 -1"><span class='ocrx_word' id='word_1_102' title='bbox 148 833 295 861; x_wconf 85' lang='lat' dir='ltr'><strong>tumultum</strong></span> <span class='ocrx_word' id='word_1_103' title='bbox 306 833 355 861; x_wconf 84' lang='lat' dir='ltr'><strong>ﬂe-</strong></span> 
     </span>
    </p>
   </div>
   <div class='ocr_carea' id='block_1_24' title="bbox 145 870 406 904">
    <p class='ocr_par' dir='ltr' id='par_1_24' title="bbox 145 870 406 904">
     <span class='ocr_line' id='line_1_25' title="bbox 145 870 406 904; baseline 0.004 -8"><span class='ocrx_word' id='word_1_104' title='bbox 145 870 183 902; x_wconf 82' lang='lat' dir='ltr'><strong>ri,</strong></span> <span class='ocrx_word' id='word_1_105' title='bbox 197 873 307 903; x_wconf 84' lang='lat' dir='ltr'><strong>accepta</strong></span> <span class='ocrx_word' id='word_1_106' title='bbox 322 877 406 904; x_wconf 87' lang='lat' dir='ltr'><strong>aqua,</strong></span> 
     </span>
    </p>
   </div>
   <div class='ocr_carea' id='block_1_25' title="bbox 146 905 323 932">
    <p class='ocr_par' dir='ltr' id='par_1_25' title="bbox 146 905 323 932">
     <span class='ocr_line' id='line_1_26' title="bbox 146 905 323 932; baseline -0.006 0"><span class='ocrx_word' id='word_1_107' title='bbox 146 905 215 932; x_wconf 85' lang='lat' dir='ltr'><strong>lavit</strong></span> <span class='ocrx_word' id='word_1_108' title='bbox 226 911 323 931; x_wconf 86' lang='lat' dir='ltr'><strong>manus</strong></span> 
     </span>
    </p>
   </div>
   <div class='ocr_carea' id='block_1_26' title="bbox 144 940 369 975">
    <p class='ocr_par' dir='ltr' id='par_1_26' title="bbox 144 940 369 975">
     <span class='ocr_line' id='line_1_27' title="bbox 144 940 369 975; baseline 0 -7"><span class='ocrx_word' id='word_1_109' title='bbox 144 947 242 968; x_wconf 87' lang='lat' dir='ltr'><strong>coram</strong></span> <span class='ocrx_word' id='word_1_110' title='bbox 261 940 369 975; x_wconf 88' lang='lat' dir='ltr'><strong>populo,</strong></span> 
     </span>
    </p>
   </div>
   <div class='ocr_carea' id='block_1_27' title="bbox 145 975 361 1004">
    <p class='ocr_par' dir='ltr' id='par_1_27' title="bbox 145 975 361 1004">
     <span class='ocr_line' id='line_1_28' title="bbox 145 975 361 1004; baseline 0 -1"><span class='ocrx_word' id='word_1_111' title='bbox 145 975 242 1004; x_wconf 89' lang='lat' dir='ltr'><strong>dicens</strong></span> <span class='ocrx_word' id='word_1_112' title='bbox 257 984 263 1002; x_wconf 90' lang='lat'>:</span> <span class='ocrx_word' id='word_1_113' title='bbox 280 976 361 1003; x_wconf 87' lang='lat' dir='ltr'><strong>Inno-</strong></span> 
     </span>
    </p>
   </div>
   <div class='ocr_carea' id='block_1_28' title="bbox 570 832 833 867">
    <p class='ocr_par' dir='ltr' id='par_1_28' title="bbox 570 832 833 867">
     <span class='ocr_line' id='line_1_29' title="bbox 570 832 833 867; baseline 0.008 -7"><span class='ocrx_word' id='word_1_114' title='bbox 570 832 636 860; x_wconf 90' lang='lat' dir='ltr'><strong>bant</strong></span> <span class='ocrx_word' id='word_1_115' title='bbox 650 841 725 867; x_wconf 88' lang='lat' dir='ltr'><strong>eum,</strong></span> <span class='ocrx_word' id='word_1_116' title='bbox 743 833 833 862; x_wconf 85' lang='lat' dir='ltr'><strong>dicen-</strong></span> 
     </span>
    </p>
   </div>
   <div class='ocr_carea' id='block_1_29' title="bbox 570 868 780 897">
    <p class='ocr_par' dir='ltr' id='par_1_29' title="bbox 570 868 780 897">
     <span class='ocr_line' id='line_1_30' title="bbox 570 868 780 897; baseline 0 -1"><span class='ocrx_word' id='word_1_117' title='bbox 570 872 612 896; x_wconf 89' lang='lat' dir='ltr'><strong>tes</strong></span> <span class='ocrx_word' id='word_1_118' title='bbox 624 878 630 894; x_wconf 73' lang='grc' dir='ltr'><strong>ι</strong></span> <span class='ocrx_word' id='word_1_119' title='bbox 646 868 720 896; x_wconf 84' lang='lat' dir='ltr'><strong>Habe</strong></span> <span class='ocrx_word' id='word_1_120' title='bbox 734 877 780 897; x_wconf 90' lang='lat' dir='ltr'><strong>rex</strong></span> 
     </span>
    </p>
   </div>
   <div class='ocr_carea' id='block_1_30' title="bbox 569 903 742 931">
    <p class='ocr_par' dir='ltr' id='par_1_30' title="bbox 569 903 742 931">
     <span class='ocr_line' id='line_1_31' title="bbox 569 903 742 931; baseline -0.006 0"><span class='ocrx_word' id='word_1_121' title='bbox 569 903 742 931; x_wconf 83' lang='lat' dir='ltr'><strong>Judaeorum.</strong></span> 
     </span>
    </p>
   </div>
   <div class='ocr_carea' id='block_1_31' title="bbox 568 939 837 975">
    <p class='ocr_par' dir='ltr' id='par_1_31' title="bbox 568 939 837 975">
     <span class='ocr_line' id='line_1_32' title="bbox 568 939 837 975; baseline 0.004 -8"><span class='ocrx_word' id='word_1_122' title='bbox 568 939 614 967; x_wconf 83' lang='lat'><strong>&#39;50.</strong></span> <span class='ocrx_word' id='word_1_123' title='bbox 635 939 670 966; x_wconf 85' lang='lat' dir='ltr'><strong>Et</strong></span> <span class='ocrx_word' id='word_1_124' title='bbox 684 940 837 975; x_wconf 86' lang='lat' dir='ltr'><strong>expuebant</strong></span> 
     </span>
    </p>
   </div>
   <div class='ocr_carea' id='block_1_32' title="bbox 570 975 788 1010">
    <p class='ocr_par' dir='ltr' id='par_1_32' title="bbox 570 975 788 1010">
     <span class='ocr_line' id='line_1_33' title="bbox 570 975 788 1010; baseline 0.005 -8"><span class='ocrx_word' id='word_1_125' title='bbox 570 975 596 1003; x_wconf 92' lang='lat' dir='ltr'><strong>in</strong></span> <span class='ocrx_word' id='word_1_126' title='bbox 610 975 706 1003; x_wconf 78' lang='lat' dir='ltr'><strong>faciem</strong></span> <span class='ocrx_word' id='word_1_127' title='bbox 721 976 788 1010; x_wconf 87' lang='lat' dir='ltr'><strong>ejus,</strong></span> 
     </span>
    </p>
   </div>
   <div class='ocr_carea' id='block_1_33' title="bbox 146 1015 774 1052">
    <p class='ocr_par' dir='ltr' id='par_1_33' title="bbox 146 1015 774 1052">
     <span class='ocr_line' id='line_1_34' title="bbox 146 1015 774 1052; baseline -0.002 -13"><span class='ocrx_word' id='word_1_128' title='bbox 146 1018 212 1039; x_wconf 89' lang='lat' dir='ltr'><strong>cens</strong></span> <span class='ocrx_word' id='word_1_129' title='bbox 228 1018 279 1052; x_wconf 79' lang='lat' dir='ltr'><strong>ego</strong></span> <span class='ocrx_word' id='word_1_130' title='bbox 294 1019 353 1039; x_wconf 88' lang='lat' dir='ltr'><strong>sum</strong></span> <span class='ocrx_word' id='word_1_131' title='bbox 571 1015 598 1052; x_wconf 69' lang='lat' dir='ltr'><strong>et</strong></span> <span class='ocrx_word' id='word_1_132' title='bbox 611 1016 774 1052; x_wconf 70' lang='lat' dir='ltr'><strong>acceperunt</strong></span> 
     </span>
    </p>
   </div>
   <div class='ocr_carea' id='block_1_34' title="bbox 146 1046 761 1082">
    <p class='ocr_par' dir='ltr' id='par_1_34' title="bbox 146 1046 761 1082">
     <span class='ocr_line' id='line_1_35' title="bbox 146 1046 761 1082; baseline -0.002 -8"><span class='ocrx_word' id='word_1_133' title='bbox 146 1055 163 1074; x_wconf 84' lang='lat' dir='ltr'><strong>a</strong></span> <span class='ocrx_word' id='word_1_134' title='bbox 177 1047 310 1082; x_wconf 85' lang='lat' dir='ltr'><strong>sanguine</strong></span> <span class='ocrx_word' id='word_1_135' title='bbox 543 1067 547 1069; x_wconf 74' lang='lat'><strong>.</strong></span> <span class='ocrx_word' id='word_1_136' title='bbox 571 1046 761 1080; x_wconf 88' lang='lat' dir='ltr'><strong>harundinem,</strong></span> 
     </span>
    </p>
   </div>
   <div class='ocr_carea' id='block_1_35' title="bbox 145 1082 799 1117">
    <p class='ocr_par' dir='ltr' id='par_1_35' title="bbox 145 1082 799 1117">
     <span class='ocr_line' id='line_1_36' title="bbox 145 1082 799 1117; baseline -0.002 -7"><span class='ocrx_word' id='word_1_137' title='bbox 145 1083 228 1117; x_wconf 84' lang='lat' dir='ltr'><strong>hujus</strong></span> <span class='ocrx_word' id='word_1_138' title='bbox 243 1091 249 1109; x_wconf 88' lang='lat'><strong>:</strong></span> <span class='ocrx_word' id='word_1_139' title='bbox 268 1090 317 1111; x_wconf 90' lang='lat' dir='ltr'><strong>vos</strong></span> <span class='ocrx_word' id='word_1_140' title='bbox 330 1083 370 1110; x_wconf 87' lang='lat' dir='ltr'><strong>vi-</strong></span> <span class='ocrx_word' id='word_1_141' title='bbox 570 1086 597 1109; x_wconf 87' lang='lat' dir='ltr'><strong>et</strong></span> <span class='ocrx_word' id='word_1_142' title='bbox 611 1082 799 1117; x_wconf 87' lang='lat' dir='ltr'><strong>percutiebant</strong></span> 
     </span>
    </p>
   </div>
   <div class='ocr_carea' id='block_1_36' title="bbox 147 1117 737 1152">
    <p class='ocr_par' dir='ltr' id='par_1_36' title="bbox 147 1117 737 1152">
     <span class='ocr_line' id='line_1_37' title="bbox 147 1117 737 1152; baseline -0.003 -6"><span class='ocrx_word' id='word_1_143' title='bbox 147 1119 255 1146; x_wconf 88' lang='lat' dir='ltr'><strong>deritis.</strong></span> <span class='ocrx_word' id='word_1_144' title='bbox 569 1121 651 1152; x_wconf 88' lang='lat' dir='ltr'><strong>caput</strong></span> <span class='ocrx_word' id='word_1_145' title='bbox 668 1117 737 1152; x_wconf 89' lang='lat' dir='ltr'><strong>ejus.</strong></span> 
     </span>
    </p>
   </div>
   <div class='ocr_carea' id='block_1_37' title="bbox 146 1152 885 1189">
    <p class='ocr_par' dir='ltr' id='par_1_37' title="bbox 146 1152 885 1189">
     <span class='ocr_line' id='line_1_38' title="bbox 146 1152 885 1189; baseline 0.004 -9"><span class='ocrx_word' id='word_1_146' title='bbox 146 1155 193 1181; x_wconf 78' lang='lat'><strong>2.5.</strong></span> <span class='ocrx_word' id='word_1_147' title='bbox 215 1154 248 1180; x_wconf 86' lang='lat' dir='ltr'><strong>Et</strong></span> <span class='ocrx_word' id='word_1_148' title='bbox 261 1153 433 1188; x_wconf 86' lang='lat' dir='ltr'><strong>respondens</strong></span> <span class='ocrx_word' id='word_1_149' title='bbox 569 1152 616 1189; x_wconf 61' lang='grc'><strong>51.</strong></span> <span class='ocrx_word' id='word_1_150' title='bbox 638 1153 670 1179; x_wconf 86' lang='lat' dir='ltr'><strong>Et</strong></span> <span class='ocrx_word' id='word_1_151' title='bbox 684 1157 825 1189; x_wconf 75' lang='lat' dir='ltr'><strong>postquam</strong></span> <span class='ocrx_word' id='word_1_152' title='bbox 839 1153 885 1182; x_wconf 89' lang='lat' dir='ltr'><strong>de-</strong></span> 
     </span>
    </p>
   </div>
   <div class='ocr_carea' id='block_1_38' title="bbox 147 1187 782 1223">
    <p class='ocr_par' dir='ltr' id='par_1_38' title="bbox 147 1187 782 1223">
     <span class='ocr_line' id='line_1_39' title="bbox 147 1187 782 1223; baseline 0.002 -7"><span class='ocrx_word' id='word_1_153' title='bbox 147 1191 274 1217; x_wconf 85' lang='lat' dir='ltr'><strong>universa</strong></span> <span class='ocrx_word' id='word_1_154' title='bbox 290 1187 346 1216; x_wconf 86' lang='lat' dir='ltr'><strong>tur-</strong></span> <span class='ocrx_word' id='word_1_155' title='bbox 571 1187 695 1215; x_wconf 91' lang='lat' dir='ltr'><strong>luserunt</strong></span> <span class='ocrx_word' id='word_1_156' title='bbox 709 1187 782 1223; x_wconf 82' lang='lat' dir='ltr'><strong>eum,</strong></span> 
     </span>
    </p>
   </div>
   <div class='ocr_carea' id='block_1_39' title="bbox 147 1224 380 1257">
    <p class='ocr_par' dir='ltr' id='par_1_39' title="bbox 147 1224 380 1257">
     <span class='ocr_line' id='line_1_40' title="bbox 147 1224 380 1257; baseline -0.004 -5"><span class='ocrx_word' id='word_1_157' title='bbox 147 1226 192 1257; x_wconf 83' lang='lat' dir='ltr'><strong>ba,</strong></span> <span class='ocrx_word' id='word_1_158' title='bbox 203 1225 273 1252; x_wconf 85' lang='lat' dir='ltr'><strong>dixit</strong></span> <span class='ocrx_word' id='word_1_159' title='bbox 287 1233 294 1251; x_wconf 88' lang='lat'><strong>:</strong></span> <span class='ocrx_word' id='word_1_160' title='bbox 312 1224 380 1252; x_wconf 87' lang='lat' dir='ltr'><strong>San-</strong></span> 
     </span>
    </p>
   </div>
   <div class='ocr_carea' id='block_1_40' title="bbox 147 1260 340 1296">
    <p class='ocr_par' dir='ltr' id='par_1_40' title="bbox 147 1260 340 1296">
     <span class='ocr_line' id='line_1_41' title="bbox 147 1260 340 1296; baseline 0 -9"><span class='ocrx_word' id='word_1_161' title='bbox 147 1261 208 1296; x_wconf 85' lang='lat' dir='ltr'><strong>guis</strong></span> <span class='ocrx_word' id='word_1_162' title='bbox 219 1260 279 1295; x_wconf 90' lang='lat' dir='ltr'><strong>ejus</strong></span> <span class='ocrx_word' id='word_1_163' title='bbox 293 1268 340 1287; x_wconf 82' lang='lat' dir='ltr'><strong>su-</strong></span> 
     </span>
    </p>
   </div>
   <div class='ocr_carea' id='block_1_41' title="bbox 147 1303 425 1337">
    <p class='ocr_par' dir='ltr' id='par_1_41' title="bbox 147 1303 425 1337">
     <span class='ocr_line' id='line_1_42' title="bbox 147 1303 425 1337; baseline -0.004 -13"><span class='ocrx_word' id='word_1_164' title='bbox 147 1304 196 1332; x_wconf 88' lang='lat' dir='ltr'><strong>per</strong></span> <span class='ocrx_word' id='word_1_165' title='bbox 208 1303 270 1329; x_wconf 89' lang='lat' dir='ltr'><strong>nos,</strong></span> <span class='ocrx_word' id='word_1_166' title='bbox 286 1303 329 1337; x_wconf 36' lang='grc' dir='ltr'><strong>θ’.</strong></span> <span class='ocrx_word' id='word_1_167' title='bbox 352 1316 359 1323; x_wconf 94' lang='grc'><strong>.</strong></span> <span class='ocrx_word' id='word_1_168' title='bbox 380 1303 425 1323; x_wconf 92' lang='lat' dir='ltr'><strong>su-</strong></span> 
     </span>
    </p>
   </div>
   <div class='ocr_carea' id='block_1_42' title="bbox 146 1338 421 1367">
    <p class='ocr_par' dir='ltr' id='par_1_42' title="bbox 146 1338 421 1367">
     <span class='ocr_line' id='line_1_43' title="bbox 146 1338 421 1367; baseline -0.004 -7"><span class='ocrx_word' id='word_1_169' title='bbox 146 1339 197 1367; x_wconf 90' lang='lat' dir='ltr'><strong>per</strong></span> <span class='ocrx_word' id='word_1_170' title='bbox 218 1351 226 1358; x_wconf 97' lang='lat'><strong>.</strong></span> <span class='ocrx_word' id='word_1_171' title='bbox 247 1352 254 1358; x_wconf 89' lang='lat'><strong>.</strong></span> <span class='ocrx_word' id='word_1_172' title='bbox 278 1351 285 1357; x_wconf 98' lang='lat'><strong>.</strong></span> <span class='ocrx_word' id='word_1_173' title='bbox 307 1338 348 1358; x_wconf 83' lang='lat' dir='ltr'><strong>tos</strong></span> <span class='ocrx_word' id='word_1_174' title='bbox 359 1338 421 1359; x_wconf 89' lang='lat' dir='ltr'><strong>nos-</strong></span> 
     </span>
    </p>
   </div>
   <div class='ocr_carea' id='block_1_43' title="bbox 147 1372 216 1395">
    <p class='ocr_par' dir='ltr' id='par_1_43' title="bbox 147 1372 216 1395">
     <span class='ocr_line' id='line_1_44' title="bbox 147 1372 216 1395; baseline -0.014 0"><span class='ocrx_word' id='word_1_175' title='bbox 147 1372 216 1395; x_wconf 73' lang='grc' dir='ltr'><strong>ιτοε.</strong></span> 
     </span>
    </p>
   </div>
   <div class='ocr_carea' id='block_1_44' title="bbox 147 1402 479 1432">
    <p class='ocr_par' dir='ltr' id='par_1_44' title="bbox 147 1402 479 1432">
     <span class='ocr_line' id='line_1_45' title="bbox 147 1402 479 1432; baseline 0.006 -2"><span class='ocrx_word' id='word_1_176' title='bbox 147 1403 194 1430; x_wconf 88' lang='lat'><strong>26.</strong></span> <span class='ocrx_word' id='word_1_177' title='bbox 215 1402 292 1430; x_wconf 88' lang='lat' dir='ltr'><strong>Tunc</strong></span> <span class='ocrx_word' id='word_1_178' title='bbox 307 1402 411 1431; x_wconf 87' lang='lat' dir='ltr'><strong>dimisit</strong></span> <span class='ocrx_word' id='word_1_179' title='bbox 425 1403 479 1432; x_wconf 81' lang='lat' dir='ltr'><strong>illis</strong></span> 
     </span>
    </p>
   </div>
   <div class='ocr_carea' id='block_1_45' title="bbox 147 1437 421 1466">
    <p class='ocr_par' dir='ltr' id='par_1_45' title="bbox 147 1437 421 1466">
     <span class='ocr_line' id='line_1_46' title="bbox 147 1437 421 1466; baseline 0.007 -1"><span class='ocrx_word' id='word_1_180' title='bbox 147 1438 290 1466; x_wconf 85' lang='lat' dir='ltr'><strong>Barabban</strong></span> <span class='ocrx_word' id='word_1_181' title='bbox 306 1447 313 1465; x_wconf 88' lang='lat'><strong>:</strong></span> <span class='ocrx_word' id='word_1_182' title='bbox 327 1437 421 1466; x_wconf 82' lang='lat' dir='ltr'><strong>Jesum</strong></span> 
     </span>
    </p>
   </div>
   <div class='ocr_carea' id='block_1_46' title="bbox 148 1473 321 1509">
    <p class='ocr_par' dir='ltr' id='par_1_46' title="bbox 148 1473 321 1509">
     <span class='ocr_line' id='line_1_47' title="bbox 148 1473 321 1509; baseline 0 -8"><span class='ocrx_word' id='word_1_183' title='bbox 148 1481 214 1501; x_wconf 76' lang='lat' dir='ltr'><strong>vero</strong></span> <span class='ocrx_word' id='word_1_184' title='bbox 228 1473 321 1509; x_wconf 80' lang='lat' dir='ltr'><strong>ﬂagel—</strong></span> 
     </span>
    </p>
   </div>
   <div class='ocr_carea' id='block_1_47' title="bbox 148 1509 373 1537">
    <p class='ocr_par' dir='ltr' id='par_1_47' title="bbox 148 1509 373 1537">
     <span class='ocr_line' id='line_1_48' title="bbox 148 1509 373 1537; baseline 0.004 -1"><span class='ocrx_word' id='word_1_185' title='bbox 148 1509 181 1536; x_wconf 87' lang='lat' dir='ltr'><strong>lis</strong></span> <span class='ocrx_word' id='word_1_186' title='bbox 196 1517 307 1537; x_wconf 88' lang='lat' dir='ltr'><strong>caesum</strong></span> <span class='ocrx_word' id='word_1_187' title='bbox 319 1515 373 1537; x_wconf 78' lang='lat' dir='ltr'><strong>tra-</strong></span> 
     </span>
    </p>
   </div>
   <div class='ocr_carea' id='block_1_48' title="bbox 148 1544 385 1572">
    <p class='ocr_par' dir='ltr' id='par_1_48' title="bbox 148 1544 385 1572">
     <span class='ocr_line' id='line_1_49' title="bbox 148 1544 385 1572; baseline 0 0"><span class='ocrx_word' id='word_1_188' title='bbox 148 1544 215 1572; x_wconf 90' lang='lat' dir='ltr'><strong>didit</strong></span> <span class='ocrx_word' id='word_1_189' title='bbox 229 1545 271 1572; x_wconf 88' lang='lat' dir='ltr'><strong>eis</strong></span> <span class='ocrx_word' id='word_1_190' title='bbox 281 1550 311 1572; x_wconf 83' lang='lat' dir='ltr'><strong>ut</strong></span> <span class='ocrx_word' id='word_1_191' title='bbox 323 1552 385 1572; x_wconf 87' lang='lat' dir='ltr'><strong>cru—</strong></span> 
     </span>
    </p>
   </div>
   <div class='ocr_carea' id='block_1_49' title="bbox 147 1580 394 1616">
    <p class='ocr_par' dir='ltr' id='par_1_49' title="bbox 147 1580 394 1616">
     <span class='ocr_line' id='line_1_50' title="bbox 147 1580 394 1616; baseline 0 -9"><span class='ocrx_word' id='word_1_192' title='bbox 147 1581 172 1616; x_wconf 80' lang='lat' dir='ltr'><strong>ci</strong></span> <span class='ocrx_word' id='word_1_193' title='bbox 188 1588 251 1608; x_wconf 88' lang='lat' dir='ltr'><strong>eum</strong></span> <span class='ocrx_word' id='word_1_194' title='bbox 268 1580 394 1616; x_wconf 84' lang='lat' dir='ltr'><strong>ﬁgerent.</strong></span> 
     </span>
    </p>
   </div>
   <div class='ocr_carea' id='block_1_50' title="bbox 147 1615 496 1652">
    <p class='ocr_par' dir='ltr' id='par_1_50' title="bbox 147 1615 496 1652">
     <span class='ocr_line' id='line_1_51' title="bbox 147 1615 496 1652; baseline 0.006 -10"><span class='ocrx_word' id='word_1_195' title='bbox 147 1615 192 1652; x_wconf 14' lang='lat'><strong>277.</strong></span> <span class='ocrx_word' id='word_1_196' title='bbox 214 1615 297 1643; x_wconf 49' lang='lat' dir='ltr'><strong>Tunc’</strong></span> <span class='ocrx_word' id='word_1_197' title='bbox 305 1616 405 1644; x_wconf 83' lang='lat' dir='ltr'><strong>milites</strong></span> <span class='ocrx_word' id='word_1_198' title='bbox 419 1623 496 1652; x_wconf 92' lang='lat' dir='ltr'><strong>prae-</strong></span> 
     </span>
    </p>
   </div>
   <div class='ocr_carea' id='block_1_51' title="bbox 148 1651 355 1686">
    <p class='ocr_par' dir='ltr' id='par_1_51' title="bbox 148 1651 355 1686">
     <span class='ocr_line' id='line_1_52' title="bbox 148 1651 355 1686; baseline 0 -8"><span class='ocrx_word' id='word_1_199' title='bbox 148 1651 214 1679; x_wconf 91' lang='lat' dir='ltr'><strong>sidis</strong></span> <span class='ocrx_word' id='word_1_200' title='bbox 227 1659 355 1686; x_wconf 88' lang='lat' dir='ltr'><strong>suscepe-</strong></span> 
     </span>
    </p>
   </div>
   <div class='ocr_carea' id='block_1_52' title="bbox 147 1687 361 1716">
    <p class='ocr_par' dir='ltr' id='par_1_52' title="bbox 147 1687 361 1716">
     <span class='ocr_line' id='line_1_53' title="bbox 147 1687 361 1716; baseline 0.005 -2"><span class='ocrx_word' id='word_1_201' title='bbox 147 1692 212 1714; x_wconf 85' lang='lat' dir='ltr'><strong>runt</strong></span> <span class='ocrx_word' id='word_1_202' title='bbox 227 1687 320 1715; x_wconf 66' lang='lat' dir='ltr'><strong>Iesum</strong></span> <span class='ocrx_word' id='word_1_203' title='bbox 334 1687 361 1716; x_wconf 91' lang='lat' dir='ltr'><strong>in</strong></span> 
     </span>
    </p>
   </div>
   <div class='ocr_carea' id='block_1_53' title="bbox 150 1722 337 1757">
    <p class='ocr_par' dir='ltr' id='par_1_53' title="bbox 150 1722 337 1757">
     <span class='ocr_line' id='line_1_54' title="bbox 150 1722 337 1757; baseline -0.005 -7"><span class='ocrx_word' id='word_1_204' title='bbox 150 1722 297 1757; x_wconf 82' lang='lat' dir='ltr'><strong>praetorio,</strong></span> <span class='ocrx_word' id='word_1_205' title='bbox 308 1726 337 1750; x_wconf 85' lang='lat' dir='ltr'><strong>et</strong></span> 
     </span>
    </p>
   </div>
   <div class='ocr_carea' id='block_1_54' title="bbox 148 1765 332 1793">
    <p class='ocr_par' dir='ltr' id='par_1_54' title="bbox 148 1765 332 1793">
     <span class='ocr_line' id='line_1_55' title="bbox 148 1765 332 1793; baseline -0.005 -8"><span class='ocrx_word' id='word_1_206' title='bbox 148 1765 332 1793; x_wconf 82' lang='lat' dir='ltr'><strong>congregave-</strong></span> 
     </span>
    </p>
   </div>
   <div class='ocr_carea' id='block_1_55' title="bbox 149 1799 340 1821">
    <p class='ocr_par' dir='ltr' id='par_1_55' title="bbox 149 1799 340 1821">
     <span class='ocr_line' id='line_1_56' title="bbox 149 1799 340 1821; baseline 0.005 -1"><span class='ocrx_word' id='word_1_207' title='bbox 149 1799 214 1821; x_wconf 84' lang='lat' dir='ltr'><strong>runt</strong></span> <span class='ocrx_word' id='word_1_208' title='bbox 229 1799 262 1821; x_wconf 65' lang='lat' dir='ltr'><strong>ad</strong></span> <span class='ocrx_word' id='word_1_209' title='bbox 278 1801 340 1821; x_wconf 86' lang='lat' dir='ltr'><strong>eum</strong></span> 
     </span>
    </p>
   </div>
   <div class='ocr_carea' id='block_1_56' title="bbox 570 1228 778 1253">
    <p class='ocr_par' dir='ltr' id='par_1_56' title="bbox 570 1228 778 1253">
     <span class='ocr_line' id='line_1_57' title="bbox 570 1228 778 1253; baseline 0.014 -3"><span class='ocrx_word' id='word_1_210' title='bbox 570 1228 701 1251; x_wconf 81' lang='lat' dir='ltr'><strong>exuerunt</strong></span> <span class='ocrx_word' id='word_1_211' title='bbox 716 1232 778 1253; x_wconf 88' lang='lat' dir='ltr'><strong>eum</strong></span> 
     </span>
    </p>
   </div>
   <div class='ocr_carea' id='block_1_57' title="bbox 570 1259 775 1294">
    <p class='ocr_par' dir='ltr' id='par_1_57' title="bbox 570 1259 775 1294">
     <span class='ocr_line' id='line_1_58' title="bbox 570 1259 775 1294; baseline 0.01 -8"><span class='ocrx_word' id='word_1_212' title='bbox 570 1259 733 1294; x_wconf 83' lang='lat' dir='ltr'><strong>clamydem,</strong></span> <span class='ocrx_word' id='word_1_213' title='bbox 748 1265 775 1288; x_wconf 90' lang='lat' dir='ltr'><strong>et</strong></span> 
     </span>
    </p>
   </div>
   <div class='ocr_carea' id='block_1_58' title="bbox 571 1294 716 1322">
    <p class='ocr_par' dir='ltr' id='par_1_58' title="bbox 571 1294 716 1322">
     <span class='ocr_line' id='line_1_59' title="bbox 571 1294 716 1322; baseline 0 -1"><span class='ocrx_word' id='word_1_214' title='bbox 571 1294 716 1322; x_wconf 88' lang='lat' dir='ltr'><strong>induerunt</strong></span> 
     </span>
    </p>
   </div>
   <div class='ocr_carea' id='block_1_59' title="bbox 570 1330 792 1357">
    <p class='ocr_par' dir='ltr' id='par_1_59' title="bbox 570 1330 792 1357">
     <span class='ocr_line' id='line_1_60' title="bbox 570 1330 792 1357; baseline 0.005 -1"><span class='ocrx_word' id='word_1_215' title='bbox 570 1337 631 1357; x_wconf 94' lang='lat' dir='ltr'><strong>eum</strong></span> <span class='ocrx_word' id='word_1_216' title='bbox 646 1330 792 1357; x_wconf 86' lang='lat' dir='ltr'><strong>vestimen-</strong></span> 
     </span>
    </p>
   </div>
   <div class='ocr_carea' id='block_1_60' title="bbox 571 1365 781 1400">
    <p class='ocr_par' dir='ltr' id='par_1_60' title="bbox 571 1365 781 1400">
     <span class='ocr_line' id='line_1_61' title="bbox 571 1365 781 1400; baseline 0.005 -8"><span class='ocrx_word' id='word_1_217' title='bbox 571 1370 596 1392; x_wconf 90' lang='lat' dir='ltr'><strong>ta</strong></span> <span class='ocrx_word' id='word_1_218' title='bbox 610 1365 680 1400; x_wconf 87' lang='lat' dir='ltr'><strong>ejus,</strong></span> <span class='ocrx_word' id='word_1_219' title='bbox 691 1370 719 1393; x_wconf 89' lang='lat' dir='ltr'><strong>et</strong></span> <span class='ocrx_word' id='word_1_220' title='bbox 732 1365 781 1393; x_wconf 92' lang='lat' dir='ltr'><strong>du-</strong></span> 
     </span>
    </p>
   </div>
   <div class='ocr_carea' id='block_1_61' title="bbox 570 1405 785 1428">
    <p class='ocr_par' dir='ltr' id='par_1_61' title="bbox 570 1405 785 1428">
     <span class='ocr_line' id='line_1_62' title="bbox 570 1405 785 1428; baseline 0.005 -1"><span class='ocrx_word' id='word_1_221' title='bbox 570 1405 668 1428; x_wconf 89' lang='lat' dir='ltr'><strong>xerunt</strong></span> <span class='ocrx_word' id='word_1_222' title='bbox 681 1406 709 1428; x_wconf 70' lang='lat' dir='ltr'><strong>Ill</strong></span> <span class='ocrx_word' id='word_1_223' title='bbox 724 1409 785 1428; x_wconf 71' lang='lat' dir='ltr'><strong>Cl‘ll-</strong></span> 
     </span>
    </p>
   </div>
   <div class='ocr_carea' id='block_1_62' title="bbox 569 1436 806 1471">
    <p class='ocr_par' dir='ltr' id='par_1_62' title="bbox 569 1436 806 1471">
     <span class='ocr_line' id='line_1_63' title="bbox 569 1436 806 1471; baseline 0.013 -9"><span class='ocrx_word' id='word_1_224' title='bbox 569 1437 593 1463; x_wconf 87' lang='lat' dir='ltr'><strong>ci</strong></span> <span class='ocrx_word' id='word_1_225' title='bbox 607 1443 668 1463; x_wconf 93' lang='lat' dir='ltr'><strong>eum</strong></span> <span class='ocrx_word' id='word_1_226' title='bbox 682 1436 806 1471; x_wconf 79' lang='lat' dir='ltr'><strong>ﬁgerent.</strong></span> 
     </span>
    </p>
   </div>
   <div class='ocr_carea' id='block_1_63' title="bbox 570 1471 878 1502">
    <p class='ocr_par' dir='ltr' id='par_1_63' title="bbox 570 1471 878 1502">
     <span class='ocr_line' id='line_1_64' title="bbox 570 1471 878 1502; baseline 0.013 -4"><span class='ocrx_word' id='word_1_227' title='bbox 570 1471 614 1499; x_wconf 76' lang='lat'><strong>52.</strong></span> <span class='ocrx_word' id='word_1_228' title='bbox 635 1471 772 1500; x_wconf 78' lang='lat' dir='ltr'><strong>Exeuntes</strong></span> <span class='ocrx_word' id='word_1_229' title='bbox 787 1476 878 1502; x_wconf 86' lang='lat' dir='ltr'><strong>autem</strong></span> 
     </span>
    </p>
   </div>
   <div class='ocr_carea' id='block_1_64' title="bbox 570 1507 734 1534">
    <p class='ocr_par' dir='ltr' id='par_1_64' title="bbox 570 1507 734 1534">
     <span class='ocr_line' id='line_1_65' title="bbox 570 1507 734 1534; baseline 0 0"><span class='ocrx_word' id='word_1_230' title='bbox 570 1507 734 1534; x_wconf 91' lang='lat' dir='ltr'><strong>invenerunt</strong></span> 
     </span>
    </p>
   </div>
   <div class='ocr_carea' id='block_1_65' title="bbox 570 1542 773 1580">
    <p class='ocr_par' dir='ltr' id='par_1_65' title="bbox 570 1542 773 1580">
     <span class='ocr_line' id='line_1_66' title="bbox 570 1542 773 1580; baseline 0.005 -11"><span class='ocrx_word' id='word_1_231' title='bbox 570 1542 707 1580; x_wconf 75' lang='lat' dir='ltr'><strong>hominem</strong></span> <span class='ocrx_word' id='word_1_232' title='bbox 715 1543 773 1580; x_wconf 57' lang='grc' dir='ltr'><strong>Δ(ἰγ-</strong></span> 
     </span>
    </p>
   </div>
   <div class='ocr_carea' id='block_1_66' title="bbox 568 1577 792 1614">
    <p class='ocr_par' dir='ltr' id='par_1_66' title="bbox 568 1577 792 1614">
     <span class='ocr_line' id='line_1_67' title="bbox 568 1577 792 1614; baseline 0.013 -9"><span class='ocrx_word' id='word_1_233' title='bbox 568 1578 673 1605; x_wconf 90' lang='lat' dir='ltr'><strong>rineum</strong></span> <span class='ocrx_word' id='word_1_234' title='bbox 690 1577 731 1614; x_wconf 79' lang='grc' dir='ltr'><strong>(ά)</strong></span> <span class='ocrx_word' id='word_1_235' title='bbox 743 1577 792 1608; x_wconf 68' lang='lat' dir='ltr'><strong>ve-</strong></span> 
     </span>
    </p>
   </div>
   <div class='ocr_carea' id='block_1_67' title="bbox 569 1614 750 1642">
    <p class='ocr_par' dir='ltr' id='par_1_67' title="bbox 569 1614 750 1642">
     <span class='ocr_line' id='line_1_68' title="bbox 569 1614 750 1642; baseline 0.011 -2"><span class='ocrx_word' id='word_1_236' title='bbox 569 1614 688 1641; x_wconf 91' lang='lat' dir='ltr'><strong>nientem</strong></span> <span class='ocrx_word' id='word_1_237' title='bbox 701 1615 750 1642; x_wconf 90' lang='lat' dir='ltr'><strong>ob-</strong></span> 
     </span>
    </p>
   </div>
   <div class='ocr_carea' id='block_1_68' title="bbox 569 1649 849 1686">
    <p class='ocr_par' dir='ltr' id='par_1_68' title="bbox 569 1649 849 1686">
     <span class='ocr_line' id='line_1_69' title="bbox 569 1649 849 1686; baseline 0.011 -10"><span class='ocrx_word' id='word_1_238' title='bbox 569 1649 638 1686; x_wconf 80' lang='lat' dir='ltr'><strong>viam</strong></span> <span class='ocrx_word' id='word_1_239' title='bbox 650 1649 700 1676; x_wconf 88' lang='lat' dir='ltr'><strong>sibi</strong></span> <span class='ocrx_word' id='word_1_240' title='bbox 715 1651 747 1686; x_wconf 86' lang='lat'><strong>1-,</strong></span> <span class='ocrx_word' id='word_1_241' title='bbox 762 1652 849 1681; x_wconf 91' lang='lat' dir='ltr'><strong>nomi-</strong></span> 
     </span>
    </p>
   </div>
   <div class='ocr_carea' id='block_1_69' title="bbox 570 1684 777 1714">
    <p class='ocr_par' dir='ltr' id='par_1_69' title="bbox 570 1684 777 1714">
     <span class='ocr_line' id='line_1_70' title="bbox 570 1684 777 1714; baseline 0.014 -3"><span class='ocrx_word' id='word_1_242' title='bbox 570 1692 604 1712; x_wconf 93' lang='lat' dir='ltr'><strong>ne</strong></span> <span class='ocrx_word' id='word_1_243' title='bbox 618 1684 756 1714; x_wconf 78' lang='lat' dir='ltr'><strong>Simonem</strong></span> <span class='ocrx_word' id='word_1_244' title='bbox 771 1696 777 1714; x_wconf 92' lang='lat'>:</span> 
     </span>
    </p>
   </div>
   <div class='ocr_carea' id='block_1_70' title="bbox 570 1719 736 1762">
    <p class='ocr_par' dir='ltr' id='par_1_70' title="bbox 570 1719 736 1762">
     <span class='ocr_line' id='line_1_71' title="bbox 570 1719 736 1762; baseline 0.012 -16"><span class='ocrx_word' id='word_1_245' title='bbox 570 1719 642 1762; x_wconf 80' lang='lat' dir='ltr'><strong>hunc</strong></span> <span class='ocrx_word' id='word_1_246' title='bbox 654 1727 736 1757; x_wconf 87' lang='lat' dir='ltr'><strong>anga-</strong></span> 
     </span>
    </p>
   </div>
   <div class='ocr_carea' id='block_1_71' title="bbox 570 1762 707 1784">
    <p class='ocr_par' dir='ltr' id='par_1_71' title="bbox 570 1762 707 1784">
     <span class='ocr_line' id='line_1_72' title="bbox 570 1762 707 1784; baseline 0.015 -2"><span class='ocrx_word' id='word_1_247' title='bbox 570 1762 707 1784; x_wconf 83' lang='lat' dir='ltr'><strong>rtaverunt</strong></span> 
     </span>
    </p>
   </div>
   <div class='ocr_carea' id='block_1_72' title="bbox 570 1792 797 1822">
    <p class='ocr_par' dir='ltr' id='par_1_72' title="bbox 570 1792 797 1822">
     <span class='ocr_line' id='line_1_73' title="bbox 570 1792 797 1822; baseline 0.018 -4"><span class='ocrx_word' id='word_1_248' title='bbox 570 1795 600 1819; x_wconf 89' lang='lat' dir='ltr'><strong>ut</strong></span> <span class='ocrx_word' id='word_1_249' title='bbox 615 1792 723 1821; x_wconf 85' lang='lat' dir='ltr'><strong>tolleret</strong></span> <span class='ocrx_word' id='word_1_250' title='bbox 736 1801 797 1822; x_wconf 89' lang='lat' dir='ltr'><strong>cru-</strong></span> 
     </span>
    </p>
   </div>
   <div class='ocr_carea' id='block_1_73' title="bbox 365 1840 734 1870">
    <p class='ocr_par' dir='ltr' id='par_1_73' title="bbox 365 1840 734 1870">
     <span class='ocr_line' id='line_1_74' title="bbox 365 1840 734 1870; baseline -0.003 0"><span class='ocrx_word' id='word_1_251' title='bbox 365 1841 482 1870; x_wconf 83' lang='lat' dir='ltr'><strong>CODEX</strong></span> <span class='ocrx_word' id='word_1_252' title='bbox 500 1840 734 1870; x_wconf 75' lang='lat' dir='ltr'><strong>CORBEIENSIS.</strong></span> 
     </span>
    </p>
   </div>
   <div class='ocr_carea' id='block_1_74' title="bbox 150 1887 948 1921">
    <p class='ocr_par' dir='ltr' id='par_1_74' title="bbox 150 1887 948 1921">
     <span class='ocr_line' id='line_1_75' title="bbox 150 1887 948 1921; baseline -0.001 -5"><span class='ocrx_word' id='word_1_253' title='bbox 150 1890 186 1916; x_wconf 76' lang='lat' dir='ltr'><strong>At</strong></span> <span class='ocrx_word' id='word_1_254' title='bbox 201 1889 238 1916; x_wconf 91' lang='lat' dir='ltr'><strong>illi</strong></span> <span class='ocrx_word' id='word_1_255' title='bbox 255 1889 400 1917; x_wconf 82' lang='lat' dir='ltr'><strong>dixerunt:</strong></span> <span class='ocrx_word' id='word_1_256' title='bbox 411 1888 570 1916; x_wconf 85' lang='lat' dir='ltr'><strong>Barabbam.</strong></span> <span class='ocrx_word' id='word_1_257' title='bbox 587 1888 654 1915; x_wconf 91' lang='lat' dir='ltr'><strong>Dicit</strong></span> <span class='ocrx_word' id='word_1_258' title='bbox 668 1888 721 1915; x_wconf 85' lang='lat' dir='ltr'><strong>illis</strong></span> <span class='ocrx_word' id='word_1_259' title='bbox 740 1887 842 1915; x_wconf 82' lang='lat' dir='ltr'><strong>Pilatus</strong></span> <span class='ocrx_word' id='word_1_260' title='bbox 855 1896 862 1914; x_wconf 85' lang='lat'><strong>:</strong></span> <span class='ocrx_word' id='word_1_261' title='bbox 877 1887 948 1921; x_wconf 88' lang='lat' dir='ltr'><strong>Quid</strong></span> 
     </span>
    </p>
   </div>
   <div class='ocr_carea' id='block_1_75' title="bbox 149 1923 949 1960">
    <p class='ocr_par' dir='ltr' id='par_1_75' title="bbox 149 1923 949 1960">
     <span class='ocr_line' id='line_1_76' title="bbox 149 1923 949 1960; baseline -0.003 -8"><span class='ocrx_word' id='word_1_262' title='bbox 149 1925 230 1960; x_wconf 87' lang='lat' dir='ltr'><strong>igitur</strong></span> <span class='ocrx_word' id='word_1_263' title='bbox 240 1925 336 1952; x_wconf 79' lang='lat' dir='ltr'><strong>faciam</strong></span> <span class='ocrx_word' id='word_1_264' title='bbox 347 1925 382 1952; x_wconf 87' lang='lat' dir='ltr'><strong>de</strong></span> <span class='ocrx_word' id='word_1_265' title='bbox 391 1925 465 1955; x_wconf 72' lang='lat' dir='ltr'><strong>Iesu.</strong></span> <span class='ocrx_word' id='word_1_266' title='bbox 477 1925 522 1959; x_wconf 89' lang='lat' dir='ltr'><strong>qui</strong></span> <span class='ocrx_word' id='word_1_267' title='bbox 532 1924 628 1951; x_wconf 89' lang='lat' dir='ltr'><strong>dicitur</strong></span> <span class='ocrx_word' id='word_1_268' title='bbox 636 1923 776 1960; x_wconf 78' lang='lat' dir='ltr'><strong>Christus?</strong></span> <span class='ocrx_word' id='word_1_269' title='bbox 784 1924 881 1951; x_wconf 86' lang='lat' dir='ltr'><strong>Dicunt</strong></span> <span class='ocrx_word' id='word_1_270' title='bbox 891 1931 949 1960; x_wconf 51' lang='lat' dir='ltr'><strong>om:</strong></span> 
     </span>
    </p>
   </div>
   <div class='ocr_carea' id='block_1_76' title="bbox 151 1959 951 1995">
    <p class='ocr_par' dir='ltr' id='par_1_76' title="bbox 151 1959 951 1995">
     <span class='ocr_line' id='line_1_77' title="bbox 151 1959 951 1995; baseline -0.003 -8"><span class='ocrx_word' id='word_1_271' title='bbox 151 1968 198 1988; x_wconf 85' lang='lat' dir='ltr'><strong>nes</strong></span> <span class='ocrx_word' id='word_1_272' title='bbox 211 1969 218 1987; x_wconf 88' lang='lat'>:</span> <span class='ocrx_word' id='word_1_273' title='bbox 230 1959 418 1995; x_wconf 82' lang='lat' dir='ltr'><strong>Cruciligatur.</strong></span> <span class='ocrx_word' id='word_1_274' title='bbox 439 1960 485 1987; x_wconf 81' lang='lat' dir='ltr'><strong>Ait</strong></span> <span class='ocrx_word' id='word_1_275' title='bbox 502 1960 555 1987; x_wconf 80' lang='lat' dir='ltr'><strong>illis</strong></span> <span class='ocrx_word' id='word_1_276' title='bbox 576 1964 704 1994; x_wconf 84' lang='lat' dir='ltr'><strong>praeses:</strong></span> <span class='ocrx_word' id='word_1_277' title='bbox 720 1959 787 1993; x_wconf 83' lang='lat' dir='ltr'><strong>Quid</strong></span> <span class='ocrx_word' id='word_1_278' title='bbox 803 1960 873 1986; x_wconf 90' lang='lat' dir='ltr'><strong>enim</strong></span> <span class='ocrx_word' id='word_1_279' title='bbox 889 1959 951 1986; x_wconf 81' lang='lat' dir='ltr'><strong>mall</strong></span> 
     </span>
    </p>
   </div>
   <div class='ocr_carea' id='block_1_77' title="bbox 150 1995 950 2035">
    <p class='ocr_par' dir='ltr' id='par_1_77' title="bbox 150 1995 950 2035">
     <span class='ocr_line' id='line_1_78' title="bbox 150 1995 950 2035; baseline -0.003 -13"><span class='ocrx_word' id='word_1_280' title='bbox 150 1996 232 2035; x_wconf 59' lang='lat' dir='ltr'><strong>fecit?</strong></span> <span class='ocrx_word' id='word_1_281' title='bbox 248 1995 284 2023; x_wconf 80' lang='lat' dir='ltr'><strong>At</strong></span> <span class='ocrx_word' id='word_1_282' title='bbox 292 1996 329 2023; x_wconf 92' lang='lat' dir='ltr'><strong>illi</strong></span> <span class='ocrx_word' id='word_1_283' title='bbox 344 1997 429 2035; x_wconf 65' lang='lat' dir='ltr'><strong>magis</strong></span> <span class='ocrx_word' id='word_1_284' title='bbox 440 1995 724 2035; x_wconf 59' lang='lat' dir='ltr'><strong>clamabantdicentes</strong></span> <span class='ocrx_word' id='word_1_285' title='bbox 738 2003 745 2022; x_wconf 73' lang='grc' dir='ltr'>ε</span> <span class='ocrx_word' id='word_1_286' title='bbox 761 1995 950 2035; x_wconf 66' lang='lat' dir='ltr'><strong>Cruciligatur.</strong></span> 
     </span>
    </p>
   </div>
   <div class='ocr_carea' id='block_1_78' title="bbox 150 2030 952 2066">
    <p class='ocr_par' dir='ltr' id='par_1_78' title="bbox 150 2030 952 2066">
     <span class='ocr_line' id='line_1_79' title="bbox 150 2030 952 2066; baseline -0.001 -8"><span class='ocrx_word' id='word_1_287' title='bbox 150 2031 252 2059; x_wconf 80' lang='lat' dir='ltr'><strong>Videris</strong></span> <span class='ocrx_word' id='word_1_288' title='bbox 268 2037 357 2060; x_wconf 84' lang='lat' dir='ltr'><strong>autem</strong></span> <span class='ocrx_word' id='word_1_289' title='bbox 372 2031 473 2059; x_wconf 79' lang='lat' dir='ltr'><strong>Pilatus</strong></span> <span class='ocrx_word' id='word_1_290' title='bbox 484 2032 546 2066; x_wconf 86' lang='lat' dir='ltr'><strong>quia</strong></span> <span class='ocrx_word' id='word_1_291' title='bbox 561 2031 627 2058; x_wconf 84' lang='lat' dir='ltr'><strong>nihil</strong></span> <span class='ocrx_word' id='word_1_292' title='bbox 642 2030 791 2065; x_wconf 80' lang='lat' dir='ltr'><strong>proﬁceret,</strong></span> <span class='ocrx_word' id='word_1_293' title='bbox 806 2030 854 2057; x_wconf 86' lang='lat' dir='ltr'><strong>sed</strong></span> <span class='ocrx_word' id='word_1_294' title='bbox 868 2030 952 2065; x_wconf 84' lang='lat' dir='ltr'><strong>magis</strong></span> 
     </span>
    </p>
   </div>
   <div class='ocr_carea' id='block_1_79' title="bbox 151 2066 949 2101">
    <p class='ocr_par' dir='ltr' id='par_1_79' title="bbox 151 2066 949 2101">
     <span class='ocr_line' id='line_1_80' title="bbox 151 2066 949 2101; baseline -0.005 -6"><span class='ocrx_word' id='word_1_295' title='bbox 151 2068 283 2095; x_wconf 81' lang='lat' dir='ltr'><strong>tumultus</strong></span> <span class='ocrx_word' id='word_1_296' title='bbox 299 2067 398 2095; x_wconf 78' lang='lat' dir='ltr'><strong>fieret:</strong></span> <span class='ocrx_word' id='word_1_297' title='bbox 423 2072 533 2101; x_wconf 74' lang='lat' dir='ltr'><strong>accepta</strong></span> <span class='ocrx_word' id='word_1_298' title='bbox 552 2075 637 2101; x_wconf 87' lang='lat' dir='ltr'><strong>aqua,</strong></span> <span class='ocrx_word' id='word_1_299' title='bbox 661 2066 727 2093; x_wconf 85' lang='lat' dir='ltr'><strong>lavit</strong></span> <span class='ocrx_word' id='word_1_300' title='bbox 747 2074 843 2093; x_wconf 86' lang='lat' dir='ltr'><strong>manus</strong></span> <span class='ocrx_word' id='word_1_301' title='bbox 857 2072 949 2093; x_wconf 84' lang='lat' dir='ltr'><strong>coram</strong></span> 
     </span>
    </p>
   </div>
   <div class='ocr_carea' id='block_1_80' title="bbox 152 2101 951 2138">
    <p class='ocr_par' dir='ltr' id='par_1_80' title="bbox 152 2101 951 2138">
     <span class='ocr_line' id='line_1_81' title="bbox 152 2101 951 2138; baseline 0 -10"><span class='ocrx_word' id='word_1_302' title='bbox 152 2104 263 2138; x_wconf 84' lang='lat' dir='ltr'><strong>populo,</strong></span> <span class='ocrx_word' id='word_1_303' title='bbox 279 2102 396 2130; x_wconf 86' lang='lat' dir='ltr'><strong>dicens:</strong></span> <span class='ocrx_word' id='word_1_304' title='bbox 415 2103 546 2130; x_wconf 89' lang='lat' dir='ltr'><strong>lnnocens</strong></span> <span class='ocrx_word' id='word_1_305' title='bbox 566 2110 616 2137; x_wconf 88' lang='lat' dir='ltr'><strong>ego</strong></span> <span class='ocrx_word' id='word_1_306' title='bbox 642 2109 702 2138; x_wconf 87' lang='lat' dir='ltr'><strong>sum</strong></span> <span class='ocrx_word' id='word_1_307' title='bbox 723 2109 736 2128; x_wconf 92' lang='lat' dir='ltr'><strong>a</strong></span> <span class='ocrx_word' id='word_1_308' title='bbox 757 2101 888 2136; x_wconf 83' lang='lat' dir='ltr'><strong>sanguine</strong></span> <span class='ocrx_word' id='word_1_309' title='bbox 907 2101 951 2136; x_wconf 88' lang='lat' dir='ltr'><strong>ju-</strong></span> 
     </span>
    </p>
   </div>
   <div class='ocr_carea' id='block_1_81' title="bbox 151 2137 952 2174">
    <p class='ocr_par' dir='ltr' id='par_1_81' title="bbox 151 2137 952 2174">
     <span class='ocr_line' id='line_1_82' title="bbox 151 2137 952 2174; baseline -0.002 -9"><span class='ocrx_word' id='word_1_310' title='bbox 151 2137 184 2166; x_wconf 68' lang='lat' dir='ltr'><strong>Sti</strong></span> <span class='ocrx_word' id='word_1_311' title='bbox 192 2139 288 2174; x_wconf 86' lang='lat' dir='ltr'><strong>hujus:</strong></span> <span class='ocrx_word' id='word_1_312' title='bbox 299 2146 346 2166; x_wconf 90' lang='lat' dir='ltr'><strong>vos</strong></span> <span class='ocrx_word' id='word_1_313' title='bbox 353 2139 484 2166; x_wconf 86' lang='lat' dir='ltr'><strong>videritis.</strong></span> <span class='ocrx_word' id='word_1_314' title='bbox 494 2138 526 2165; x_wconf 83' lang='lat' dir='ltr'><strong>Et</strong></span> <span class='ocrx_word' id='word_1_315' title='bbox 536 2137 703 2173; x_wconf 84' lang='lat' dir='ltr'><strong>respondens</strong></span> <span class='ocrx_word' id='word_1_316' title='bbox 713 2138 857 2174; x_wconf 80' lang='lat' dir='ltr'><strong>universus</strong></span> <span class='ocrx_word' id='word_1_317' title='bbox 865 2143 952 2171; x_wconf 91' lang='lat' dir='ltr'><strong>popu-</strong></span> 
     </span>
    </p>
   </div>
   <div class='ocr_carea' id='block_1_82' title="bbox 151 2172 954 2209">
    <p class='ocr_par' dir='ltr' id='par_1_82' title="bbox 151 2172 954 2209">
     <span class='ocr_line' id='line_1_83' title="bbox 151 2172 954 2209; baseline -0.004 -8"><span class='ocrx_word' id='word_1_318' title='bbox 151 2174 204 2208; x_wconf 86' lang='lat' dir='ltr'><strong>lus,</strong></span> <span class='ocrx_word' id='word_1_319' title='bbox 216 2172 300 2202; x_wconf 85' lang='lat' dir='ltr'><strong>dixit:</strong></span> <span class='ocrx_word' id='word_1_320' title='bbox 313 2174 427 2208; x_wconf 84' lang='lat' dir='ltr'><strong>Sanguis</strong></span> <span class='ocrx_word' id='word_1_321' title='bbox 438 2174 497 2208; x_wconf 83' lang='lat' dir='ltr'><strong>ejus</strong></span> <span class='ocrx_word' id='word_1_322' title='bbox 510 2172 663 2209; x_wconf 78' lang='lat' dir='ltr'><strong>supernos,</strong></span> <span class='ocrx_word' id='word_1_323' title='bbox 678 2177 705 2200; x_wconf 89' lang='lat' dir='ltr'><strong>et</strong></span> <span class='ocrx_word' id='word_1_324' title='bbox 716 2180 796 2207; x_wconf 87' lang='lat' dir='ltr'><strong>super</strong></span> <span class='ocrx_word' id='word_1_325' title='bbox 807 2172 878 2199; x_wconf 85' lang='lat' dir='ltr'><strong>ﬁlios</strong></span> <span class='ocrx_word' id='word_1_326' title='bbox 891 2180 954 2209; x_wconf 77' lang='lat' dir='ltr'><strong>nos—</strong></span> 
     </span>
    </p>
   </div>
   <div class='ocr_carea' id='block_1_83' title="bbox 152 2208 953 2249">
    <p class='ocr_par' dir='ltr' id='par_1_83' title="bbox 152 2208 953 2249">
     <span class='ocr_line' id='line_1_84' title="bbox 152 2208 953 2249; baseline -0.004 -12"><span class='ocrx_word' id='word_1_327' title='bbox 152 2216 219 2237; x_wconf 90' lang='lat' dir='ltr'><strong>tros.</strong></span> <span class='ocrx_word' id='word_1_328' title='bbox 233 2209 311 2238; x_wconf 88' lang='lat' dir='ltr'><strong>Tunc</strong></span> <span class='ocrx_word' id='word_1_329' title='bbox 323 2210 426 2249; x_wconf 84' lang='lat' dir='ltr'><strong>di_t_n_i_sit</strong></span> <span class='ocrx_word' id='word_1_330' title='bbox 440 2210 493 2249; x_wconf 81' lang='lat' dir='ltr'><strong>illis</strong></span> <span class='ocrx_word' id='word_1_331' title='bbox 509 2208 658 2249; x_wconf 69' lang='lat' dir='ltr'><strong>Barabbam</strong></span> <span class='ocrx_word' id='word_1_332' title='bbox 672 2217 678 2235; x_wconf 89' lang='lat'><strong>:</strong></span> <span class='ocrx_word' id='word_1_333' title='bbox 694 2208 786 2249; x_wconf 63' lang='lat' dir='ltr'><strong>.Iesuili</strong></span> <span class='ocrx_word' id='word_1_334' title='bbox 802 2208 953 2249; x_wconf 50' lang='lat' dir='ltr'><strong>amentiis-</strong></span> 
     </span>
    </p>
   </div>
   <div class='ocr_carea' id='block_1_84' title="bbox 150 2244 953 2281">
    <p class='ocr_par' dir='ltr' id='par_1_84' title="bbox 150 2244 953 2281">
     <span class='ocr_line' id='line_1_85' title="bbox 150 2244 953 2281; baseline -0.004 -8"><span class='ocrx_word' id='word_1_335' title='bbox 150 2247 279 2281; x_wconf 83' lang='lat' dir='ltr'><strong>gellalum</strong></span> <span class='ocrx_word' id='word_1_336' title='bbox 297 2246 409 2273; x_wconf 78' lang='lat' dir='ltr'><strong>tradidit</strong></span> <span class='ocrx_word' id='word_1_337' title='bbox 428 2247 466 2273; x_wconf 86' lang='lat' dir='ltr'><strong>eis</strong></span> <span class='ocrx_word' id='word_1_338' title='bbox 484 2251 511 2273; x_wconf 91' lang='lat' dir='ltr'><strong>ut</strong></span> <span class='ocrx_word' id='word_1_339' title='bbox 532 2244 747 2279; x_wconf 76' lang='lat' dir='ltr'><strong>cruciﬁgeretur.</strong></span> <span class='ocrx_word' id='word_1_340' title='bbox 763 2244 838 2271; x_wconf 90' lang='lat' dir='ltr'><strong>Tunc</strong></span> <span class='ocrx_word' id='word_1_341' title='bbox 854 2244 953 2270; x_wconf 78' lang='lat' dir='ltr'><strong>milites</strong></span> 
     </span>
    </p>
   </div>
   <div class='ocr_carea' id='block_1_85' title="bbox 152 2280 954 2317">
    <p class='ocr_par' dir='ltr' id='par_1_85' title="bbox 152 2280 954 2317">
     <span class='ocr_line' id='line_1_86' title="bbox 152 2280 954 2317; baseline -0.006 -9"><span class='ocrx_word' id='word_1_342' title='bbox 152 2280 285 2317; x_wconf 73' lang='lat' dir='ltr'><strong>praesidis</strong></span> <span class='ocrx_word' id='word_1_343' title='bbox 300 2282 480 2316; x_wconf 84' lang='lat' dir='ltr'><strong>suscipientes</strong></span> <span class='ocrx_word' id='word_1_344' title='bbox 493 2281 584 2308; x_wconf 88' lang='lat' dir='ltr'><strong>Jesunt</strong></span> <span class='ocrx_word' id='word_1_345' title='bbox 597 2282 625 2317; x_wconf 87' lang='lat' dir='ltr'><strong>in</strong></span> <span class='ocrx_word' id='word_1_346' title='bbox 644 2280 790 2315; x_wconf 85' lang='lat' dir='ltr'><strong>praetorio,</strong></span> <span class='ocrx_word' id='word_1_347' title='bbox 806 2287 954 2314; x_wconf 67' lang='lat' dir='ltr'><strong>congrega-</strong></span> 
     </span>
    </p>
   </div>
   <div class='ocr_carea' id='block_1_86' title="bbox 151 2316 954 2344">
    <p class='ocr_par' dir='ltr' id='par_1_86' title="bbox 151 2316 954 2344">
     <span class='ocr_line' id='line_1_87' title="bbox 151 2316 954 2344; baseline -0.004 0"><span class='ocrx_word' id='word_1_348' title='bbox 151 2322 250 2344; x_wconf 82' lang='lat' dir='ltr'><strong>veruut</strong></span> <span class='ocrx_word' id='word_1_349' title='bbox 272 2317 305 2343; x_wconf 85' lang='lat' dir='ltr'><strong>ad</strong></span> <span class='ocrx_word' id='word_1_350' title='bbox 328 2324 390 2344; x_wconf 91' lang='lat' dir='ltr'><strong>eum</strong></span> <span class='ocrx_word' id='word_1_351' title='bbox 412 2318 565 2344; x_wconf 84' lang='lat' dir='ltr'><strong>universam</strong></span> <span class='ocrx_word' id='word_1_352' title='bbox 584 2316 725 2343; x_wconf 84' lang='lat' dir='ltr'><strong>cohortem</strong></span> <span class='ocrx_word' id='word_1_353' title='bbox 748 2319 798 2342; x_wconf 84' lang='lat' dir='ltr'><strong>:et</strong></span> <span class='ocrx_word' id='word_1_354' title='bbox 821 2320 954 2342; x_wconf 86' lang='lat' dir='ltr'><strong>exuentes</strong></span> 
     </span>
    </p>
   </div>
   <div class='ocr_carea' id='block_1_87' title="bbox 150 2351 954 2388">
    <p class='ocr_par' dir='ltr' id='par_1_87' title="bbox 150 2351 954 2388">
     <span class='ocr_line' id='line_1_88' title="bbox 150 2351 954 2388; baseline -0.005 -8"><span class='ocrx_word' id='word_1_355' title='bbox 150 2360 233 2385; x_wconf 86' lang='lat' dir='ltr'><strong>eum,</strong></span> <span class='ocrx_word' id='word_1_356' title='bbox 249 2352 420 2388; x_wconf 85' lang='lat' dir='ltr'><strong>chlamydem</strong></span> <span class='ocrx_word' id='word_1_357' title='bbox 443 2353 597 2388; x_wconf 87' lang='lat' dir='ltr'><strong>coccineani</strong></span> <span class='ocrx_word' id='word_1_358' title='bbox 613 2351 851 2379; x_wconf 87' lang='lat' dir='ltr'><strong>circumdederunt</strong></span> <span class='ocrx_word' id='word_1_359' title='bbox 865 2351 906 2383; x_wconf 85' lang='lat' dir='ltr'><strong>ei;</strong></span> <span class='ocrx_word' id='word_1_360' title='bbox 927 2354 954 2378; x_wconf 91' lang='lat' dir='ltr'><strong>et</strong></span> 
     </span>
    </p>
   </div>
   <div class='ocr_carea' id='block_1_88' title="bbox 152 2387 955 2423">
    <p class='ocr_par' dir='ltr' id='par_1_88' title="bbox 152 2387 955 2423">
     <span class='ocr_line' id='line_1_89' title="bbox 152 2387 955 2423; baseline -0.005 -7"><span class='ocrx_word' id='word_1_361' title='bbox 152 2389 304 2423; x_wconf 82' lang='lat' dir='ltr'><strong>plectentes</strong></span> <span class='ocrx_word' id='word_1_362' title='bbox 317 2387 447 2416; x_wconf 74' lang='lat' dir='ltr'><strong>cdronam</strong></span> <span class='ocrx_word' id='word_1_363' title='bbox 461 2388 495 2415; x_wconf 88' lang='lat' dir='ltr'><strong>de</strong></span> <span class='ocrx_word' id='word_1_364' title='bbox 510 2387 606 2422; x_wconf 79' lang='lat' dir='ltr'><strong>spinis,</strong></span> <span class='ocrx_word' id='word_1_365' title='bbox 621 2392 767 2422; x_wconf 65' lang='lat' dir='ltr'><strong>pas-uerunt</strong></span> <span class='ocrx_word' id='word_1_366' title='bbox 781 2394 864 2421; x_wconf 88' lang='lat' dir='ltr'><strong>super</strong></span> <span class='ocrx_word' id='word_1_367' title='bbox 874 2390 955 2423; x_wconf 74' lang='lat' dir='ltr'><strong>caput</strong></span> 
     </span>
    </p>
   </div>
   <div class='ocr_carea' id='block_1_89' title="bbox 151 2421 954 2459">
    <p class='ocr_par' dir='ltr' id='par_1_89' title="bbox 151 2421 954 2459">
     <span class='ocr_line' id='line_1_90' title="bbox 151 2421 954 2459; baseline -0.004 -8"><span class='ocrx_word' id='word_1_368' title='bbox 151 2421 228 2459; x_wconf 77' lang='lat' dir='ltr'><strong>ejus,</strong></span> <span class='ocrx_word' id='word_1_369' title='bbox 248 2429 276 2452; x_wconf 90' lang='lat' dir='ltr'><strong>et</strong></span> <span class='ocrx_word' id='word_1_370' title='bbox 298 2424 457 2451; x_wconf 85' lang='lat' dir='ltr'><strong>arundinem</strong></span> <span class='ocrx_word' id='word_1_371' title='bbox 481 2424 507 2459; x_wconf 85' lang='lat' dir='ltr'><strong>in</strong></span> <span class='ocrx_word' id='word_1_372' title='bbox 526 2421 637 2450; x_wconf 80' lang='lat' dir='ltr'><strong>dextera</strong></span> <span class='ocrx_word' id='word_1_373' title='bbox 650 2423 724 2459; x_wconf 83' lang='lat' dir='ltr'><strong>ejus.</strong></span> <span class='ocrx_word' id='word_1_374' title='bbox 742 2423 867 2459; x_wconf 78' lang='lat' dir='ltr'><strong>Et_geuu</strong></span> <span class='ocrx_word' id='word_1_375' title='bbox 883 2421 954 2448; x_wconf 86' lang='lat' dir='ltr'><strong>ﬂexo</strong></span> 
     </span>
    </p>
   </div>
   <div class='ocr_carea' id='block_1_90' title="bbox 151 2456 951 2490">
    <p class='ocr_par' dir='ltr' id='par_1_90' title="bbox 151 2456 951 2490">
     <span class='ocr_line' id='line_1_91' title="bbox 151 2456 951 2490; baseline -0.004 -4"><span class='ocrx_word' id='word_1_376' title='bbox 151 2456 217 2487; x_wconf 56' lang='lat' dir='ltr'><strong>a&#39;nte</strong></span> <span class='ocrx_word' id='word_1_377' title='bbox 228 2467 289 2486; x_wconf 93' lang='lat' dir='ltr'><strong>eum</strong></span> <span class='ocrx_word' id='word_1_378' title='bbox 307 2459 466 2490; x_wconf 83' lang='lat' dir='ltr'><strong>illudebant,</strong></span> <span class='ocrx_word' id='word_1_379' title='bbox 482 2458 604 2486; x_wconf 89' lang='lat' dir='ltr'><strong>dicentes</strong></span> <span class='ocrx_word' id='word_1_380' title='bbox 620 2467 625 2484; x_wconf 87' lang='lat'><strong>:</strong></span> <span class='ocrx_word' id='word_1_381' title='bbox 642 2456 698 2485; x_wconf 83' lang='lat' dir='ltr'><strong>Ave</strong></span> <span class='ocrx_word' id='word_1_382' title='bbox 714 2466 760 2484; x_wconf 83' lang='lat' dir='ltr'><strong>rex</strong></span> <span class='ocrx_word' id='word_1_383' title='bbox 775 2456 951 2484; x_wconf 82' lang='lat' dir='ltr'><strong>Judaeorum.</strong></span> 
     </span>
    </p>
   </div>
   <div class='ocr_carea' id='block_1_91' title="bbox 154 2492 961 2529">
    <p class='ocr_par' dir='ltr' id='par_1_91' title="bbox 154 2492 961 2529">
     <span class='ocr_line' id='line_1_92' title="bbox 154 2492 961 2529; baseline -0.005 -7"><span class='ocrx_word' id='word_1_384' title='bbox 154 2496 187 2523; x_wconf 85' lang='lat' dir='ltr'><strong>Et</strong></span> <span class='ocrx_word' id='word_1_385' title='bbox 210 2500 373 2529; x_wconf 85' lang='lat' dir='ltr'><strong>exspuentes</strong></span> <span class='ocrx_word' id='word_1_386' title='bbox 396 2494 422 2521; x_wconf 92' lang='lat' dir='ltr'><strong>in</strong></span> <span class='ocrx_word' id='word_1_387' title='bbox 444 2502 523 2527; x_wconf 89' lang='lat' dir='ltr'><strong>eum,</strong></span> <span class='ocrx_word' id='word_1_388' title='bbox 549 2499 712 2529; x_wconf 87' lang='lat' dir='ltr'><strong>acceperunt</strong></span> <span class='ocrx_word' id='word_1_389' title='bbox 732 2493 907 2524; x_wconf 89' lang='lat' dir='ltr'><strong>arundinem,</strong></span> <span class='ocrx_word' id='word_1_390' title='bbox 928 2492 961 2529; x_wconf 66' lang='lat' dir='ltr'><strong>et”</strong></span> 
     </span>
    </p>
   </div>
   <div class='ocr_carea' id='block_1_92' title="bbox 152 2528 953 2568">
    <p class='ocr_par' dir='ltr' id='par_1_92' title="bbox 152 2528 953 2568">
     <span class='ocr_line' id='line_1_93' title="bbox 152 2528 953 2568; baseline -0.002 -11"><span class='ocrx_word' id='word_1_391' title='bbox 152 2528 344 2565; x_wconf 87' lang='lat' dir='ltr'><strong>percutiebant</strong></span> <span class='ocrx_word' id='word_1_392' title='bbox 359 2535 438 2568; x_wconf 82' lang='lat' dir='ltr'><strong>caput</strong></span> <span class='ocrx_word' id='word_1_393' title='bbox 453 2530 522 2568; x_wconf 76' lang='lat' dir='ltr'><strong>ejus.</strong></span> <span class='ocrx_word' id='word_1_394' title='bbox 545 2530 583 2568; x_wconf 18' lang='lat' dir='ltr'><strong>Et»</strong></span> <span class='ocrx_word' id='word_1_395' title='bbox 593 2528 734 2568; x_wconf 72' lang='lat' dir='ltr'><strong>postquam</strong></span> <span class='ocrx_word' id='word_1_396' title='bbox 756 2529 898 2568; x_wconf 77' lang='lat' dir='ltr'><strong>illuserunt</strong></span> <span class='ocrx_word' id='word_1_397' title='bbox 913 2528 953 2559; x_wconf 85' lang='lat' dir='ltr'><strong>ei.</strong></span> 
     </span>
    </p>
   </div>
   <div class='ocr_carea' id='block_1_93' title="bbox 153 2565 955 2601">
    <p class='ocr_par' dir='ltr' id='par_1_93' title="bbox 153 2565 955 2601">
     <span class='ocr_line' id='line_1_94' title="bbox 153 2565 955 2601; baseline -0.004 -8"><span class='ocrx_word' id='word_1_398' title='bbox 153 2571 288 2594; x_wconf 89' lang='lat' dir='ltr'><strong>exuerunt</strong></span> <span class='ocrx_word' id='word_1_399' title='bbox 301 2573 363 2593; x_wconf 92' lang='lat' dir='ltr'><strong>eum</strong></span> <span class='ocrx_word' id='word_1_400' title='bbox 374 2565 526 2601; x_wconf 84' lang='lat' dir='ltr'><strong>chlamyde,</strong></span> <span class='ocrx_word' id='word_1_401' title='bbox 538 2570 565 2592; x_wconf 87' lang='lat' dir='ltr'><strong>et</strong></span> <span class='ocrx_word' id='word_1_402' title='bbox 579 2566 724 2601; x_wconf 81' lang='lat' dir='ltr'><strong>induerunt</strong></span> <span class='ocrx_word' id='word_1_403' title='bbox 737 2572 797 2591; x_wconf 88' lang='lat' dir='ltr'><strong>eum</strong></span> <span class='ocrx_word' id='word_1_404' title='bbox 809 2565 955 2601; x_wconf 72' lang='lat' dir='ltr'><strong>vestimen-</strong></span> 
     </span>
    </p>
   </div>
   <div class='ocr_carea' id='block_1_94' title="bbox 154 2599 956 2640">
    <p class='ocr_par' dir='ltr' id='par_1_94' title="bbox 154 2599 956 2640">
     <span class='ocr_line' id='line_1_95' title="bbox 154 2599 956 2640; baseline -0.002 -12"><span class='ocrx_word' id='word_1_405' title='bbox 154 2602 190 2629; x_wconf 87' lang='lat' dir='ltr'><strong>tis</strong></span> <span class='ocrx_word' id='word_1_406' title='bbox 199 2601 268 2640; x_wconf 64' lang='lat' dir='ltr'><strong>ejus,</strong></span> <span class='ocrx_word' id='word_1_407' title='bbox 283 2605 311 2628; x_wconf 89' lang='lat' dir='ltr'><strong>et</strong></span> <span class='ocrx_word' id='word_1_408' title='bbox 329 2599 472 2640; x_wconf 70' lang='lat' dir='ltr'><strong>duxerunt</strong></span> <span class='ocrx_word' id='word_1_409' title='bbox 481 2609 541 2640; x_wconf 85' lang='lat' dir='ltr'><strong>eum</strong></span> <span class='ocrx_word' id='word_1_410' title='bbox 558 2600 804 2640; x_wconf 40' lang='lat' dir='ltr'><strong>utncruciligerent.</strong></span> <span class='ocrx_word' id='word_1_411' title='bbox 819 2599 956 2640; x_wconf 64' lang='lat' dir='ltr'><strong>Exeuntes</strong></span> 
     </span>
    </p>
   </div>
   <div class='ocr_carea' id='block_1_95' title="bbox 152 2634 956 2671">
    <p class='ocr_par' dir='ltr' id='par_1_95' title="bbox 152 2634 956 2671">
     <span class='ocr_line' id='line_1_96' title="bbox 152 2634 956 2671; baseline -0.001 -8"><span class='ocrx_word' id='word_1_412' title='bbox 152 2634 246 2664; x_wconf 80' lang='lat' dir='ltr'><strong>autem</strong></span> <span class='ocrx_word' id='word_1_413' title='bbox 261 2637 424 2664; x_wconf 84' lang='lat' dir='ltr'><strong>invenerunt</strong></span> <span class='ocrx_word' id='word_1_414' title='bbox 437 2637 575 2665; x_wconf 89' lang='lat' dir='ltr'><strong>hominem</strong></span> <span class='ocrx_word' id='word_1_415' title='bbox 589 2634 756 2671; x_wconf 82' lang='lat' dir='ltr'><strong>Cyrenaeum</strong></span> <span class='ocrx_word' id='word_1_416' title='bbox 766 2655 773 2668; x_wconf 89' lang='grc'>,</span> <span class='ocrx_word' id='word_1_417' title='bbox 789 2635 898 2662; x_wconf 87' lang='lat' dir='ltr'><strong>nomine</strong></span> <span class='ocrx_word' id='word_1_418' title='bbox 914 2634 956 2662; x_wconf 85' lang='lat' dir='ltr'><strong>Si-</strong></span> 
     </span>
    </p>
   </div>
   <div class='ocr_carea' id='block_1_96' title="bbox 154 2671 822 2708">
    <p class='ocr_par' dir='ltr' id='par_1_96' title="bbox 154 2671 822 2708">
     <span class='ocr_line' id='line_1_97' title="bbox 154 2671 822 2708; baseline -0.003 -8"><span class='ocrx_word' id='word_1_419' title='bbox 154 2679 266 2701; x_wconf 84' lang='lat' dir='ltr'><strong>monem</strong></span> <span class='ocrx_word' id='word_1_420' title='bbox 278 2682 285 2699; x_wconf 89' lang='lat'><strong><em>:</em></strong></span> <span class='ocrx_word' id='word_1_421' title='bbox 303 2672 375 2700; x_wconf 84' lang='lat' dir='ltr'><strong>hunc</strong></span> <span class='ocrx_word' id='word_1_422' title='bbox 383 2673 592 2708; x_wconf 77' lang='lat' dir='ltr'><strong>angariaverunt</strong></span> <span class='ocrx_word' id='word_1_423' title='bbox 603 2676 631 2699; x_wconf 92' lang='lat' dir='ltr'><strong>ut</strong></span> <span class='ocrx_word' id='word_1_424' title='bbox 643 2671 750 2699; x_wconf 85' lang='lat' dir='ltr'><strong>tolleret</strong></span> <span class='ocrx_word' id='word_1_425' title='bbox 761 2678 822 2699; x_wconf 92' lang='lat' dir='ltr'><strong>cru-</strong></span> 
     </span>
    </p>
   </div>
   <div class='ocr_carea' id='block_1_97' title="bbox 638 124 1305 159">
    <p class='ocr_par' dir='ltr' id='par_1_97' title="bbox 638 124 1305 159">
     <span class='ocr_line' id='line_1_98' title="bbox 638 124 1305 159; baseline 0.007 -5"><span class='ocrx_word' id='word_1_426' title='bbox 638 124 864 155; x_wconf 74' lang='lat' dir='ltr'><strong>EVANGEUUM</strong></span> <span class='ocrx_word' id='word_1_427' title='bbox 883 124 1068 157; x_wconf 74' lang='lat' dir='ltr'><strong>SECUNDUM</strong></span> <span class='ocrx_word' id='word_1_428' title='bbox 1087 127 1305 159; x_wconf 68' lang='lat' dir='ltr'><strong>NATTHEUM.</strong></span> 
     </span>
    </p>
   </div>
   <div class='ocr_carea' id='block_1_98' title="bbox 1749 136 1801 164">
    <p class='ocr_par' dir='ltr' id='par_1_98' title="bbox 1749 136 1801 164">
     <span class='ocr_line' id='line_1_99' title="bbox 1749 136 1801 164; baseline -0.019 0"><span class='ocrx_word' id='word_1_429' title='bbox 1749 136 1801 164; x_wconf 74' lang='grc'><strong>562</strong></span> 
     </span>
    </p>
   </div>
   <div class='ocr_carea' id='block_1_99' title="bbox 1217 186 1580 218">
    <p class='ocr_par' dir='ltr' id='par_1_99' title="bbox 1217 186 1580 218">
     <span class='ocr_line' id='line_1_100' title="bbox 1217 186 1580 218; baseline 0.011 -4"><span class='ocrx_word' id='word_1_430' title='bbox 1217 186 1333 215; x_wconf 85' lang='lat' dir='ltr'><strong>CODEX</strong></span> <span class='ocrx_word' id='word_1_431' title='bbox 1352 187 1580 218; x_wconf 75' lang='lat' dir='ltr'><strong>VERONENSIS.</strong></span> 
     </span>
    </p>
   </div>
   <div class='ocr_carea' id='block_1_100' title="bbox 1422 236 1678 266">
    <p class='ocr_par' dir='ltr' id='par_1_100' title="bbox 1422 236 1678 266">
     <span class='ocr_line' id='line_1_101' title="bbox 1422 236 1678 266; baseline 0.016 -4"><span class='ocrx_word' id='word_1_432' title='bbox 1422 241 1485 263; x_wconf 88' lang='lat' dir='ltr'><strong>runt</strong></span> <span class='ocrx_word' id='word_1_433' title='bbox 1496 236 1530 263; x_wconf 88' lang='lat' dir='ltr'><strong>ad</strong></span> <span class='ocrx_word' id='word_1_434' title='bbox 1543 243 1605 263; x_wconf 90' lang='lat' dir='ltr'><strong>eum</strong></span> <span class='ocrx_word' id='word_1_435' title='bbox 1618 237 1678 266; x_wconf 89' lang='lat' dir='ltr'><strong>uni-</strong></span> 
     </span>
    </p>
   </div>
   <div class='ocr_carea' id='block_1_101' title="bbox 1422 271 1643 300">
    <p class='ocr_par' dir='ltr' id='par_1_101' title="bbox 1422 271 1643 300">
     <span class='ocr_line' id='line_1_102' title="bbox 1422 271 1643 300; baseline 0.014 -3"><span class='ocrx_word' id='word_1_436' title='bbox 1422 278 1528 298; x_wconf 86' lang='lat' dir='ltr'><strong>versam</strong></span> <span class='ocrx_word' id='word_1_437' title='bbox 1543 271 1643 300; x_wconf 82' lang='lat' dir='ltr'><strong>cohor-</strong></span> 
     </span>
    </p>
   </div>
   <div class='ocr_carea' id='block_1_102' title="bbox 1424 306 1648 342">
    <p class='ocr_par' dir='ltr' id='par_1_102' title="bbox 1424 306 1648 342">
     <span class='ocr_line' id='line_1_103' title="bbox 1424 306 1648 342; baseline 0.013 -9"><span class='ocrx_word' id='word_1_438' title='bbox 1424 311 1478 334; x_wconf 87' lang='lat' dir='ltr'><strong>tem</strong></span> <span class='ocrx_word' id='word_1_439' title='bbox 1493 316 1499 333; x_wconf 88' lang='lat'><strong>:</strong></span> <span class='ocrx_word' id='word_1_440' title='bbox 1515 306 1551 342; x_wconf 83' lang='grc' dir='ltr'><strong>(ε)</strong></span> <span class='ocrx_word' id='word_1_441' title='bbox 1566 312 1593 335; x_wconf 88' lang='lat' dir='ltr'><strong>et</strong></span> <span class='ocrx_word' id='word_1_442' title='bbox 1606 307 1648 336; x_wconf 76' lang='lat' dir='ltr'><strong>il-</strong></span> 
     </span>
    </p>
   </div>
   <div class='ocr_carea' id='block_1_103' title="bbox 1422 341 1744 372">
    <p class='ocr_par' dir='ltr' id='par_1_103' title="bbox 1422 341 1744 372">
     <span class='ocr_line' id='line_1_104' title="bbox 1422 341 1744 372; baseline 0.009 -2"><span class='ocrx_word' id='word_1_443' title='bbox 1422 341 1469 370; x_wconf 72' lang='lat'><strong>28.</strong></span> <span class='ocrx_word' id='word_1_444' title='bbox 1489 341 1605 370; x_wconf 89' lang='lat' dir='ltr'><strong>duerunt</strong></span> <span class='ocrx_word' id='word_1_445' title='bbox 1618 344 1688 372; x_wconf 86' lang='lat' dir='ltr'><strong>tuni-</strong></span> <span class='ocrx_word' id='word_1_446' title='bbox 1738 355 1744 360; x_wconf 63' lang='grc' dir='ltr'>θ</span> 
     </span>
    </p>
   </div>
   <div class='ocr_carea' id='block_1_104' title="bbox 1423 385 1598 413">
    <p class='ocr_par' dir='ltr' id='par_1_104' title="bbox 1423 385 1598 413">
     <span class='ocr_line' id='line_1_105' title="bbox 1423 385 1598 413; baseline 0 -8"><span class='ocrx_word' id='word_1_447' title='bbox 1423 385 1482 405; x_wconf 86' lang='lat' dir='ltr'><strong>cam</strong></span> <span class='ocrx_word' id='word_1_448' title='bbox 1495 385 1598 413; x_wconf 85' lang='lat' dir='ltr'><strong>purpu-</strong></span> 
     </span>
    </p>
   </div>
   <div class='ocr_carea' id='block_1_105' title="bbox 1424 413 1660 448">
    <p class='ocr_par' dir='ltr' id='par_1_105' title="bbox 1424 413 1660 448">
     <span class='ocr_line' id='line_1_106' title="bbox 1424 413 1660 448; baseline 0.008 -8"><span class='ocrx_word' id='word_1_449' title='bbox 1424 420 1498 440; x_wconf 90' lang='lat' dir='ltr'><strong>ream</strong></span> <span class='ocrx_word' id='word_1_450' title='bbox 1512 413 1544 448; x_wconf 81' lang='lat' dir='ltr'><strong>-j-,</strong></span> <span class='ocrx_word' id='word_1_451' title='bbox 1563 418 1590 441; x_wconf 90' lang='lat' dir='ltr'><strong>et</strong></span> <span class='ocrx_word' id='word_1_452' title='bbox 1604 414 1660 443; x_wconf 85' lang='lat' dir='ltr'><strong>cla-</strong></span> 
     </span>
    </p>
   </div>
   <div class='ocr_carea' id='block_1_106' title="bbox 1425 448 1634 489">
    <p class='ocr_par' dir='ltr' id='par_1_106' title="bbox 1425 448 1634 489">
     <span class='ocr_line' id='line_1_107' title="bbox 1425 448 1634 489; baseline 0.014 -14"><span class='ocrx_word' id='word_1_453' title='bbox 1425 448 1536 489; x_wconf 87' lang='lat' dir='ltr'><strong>mydem_</strong></span> <span class='ocrx_word' id='word_1_454' title='bbox 1546 450 1634 478; x_wconf 84' lang='lat' dir='ltr'><strong>cocci—</strong></span> 
     </span>
    </p>
   </div>
   <div class='ocr_carea' id='block_1_107' title="bbox 1425 491 1620 512">
    <p class='ocr_par' dir='ltr' id='par_1_107' title="bbox 1425 491 1620 512">
     <span class='ocr_line' id='line_1_108' title="bbox 1425 491 1620 512; baseline 0.005 -1"><span class='ocrx_word' id='word_1_455' title='bbox 1425 492 1503 511; x_wconf 90' lang='lat' dir='ltr'><strong>neam</strong></span> <span class='ocrx_word' id='word_1_456' title='bbox 1514 491 1620 512; x_wconf 81' lang='lat' dir='ltr'><strong>etrcun-</strong></span> 
     </span>
    </p>
   </div>
   <div class='ocr_carea' id='block_1_108' title="bbox 1425 519 1615 548">
    <p class='ocr_par' dir='ltr' id='par_1_108' title="bbox 1425 519 1615 548">
     <span class='ocr_line' id='line_1_109' title="bbox 1425 519 1615 548; baseline 0.011 -1"><span class='ocrx_word' id='word_1_457' title='bbox 1425 519 1558 547; x_wconf 85' lang='lat' dir='ltr'><strong>dederunt</strong></span> <span class='ocrx_word' id='word_1_458' title='bbox 1569 521 1594 548; x_wconf 88' lang='lat' dir='ltr'><strong>ei</strong></span> <span class='ocrx_word' id='word_1_459' title='bbox 1608 530 1615 548; x_wconf 88' lang='lat'><strong>:</strong></span> 
     </span>
    </p>
   </div>
   <div class='ocr_carea' id='block_1_109' title="bbox 1426 559 1595 583">
    <p class='ocr_par' dir='ltr' id='par_1_109' title="bbox 1426 559 1595 583">
     <span class='ocr_line' id='line_1_110' title="bbox 1426 559 1595 583; baseline 0.006 -1"><span class='ocrx_word' id='word_1_460' title='bbox 1426 559 1454 582; x_wconf 87' lang='lat' dir='ltr'><strong>et</strong></span> <span class='ocrx_word' id='word_1_461' title='bbox 1468 562 1595 583; x_wconf 77' lang='lat' dir='ltr'><strong>coronam</strong></span> 
     </span>
    </p>
   </div>
   <div class='ocr_carea' id='block_1_110' title="bbox 1424 590 1685 629">
    <p class='ocr_par' dir='ltr' id='par_1_110' title="bbox 1424 590 1685 629">
     <span class='ocr_line' id='line_1_111' title="bbox 1424 590 1685 629; baseline 0.023 -12"><span class='ocrx_word' id='word_1_462' title='bbox 1424 590 1470 617; x_wconf 86' lang='lat'><strong>29.</strong></span> <span class='ocrx_word' id='word_1_463' title='bbox 1491 590 1525 618; x_wconf 90' lang='lat' dir='ltr'><strong>de</strong></span> <span class='ocrx_word' id='word_1_464' title='bbox 1539 592 1623 627; x_wconf 82' lang='lat' dir='ltr'><strong>spinis</strong></span> <span class='ocrx_word' id='word_1_465' title='bbox 1636 600 1685 629; x_wconf 81' lang='lat' dir='ltr'><strong>p0—</strong></span> 
     </span>
    </p>
   </div>
   <div class='ocr_carea' id='block_1_111' title="bbox 1425 632 1626 662">
    <p class='ocr_par' dir='ltr' id='par_1_111' title="bbox 1425 632 1626 662">
     <span class='ocr_line' id='line_1_112' title="bbox 1425 632 1626 662; baseline 0 -9"><span class='ocrx_word' id='word_1_466' title='bbox 1425 632 1537 653; x_wconf 89' lang='lat' dir='ltr'><strong>suerunt</strong></span> <span class='ocrx_word' id='word_1_467' title='bbox 1544 633 1574 653; x_wconf 89' lang='lat' dir='ltr'><strong>su</strong></span> <span class='ocrx_word' id='word_1_468' title='bbox 1578 635 1626 662; x_wconf 80' lang='lat' dir='ltr'><strong>per</strong></span> 
     </span>
    </p>
   </div>
   <div class='ocr_carea' id='block_1_112' title="bbox 1424 661 1584 696">
    <p class='ocr_par' dir='ltr' id='par_1_112' title="bbox 1424 661 1584 696">
     <span class='ocr_line' id='line_1_113' title="bbox 1424 661 1584 696; baseline 0 -8"><span class='ocrx_word' id='word_1_469' title='bbox 1424 666 1504 696; x_wconf 87' lang='lat' dir='ltr'><strong>caput</strong></span> <span class='ocrx_word' id='word_1_470' title='bbox 1515 661 1584 696; x_wconf 71' lang='lat' dir='ltr'><strong>ejus,</strong></span> 
     </span>
    </p>
   </div>
   <div class='ocr_carea' id='block_1_113' title="bbox 1424 697 1627 727">
    <p class='ocr_par' dir='ltr' id='par_1_113' title="bbox 1424 697 1627 727">
     <span class='ocr_line' id='line_1_114' title="bbox 1424 697 1627 727; baseline 0.015 -3"><span class='ocrx_word' id='word_1_471' title='bbox 1424 702 1452 724; x_wconf 91' lang='lat' dir='ltr'><strong>et</strong></span> <span class='ocrx_word' id='word_1_472' title='bbox 1466 697 1627 727; x_wconf 86' lang='lat' dir='ltr'><strong>arundinem</strong></span> 
     </span>
    </p>
   </div>
   <div class='ocr_carea' id='block_1_114' title="bbox 1424 732 1600 761">
    <p class='ocr_par' dir='ltr' id='par_1_114' title="bbox 1424 732 1600 761">
     <span class='ocr_line' id='line_1_115' title="bbox 1424 732 1600 761; baseline 0.006 -2"><span class='ocrx_word' id='word_1_473' title='bbox 1424 732 1451 759; x_wconf 90' lang='lat' dir='ltr'><strong>in</strong></span> <span class='ocrx_word' id='word_1_474' title='bbox 1462 732 1600 761; x_wconf 80' lang='lat' dir='ltr'><strong>dexteram</strong></span> 
     </span>
    </p>
   </div>
   <div class='ocr_carea' id='block_1_115' title="bbox 1423 767 1632 804">
    <p class='ocr_par' dir='ltr' id='par_1_115' title="bbox 1423 767 1632 804">
     <span class='ocr_line' id='line_1_116' title="bbox 1423 767 1632 804; baseline 0.01 -9"><span class='ocrx_word' id='word_1_475' title='bbox 1423 768 1495 803; x_wconf 86' lang='lat' dir='ltr'><strong>ejus.</strong></span> <span class='ocrx_word' id='word_1_476' title='bbox 1511 767 1546 795; x_wconf 86' lang='lat' dir='ltr'><strong>Et</strong></span> <span class='ocrx_word' id='word_1_477' title='bbox 1557 769 1632 804; x_wconf 70' lang='lat' dir='ltr'><strong>adge</strong></span> 
     </span>
    </p>
   </div>
   <div class='ocr_carea' id='block_1_116' title="bbox 1424 803 1617 833">
    <p class='ocr_par' dir='ltr' id='par_1_116' title="bbox 1424 803 1617 833">
     <span class='ocr_line' id='line_1_117' title="bbox 1424 803 1617 833; baseline 0.016 -3"><span class='ocrx_word' id='word_1_478' title='bbox 1424 803 1574 832; x_wconf 89' lang='lat' dir='ltr'><strong>niculantes</strong></span> <span class='ocrx_word' id='word_1_479' title='bbox 1587 803 1617 833; x_wconf 76' lang='lat' dir='ltr'><strong>se</strong></span> 
     </span>
    </p>
   </div>
   <div class='ocr_carea' id='block_1_117' title="bbox 1422 841 1622 868">
    <p class='ocr_par' dir='ltr' id='par_1_117' title="bbox 1422 841 1622 868">
     <span class='ocr_line' id='line_1_118' title="bbox 1422 841 1622 868; baseline 0.01 -2"><span class='ocrx_word' id='word_1_480' title='bbox 1422 843 1485 866; x_wconf 90' lang='lat' dir='ltr'><strong>ante</strong></span> <span class='ocrx_word' id='word_1_481' title='bbox 1499 846 1561 866; x_wconf 90' lang='lat' dir='ltr'><strong>eum</strong></span> <span class='ocrx_word' id='word_1_482' title='bbox 1576 841 1622 868; x_wconf 91' lang='lat' dir='ltr'><strong>de-</strong></span> 
     </span>
    </p>
   </div>
   <div class='ocr_carea' id='block_1_118' title="bbox 1422 874 1669 909">
    <p class='ocr_par' dir='ltr' id='par_1_118' title="bbox 1422 874 1669 909">
     <span class='ocr_line' id='line_1_119' title="bbox 1422 874 1669 909; baseline 0.012 -7"><span class='ocrx_word' id='word_1_483' title='bbox 1422 874 1560 909; x_wconf 90' lang='lat' dir='ltr'><strong>ludebant,</strong></span> <span class='ocrx_word' id='word_1_484' title='bbox 1573 875 1669 904; x_wconf 87' lang='lat' dir='ltr'><strong>dicen-</strong></span> 
     </span>
    </p>
   </div>
   <div class='ocr_carea' id='block_1_119' title="bbox 1421 909 1634 939">
    <p class='ocr_par' dir='ltr' id='par_1_119' title="bbox 1421 909 1634 939">
     <span class='ocr_line' id='line_1_120' title="bbox 1421 909 1634 939; baseline 0.014 -3"><span class='ocrx_word' id='word_1_485' title='bbox 1421 913 1463 937; x_wconf 86' lang='lat' dir='ltr'><strong>tes</strong></span> <span class='ocrx_word' id='word_1_486' title='bbox 1477 918 1483 936; x_wconf 91' lang='lat'>:</span> <span class='ocrx_word' id='word_1_487' title='bbox 1499 909 1573 938; x_wconf 83' lang='lat' dir='ltr'><strong>Habe</strong></span> <span class='ocrx_word' id='word_1_488' title='bbox 1587 918 1634 939; x_wconf 92' lang='lat' dir='ltr'><strong>rex</strong></span> 
     </span>
    </p>
   </div>
   <div class='ocr_carea' id='block_1_120' title="bbox 1423 944 1599 974">
    <p class='ocr_par' dir='ltr' id='par_1_120' title="bbox 1423 944 1599 974">
     <span class='ocr_line' id='line_1_121' title="bbox 1423 944 1599 974; baseline 0.017 -3"><span class='ocrx_word' id='word_1_489' title='bbox 1423 944 1599 974; x_wconf 70' lang='lat' dir='ltr'><strong>Iudaeorum.</strong></span> 
     </span>
    </p>
   </div>
   <div class='ocr_carea' id='block_1_121' title="bbox 1424 981 1686 1017">
    <p class='ocr_par' dir='ltr' id='par_1_121' title="bbox 1424 981 1686 1017">
     <span class='ocr_line' id='line_1_122' title="bbox 1424 981 1686 1017; baseline 0.015 -10"><span class='ocrx_word' id='word_1_490' title='bbox 1424 982 1476 1017; x_wconf 19' lang='lat'><strong>50.7</strong></span> <span class='ocrx_word' id='word_1_491' title='bbox 1492 981 1525 1007; x_wconf 85' lang='lat' dir='ltr'><strong>Et</strong></span> <span class='ocrx_word' id='word_1_492' title='bbox 1538 988 1686 1017; x_wconf 81' lang='lat' dir='ltr'><strong>expuentes</strong></span> 
     </span>
    </p>
   </div>
   <div class='ocr_carea' id='block_1_122' title="bbox 1426 1016 1645 1053">
    <p class='ocr_par' dir='ltr' id='par_1_122' title="bbox 1426 1016 1645 1053">
     <span class='ocr_line' id='line_1_123' title="bbox 1426 1016 1645 1053; baseline 0.018 -11"><span class='ocrx_word' id='word_1_493' title='bbox 1426 1017 1451 1042; x_wconf 90' lang='lat' dir='ltr'><strong>in</strong></span> <span class='ocrx_word' id='word_1_494' title='bbox 1467 1016 1562 1043; x_wconf 82' lang='lat' dir='ltr'><strong>faciem</strong></span> <span class='ocrx_word' id='word_1_495' title='bbox 1576 1019 1645 1053; x_wconf 88' lang='lat' dir='ltr'><strong>ejus.</strong></span> 
     </span>
    </p>
   </div>
   <div class='ocr_carea' id='block_1_123' title="bbox 1423 1058 1590 1085">
    <p class='ocr_par' dir='ltr' id='par_1_123' title="bbox 1423 1058 1590 1085">
     <span class='ocr_line' id='line_1_124' title="bbox 1423 1058 1590 1085; baseline 0.006 -7"><span class='ocrx_word' id='word_1_496' title='bbox 1423 1058 1590 1085; x_wconf 79' lang='lat' dir='ltr'><strong>acceperunt</strong></span> 
     </span>
    </p>
   </div>
   <div class='ocr_carea' id='block_1_124' title="bbox 1423 1088 1595 1120">
    <p class='ocr_par' dir='ltr' id='par_1_124' title="bbox 1423 1088 1595 1120">
     <span class='ocr_line' id='line_1_125' title="bbox 1423 1088 1595 1120; baseline 0.006 -7"><span class='ocrx_word' id='word_1_497' title='bbox 1423 1088 1595 1120; x_wconf 78' lang='lat' dir='ltr'><strong>arundinem,</strong></span> 
     </span>
    </p>
   </div>
   <div class='ocr_carea' id='block_1_125' title="bbox 1423 1124 1647 1157">
    <p class='ocr_par' dir='ltr' id='par_1_125' title="bbox 1423 1124 1647 1157">
     <span class='ocr_line' id='line_1_126' title="bbox 1423 1124 1647 1157; baseline 0.009 -7"><span class='ocrx_word' id='word_1_498' title='bbox 1423 1127 1449 1150; x_wconf 88' lang='lat' dir='ltr'><strong>et</strong></span> <span class='ocrx_word' id='word_1_499' title='bbox 1463 1124 1647 1157; x_wconf 83' lang='lat' dir='ltr'><strong>percutiebaut</strong></span> 
     </span>
    </p>
   </div>
   <div class='ocr_carea' id='block_1_126' title="bbox 1424 1159 1586 1193">
    <p class='ocr_par' dir='ltr' id='par_1_126' title="bbox 1424 1159 1586 1193">
     <span class='ocr_line' id='line_1_127' title="bbox 1424 1159 1586 1193; baseline 0.006 -8"><span class='ocrx_word' id='word_1_500' title='bbox 1424 1163 1504 1192; x_wconf 80' lang='lat' dir='ltr'><strong>caput</strong></span> <span class='ocrx_word' id='word_1_501' title='bbox 1518 1159 1586 1193; x_wconf 87' lang='lat' dir='ltr'><strong>ejus.</strong></span> 
     </span>
    </p>
   </div>
   <div class='ocr_carea' id='block_1_127' title="bbox 1424 1194 1677 1230">
    <p class='ocr_par' dir='ltr' id='par_1_127' title="bbox 1424 1194 1677 1230">
     <span class='ocr_line' id='line_1_128' title="bbox 1424 1194 1677 1230; baseline 0.012 -11"><span class='ocrx_word' id='word_1_502' title='bbox 1424 1194 1468 1230; x_wconf 48' lang='lat' dir='ltr'><strong>ﬁl.</strong></span> <span class='ocrx_word' id='word_1_503' title='bbox 1490 1194 1523 1220; x_wconf 81' lang='lat' dir='ltr'><strong>Et</strong></span> <span class='ocrx_word' id='word_1_504' title='bbox 1537 1199 1677 1230; x_wconf 86' lang='lat' dir='ltr'><strong>postquam</strong></span> 
     </span>
    </p>
   </div>
   <div class='ocr_carea' id='block_1_128' title="bbox 1422 1228 1651 1263">
    <p class='ocr_par' dir='ltr' id='par_1_128' title="bbox 1422 1228 1651 1263">
     <span class='ocr_line' id='line_1_129' title="bbox 1422 1228 1651 1263; baseline 0.009 -8"><span class='ocrx_word' id='word_1_505' title='bbox 1422 1228 1567 1255; x_wconf 91' lang='lat' dir='ltr'><strong>illuserunt</strong></span> <span class='ocrx_word' id='word_1_506' title='bbox 1577 1228 1651 1263; x_wconf 80' lang='lat' dir='ltr'><strong>eum,</strong></span> 
     </span>
    </p>
   </div>
   <div class='ocr_carea' id='block_1_129' title="bbox 1420 1268 1625 1292">
    <p class='ocr_par' dir='ltr' id='par_1_129' title="bbox 1420 1268 1625 1292">
     <span class='ocr_line' id='line_1_130' title="bbox 1420 1268 1625 1292; baseline 0.01 -1"><span class='ocrx_word' id='word_1_507' title='bbox 1420 1268 1551 1291; x_wconf 85' lang='lat' dir='ltr'><strong>exuerunt</strong></span> <span class='ocrx_word' id='word_1_508' title='bbox 1563 1271 1625 1292; x_wconf 88' lang='lat' dir='ltr'><strong>eum</strong></span> 
     </span>
    </p>
   </div>
   <div class='ocr_carea' id='block_1_130' title="bbox 1422 1299 1629 1334">
    <p class='ocr_par' dir='ltr' id='par_1_130' title="bbox 1422 1299 1629 1334">
     <span class='ocr_line' id='line_1_131' title="bbox 1422 1299 1629 1334; baseline 0.005 -9"><span class='ocrx_word' id='word_1_509' title='bbox 1422 1299 1585 1334; x_wconf 83' lang='lat' dir='ltr'><strong>clamydem,</strong></span> <span class='ocrx_word' id='word_1_510' title='bbox 1599 1305 1629 1329; x_wconf 79' lang='lat' dir='ltr'><strong>et</strong></span> 
     </span>
    </p>
   </div>
   <div class='ocr_carea' id='block_1_131' title="bbox 1423 1334 1645 1363">
    <p class='ocr_par' dir='ltr' id='par_1_131' title="bbox 1423 1334 1645 1363">
     <span class='ocr_line' id='line_1_132' title="bbox 1423 1334 1645 1363; baseline 0.014 -2"><span class='ocrx_word' id='word_1_511' title='bbox 1423 1334 1570 1362; x_wconf 88' lang='lat' dir='ltr'><strong>induerunt</strong></span> <span class='ocrx_word' id='word_1_512' title='bbox 1582 1343 1645 1363; x_wconf 88' lang='lat' dir='ltr'><strong>eum</strong></span> 
     </span>
    </p>
   </div>
   <div class='ocr_carea' id='block_1_132' title="bbox 1423 1369 1667 1407">
    <p class='ocr_par' dir='ltr' id='par_1_132' title="bbox 1423 1369 1667 1407">
     <span class='ocr_line' id='line_1_133' title="bbox 1423 1369 1667 1407; baseline 0.012 -10"><span class='ocrx_word' id='word_1_513' title='bbox 1423 1369 1586 1407; x_wconf 73' lang='lat' dir='ltr'><strong>vestimenta</strong></span> <span class='ocrx_word' id='word_1_514' title='bbox 1597 1372 1667 1407; x_wconf 73' lang='lat' dir='ltr'><strong>ejus,</strong></span> 
     </span>
    </p>
   </div>
   <div class='ocr_carea' id='block_1_133' title="bbox 1423 1405 1599 1434">
    <p class='ocr_par' dir='ltr' id='par_1_133' title="bbox 1423 1405 1599 1434">
     <span class='ocr_line' id='line_1_134' title="bbox 1423 1405 1599 1434; baseline 0.011 -2"><span class='ocrx_word' id='word_1_515' title='bbox 1423 1410 1452 1433; x_wconf 87' lang='lat' dir='ltr'><strong>et</strong></span> <span class='ocrx_word' id='word_1_516' title='bbox 1464 1405 1599 1434; x_wconf 89' lang='lat' dir='ltr'><strong>duxerunt</strong></span> 
     </span>
    </p>
   </div>
   <div class='ocr_carea' id='block_1_134' title="bbox 1423 1441 1612 1470">
    <p class='ocr_par' dir='ltr' id='par_1_134' title="bbox 1423 1441 1612 1470">
     <span class='ocr_line' id='line_1_135' title="bbox 1423 1441 1612 1470; baseline 0.021 -4"><span class='ocrx_word' id='word_1_517' title='bbox 1423 1445 1451 1467; x_wconf 86' lang='lat' dir='ltr'><strong>ut</strong></span> <span class='ocrx_word' id='word_1_518' title='bbox 1465 1441 1540 1469; x_wconf 88' lang='lat' dir='ltr'><strong>cruci</strong></span> <span class='ocrx_word' id='word_1_519' title='bbox 1550 1449 1612 1470; x_wconf 92' lang='lat' dir='ltr'><strong>eum</strong></span> 
     </span>
    </p>
   </div>
   <div class='ocr_carea' id='block_1_135' title="bbox 1004 231 1190 260">
    <p class='ocr_par' dir='ltr' id='par_1_135' title="bbox 1004 231 1190 260">
     <span class='ocr_line' id='line_1_136' title="bbox 1004 231 1190 260; baseline 0.011 -2"><span class='ocrx_word' id='word_1_520' title='bbox 1004 231 1045 258; x_wconf 84' lang='lat' dir='ltr'><strong>Ad</strong></span> <span class='ocrx_word' id='word_1_521' title='bbox 1061 231 1098 259; x_wconf 90' lang='lat' dir='ltr'><strong>illi</strong></span> <span class='ocrx_word' id='word_1_522' title='bbox 1110 232 1190 260; x_wconf 82' lang='lat' dir='ltr'><strong>dixe-</strong></span> 
     </span>
    </p>
   </div>
   <div class='ocr_carea' id='block_1_136' title="bbox 1004 267 1344 305">
    <p class='ocr_par' dir='ltr' id='par_1_136' title="bbox 1004 267 1344 305">
     <span class='ocr_line' id='line_1_137' title="bbox 1004 267 1344 305; baseline 0.003 0"><span class='ocrx_word' id='word_1_523' title='bbox 1004 267 1144 305; x_wconf 63' lang='lat' dir='ltr'><strong>Ellmjl‘?)</strong></span> <span class='ocrx_word' id='word_1_524' title='bbox 1155 267 1301 305; x_wconf 57' lang='lat' dir='ltr'><strong>,Barabban</strong></span> <span class='ocrx_word' id='word_1_525' title='bbox 1315 270 1344 305; x_wconf 59' lang='grc' dir='ltr'>ιο</span> 
     </span>
    </p>
   </div>
   <div class='ocr_carea' id='block_1_137' title="bbox 1004 301 1264 332">
    <p class='ocr_par' dir='ltr' id='par_1_137' title="bbox 1004 301 1264 332">
     <span class='ocr_line' id='line_1_138' title="bbox 1004 301 1264 332; baseline 0.012 -3"><span class='ocrx_word' id='word_1_526' title='bbox 1004 301 1050 330; x_wconf 71' lang='lat'><strong>22.</strong></span> <span class='ocrx_word' id='word_1_527' title='bbox 1071 301 1141 330; x_wconf 74' lang='lat' dir='ltr'><strong>Dicit</strong></span> <span class='ocrx_word' id='word_1_528' title='bbox 1154 303 1207 332; x_wconf 91' lang='lat' dir='ltr'><strong>illis</strong></span> <span class='ocrx_word' id='word_1_529' title='bbox 1221 304 1264 332; x_wconf 86' lang='lat' dir='ltr'><strong>Pi-</strong></span> 
     </span>
    </p>
   </div>
   <div class='ocr_carea' id='block_1_138' title="bbox 1004 337 1236 371">
    <p class='ocr_par' dir='ltr' id='par_1_138' title="bbox 1004 337 1236 371">
     <span class='ocr_line' id='line_1_139' title="bbox 1004 337 1236 371; baseline 0.013 -7"><span class='ocrx_word' id='word_1_530' title='bbox 1004 337 1074 365; x_wconf 87' lang='lat' dir='ltr'><strong>latus</strong></span> <span class='ocrx_word' id='word_1_531' title='bbox 1088 347 1094 364; x_wconf 91' lang='lat'><strong>:</strong></span> <span class='ocrx_word' id='word_1_532' title='bbox 1108 337 1177 371; x_wconf 88' lang='lat' dir='ltr'><strong>Quid</strong></span> <span class='ocrx_word' id='word_1_533' title='bbox 1192 346 1236 367; x_wconf 89' lang='lat' dir='ltr'><strong>er—</strong></span> 
     </span>
    </p>
   </div>
   <div class='ocr_carea' id='block_1_139' title="bbox 1023 372 1185 402">
    <p class='ocr_par' dir='ltr' id='par_1_139' title="bbox 1023 372 1185 402">
     <span class='ocr_line' id='line_1_140' title="bbox 1023 372 1185 402; baseline 0.019 -3"><span class='ocrx_word' id='word_1_534' title='bbox 1023 381 1039 400; x_wconf 96' lang='grc' dir='ltr'>ο</span> <span class='ocrx_word' id='word_1_535' title='bbox 1053 372 1185 402; x_wconf 81' lang='lat' dir='ltr'><strong>faciemus</strong></span> 
     </span>
    </p>
   </div>
   <div class='ocr_carea' id='block_1_140' title="bbox 1022 410 1173 441">
    <p class='ocr_par' dir='ltr' id='par_1_140' title="bbox 1022 410 1173 441">
     <span class='ocr_line' id='line_1_141' title="bbox 1022 410 1173 441; baseline 0 -5"><span class='ocrx_word' id='word_1_536' title='bbox 1022 416 1097 436; x_wconf 87' lang='lat' dir='ltr'><strong>esum</strong></span> <span class='ocrx_word' id='word_1_537' title='bbox 1107 430 1114 441; x_wconf 92' lang='lat'><strong>,</strong></span> <span class='ocrx_word' id='word_1_538' title='bbox 1129 410 1173 441; x_wconf 90' lang='lat' dir='ltr'><strong>qui</strong></span> 
     </span>
    </p>
   </div>
   <div class='ocr_carea' id='block_1_141' title="bbox 1005 443 1196 473">
    <p class='ocr_par' dir='ltr' id='par_1_141' title="bbox 1005 443 1196 473">
     <span class='ocr_line' id='line_1_142' title="bbox 1005 443 1196 473; baseline 0.01 -2"><span class='ocrx_word' id='word_1_539' title='bbox 1005 443 1104 471; x_wconf 88' lang='lat' dir='ltr'><strong>dicitur</strong></span> <span class='ocrx_word' id='word_1_540' title='bbox 1117 443 1196 473; x_wconf 85' lang='lat' dir='ltr'><strong>Chri-</strong></span> 
     </span>
    </p>
   </div>
   <div class='ocr_carea' id='block_1_142' title="bbox 1004 479 1332 511">
    <p class='ocr_par' dir='ltr' id='par_1_142' title="bbox 1004 479 1332 511">
     <span class='ocr_line' id='line_1_143' title="bbox 1004 479 1332 511; baseline 0.015 -5"><span class='ocrx_word' id='word_1_541' title='bbox 1004 479 1050 507; x_wconf 81' lang='lat'><strong>25.</strong></span> <span class='ocrx_word' id='word_1_542' title='bbox 1071 480 1148 507; x_wconf 84' lang='lat' dir='ltr'><strong>stus?</strong></span> <span class='ocrx_word' id='word_1_543' title='bbox 1164 481 1260 509; x_wconf 87' lang='lat' dir='ltr'><strong>Dicunt</strong></span> <span class='ocrx_word' id='word_1_544' title='bbox 1273 490 1332 511; x_wconf 90' lang='lat' dir='ltr'><strong>om—</strong></span> 
     </span>
    </p>
   </div>
   <div class='ocr_carea' id='block_1_143' title="bbox 1005 515 1282 552">
    <p class='ocr_par' dir='ltr' id='par_1_143' title="bbox 1005 515 1282 552">
     <span class='ocr_line' id='line_1_144' title="bbox 1005 515 1282 552; baseline 0.018 -11"><span class='ocrx_word' id='word_1_545' title='bbox 1005 522 1055 552; x_wconf 86' lang='lat' dir='ltr'><strong>nes</strong></span> <span class='ocrx_word' id='word_1_546' title='bbox 1068 524 1074 552; x_wconf 73' lang='lat'><strong>;</strong></span> <span class='ocrx_word' id='word_1_547' title='bbox 1092 515 1282 552; x_wconf 82' lang='lat' dir='ltr'><strong>Cruciﬁgatur.</strong></span> 
     </span>
    </p>
   </div>
   <div class='ocr_carea' id='block_1_144' title="bbox 1005 550 1262 586">
    <p class='ocr_par' dir='ltr' id='par_1_144' title="bbox 1005 550 1262 586">
     <span class='ocr_line' id='line_1_145' title="bbox 1005 550 1262 586; baseline 0.016 -10"><span class='ocrx_word' id='word_1_548' title='bbox 1005 550 1050 586; x_wconf 73' lang='lat' dir='ltr'><strong>Ait</strong></span> <span class='ocrx_word' id='word_1_549' title='bbox 1066 551 1118 578; x_wconf 92' lang='lat' dir='ltr'><strong>illis</strong></span> <span class='ocrx_word' id='word_1_550' title='bbox 1131 550 1241 586; x_wconf 80' lang='lat' dir='ltr'><strong>praeses</strong></span> <span class='ocrx_word' id='word_1_551' title='bbox 1256 563 1262 580; x_wconf 86' lang='lat'>:</span> 
     </span>
    </p>
   </div>
   <div class='ocr_carea' id='block_1_145' title="bbox 1005 585 1239 619">
    <p class='ocr_par' dir='ltr' id='par_1_145' title="bbox 1005 585 1239 619">
     <span class='ocr_line' id='line_1_146' title="bbox 1005 585 1239 619; baseline 0.017 -7"><span class='ocrx_word' id='word_1_552' title='bbox 1005 585 1074 619; x_wconf 90' lang='lat' dir='ltr'><strong>Quid</strong></span> <span class='ocrx_word' id='word_1_553' title='bbox 1090 585 1162 614; x_wconf 80' lang='lat' dir='ltr'><strong>enim</strong></span> <span class='ocrx_word' id='word_1_554' title='bbox 1174 589 1239 616; x_wconf 87' lang='lat' dir='ltr'><strong>mali</strong></span> 
     </span>
    </p>
   </div>
   <div class='ocr_carea' id='block_1_146' title="bbox 1005 621 1197 650">
    <p class='ocr_par' dir='ltr' id='par_1_146' title="bbox 1005 621 1197 650">
     <span class='ocr_line' id='line_1_147' title="bbox 1005 621 1197 650; baseline 0.01 -2"><span class='ocrx_word' id='word_1_555' title='bbox 1005 621 1087 649; x_wconf 80' lang='lat' dir='ltr'><strong>fecit?</strong></span> <span class='ocrx_word' id='word_1_556' title='bbox 1102 622 1143 649; x_wconf 81' lang='lat' dir='ltr'><strong>Ad</strong></span> <span class='ocrx_word' id='word_1_557' title='bbox 1160 622 1197 650; x_wconf 93' lang='lat' dir='ltr'><strong>illi</strong></span> 
     </span>
    </p>
   </div>
   <div class='ocr_carea' id='block_1_147' title="bbox 1005 656 1279 727">
    <p class='ocr_par' dir='ltr' id='par_1_147' title="bbox 1005 656 1279 727">
     <span class='ocr_line' id='line_1_148' title="bbox 1005 656 1279 727; baseline 0.004 -8"><span class='ocrx_word' id='word_1_558' title='bbox 1005 656 1262 727; x_wconf 52' lang='grc' dir='ltr'><strong>ἓὲἕέῗηξὲἳῒβωω</strong></span> <span class='ocrx_word' id='word_1_559' title='bbox 1273 669 1279 687; x_wconf 82' lang='grc'><strong><em>⁵</em></strong></span> 
     </span>
    </p>
   </div>
   <div class='ocr_carea' id='block_1_148' title="bbox 1005 727 1280 759">
    <p class='ocr_par' dir='ltr' id='par_1_148' title="bbox 1005 727 1280 759">
     <span class='ocr_line' id='line_1_149' title="bbox 1005 727 1280 759; baseline 0.022 -6"><span class='ocrx_word' id='word_1_560' title='bbox 1005 727 1050 754; x_wconf 73' lang='grc'><strong>24.</strong></span> <span class='ocrx_word' id='word_1_561' title='bbox 1073 728 1173 756; x_wconf 76' lang='lat' dir='ltr'><strong>Videns</strong></span> <span class='ocrx_word' id='word_1_562' title='bbox 1188 735 1280 759; x_wconf 85' lang='lat' dir='ltr'><strong>autem</strong></span> 
     </span>
    </p>
   </div>
   <div class='ocr_carea' id='block_1_149' title="bbox 1005 762 1182 799">
    <p class='ocr_par' dir='ltr' id='par_1_149' title="bbox 1005 762 1182 799">
     <span class='ocr_line' id='line_1_150' title="bbox 1005 762 1182 799; baseline 0.017 -10"><span class='ocrx_word' id='word_1_563' title='bbox 1005 762 1107 790; x_wconf 89' lang='lat' dir='ltr'><strong>Pilatus</strong></span> <span class='ocrx_word' id='word_1_564' title='bbox 1120 765 1182 799; x_wconf 85' lang='lat' dir='ltr'><strong>quia</strong></span> 
     </span>
    </p>
   </div>
   <div class='ocr_carea' id='block_1_150' title="bbox 1006 798 1287 837">
    <p class='ocr_par' dir='ltr' id='par_1_150' title="bbox 1006 798 1287 837">
     <span class='ocr_line' id='line_1_151' title="bbox 1006 798 1287 837; baseline 0.014 -12"><span class='ocrx_word' id='word_1_565' title='bbox 1006 798 1073 837; x_wconf 81' lang='lat' dir='ltr'><strong>nihil</strong></span> <span class='ocrx_word' id='word_1_566' title='bbox 1088 799 1125 835; x_wconf 87' lang='lat' dir='ltr'><strong>(b)</strong></span> <span class='ocrx_word' id='word_1_567' title='bbox 1133 801 1248 837; x_wconf 81' lang='lat' dir='ltr'><strong>prolicit</strong></span> <span class='ocrx_word' id='word_1_568' title='bbox 1258 802 1287 837; x_wconf 79' lang='lat' dir='ltr'><strong>-j-,</strong></span> 
     </span>
    </p>
   </div>
   <div class='ocr_carea' id='block_1_151' title="bbox 1003 833 1271 869">
    <p class='ocr_par' dir='ltr' id='par_1_151' title="bbox 1003 833 1271 869">
     <span class='ocr_line' id='line_1_152' title="bbox 1003 833 1271 869; baseline 0.019 -9"><span class='ocrx_word' id='word_1_569' title='bbox 1003 833 1052 861; x_wconf 90' lang='lat' dir='ltr'><strong>sed</strong></span> <span class='ocrx_word' id='word_1_570' title='bbox 1068 833 1155 869; x_wconf 71' lang='lat' dir='ltr'><strong>magis</strong></span> <span class='ocrx_word' id='word_1_571' title='bbox 1171 833 1271 865; x_wconf 57' lang='lat' dir='ltr'><strong>tumuli</strong></span> 
     </span>
    </p>
   </div>
   <div class='ocr_carea' id='block_1_152' title="bbox 1003 869 1232 907">
    <p class='ocr_par' dir='ltr' id='par_1_152' title="bbox 1003 869 1232 907">
     <span class='ocr_line' id='line_1_153' title="bbox 1003 869 1232 907; baseline 0.022 -12"><span class='ocrx_word' id='word_1_572' title='bbox 1003 873 1059 907; x_wconf 85' lang='lat' dir='ltr'><strong>tum</strong></span> <span class='ocrx_word' id='word_1_573' title='bbox 1072 869 1130 897; x_wconf 84' lang='lat' dir='ltr'><strong>ﬁeri</strong></span> <span class='ocrx_word' id='word_1_574' title='bbox 1142 871 1167 898; x_wconf 94' lang='lat' dir='ltr'><strong>in</strong></span> <span class='ocrx_word' id='word_1_575' title='bbox 1185 879 1232 907; x_wconf 92' lang='lat' dir='ltr'><strong>po-</strong></span> 
     </span>
    </p>
   </div>
   <div class='ocr_carea' id='block_1_153' title="bbox 1004 904 1205 941">
    <p class='ocr_par' dir='ltr' id='par_1_153' title="bbox 1004 904 1205 941">
     <span class='ocr_line' id='line_1_154' title="bbox 1004 904 1205 941; baseline 0.02 -11"><span class='ocrx_word' id='word_1_576' title='bbox 1004 904 1079 939; x_wconf 88' lang='lat' dir='ltr'><strong>pulo,</strong></span> <span class='ocrx_word' id='word_1_577' title='bbox 1095 904 1205 941; x_wconf 74' lang='lat' dir='ltr'><strong>accepta</strong></span> 
     </span>
    </p>
   </div>
   <div class='ocr_carea' id='block_1_154' title="bbox 1003 941 1238 974">
    <p class='ocr_par' dir='ltr' id='par_1_154' title="bbox 1003 941 1238 974">
     <span class='ocr_line' id='line_1_155' title="bbox 1003 941 1238 974; baseline 0.021 -8"><span class='ocrx_word' id='word_1_578' title='bbox 1003 947 1083 974; x_wconf 86' lang='lat' dir='ltr'><strong>aqua,</strong></span> <span class='ocrx_word' id='word_1_579' title='bbox 1101 941 1167 969; x_wconf 89' lang='lat' dir='ltr'><strong>lavit</strong></span> <span class='ocrx_word' id='word_1_580' title='bbox 1182 950 1238 970; x_wconf 81' lang='lat' dir='ltr'><strong>ma-</strong></span> 
     </span>
    </p>
   </div>
   <div class='ocr_carea' id='block_1_155' title="bbox 1004 982 1222 1013">
    <p class='ocr_par' dir='ltr' id='par_1_155' title="bbox 1004 982 1222 1013">
     <span class='ocr_line' id='line_1_156' title="bbox 1004 982 1222 1013; baseline 0.018 -11"><span class='ocrx_word' id='word_1_581' title='bbox 1004 983 1055 1013; x_wconf 82' lang='lat' dir='ltr'><strong>nus</strong></span> <span class='ocrx_word' id='word_1_582' title='bbox 1069 982 1161 1013; x_wconf 75' lang='lat' dir='ltr'><strong>corum</strong></span> <span class='ocrx_word' id='word_1_583' title='bbox 1173 985 1222 1013; x_wconf 87' lang='lat' dir='ltr'><strong>po-</strong></span> 
     </span>
    </p>
   </div>
   <div class='ocr_carea' id='block_1_156' title="bbox 1004 1011 1212 1045">
    <p class='ocr_par' dir='ltr' id='par_1_156' title="bbox 1004 1011 1212 1045">
     <span class='ocr_line' id='line_1_157' title="bbox 1004 1011 1212 1045; baseline 0.019 -8"><span class='ocrx_word' id='word_1_584' title='bbox 1004 1011 1080 1045; x_wconf 90' lang='lat' dir='ltr'><strong>pulo,</strong></span> <span class='ocrx_word' id='word_1_585' title='bbox 1096 1011 1190 1041; x_wconf 77' lang='lat' dir='ltr'><strong>dicens</strong></span> <span class='ocrx_word' id='word_1_586' title='bbox 1205 1022 1212 1041; x_wconf 90' lang='lat'><strong>:</strong></span> 
     </span>
    </p>
   </div>
   <div class='ocr_carea' id='block_1_157' title="bbox 1002 1046 1199 1084">
    <p class='ocr_par' dir='ltr' id='par_1_157' title="bbox 1002 1046 1199 1084">
     <span class='ocr_line' id='line_1_158' title="bbox 1002 1046 1199 1084; baseline 0.02 -11"><span class='ocrx_word' id='word_1_587' title='bbox 1002 1046 1135 1075; x_wconf 88' lang='lat' dir='ltr'><strong>Inuocens</strong></span> <span class='ocrx_word' id='word_1_588' title='bbox 1149 1057 1199 1084; x_wconf 77' lang='lat' dir='ltr'><strong>ego</strong></span> 
     </span>
    </p>
   </div>
   <div class='ocr_carea' id='block_1_158' title="bbox 1001 1085 1238 1120">
    <p class='ocr_par' dir='ltr' id='par_1_158' title="bbox 1001 1085 1238 1120">
     <span class='ocr_line' id='line_1_159' title="bbox 1001 1085 1238 1120; baseline 0.017 -11"><span class='ocrx_word' id='word_1_589' title='bbox 1001 1089 1061 1120; x_wconf 75' lang='lat' dir='ltr'><strong>sum</strong></span> <span class='ocrx_word' id='word_1_590' title='bbox 1077 1090 1092 1110; x_wconf 90' lang='lat' dir='ltr'><strong>a</strong></span> <span class='ocrx_word' id='word_1_591' title='bbox 1107 1085 1238 1120; x_wconf 81' lang='lat' dir='ltr'><strong>sanguine</strong></span> 
     </span>
    </p>
   </div>
   <div class='ocr_carea' id='block_1_159' title="bbox 1001 1117 1218 1152">
    <p class='ocr_par' dir='ltr' id='par_1_159' title="bbox 1001 1117 1218 1152">
     <span class='ocr_line' id='line_1_160' title="bbox 1001 1117 1218 1152; baseline 0.018 -8"><span class='ocrx_word' id='word_1_592' title='bbox 1001 1117 1082 1152; x_wconf 89' lang='lat' dir='ltr'><strong>hujus</strong></span> <span class='ocrx_word' id='word_1_593' title='bbox 1095 1127 1101 1145; x_wconf 90' lang='lat'>:</span> <span class='ocrx_word' id='word_1_594' title='bbox 1117 1117 1170 1148; x_wconf 66' lang='lat' dir='ltr'><strong>vos</strong></span> <span class='ocrx_word' id='word_1_595' title='bbox 1179 1121 1218 1149; x_wconf 87' lang='lat' dir='ltr'><strong>vi-</strong></span> 
     </span>
    </p>
   </div>
   <div class='ocr_carea' id='block_1_160' title="bbox 1003 1152 1108 1182">
    <p class='ocr_par' dir='ltr' id='par_1_160' title="bbox 1003 1152 1108 1182">
     <span class='ocr_line' id='line_1_161' title="bbox 1003 1152 1108 1182; baseline 0.019 -2"><span class='ocrx_word' id='word_1_596' title='bbox 1003 1152 1061 1180; x_wconf 88' lang='lat' dir='ltr'><strong>deri</strong></span> <span class='ocrx_word' id='word_1_597' title='bbox 1066 1153 1108 1182; x_wconf 91' lang='lat' dir='ltr'><strong>tis.</strong></span> 
     </span>
    </p>
   </div>
   <div class='ocr_carea' id='block_1_161' title="bbox 1003 1188 1310 1225">
    <p class='ocr_par' dir='ltr' id='par_1_161' title="bbox 1003 1188 1310 1225">
     <span class='ocr_line' id='line_1_162' title="bbox 1003 1188 1310 1225; baseline 0.023 -11"><span class='ocrx_word' id='word_1_598' title='bbox 1003 1188 1048 1215; x_wconf 83' lang='lat'><strong>25.</strong></span> <span class='ocrx_word' id='word_1_599' title='bbox 1070 1189 1249 1225; x_wconf 87' lang='lat' dir='ltr'><strong>Respondens</strong></span> <span class='ocrx_word' id='word_1_600' title='bbox 1263 1194 1310 1221; x_wconf 83' lang='lat' dir='ltr'><strong>uni</strong></span> 
     </span>
    </p>
   </div>
   <div class='ocr_carea' id='block_1_162' title="bbox 1003 1226 1238 1259">
    <p class='ocr_par' dir='ltr' id='par_1_162' title="bbox 1003 1226 1238 1259">
     <span class='ocr_line' id='line_1_163' title="bbox 1003 1226 1238 1259; baseline 0.021 -9"><span class='ocrx_word' id='word_1_601' title='bbox 1003 1231 1082 1252; x_wconf 90' lang='lat' dir='ltr'><strong>versa</strong></span> <span class='ocrx_word' id='word_1_602' title='bbox 1097 1226 1186 1259; x_wconf 87' lang='lat' dir='ltr'><strong>turba,</strong></span> <span class='ocrx_word' id='word_1_603' title='bbox 1196 1227 1238 1255; x_wconf 94' lang='lat' dir='ltr'><strong>di-</strong></span> 
     </span>
    </p>
   </div>
   <div class='ocr_carea' id='block_1_163' title="bbox 1003 1260 1261 1297">
    <p class='ocr_par' dir='ltr' id='par_1_163' title="bbox 1003 1260 1261 1297">
     <span class='ocr_line' id='line_1_164' title="bbox 1003 1260 1261 1297; baseline 0.019 -12"><span class='ocrx_word' id='word_1_604' title='bbox 1003 1260 1042 1286; x_wconf 83' lang='lat' dir='ltr'><strong>xit</strong></span> <span class='ocrx_word' id='word_1_605' title='bbox 1054 1268 1061 1285; x_wconf 88' lang='lat'>:</span> <span class='ocrx_word' id='word_1_606' title='bbox 1075 1260 1192 1295; x_wconf 76' lang='lat' dir='ltr'><strong>Sanguis</strong></span> <span class='ocrx_word' id='word_1_607' title='bbox 1203 1262 1261 1297; x_wconf 90' lang='lat' dir='ltr'><strong>ejus</strong></span> 
     </span>
    </p>
   </div>
   <div class='ocr_carea' id='block_1_164' title="bbox 1002 1301 1204 1329">
    <p class='ocr_par' dir='ltr' id='par_1_164' title="bbox 1002 1301 1204 1329">
     <span class='ocr_line' id='line_1_165' title="bbox 1002 1301 1204 1329; baseline 0.015 -8"><span class='ocrx_word' id='word_1_608' title='bbox 1002 1301 1085 1329; x_wconf 88' lang='lat' dir='ltr'><strong>super</strong></span> <span class='ocrx_word' id='word_1_609' title='bbox 1100 1304 1164 1329; x_wconf 88' lang='lat' dir='ltr'><strong>nos,</strong></span> <span class='ocrx_word' id='word_1_610' title='bbox 1177 1302 1204 1324; x_wconf 91' lang='lat' dir='ltr'><strong>et</strong></span> 
     </span>
    </p>
   </div>
   <div class='ocr_carea' id='block_1_165' title="bbox 1002 1330 1244 1364">
    <p class='ocr_par' dir='ltr' id='par_1_165' title="bbox 1002 1330 1244 1364">
     <span class='ocr_line' id='line_1_166' title="bbox 1002 1330 1244 1364; baseline 0.021 -8"><span class='ocrx_word' id='word_1_611' title='bbox 1002 1337 1085 1364; x_wconf 88' lang='lat' dir='ltr'><strong>super</strong></span> <span class='ocrx_word' id='word_1_612' title='bbox 1099 1330 1169 1359; x_wconf 85' lang='lat' dir='ltr'><strong>ﬁlios</strong></span> <span class='ocrx_word' id='word_1_613' title='bbox 1181 1340 1244 1361; x_wconf 84' lang='lat' dir='ltr'><strong>nos-</strong></span> 
     </span>
    </p>
   </div>
   <div class='ocr_carea' id='block_1_166' title="bbox 1003 1368 1070 1392">
    <p class='ocr_par' dir='ltr' id='par_1_166' title="bbox 1003 1368 1070 1392">
     <span class='ocr_line' id='line_1_167' title="bbox 1003 1368 1070 1392; baseline 0 0"><span class='ocrx_word' id='word_1_614' title='bbox 1003 1368 1070 1392; x_wconf 79' lang='lat' dir='ltr'><strong>tros.</strong></span> 
     </span>
    </p>
   </div>
   <div class='ocr_carea' id='block_1_167' title="bbox 1003 1399 1260 1432">
    <p class='ocr_par' dir='ltr' id='par_1_167' title="bbox 1003 1399 1260 1432">
     <span class='ocr_line' id='line_1_168' title="bbox 1003 1399 1260 1432; baseline 0.019 -6"><span class='ocrx_word' id='word_1_615' title='bbox 1003 1399 1048 1427; x_wconf 86' lang='lat'><strong>26.</strong></span> <span class='ocrx_word' id='word_1_616' title='bbox 1071 1401 1146 1430; x_wconf 88' lang='lat' dir='ltr'><strong>Tunc</strong></span> <span class='ocrx_word' id='word_1_617' title='bbox 1158 1402 1260 1432; x_wconf 88' lang='lat' dir='ltr'><strong>dimisit</strong></span> 
     </span>
    </p>
   </div>
   <div class='ocr_carea' id='block_1_168' title="bbox 1003 1436 1237 1467">
    <p class='ocr_par' dir='ltr' id='par_1_168' title="bbox 1003 1436 1237 1467">
     <span class='ocr_line' id='line_1_169' title="bbox 1003 1436 1237 1467; baseline 0.021 -5"><span class='ocrx_word' id='word_1_618' title='bbox 1003 1436 1058 1463; x_wconf 92' lang='lat' dir='ltr'><strong>illis</strong></span> <span class='ocrx_word' id='word_1_619' title='bbox 1074 1436 1215 1466; x_wconf 81' lang='lat' dir='ltr'><strong>Barabban</strong></span> <span class='ocrx_word' id='word_1_620' title='bbox 1231 1448 1237 1467; x_wconf 91' lang='lat'>:</span> 
     </span>
    </p>
   </div>
   <div class='ocr_carea' id='block_1_169' title="bbox 1002 1471 1545 1509">
    <p class='ocr_par' dir='ltr' id='par_1_169' title="bbox 1002 1471 1545 1509">
     <span class='ocr_line' id='line_1_170' title="bbox 1002 1471 1545 1509; baseline 0.009 -11"><span class='ocrx_word' id='word_1_621' title='bbox 1002 1471 1094 1509; x_wconf 57' lang='lat' dir='ltr'><strong>{esum</strong></span> <span class='ocrx_word' id='word_1_622' title='bbox 1111 1481 1176 1501; x_wconf 83' lang='lat' dir='ltr'><strong>vero</strong></span> <span class='ocrx_word' id='word_1_623' title='bbox 1422 1475 1545 1509; x_wconf 74' lang='lat' dir='ltr'><strong>ﬁgerent.</strong></span> 
     </span>
    </p>
   </div>
   <div class='ocr_carea' id='block_1_170' title="bbox 1003 1506 1678 1543">
    <p class='ocr_par' dir='ltr' id='par_1_170' title="bbox 1003 1506 1678 1543">
     <span class='ocr_line' id='line_1_171' title="bbox 1003 1506 1678 1543; baseline 0.018 -12"><span class='ocrx_word' id='word_1_624' title='bbox 1003 1506 1115 1543; x_wconf 76' lang='lat' dir='ltr'><strong>ﬂagellis</strong></span> <span class='ocrx_word' id='word_1_625' title='bbox 1129 1516 1237 1538; x_wconf 83' lang='lat' dir='ltr'><strong>caesum</strong></span> <span class='ocrx_word' id='word_1_626' title='bbox 1423 1506 1467 1538; x_wconf 53' lang='lat'><strong>39.</strong></span> <span class='ocrx_word' id='word_1_627' title='bbox 1489 1511 1627 1542; x_wconf 86' lang='lat' dir='ltr'><strong>Exeuntes</strong></span> <span class='ocrx_word' id='word_1_628' title='bbox 1636 1513 1678 1543; x_wconf 84' lang='lat' dir='ltr'><strong>in-</strong></span> 
     </span>
    </p>
   </div>
   <div class='ocr_carea' id='block_1_171' title="bbox 1004 1543 1615 1577">
    <p class='ocr_par' dir='ltr' id='par_1_171' title="bbox 1004 1543 1615 1577">
     <span class='ocr_line' id='line_1_172' title="bbox 1004 1543 1615 1577; baseline 0.011 -8"><span class='ocrx_word' id='word_1_629' title='bbox 1004 1543 1114 1571; x_wconf 81' lang='lat' dir='ltr'><strong>tradidit</strong></span> <span class='ocrx_word' id='word_1_630' title='bbox 1129 1550 1157 1572; x_wconf 86' lang='lat' dir='ltr'><strong>ut</strong></span> <span class='ocrx_word' id='word_1_631' title='bbox 1422 1552 1554 1575; x_wconf 89' lang='lat' dir='ltr'><strong>venerunt</strong></span> <span class='ocrx_word' id='word_1_632' title='bbox 1566 1548 1615 1577; x_wconf 86' lang='lat' dir='ltr'><strong>lio-</strong></span> 
     </span>
    </p>
   </div>
   <div class='ocr_carea' id='block_1_172' title="bbox 1002 1579 1623 1612">
    <p class='ocr_par' dir='ltr' id='par_1_172' title="bbox 1002 1579 1623 1612">
     <span class='ocr_line' id='line_1_173' title="bbox 1002 1579 1623 1612; baseline 0.011 -7"><span class='ocrx_word' id='word_1_633' title='bbox 1002 1579 1075 1606; x_wconf 89' lang='lat' dir='ltr'><strong>cruci</strong></span> <span class='ocrx_word' id='word_1_634' title='bbox 1089 1587 1149 1607; x_wconf 87' lang='lat' dir='ltr'><strong>eum</strong></span> <span class='ocrx_word' id='word_1_635' title='bbox 1162 1580 1194 1607; x_wconf 81' lang='lat' dir='ltr'><strong>ll-</strong></span> <span class='ocrx_word' id='word_1_636' title='bbox 1420 1582 1522 1610; x_wconf 85' lang='lat' dir='ltr'><strong>minem</strong></span> <span class='ocrx_word' id='word_1_637' title='bbox 1539 1583 1623 1612; x_wconf 88' lang='lat' dir='ltr'><strong>Cvre-</strong></span> 
     </span>
    </p>
   </div>
   <div class='ocr_carea' id='block_1_173' title="bbox 1020 1617 1633 1653">
    <p class='ocr_par' dir='ltr' id='par_1_173' title="bbox 1020 1617 1633 1653">
     <span class='ocr_line' id='line_1_174' title="bbox 1020 1617 1633 1653; baseline 0.007 -12"><span class='ocrx_word' id='word_1_638' title='bbox 1020 1619 1107 1653; x_wconf 62' lang='lat' dir='ltr'><strong>gent.</strong></span> <span class='ocrx_word' id='word_1_639' title='bbox 1188 1651 1193 1653; x_wconf 86' lang='lat'>_</span> <span class='ocrx_word' id='word_1_640' title='bbox 1208 1652 1212 1653; x_wconf 22' lang='grc' dir='ltr'><em>ν</em></span> <span class='ocrx_word' id='word_1_641' title='bbox 1420 1625 1517 1645; x_wconf 89' lang='lat' dir='ltr'><strong>naeum</strong></span> <span class='ocrx_word' id='word_1_642' title='bbox 1532 1617 1573 1653; x_wconf 86' lang='lat' dir='ltr'><strong>(d)</strong></span> <span class='ocrx_word' id='word_1_643' title='bbox 1586 1627 1633 1648; x_wconf 79' lang='lat' dir='ltr'><strong>ve-</strong></span> 
     </span>
    </p>
   </div>
   <div class='ocr_carea' id='block_1_174' title="bbox 1022 1649 1257 1680">
    <p class='ocr_par' dir='ltr' id='par_1_174' title="bbox 1022 1649 1257 1680">
     <span class='ocr_line' id='line_1_175' title="bbox 1022 1649 1257 1680; baseline 0.017 -4"><span class='ocrx_word' id='word_1_644' title='bbox 1022 1649 1047 1676; x_wconf 90' lang='lat'><strong>7.</strong></span> <span class='ocrx_word' id='word_1_645' title='bbox 1069 1649 1144 1678; x_wconf 86' lang='lat' dir='ltr'><strong>Tunc</strong></span> <span class='ocrx_word' id='word_1_646' title='bbox 1159 1651 1257 1680; x_wconf 81' lang='lat' dir='ltr'><strong>milites</strong></span> 
     </span>
    </p>
   </div>
   <div class='ocr_carea' id='block_1_175' title="bbox 1001 1685 1194 1719">
    <p class='ocr_par' dir='ltr' id='par_1_175' title="bbox 1001 1685 1194 1719">
     <span class='ocr_line' id='line_1_176' title="bbox 1001 1685 1194 1719; baseline 0.016 -8"><span class='ocrx_word' id='word_1_647' title='bbox 1001 1685 1134 1719; x_wconf 89' lang='lat' dir='ltr'><strong>praesidis</strong></span> <span class='ocrx_word' id='word_1_648' title='bbox 1148 1694 1194 1714; x_wconf 83' lang='lat' dir='ltr'><strong>su-</strong></span> 
     </span>
    </p>
   </div>
   <div class='ocr_carea' id='block_1_176' title="bbox 1002 1726 1223 1755">
    <p class='ocr_par' dir='ltr' id='par_1_176' title="bbox 1002 1726 1223 1755">
     <span class='ocr_line' id='line_1_177' title="bbox 1002 1726 1223 1755; baseline 0.018 -9"><span class='ocrx_word' id='word_1_649' title='bbox 1002 1726 1145 1755; x_wconf 86' lang='lat' dir='ltr'><strong>sceperunt</strong></span> <span class='ocrx_word' id='word_1_650' title='bbox 1161 1730 1223 1750; x_wconf 89' lang='lat' dir='ltr'><strong>eum</strong></span> 
     </span>
    </p>
   </div>
   <div class='ocr_carea' id='block_1_177' title="bbox 1002 1754 1192 1790">
    <p class='ocr_par' dir='ltr' id='par_1_177' title="bbox 1002 1754 1192 1790">
     <span class='ocr_line' id='line_1_178' title="bbox 1002 1754 1192 1790; baseline 0.016 -9"><span class='ocrx_word' id='word_1_651' title='bbox 1002 1754 1029 1782; x_wconf 92' lang='lat' dir='ltr'><strong>in</strong></span> <span class='ocrx_word' id='word_1_652' title='bbox 1045 1754 1192 1790; x_wconf 85' lang='lat' dir='ltr'><strong>praetorio,</strong></span> 
     </span>
    </p>
   </div>
   <div class='ocr_carea' id='block_1_178' title="bbox 1003 1794 1224 1828">
    <p class='ocr_par' dir='ltr' id='par_1_178' title="bbox 1003 1794 1224 1828">
     <span class='ocr_line' id='line_1_179' title="bbox 1003 1794 1224 1828; baseline 0.018 -11"><span class='ocrx_word' id='word_1_653' title='bbox 1003 1794 1030 1817; x_wconf 87' lang='lat' dir='ltr'><strong>et</strong></span> <span class='ocrx_word' id='word_1_654' title='bbox 1044 1798 1224 1828; x_wconf 78' lang='lat' dir='ltr'><strong>congregave-</strong></span> 
     </span>
    </p>
   </div>
   <div class='ocr_carea' id='block_1_179' title="bbox 1421 1653 1605 1682">
    <p class='ocr_par' dir='ltr' id='par_1_179' title="bbox 1421 1653 1605 1682">
     <span class='ocr_line' id='line_1_180' title="bbox 1421 1653 1605 1682; baseline 0.016 -3"><span class='ocrx_word' id='word_1_655' title='bbox 1421 1653 1540 1680; x_wconf 83' lang='lat' dir='ltr'><strong>nientem</strong></span> <span class='ocrx_word' id='word_1_656' title='bbox 1556 1653 1605 1682; x_wconf 85' lang='lat' dir='ltr'><strong>ob-</strong></span> 
     </span>
    </p>
   </div>
   <div class='ocr_carea' id='block_1_180' title="bbox 1421 1688 1603 1726">
    <p class='ocr_par' dir='ltr' id='par_1_180' title="bbox 1421 1688 1603 1726">
     <span class='ocr_line' id='line_1_181' title="bbox 1421 1688 1603 1726; baseline 0.016 -12"><span class='ocrx_word' id='word_1_657' title='bbox 1421 1688 1490 1726; x_wconf 77' lang='lat' dir='ltr'><strong>viam</strong></span> <span class='ocrx_word' id='word_1_658' title='bbox 1503 1689 1555 1717; x_wconf 90' lang='lat' dir='ltr'><strong>sibi</strong></span> <span class='ocrx_word' id='word_1_659' title='bbox 1571 1690 1603 1726; x_wconf 53' lang='grc' dir='ltr'><strong>ᾗ,</strong></span> 
     </span>
    </p>
   </div>
   <div class='ocr_carea' id='block_1_181' title="bbox 1421 1722 1628 1760">
    <p class='ocr_par' dir='ltr' id='par_1_181' title="bbox 1421 1722 1628 1760">
     <span class='ocr_line' id='line_1_182' title="bbox 1421 1722 1628 1760; baseline -0.005 -10"><span class='ocrx_word' id='word_1_660' title='bbox 1421 1722 1492 1751; x_wconf 91' lang='lat' dir='ltr'><strong>hunc</strong></span> <span class='ocrx_word' id='word_1_661' title='bbox 1504 1722 1628 1760; x_wconf 75' lang='lat' dir='ltr'><strong>angai-ia-</strong></span> 
     </span>
    </p>
   </div>
   <div class='ocr_carea' id='block_1_182' title="bbox 1420 1763 1561 1787">
    <p class='ocr_par' dir='ltr' id='par_1_182' title="bbox 1420 1763 1561 1787">
     <span class='ocr_line' id='line_1_183' title="bbox 1420 1763 1561 1787; baseline 0.014 -2"><span class='ocrx_word' id='word_1_662' title='bbox 1420 1763 1517 1786; x_wconf 90' lang='lat' dir='ltr'><strong>verunt</strong></span> <span class='ocrx_word' id='word_1_663' title='bbox 1531 1765 1561 1787; x_wconf 83' lang='grc' dir='ltr'>υι</span> 
     </span>
    </p>
   </div>
   <div class='ocr_carea' id='block_1_183' title="bbox 1420 1794 1645 1826">
    <p class='ocr_par' dir='ltr' id='par_1_183' title="bbox 1420 1794 1645 1826">
     <span class='ocr_line' id='line_1_184' title="bbox 1420 1794 1645 1826; baseline 0.013 -6"><span class='ocrx_word' id='word_1_664' title='bbox 1420 1794 1528 1822; x_wconf 87' lang='lat' dir='ltr'><strong>tolleret</strong></span> <span class='ocrx_word' id='word_1_665' title='bbox 1537 1802 1645 1826; x_wconf 78' lang='lat' dir='ltr'><strong>crucem</strong></span> 
     </span>
    </p>
   </div>
   <div class='ocr_carea' id='block_1_184' title="bbox 1232 1840 1565 1873">
    <p class='ocr_par' dir='ltr' id='par_1_184' title="bbox 1232 1840 1565 1873">
     <span class='ocr_line' id='line_1_185' title="bbox 1232 1840 1565 1873; baseline 0.018 -6"><span class='ocrx_word' id='word_1_666' title='bbox 1232 1840 1349 1870; x_wconf 82' lang='lat' dir='ltr'><strong>CODEX</strong></span> <span class='ocrx_word' id='word_1_667' title='bbox 1369 1843 1565 1873; x_wconf 78' lang='lat' dir='ltr'><strong>BRIXIANUS.</strong></span> 
     </span>
    </p>
   </div>
   <div class='ocr_carea' id='block_1_185' title="bbox 1001 1885 1801 1933">
    <p class='ocr_par' dir='ltr' id='par_1_185' title="bbox 1001 1885 1801 1933">
     <span class='ocr_line' id='line_1_186' title="bbox 1001 1885 1801 1933; baseline 0 0"><span class='ocrx_word' id='word_1_668' title='bbox 1001 1885 1339 1933; x_wconf 57' lang='lat' dir='ltr'><strong>reus-.A§.itt.sts§em-</strong></span> <span class='ocrx_word' id='word_1_669' title='bbox 1356 1888 1395 1933; x_wconf 67' lang='grc' dir='ltr'><strong>(ς)</strong></span> <span class='ocrx_word' id='word_1_670' title='bbox 1412 1889 1801 1933; x_wconf 53' lang='lat' dir='ltr'><strong>9mm.&quot;inﬁdum!“-</strong></span> 
     </span>
    </p>
   </div>
   <div class='ocr_carea' id='block_1_186' title="bbox 1001 1921 1797 1961">
    <p class='ocr_par' dir='ltr' id='par_1_186' title="bbox 1001 1921 1797 1961">
     <span class='ocr_line' id='line_1_187' title="bbox 1001 1921 1797 1961; baseline 0.009 -13"><span class='ocrx_word' id='word_1_671' title='bbox 1001 1922 1071 1961; x_wconf 80' lang='lat' dir='ltr'><strong>l_atus</strong></span> <span class='ocrx_word' id='word_1_672' title='bbox 1085 1921 1153 1955; x_wconf 88' lang='lat' dir='ltr'><strong>Quid</strong></span> <span class='ocrx_word' id='word_1_673' title='bbox 1165 1922 1247 1961; x_wconf 83' lang='lat' dir='ltr'><strong>igitur</strong></span> <span class='ocrx_word' id='word_1_674' title='bbox 1260 1921 1400 1961; x_wconf 60' lang='lat' dir='ltr'><strong>faciamd&#39;e</strong></span> <span class='ocrx_word' id='word_1_675' title='bbox 1411 1925 1485 1954; x_wconf 86' lang='lat' dir='ltr'><strong>Jesu.</strong></span> <span class='ocrx_word' id='word_1_676' title='bbox 1498 1927 1543 1961; x_wconf 89' lang='lat' dir='ltr'><strong>qui</strong></span> <span class='ocrx_word' id='word_1_677' title='bbox 1553 1921 1651 1954; x_wconf 81' lang='lat' dir='ltr'><strong>dicitur</strong></span> <span class='ocrx_word' id='word_1_678' title='bbox 1663 1926 1797 1954; x_wconf 88' lang='lat' dir='ltr'><strong>Chrlstus.</strong></span> 
     </span>
    </p>
   </div>
   <div class='ocr_carea' id='block_1_187' title="bbox 1004 1958 1799 1998">
    <p class='ocr_par' dir='ltr' id='par_1_187' title="bbox 1004 1958 1799 1998">
     <span class='ocr_line' id='line_1_188' title="bbox 1004 1958 1799 1998; baseline 0.009 -15"><span class='ocrx_word' id='word_1_679' title='bbox 1004 1958 1180 1998; x_wconf 46' lang='lat' dir='ltr'><strong>Qirerutit’ei</strong></span> <span class='ocrx_word' id='word_1_680' title='bbox 1206 1966 1300 1998; x_wconf 69' lang='lat' dir='ltr'><strong>omnes</strong></span> <span class='ocrx_word' id='word_1_681' title='bbox 1318 1958 1514 1998; x_wconf 57' lang='lat' dir='ltr'><strong>ﬂruclligatur:</strong></span> <span class='ocrx_word' id='word_1_682' title='bbox 1536 1963 1579 1989; x_wconf 85' lang='lat' dir='ltr'><strong>Ait</strong></span> <span class='ocrx_word' id='word_1_683' title='bbox 1600 1961 1654 1990; x_wconf 83' lang='lat' dir='ltr'><strong>illis</strong></span> <span class='ocrx_word' id='word_1_684' title='bbox 1676 1968 1799 1998; x_wconf 86' lang='lat' dir='ltr'><strong>praeses.</strong></span> 
     </span>
    </p>
   </div>
   <div class='ocr_carea' id='block_1_188' title="bbox 1004 1992 1802 2026">
    <p class='ocr_par' dir='ltr' id='par_1_188' title="bbox 1004 1992 1802 2026">
     <span class='ocr_line' id='line_1_189' title="bbox 1004 1992 1802 2026; baseline 0.008 -7"><span class='ocrx_word' id='word_1_685' title='bbox 1004 1992 1072 2026; x_wconf 87' lang='lat' dir='ltr'><strong>Quid</strong></span> <span class='ocrx_word' id='word_1_686' title='bbox 1097 1993 1170 2020; x_wconf 92' lang='lat' dir='ltr'><strong>enim</strong></span> <span class='ocrx_word' id='word_1_687' title='bbox 1187 1994 1249 2021; x_wconf 89' lang='lat' dir='ltr'><strong>tuali</strong></span> <span class='ocrx_word' id='word_1_688' title='bbox 1274 1994 1347 2022; x_wconf 82' lang='lat' dir='ltr'><strong>fecit.</strong></span> <span class='ocrx_word' id='word_1_689' title='bbox 1366 1996 1405 2023; x_wconf 95' lang='lat' dir='ltr'><strong>Illi</strong></span> <span class='ocrx_word' id='word_1_690' title='bbox 1423 1992 1492 2024; x_wconf 64' lang='lat' dir='ltr'><strong>~vero</strong></span> <span class='ocrx_word' id='word_1_691' title='bbox 1507 1992 1685 2026; x_wconf 60' lang='lat' dir='ltr'><strong>vehementer:</strong></span> <span class='ocrx_word' id='word_1_692' title='bbox 1700 1998 1802 2025; x_wconf 71' lang='lat' dir='ltr'><strong>cluuia-</strong></span> 
     </span>
    </p>
   </div>
   <div class='ocr_carea' id='block_1_189' title="bbox 1005 2028 1800 2067">
    <p class='ocr_par' dir='ltr' id='par_1_189' title="bbox 1005 2028 1800 2067">
     <span class='ocr_line' id='line_1_190' title="bbox 1005 2028 1800 2067; baseline 0.008 -12"><span class='ocrx_word' id='word_1_693' title='bbox 1005 2029 1070 2067; x_wconf 81' lang='lat' dir='ltr'><strong>hant</strong></span> <span class='ocrx_word' id='word_1_694' title='bbox 1089 2028 1432 2067; x_wconf 68' lang='lat' dir='ltr'><strong>dicentes._Crucillgntur.</strong></span> <span class='ocrx_word' id='word_1_695' title='bbox 1460 2031 1561 2060; x_wconf 84' lang='lat' dir='ltr'><strong>Videns</strong></span> <span class='ocrx_word' id='word_1_696' title='bbox 1585 2038 1676 2061; x_wconf 89' lang='lat' dir='ltr'><strong>autem</strong></span> <span class='ocrx_word' id='word_1_697' title='bbox 1697 2033 1800 2061; x_wconf 81' lang='lat' dir='ltr'><strong>Pilatus</strong></span> 
     </span>
    </p>
   </div>
   <div class='ocr_carea' id='block_1_190' title="bbox 1004 2064 1801 2103">
    <p class='ocr_par' dir='ltr' id='par_1_190' title="bbox 1004 2064 1801 2103">
     <span class='ocr_line' id='line_1_191' title="bbox 1004 2064 1801 2103; baseline 0.01 -14"><span class='ocrx_word' id='word_1_698' title='bbox 1004 2064 1066 2099; x_wconf 89' lang='lat' dir='ltr'><strong>quia</strong></span> <span class='ocrx_word' id='word_1_699' title='bbox 1086 2064 1152 2091; x_wconf 91' lang='lat' dir='ltr'><strong>nihil</strong></span> <span class='ocrx_word' id='word_1_700' title='bbox 1177 2065 1320 2103; x_wconf 78' lang='lat' dir='ltr'><strong>proliceret</strong></span> <span class='ocrx_word' id='word_1_701' title='bbox 1334 2064 1380 2094; x_wconf 65' lang='lat' dir='ltr'><strong>scd</strong></span> <span class='ocrx_word' id='word_1_702' title='bbox 1403 2069 1486 2103; x_wconf 87' lang='lat' dir='ltr'><strong>magis</strong></span> <span class='ocrx_word' id='word_1_703' title='bbox 1502 2069 1630 2097; x_wconf 89' lang='lat' dir='ltr'><strong>tumultus</strong></span> <span class='ocrx_word' id='word_1_704' title='bbox 1649 2070 1735 2096; x_wconf 86' lang='lat' dir='ltr'><strong>ﬂeret.</strong></span> <span class='ocrx_word' id='word_1_705' title='bbox 1756 2077 1801 2097; x_wconf 87' lang='lat' dir='ltr'><strong>ac-</strong></span> 
     </span>
    </p>
   </div>
   <div class='ocr_carea' id='block_1_191' title="bbox 1004 2100 1801 2146">
    <p class='ocr_par' dir='ltr' id='par_1_191' title="bbox 1004 2100 1801 2146">
     <span class='ocr_line' id='line_1_192' title="bbox 1004 2100 1801 2146; baseline 0.006 -19"><span class='ocrx_word' id='word_1_706' title='bbox 1004 2103 1081 2134; x_wconf 85' lang='lat' dir='ltr'><strong>cepta</strong></span> <span class='ocrx_word' id='word_1_707' title='bbox 1097 2108 1175 2134; x_wconf 84' lang='lat' dir='ltr'><strong>aqua.</strong></span> <span class='ocrx_word' id='word_1_708' title='bbox 1194 2100 1258 2128; x_wconf 83' lang='lat' dir='ltr'><strong>lavit</strong></span> <span class='ocrx_word' id='word_1_709' title='bbox 1270 2109 1365 2130; x_wconf 91' lang='lat' dir='ltr'><strong>manus</strong></span> <span class='ocrx_word' id='word_1_710' title='bbox 1380 2100 1473 2146; x_wconf 59' lang='lat' dir='ltr'><strong>coraiu</strong></span> <span class='ocrx_word' id='word_1_711' title='bbox 1488 2104 1598 2146; x_wconf 73' lang='lat' dir='ltr'><strong>populo.</strong></span> <span class='ocrx_word' id='word_1_712' title='bbox 1614 2104 1707 2146; x_wconf 79' lang='lat' dir='ltr'><strong>dicens</strong></span> <span class='ocrx_word' id='word_1_713' title='bbox 1720 2104 1801 2146; x_wconf 74' lang='lat' dir='ltr'><strong>Inno-</strong></span> 
     </span>
    </p>
   </div>
   <div class='ocr_carea' id='block_1_192' title="bbox 1004 2139 1800 2175">
    <p class='ocr_par' dir='ltr' id='par_1_192' title="bbox 1004 2139 1800 2175">
     <span class='ocr_line' id='line_1_193' title="bbox 1004 2139 1800 2175; baseline 0.009 -14"><span class='ocrx_word' id='word_1_714' title='bbox 1004 2142 1068 2175; x_wconf 76' lang='lat' dir='ltr'><strong>cens</strong></span> <span class='ocrx_word' id='word_1_715' title='bbox 1092 2142 1142 2175; x_wconf 73' lang='lat' dir='ltr'><strong>ego</strong></span> <span class='ocrx_word' id='word_1_716' title='bbox 1161 2144 1229 2162; x_wconf 86' lang='lat' dir='ltr'><strong>sum.</strong></span> <span class='ocrx_word' id='word_1_717' title='bbox 1252 2144 1266 2175; x_wconf 58' lang='grc' dir='ltr'>ξ</span> <span class='ocrx_word' id='word_1_718' title='bbox 1296 2139 1426 2173; x_wconf 82' lang='lat' dir='ltr'><strong>sanguine</strong></span> <span class='ocrx_word' id='word_1_719' title='bbox 1450 2139 1529 2175; x_wconf 90' lang='lat' dir='ltr'><strong>hujus</strong></span> <span class='ocrx_word' id='word_1_720' title='bbox 1555 2140 1621 2175; x_wconf 90' lang='lat' dir='ltr'><strong>justi</strong></span> <span class='ocrx_word' id='word_1_721' title='bbox 1648 2148 1696 2167; x_wconf 83' lang='lat' dir='ltr'><strong>vos</strong></span> <span class='ocrx_word' id='word_1_722' title='bbox 1723 2139 1800 2168; x_wconf 91' lang='lat' dir='ltr'><strong>vide-</strong></span> 
     </span>
    </p>
   </div>
   <div class='ocr_carea' id='block_1_193' title="bbox 1004 2170 1800 2210">
    <p class='ocr_par' dir='ltr' id='par_1_193' title="bbox 1004 2170 1800 2210">
     <span class='ocr_line' id='line_1_194' title="bbox 1004 2170 1800 2210; baseline 0.01 -14"><span class='ocrx_word' id='word_1_723' title='bbox 1004 2170 1084 2210; x_wconf 78' lang='lat' dir='ltr'><strong>ritis._</strong></span> <span class='ocrx_word' id='word_1_724' title='bbox 1097 2170 1130 2210; x_wconf 70' lang='lat' dir='ltr'><strong>Et</strong></span> <span class='ocrx_word' id='word_1_725' title='bbox 1147 2172 1315 2206; x_wconf 87' lang='lat' dir='ltr'><strong>respondens</strong></span> <span class='ocrx_word' id='word_1_726' title='bbox 1337 2170 1615 2210; x_wconf 48' lang='lat' dir='ltr'><strong>universus-populus</strong></span> <span class='ocrx_word' id='word_1_727' title='bbox 1635 2175 1713 2203; x_wconf 85' lang='lat' dir='ltr'><strong>dixit.</strong></span> <span class='ocrx_word' id='word_1_728' title='bbox 1731 2176 1800 2203; x_wconf 89' lang='lat' dir='ltr'><strong>San-</strong></span> 
     </span>
    </p>
   </div>
   <div class='ocr_carea' id='block_1_194' title="bbox 1003 2205 1801 2244">
    <p class='ocr_par' dir='ltr' id='par_1_194' title="bbox 1003 2205 1801 2244">
     <span class='ocr_line' id='line_1_195' title="bbox 1003 2205 1801 2244; baseline 0.011 -13"><span class='ocrx_word' id='word_1_729' title='bbox 1003 2205 1067 2244; x_wconf 80' lang='lat' dir='ltr'><strong>guis</strong></span> <span class='ocrx_word' id='word_1_730' title='bbox 1079 2205 1253 2244; x_wconf 56' lang='lat' dir='ltr'><strong>liiijussuper</strong></span> <span class='ocrx_word' id='word_1_731' title='bbox 1267 2215 1326 2236; x_wconf 89' lang='lat' dir='ltr'><strong>nos.</strong></span> <span class='ocrx_word' id='word_1_732' title='bbox 1343 2212 1371 2236; x_wconf 86' lang='lat' dir='ltr'><strong>et</strong></span> <span class='ocrx_word' id='word_1_733' title='bbox 1384 2216 1465 2244; x_wconf 80' lang='lat' dir='ltr'><strong>super</strong></span> <span class='ocrx_word' id='word_1_734' title='bbox 1491 2205 1562 2238; x_wconf 75' lang='lat' dir='ltr'><strong>lllids</strong></span> <span class='ocrx_word' id='word_1_735' title='bbox 1577 2216 1694 2239; x_wconf 83' lang='lat' dir='ltr'><strong>nostros.</strong></span> <span class='ocrx_word' id='word_1_736' title='bbox 1724 2211 1801 2239; x_wconf 87' lang='lat' dir='ltr'><strong>Tunc</strong></span> 
     </span>
    </p>
   </div>
   <div class='ocr_carea' id='block_1_195' title="bbox 1005 2242 1799 2282">
    <p class='ocr_par' dir='ltr' id='par_1_195' title="bbox 1005 2242 1799 2282">
     <span class='ocr_line' id='line_1_196' title="bbox 1005 2242 1799 2282; baseline 0.009 -15"><span class='ocrx_word' id='word_1_737' title='bbox 1005 2242 1113 2282; x_wconf 49' lang='lat' dir='ltr'><strong>dimisit</strong></span> <span class='ocrx_word' id='word_1_738' title='bbox 1135 2242 1188 2282; x_wconf 80' lang='lat' dir='ltr'><strong>illis</strong></span> <span class='ocrx_word' id='word_1_739' title='bbox 1216 2242 1355 2282; x_wconf 81' lang='lat' dir='ltr'><strong>Barahban</strong></span> <span class='ocrx_word' id='word_1_740' title='bbox 1388 2242 1480 2272; x_wconf 72' lang='lat' dir='ltr'><strong>Jesum</strong></span> <span class='ocrx_word' id='word_1_741' title='bbox 1496 2251 1600 2282; x_wconf 17' lang='lat' dir='ltr'><strong>gautem</strong></span> <span class='ocrx_word' id='word_1_742' title='bbox 1634 2246 1799 2282; x_wconf 82' lang='lat' dir='ltr'><strong>ﬂagellatum</strong></span> 
     </span>
    </p>
   </div>
   <div class='ocr_carea' id='block_1_196' title="bbox 1007 2276 1800 2317">
    <p class='ocr_par' dir='ltr' id='par_1_196' title="bbox 1007 2276 1800 2317">
     <span class='ocr_line' id='line_1_197' title="bbox 1007 2276 1800 2317; baseline 0.01 -15"><span class='ocrx_word' id='word_1_743' title='bbox 1007 2276 1116 2317; x_wconf 67' lang='lat' dir='ltr'><strong>Iradidil</strong></span> <span class='ocrx_word' id='word_1_744' title='bbox 1138 2278 1177 2304; x_wconf 80' lang='lat' dir='ltr'><strong>eis</strong></span> <span class='ocrx_word' id='word_1_745' title='bbox 1205 2283 1233 2304; x_wconf 93' lang='lat' dir='ltr'><strong>ut</strong></span> <span class='ocrx_word' id='word_1_746' title='bbox 1253 2280 1478 2317; x_wconf 58' lang='lat' dir='ltr'><strong>cruciﬁgeretur&quot;</strong></span> <span class='ocrx_word' id='word_1_747' title='bbox 1496 2280 1571 2309; x_wconf 90' lang='lat' dir='ltr'><strong>Tunc</strong></span> <span class='ocrx_word' id='word_1_748' title='bbox 1596 2276 1696 2311; x_wconf 63' lang='lat' dir='ltr'><strong>milites</strong></span> <span class='ocrx_word' id='word_1_749' title='bbox 1723 2288 1800 2317; x_wconf 88' lang='lat' dir='ltr'><strong>prae-</strong></span> 
     </span>
    </p>
   </div>
   <div class='ocr_carea' id='block_1_197' title="bbox 1005 2312 1801 2352">
    <p class='ocr_par' dir='ltr' id='par_1_197' title="bbox 1005 2312 1801 2352">
     <span class='ocr_line' id='line_1_198' title="bbox 1005 2312 1801 2352; baseline 0.006 -14"><span class='ocrx_word' id='word_1_750' title='bbox 1005 2312 1071 2339; x_wconf 89' lang='lat' dir='ltr'><strong>sidis</strong></span> <span class='ocrx_word' id='word_1_751' title='bbox 1098 2318 1276 2352; x_wconf 77' lang='lat' dir='ltr'><strong>susceperunt</strong></span> <span class='ocrx_word' id='word_1_752' title='bbox 1298 2312 1389 2352; x_wconf 73' lang='lat' dir='ltr'><strong>Iesum</strong></span> <span class='ocrx_word' id='word_1_753' title='bbox 1413 2316 1439 2343; x_wconf 92' lang='lat' dir='ltr'><strong>in</strong></span> <span class='ocrx_word' id='word_1_754' title='bbox 1455 2318 1589 2351; x_wconf 81' lang='lat' dir='ltr'><strong>praetorio</strong></span> <span class='ocrx_word' id='word_1_755' title='bbox 1607 2322 1634 2345; x_wconf 84' lang='lat' dir='ltr'><strong>et</strong></span> <span class='ocrx_word' id='word_1_756' title='bbox 1653 2312 1801 2352; x_wconf 74' lang='lat' dir='ltr'><strong>congrega-</strong></span> 
     </span>
    </p>
   </div>
   <div class='ocr_carea' id='block_1_198' title="bbox 1005 2348 1799 2381">
    <p class='ocr_par' dir='ltr' id='par_1_198' title="bbox 1005 2348 1799 2381">
     <span class='ocr_line' id='line_1_199' title="bbox 1005 2348 1799 2381; baseline 0.009 -8"><span class='ocrx_word' id='word_1_757' title='bbox 1005 2352 1102 2374; x_wconf 86' lang='lat' dir='ltr'><strong>vcrunt</strong></span> <span class='ocrx_word' id='word_1_758' title='bbox 1129 2348 1161 2375; x_wconf 88' lang='lat' dir='ltr'><strong>ad</strong></span> <span class='ocrx_word' id='word_1_759' title='bbox 1187 2356 1249 2375; x_wconf 88' lang='lat' dir='ltr'><strong>eum</strong></span> <span class='ocrx_word' id='word_1_760' title='bbox 1270 2350 1422 2379; x_wconf 85' lang='lat' dir='ltr'><strong>universam</strong></span> <span class='ocrx_word' id='word_1_761' title='bbox 1444 2348 1595 2381; x_wconf 77' lang='lat' dir='ltr'><strong>cohortem.</strong></span> <span class='ocrx_word' id='word_1_762' title='bbox 1620 2358 1647 2381; x_wconf 89' lang='lat' dir='ltr'><strong>et</strong></span> <span class='ocrx_word' id='word_1_763' title='bbox 1668 2348 1799 2380; x_wconf 68' lang='lat' dir='ltr'><strong>exueiﬁes</strong></span> 
     </span>
    </p>
   </div>
   <div class='ocr_carea' id='block_1_199' title="bbox 1008 2382 1801 2423">
    <p class='ocr_par' dir='ltr' id='par_1_199' title="bbox 1008 2382 1801 2423">
     <span class='ocr_line' id='line_1_200' title="bbox 1008 2382 1801 2423; baseline 0.008 -13"><span class='ocrx_word' id='word_1_764' title='bbox 1008 2382 1130 2423; x_wconf 60' lang='lat' dir='ltr'><strong>eum.(c)</strong></span> <span class='ocrx_word' id='word_1_765' title='bbox 1154 2383 1299 2423; x_wconf 79' lang='lat' dir='ltr'><strong>induerunt</strong></span> <span class='ocrx_word' id='word_1_766' title='bbox 1320 2393 1381 2423; x_wconf 85' lang='lat' dir='ltr'><strong>eum</strong></span> <span class='ocrx_word' id='word_1_767' title='bbox 1406 2388 1522 2415; x_wconf 91' lang='lat' dir='ltr'><strong>tunicam</strong></span> <span class='ocrx_word' id='word_1_768' title='bbox 1549 2395 1722 2423; x_wconf 85' lang='lat' dir='ltr'><strong>purpuream.</strong></span> <span class='ocrx_word' id='word_1_769' title='bbox 1737 2387 1757 2423; x_wconf 67' lang='grc' dir='ltr'><strong>-ι-</strong></span> <span class='ocrx_word' id='word_1_770' title='bbox 1773 2393 1801 2416; x_wconf 82' lang='lat' dir='ltr'><strong>et</strong></span> 
     </span>
    </p>
   </div>
   <div class='ocr_carea' id='block_1_200' title="bbox 1005 2418 1801 2457">
    <p class='ocr_par' dir='ltr' id='par_1_200' title="bbox 1005 2418 1801 2457">
     <span class='ocr_line' id='line_1_201' title="bbox 1005 2418 1801 2457; baseline 0.009 -13"><span class='ocrx_word' id='word_1_771' title='bbox 1005 2418 1146 2446; x_wconf 84' lang='lat' dir='ltr'><strong>clamidem</strong></span> <span class='ocrx_word' id='word_1_772' title='bbox 1157 2419 1306 2457; x_wconf 68' lang='lat' dir='ltr'><strong>cmineum</strong></span> <span class='ocrx_word' id='word_1_773' title='bbox 1318 2418 1557 2450; x_wconf 68' lang='lat' dir='ltr'><strong>circumdcdernut&#39;</strong></span> <span class='ocrx_word' id='word_1_774' title='bbox 1568 2418 1640 2450; x_wconf 53' lang='lat' dir='ltr'><strong>eifet</strong></span> <span class='ocrx_word' id='word_1_775' title='bbox 1652 2418 1801 2457; x_wconf 79' lang='lat' dir='ltr'><strong>plectenles</strong></span> 
     </span>
    </p>
   </div>
   <div class='ocr_carea' id='block_1_201' title="bbox 1006 2454 1802 2494">
    <p class='ocr_par' dir='ltr' id='par_1_201' title="bbox 1006 2454 1802 2494">
     <span class='ocr_line' id='line_1_202' title="bbox 1006 2454 1802 2494; baseline 0.006 -13"><span class='ocrx_word' id='word_1_776' title='bbox 1006 2462 1133 2494; x_wconf 65' lang='lat' dir='ltr'><strong>coronam</strong></span> <span class='ocrx_word' id='word_1_777' title='bbox 1148 2454 1182 2482; x_wconf 84' lang='lat' dir='ltr'><strong>de</strong></span> <span class='ocrx_word' id='word_1_778' title='bbox 1199 2456 1295 2494; x_wconf 83' lang='lat' dir='ltr'><strong>spinis.</strong></span> <span class='ocrx_word' id='word_1_779' title='bbox 1312 2464 1459 2491; x_wconf 67' lang='lat' dir='ltr'><strong>pmuerunt</strong></span> <span class='ocrx_word' id='word_1_780' title='bbox 1480 2466 1562 2493; x_wconf 89' lang='lat' dir='ltr'><strong>super</strong></span> <span class='ocrx_word' id='word_1_781' title='bbox 1590 2454 1670 2493; x_wconf 74' lang='lat' dir='ltr'><strong>caput</strong></span> <span class='ocrx_word' id='word_1_782' title='bbox 1692 2458 1753 2494; x_wconf 82' lang='lat' dir='ltr'><strong>ejus</strong></span> <span class='ocrx_word' id='word_1_783' title='bbox 1775 2465 1802 2487; x_wconf 77' lang='lat' dir='ltr'><strong>et</strong></span> 
     </span>
    </p>
   </div>
   <div class='ocr_carea' id='block_1_202' title="bbox 1008 2490 1802 2528">
    <p class='ocr_par' dir='ltr' id='par_1_202' title="bbox 1008 2490 1802 2528">
     <span class='ocr_line' id='line_1_203' title="bbox 1008 2490 1802 2528; baseline 0.006 -12"><span class='ocrx_word' id='word_1_784' title='bbox 1008 2490 1185 2528; x_wconf 77' lang='lat' dir='ltr'><strong>harundinem</strong></span> <span class='ocrx_word' id='word_1_785' title='bbox 1208 2494 1249 2528; x_wconf 19' lang='lat' dir='ltr'><strong>in,</strong></span> <span class='ocrx_word' id='word_1_786' title='bbox 1265 2490 1405 2520; x_wconf 77' lang='lat' dir='ltr'><strong>dexteram</strong></span> <span class='ocrx_word' id='word_1_787' title='bbox 1429 2494 1498 2528; x_wconf 80' lang='lat' dir='ltr'><strong>ejus.</strong></span> <span class='ocrx_word' id='word_1_788' title='bbox 1515 2490 1555 2520; x_wconf 61' lang='lat' dir='ltr'><strong>&#39;Et</strong></span> <span class='ocrx_word' id='word_1_789' title='bbox 1573 2490 1746 2528; x_wconf 72' lang='lat' dir='ltr'><strong>procldentes</strong></span> <span class='ocrx_word' id='word_1_790' title='bbox 1767 2495 1802 2522; x_wconf 85' lang='lat' dir='ltr'><strong>ad</strong></span> 
     </span>
    </p>
   </div>
   <div class='ocr_carea' id='block_1_203' title="bbox 1007 2526 1803 2561">
    <p class='ocr_par' dir='ltr' id='par_1_203' title="bbox 1007 2526 1803 2561">
     <span class='ocr_line' id='line_1_204' title="bbox 1007 2526 1803 2561; baseline 0.008 -9"><span class='ocrx_word' id='word_1_791' title='bbox 1007 2527 1091 2560; x_wconf 88' lang='lat' dir='ltr'><strong>pedes</strong></span> <span class='ocrx_word' id='word_1_792' title='bbox 1104 2526 1162 2561; x_wconf 83' lang='lat' dir='ltr'><strong>ejus</strong></span> <span class='ocrx_word' id='word_1_793' title='bbox 1178 2526 1336 2554; x_wconf 84' lang='lat' dir='ltr'><strong>inludebant</strong></span> <span class='ocrx_word' id='word_1_794' title='bbox 1358 2536 1418 2555; x_wconf 86' lang='lat' dir='ltr'><strong>cum</strong></span> <span class='ocrx_word' id='word_1_795' title='bbox 1438 2526 1667 2558; x_wconf 46' lang='lat' dir='ltr'><strong>dicentes-Habe</strong></span> <span class='ocrx_word' id='word_1_796' title='bbox 1687 2538 1738 2558; x_wconf 86' lang='lat' dir='ltr'><strong>rex</strong></span> <span class='ocrx_word' id='word_1_797' title='bbox 1756 2530 1803 2557; x_wconf 84' lang='lat' dir='ltr'><strong>.lu-</strong></span> 
     </span>
    </p>
   </div>
   <div class='ocr_carea' id='block_1_204' title="bbox 1007 2561 1804 2599">
    <p class='ocr_par' dir='ltr' id='par_1_204' title="bbox 1007 2561 1804 2599">
     <span class='ocr_line' id='line_1_205' title="bbox 1007 2561 1804 2599; baseline 0.006 -12"><span class='ocrx_word' id='word_1_798' title='bbox 1007 2561 1147 2588; x_wconf 80' lang='lat' dir='ltr'><strong>dueorutu.</strong></span> <span class='ocrx_word' id='word_1_799' title='bbox 1160 2561 1193 2588; x_wconf 83' lang='lat' dir='ltr'><strong>Et</strong></span> <span class='ocrx_word' id='word_1_800' title='bbox 1207 2567 1355 2599; x_wconf 70' lang='lat' dir='ltr'><strong>expuentes</strong></span> <span class='ocrx_word' id='word_1_801' title='bbox 1371 2564 1397 2590; x_wconf 90' lang='lat' dir='ltr'><strong>in</strong></span> <span class='ocrx_word' id='word_1_802' title='bbox 1420 2572 1481 2591; x_wconf 89' lang='lat' dir='ltr'><strong>eum</strong></span> <span class='ocrx_word' id='word_1_803' title='bbox 1496 2571 1660 2599; x_wconf 87' lang='lat' dir='ltr'><strong>acceperunt</strong></span> <span class='ocrx_word' id='word_1_804' title='bbox 1675 2565 1804 2593; x_wconf 92' lang='lat' dir='ltr'><strong>harundi-</strong></span> 
     </span>
    </p>
   </div>
   <div class='ocr_carea' id='block_1_205' title="bbox 1008 2598 1803 2636">
    <p class='ocr_par' dir='ltr' id='par_1_205' title="bbox 1008 2598 1803 2636">
     <span class='ocr_line' id='line_1_206' title="bbox 1008 2598 1803 2636; baseline 0.008 -14"><span class='ocrx_word' id='word_1_805' title='bbox 1008 2604 1069 2623; x_wconf 89' lang='lat' dir='ltr'><strong>nem</strong></span> <span class='ocrx_word' id='word_1_806' title='bbox 1084 2601 1111 2622; x_wconf 92' lang='lat' dir='ltr'><strong>et</strong></span> <span class='ocrx_word' id='word_1_807' title='bbox 1126 2598 1312 2630; x_wconf 80' lang='lat' dir='ltr'><strong>percutiebnnt</strong></span> <span class='ocrx_word' id='word_1_808' title='bbox 1324 2603 1409 2636; x_wconf 76' lang='lat' dir='ltr'><strong>caput</strong></span> <span class='ocrx_word' id='word_1_809' title='bbox 1420 2599 1489 2636; x_wconf 75' lang='lat' dir='ltr'><strong>ejus.</strong></span> <span class='ocrx_word' id='word_1_810' title='bbox 1502 2599 1536 2627; x_wconf 84' lang='lat' dir='ltr'><strong>Et</strong></span> <span class='ocrx_word' id='word_1_811' title='bbox 1550 2598 1691 2636; x_wconf 78' lang='lat' dir='ltr'><strong>postquam</strong></span> <span class='ocrx_word' id='word_1_812' title='bbox 1710 2600 1803 2628; x_wconf 87' lang='lat' dir='ltr'><strong>illude-</strong></span> 
     </span>
    </p>
   </div>
   <div class='ocr_carea' id='block_1_206' title="bbox 1007 2635 1803 2664">
    <p class='ocr_par' dir='ltr' id='par_1_206' title="bbox 1007 2635 1803 2664">
     <span class='ocr_line' id='line_1_207' title="bbox 1007 2635 1803 2664; baseline 0.006 -6"><span class='ocrx_word' id='word_1_813' title='bbox 1007 2635 1070 2659; x_wconf 86' lang='lat' dir='ltr'><strong>runt</strong></span> <span class='ocrx_word' id='word_1_814' title='bbox 1083 2639 1144 2658; x_wconf 90' lang='lat' dir='ltr'><strong>eum</strong></span> <span class='ocrx_word' id='word_1_815' title='bbox 1158 2637 1291 2659; x_wconf 83' lang='lat' dir='ltr'><strong>exuerunt</strong></span> <span class='ocrx_word' id='word_1_816' title='bbox 1310 2640 1371 2660; x_wconf 90' lang='lat' dir='ltr'><strong>eum</strong></span> <span class='ocrx_word' id='word_1_817' title='bbox 1387 2635 1529 2663; x_wconf 78' lang='lat' dir='ltr'><strong>olamidem</strong></span> <span class='ocrx_word' id='word_1_818' title='bbox 1541 2641 1569 2663; x_wconf 88' lang='lat' dir='ltr'><strong>et</strong></span> <span class='ocrx_word' id='word_1_819' title='bbox 1582 2636 1727 2664; x_wconf 84' lang='lat' dir='ltr'><strong>induerunt</strong></span> <span class='ocrx_word' id='word_1_820' title='bbox 1740 2641 1803 2663; x_wconf 88' lang='lat' dir='ltr'><strong>eum</strong></span> 
     </span>
    </p>
   </div>
   <div class='ocr_carea' id='block_1_207' title="bbox 1007 2667 1802 2705">
    <p class='ocr_par' dir='ltr' id='par_1_207' title="bbox 1007 2667 1802 2705">
     <span class='ocr_line' id='line_1_208' title="bbox 1007 2667 1802 2705; baseline 0.008 -12"><span class='ocrx_word' id='word_1_821' title='bbox 1007 2667 1172 2705; x_wconf 57' lang='lat' dir='ltr'><strong>vestimenta</strong></span> <span class='ocrx_word' id='word_1_822' title='bbox 1185 2668 1254 2701; x_wconf 88' lang='lat' dir='ltr'><strong>ejus.</strong></span> <span class='ocrx_word' id='word_1_823' title='bbox 1270 2672 1297 2705; x_wconf 81' lang='lat' dir='ltr'><strong>et</strong></span> <span class='ocrx_word' id='word_1_824' title='bbox 1309 2669 1445 2697; x_wconf 83' lang='lat' dir='ltr'><strong>duxerunt</strong></span> <span class='ocrx_word' id='word_1_825' title='bbox 1465 2675 1494 2698; x_wconf 90' lang='lat' dir='ltr'><strong>ut</strong></span> <span class='ocrx_word' id='word_1_826' title='bbox 1521 2679 1583 2699; x_wconf 91' lang='lat' dir='ltr'><strong>eum</strong></span> <span class='ocrx_word' id='word_1_827' title='bbox 1602 2671 1802 2705; x_wconf 82' lang='lat' dir='ltr'><strong>crnciligerent.</strong></span> 
     </span>
    </p>
   </div>
   <div class='ocr_carea' id='block_1_208' title="bbox 1008 2703 1805 2742">
    <p class='ocr_par' dir='ltr' id='par_1_208' title="bbox 1008 2703 1805 2742">
     <span class='ocr_line' id='line_1_209' title="bbox 1008 2703 1805 2742; baseline 0.005 -13"><span class='ocrx_word' id='word_1_828' title='bbox 1008 2703 1145 2742; x_wconf 42' lang='lat' dir='ltr'><strong>Exeunnles</strong></span> <span class='ocrx_word' id='word_1_829' title='bbox 1154 2703 1432 2742; x_wconf 18' lang='lat' dir='ltr'><strong>auteinqinvenerunt</strong></span> <span class='ocrx_word' id='word_1_830' title='bbox 1452 2706 1587 2734; x_wconf 88' lang='lat' dir='ltr'><strong>hominem</strong></span> <span class='ocrx_word' id='word_1_831' title='bbox 1599 2703 1744 2742; x_wconf 75' lang='lat' dir='ltr'><strong>Cyrineitm</strong></span> <span class='ocrx_word' id='word_1_832' title='bbox 1759 2714 1805 2733; x_wconf 90' lang='lat' dir='ltr'><strong>no-</strong></span> 
     </span>
    </p>
   </div>
   <div class='ocr_carea' id='block_1_209' title="bbox 1008 2737 1806 2777">
    <p class='ocr_par' dir='ltr' id='par_1_209' title="bbox 1008 2737 1806 2777">
     <span class='ocr_line' id='line_1_210' title="bbox 1008 2737 1806 2777; baseline 0.008 -13"><span class='ocrx_word' id='word_1_833' title='bbox 1008 2738 1081 2765; x_wconf 91' lang='lat' dir='ltr'><strong>mine</strong></span> <span class='ocrx_word' id='word_1_834' title='bbox 1094 2737 1244 2767; x_wconf 89' lang='lat' dir='ltr'><strong>Simonem.</strong></span> <span class='ocrx_word' id='word_1_835' title='bbox 1260 2739 1331 2768; x_wconf 82' lang='lat' dir='ltr'><strong>liuuc</strong></span> <span class='ocrx_word' id='word_1_836' title='bbox 1345 2743 1561 2777; x_wconf 80' lang='lat' dir='ltr'><strong>angariaveruut.</strong></span> <span class='ocrx_word' id='word_1_837' title='bbox 1578 2746 1607 2769; x_wconf 87' lang='lat' dir='ltr'><strong>ut</strong></span> <span class='ocrx_word' id='word_1_838' title='bbox 1618 2737 1725 2770; x_wconf 68' lang='lat' dir='ltr'><strong>t&#39;olleret</strong></span> <span class='ocrx_word' id='word_1_839' title='bbox 1744 2749 1806 2770; x_wconf 84' lang='lat' dir='ltr'><strong>cru-</strong></span> 
     </span>
    </p>
   </div>
   <div class='ocr_carea' id='block_1_210' title="bbox 835 2784 1153 2814">
    <p class='ocr_par' dir='ltr' id='par_1_210' title="bbox 835 2784 1153 2814">
     <span class='ocr_line' id='line_1_211' title="bbox 835 2784 1153 2814; baseline -0.003 0"><span class='ocrx_word' id='word_1_840' title='bbox 835 2784 1019 2814; x_wconf 79' lang='lat' dir='ltr'><strong>BLANCHINI</strong></span> <span class='ocrx_word' id='word_1_841' title='bbox 1038 2784 1153 2813; x_wconf 71' lang='grc' dir='ltr'><strong>ΝΟΤᾸΞΣ.</strong></span> 
     </span>
    </p>
   </div>
   <div class='ocr_carea' id='block_1_211' title="bbox 199 2834 952 2880">
    <p class='ocr_par' dir='ltr' id='par_1_211' title="bbox 199 2834 952 2880">
     <span class='ocr_line' id='line_1_212' title="bbox 199 2834 952 2880; baseline 0 0"><span class='ocrx_word' id='word_1_842' title='bbox 199 2834 952 2880; x_wconf 46' lang='lat' dir='ltr'><strong>(nissum-Gr:navsse-witsstest-Eruet</strong></span> 
     </span>
    </p>
   </div>
   <div class='ocr_carea' id='block_1_212' title="bbox 1005 2834 1811 2880">
    <p class='ocr_par' dir='ltr' id='par_1_212' title="bbox 1005 2835 1811 2880">
     <span class='ocr_line' id='line_1_213' title="bbox 1005 2835 1811 2880; baseline 0.004 -17"><span class='ocrx_word' id='word_1_843' title='bbox 1005 2835 1090 2880; x_wconf 38' lang='lat'><strong>.79)</strong></span> <span class='ocrx_word' id='word_1_844' title='bbox 1100 2836 1138 2880; x_wconf 64' lang='lat' dir='ltr'><strong>lla</strong></span> <span class='ocrx_word' id='word_1_845' title='bbox 1147 2836 1319 2880; x_wconf 59' lang='lat' dir='ltr'><strong>etcodllant.</strong></span> <span class='ocrx_word' id='word_1_846' title='bbox 1333 2838 1375 2880; x_wconf 50' lang='lat' dir='ltr'><strong>sed</strong></span> <span class='ocrx_word' id='word_1_847' title='bbox 1381 2836 1533 2880; x_wconf 57' lang='lat' dir='ltr'><strong>fstiuauvjrtc</strong></span> <span class='ocrx_word' id='word_1_848' title='bbox 1543 2836 1643 2880; x_wconf 64' lang='grc' dir='ltr'><strong>ἱρεᾴτιον</strong></span> <span class='ocrx_word' id='word_1_849' title='bbox 1651 2839 1811 2875; x_wconf 65' lang='grc' dir='ltr'><strong>πορφυρῶν-</strong></span> 
     </span>
    </p>
   </div>
   <div class='ocr_carea' id='block_1_213' title="bbox 170 2870 952 2914">
    <p class='ocr_par' dir='ltr' id='par_1_213' title="bbox 170 2870 952 2914">
     <span class='ocr_line' id='line_1_214' title="bbox 170 2870 952 2914; baseline -0.003 -14"><span class='ocrx_word' id='word_1_850' title='bbox 170 2870 251 2914; x_wconf 75' lang='lat' dir='ltr'><strong>.—&#39;(d)</strong></span> <span class='ocrx_word' id='word_1_851' title='bbox 262 2873 343 2902; x_wconf 79' lang='lat' dir='ltr'><strong>Addit</strong></span> <span class='ocrx_word' id='word_1_852' title='bbox 356 2870 605 2901; x_wconf 67' lang='lat' dir='ltr'><strong>venientem&#39;obviam</strong></span> <span class='ocrx_word' id='word_1_853' title='bbox 617 2870 764 2906; x_wconf 31' lang='lat' dir='ltr'><strong>sibi,’etiatn</strong></span> <span class='ocrx_word' id='word_1_854' title='bbox 775 2871 835 2899; x_wconf 89' lang='lat' dir='ltr'><strong>cod.</strong></span> <span class='ocrx_word' id='word_1_855' title='bbox 850 2870 927 2899; x_wconf 83' lang='lat' dir='ltr'><strong>Cant.</strong></span> <span class='ocrx_word' id='word_1_856' title='bbox 941 2870 952 2903; x_wconf 84' lang='grc' dir='ltr'>Ι</span> 
     </span>
    </p>
   </div>
   <div class='ocr_carea' id='block_1_214' title="bbox 1005 2870 1660 2914">
    <p class='ocr_par' dir='ltr' id='par_1_214' title="bbox 1013 2870 1660 2906">
     <span class='ocr_line' id='line_1_215' title="bbox 1013 2870 1660 2906; baseline 0.002 -7"><span class='ocrx_word' id='word_1_857' title='bbox 1013 2876 1040 2899; x_wconf 85' lang='lat' dir='ltr'><strong>ct</strong></span> <span class='ocrx_word' id='word_1_858' title='bbox 1053 2870 1099 2899; x_wconf 86' lang='lat' dir='ltr'><strong>Gr.</strong></span> <span class='ocrx_word' id='word_1_859' title='bbox 1112 2874 1146 2904; x_wconf 80' lang='grc' dir='ltr'><strong>εἰς</strong></span> <span class='ocrx_word' id='word_1_860' title='bbox 1160 2874 1300 2903; x_wconf 70' lang='grc' dir='ltr'><strong>ἀπάντησιν</strong></span> <span class='ocrx_word' id='word_1_861' title='bbox 1315 2873 1405 2906; x_wconf 76' lang='grc' dir='ltr'><strong>αὐτοῦ,</strong></span> <span class='ocrx_word' id='word_1_862' title='bbox 1415 2879 1471 2899; x_wconf 78' lang='lat' dir='ltr'><strong>cum</strong></span> <span class='ocrx_word' id='word_1_863' title='bbox 1481 2870 1660 2902; x_wconf 65' lang='lat' dir='ltr'><strong>veri.&#39;Saa:on.</strong></span> 
     </span>
    </p>
   </div>
  </div>
