4048 6188
445 217 551 274 545

842 333 1071 391 CODEX
1110 323 1650 390 VERCELLENSIS.

1283 429 1411 476 sunt
1438 432 1560 473 cum
1587 430 1655 471 eo

1282 493 1392 547 duo
1423 491 1663 544 latrones
1691 503 1705 539 :

1288 577 1427 617 unus
1452 577 1482 615 a
1512 560 1643 615 dex-

1287 636 1404 698 tris,
1432 643 1487 686 et
1516 631 1651 684 alter

1284 705 1350 759 ad
1373 702 1630 759 sinistris.

1282 776 1373 832 59.
1416 773 1784 827 Transeuntes

1282 857 1463 901 autem
1492 843 1741 909 blasphe-

1283 917 1501 972 tnabant
1529 929 1652 968 eum

447 442 565 481 cem
591 426 729 497 ejus.

448 499 540 554 55.
586 499 651 552 Et
672 505 936 552 venerunt
957 496 1009 551 in
1040 518 1043 519 ν

448 570 649 630 locum,
678 568 769 635 qui
794 567 875 622 di-
1070 589 1077 595 ·

447 641 589 694 citur
620 638 817 705 Golgo—

448 710 595 773 taha,
620 709 763 778 quod
787 718 871 763 est

443 778 729 835 Calvariae
756 781 835 832 lo-

445 851 536 906 54.
578 867 693 906 cus.
727 851 796 906 Et
816 850 981 906 dede~

444 932 570 977 runt
596 924 644 977 ei
674 922 824 977 bibe-

444 1009 506 1048 re
530 995 709 1047 vinum
736 1008 857 1047 cum

445 1064 573 1119 felle
605 1066 854 1119 mixtum.

445 1136 517 1190 Et
541 1151 661 1189 cum
688 1146 901 1202 gustas-

445 1215 552 1273 set,
578 1206 747 1260 noluit
771 1206 853 1259 bi-

1282 994 1563 1043 moventes
1596 1000 1684 1038 ca-

1281 1061 1393 1128 pita
1415 1064 1533 1120 sua,
1562 1067 1614 1109 et
1639 1055 1723 1128 d_i-_-

1282 1124 1372 1186 30.
1417 1136 1602 1183 centes
1630 1144 1642 1179 ;
1670 1125 1748 1181 Va
1775 1124 1865 1194 qui

1283 1200 1596 1257 destruebat
1627 1206 1765 1251 tern-

446 1279 515 1331 be
539 1267 570 1331 ⁷.
620 1316 628 1324 .
678 1317 691 1329 .
976 1271 981 1275 ’
1286 1273 1427 1342 plum
1464 1272 1577 1342 Dei,
1602 1277 1656 1342 et
1686 1267 1740 1322 in

447 1348 537 1402 55.
579 1347 851 1415 Posquam
889 1356 1066 1402 autem
1284 1340 1463 1415 triduo
1480 1340 1615 1415 illud

444 1410 833 1473 cruciﬁxerunt
1282 1410 1667 1470 reaediﬁcabat
1698 1427 1711 1461 :

446 1505 593 1554 eum,
624 1488 828 1543 divise-
1284 1487 1453 1539 libera
1481 1492 1552 1537 te.
1590 1481 1647 1537 Si
1677 1481 1729 1533 li-

1283 1557 1389 1611 lius
1421 1555 1512 1608 Dei
1540 1566 1599 1607 es
1624 1561 1701 1617 tu,

1283 1636 1339 1681 et
1363 1624 1635 1679 descende

1282 1698 1375 1752 41.
1417 1695 1486 1750 de
1504 1708 1742 1749 crucem.
1767 1691 1849 1747 Si-

1285 1768 1487 1823 militer
1516 1774 1571 1820 et
1597 1766 1743 1833 prin—
1822 1784 1825 1789 ·

1284 1840 1433 1909 cipes
1454 1835 1712 1909 sacerdo-

1290 1907 1401 1964 tum
1435 1907 1695 1964 deluden-

1290 1990 1371 2036 tes
1399 1995 1521 2034 cum
1553 1978 1764 2041 scribis,

445 1571 574 1615 runt
594 1561 692 1613 sibi
725 1575 843 1614 ves—

448 1631 671 1686 timenta
697 1631 815 1699 ejus
834 1672 849 1695 ,

445 1713 647 1758 sortem
678 1702 800 1755 mit-

447 1784 646 1837 tentes,
675 1781 734 1826 ut
764 1773 862 1828 im-

446 1845 689 1914 pleretur
715 1843 861 1914 quod

448 1916 651 1970 dictum
680 1923 765 1967 est
795 1928 895 1983 per

448 1986 806 2054 prophaetam
841 2001 855 2038 :

448 2047 761 2111 Diviserunt
1289 2054 1369 2120 (α)
1397 2060 1452 2107 et
1483 2048 1779 2120 pharisaeis
1796 2047 1847 2120 ῥί-

450 2128 554 2181 sibi
577 2127 869 2183 vestimen-
1288 2117 1381 2178 '42.
1422 2117 1674 2176 dicebant
1704 2138 1717 2174 :
1743 2117 1858 2173 Ali-

448 2209 499 2253 ta
530 2214 671 2253 mea.
1288 2209 1351 2249 os
1372 2192 1561 2269 salvos
1592 2190 1737 2257 fecit,

520 2269 589 2324 Et
618 2264 780 2338 super
805 2283 921 2325 ves-
1288 2278 1348 2320 se
1371 2264 1679 2338 ipsumnon

522 2351 629 2394 tein
661 2334 837 2394 meam
1289 2334 1473 2406 potest
1490 2334 1707 2406 salvum

516 2414 784 2466 miserunt
1290 2405 1471 2461 facere
1499 2423 1511 2458 :
1543 2405 1587 2458 si
1617 2420 1711 2459 rex

520 2493 746 2538 sortem.
904 2500 921 2515 ι
1289 2476 1519 2533 Istrahel
1549 2484 1654 2541 est,
1678 2474 1801 2531 des-

449 2554 539 2610 56.
583 2554 649 2607 Et
673 2552 927 2607 sedentes
1289 2548 1486 2603 cendat
1513 2561 1657 2601 nunc

449 2625 741 2680 servabant
1289 2620 1360 2674 de
1382 2633 1566 2681 cruce,
1606 2626 1661 2672 et

1289 2688 1565 2743 credimus
1590 2689 1641 2741 ei
1669 2705 1682 2741 τ

1288 2760 1379 2814 45.
1421 2759 1495 2830 (b)
1521 2759 1566 2811 si
1595 2757 1635 2827 -ὶ-
1663 2755 1899 2812 conﬁdet
1927 2757 1979 2812 in

1287 2830 1420 2891 Deo,
1453 2830 1650 2883 liberet
1670 2842 1813 2881 nunc

1284 2916 1432 2967 eum,
1457 2903 1500 2954 si
1532 2900 1648 2954 vult
1676 2914 1799 2955 eum
1830 2918 1843 2954 :

1282 2971 1419 3027 dixit
1447 2970 1588 3026 enim
1610 2986 1629 3025 :

449 2696 541 2752 57.
581 2709 728 2776 eum.
760 2693 829 2747 Et
854 2692 1108 2761 inposue-

446 2778 569 2822 runt
600 2780 648 2819 et
677 2779 841 2832 supra

446 2846 610 2906 caput
631 2850 848 2890 causam

448 2910 567 2977 eius
593 2906 850 2977 scriptam
876 2922 890 2959 :

450 2979 550 3034 Hic
576 2986 660 3033 est
679 2993 773 3032 rex
798 2976 891 3031 Ju-

447 3050 731 3105 daeorum.
1284 3042 1423 3110 Quia
1443 3043 1539 3098 Dei
1571 3040 1715 3097 ﬁlius

448 3121 540 3179 58.
583 3120 734 3176 Tunc
758 3117 1003 3175 cruciﬁxi
1285 3130 1428 3170 sum.

878 3228 1114 3289 CODEX
1152 3227 1622 3285 CORBEIENSIS.

451 3337 718 3408 cemiejus
735 3331 817 3408 Et
836 3337 1103 3408 venerunt
1127 3328 1178 3380 in
1208 3326 1511 3408 locuiri,qui
1536 3324 1732 3408 dicitur
1755 3322 2044 3408 (ξοιεοιιιει³

450 3407 595 3478 quod
615 3395 695 3464 est
722 3401 1003 3478 Calvariae
1034 3399 1582 3478 ‘_l_ocus.nomina_t‘us.
1612 3395 1678 3450 Et
1698 3395 1966 3450 dederunt
1996 3396 2046 3450 ei

450 3469 635 3534 vinum
673 3476 858 3532 bibere
888 3489 1008 3527 cuin
1033 3470 1157 3524 felle
1189 3469 1429 3522 mistutn.
1466 3469 1531 3522 Et
1557 3484 1718 3536 quum
1747 3478 2041 3535 gustasset,

448 3550 621 3605 noluit
643 3551 843 3604 bibere.
878 3545 1168 3611 Postquam
1198 3550 1376 3594 autem
1394 3540 1779 3594 crucilixerunt
1796 3554 1943 3603 eum,
1964 3538 2045 3593 di-

450 3623 695 3676 viserunt
734 3615 1053 3673 vestimenta
1081 3614 1220 3681 ejus,
1245 3622 1445 3665 sortem
1475 3611 1769 3665 mittentes.
1796 3618 1821 3645 ἰ
1857 3611 1924 3664 Ει
1949 3625 2038 3667 se-

446 3692 641 3746 dentes
684 3688 973 3744 servabant
1013 3700 1156 3737 eum.
1188 3684 1253 3736 Et
1292 3684 1662 3749 imposuerunt
1688 3696 1850 3749 super
1882 3689 2042 3749 caput

450 3761 824 3830 ejuscaussatn
844 3756 1013 3830 iusius
1028 3754 1281 3821 scriptam
1305 3754 1430 3830 :Hic
1444 3754 1556 3830 est‘
1582 3768 1670 3807 rex
1692 3751 2039 3806 Judaeorum.

450 3825 603 3886 Tunc
625 3832 645 3862 ⁸
677 3828 917 3885 cruciﬁxi
972 3836 1096 3878 sunt
1126 3842 1247 3877 cum
1279 3838 1346 3878 eo
1372 3825 1479 3877 duo
1508 3825 1747 3875 latrones
1779 3840 1790 3874 :
1833 3839 1971 3877 unus
2015 3839 2044 3877 a

452 3903 680 3967 dextris,
704 3913 759 3955 et
783 3913 919 3952 unus
941 3912 970 3950 a
994 3894 1250 3949 sinistris.
1277 3894 1883 3967 Praetereuntesautem
1909 3895 2051 3967 blas-

450 3964 779 4044 phemabant
797 3984 918 4044 eum
950 3976 1233 4044 moventes
1246 3967 1557 4044 capitasua,
1583 3977 1635 4044 et
1663 3965 1909 4044 dicentes
1935 3981 1948 4017 :
1980 3964 1999 3995 ⁵
2021 3965 2047 4003 b

451 4034 553 4111 Qui
578 4042 896 4098 destruebas
917 4037 1175 4111 templum
1205 4035 1469 4111 Dei,_eti_n
1496 4036 1672 4111 tri_du_o
1692 4034 1820 4111 illud
1845 4037 2054 4111 reaed‘i-

402 4107 417 4115 ’
454 4106 656 4169 licabas
687 4133 699 4166 :
728 4114 887 4168 Salva
907 4107 1275 4175 temetipsum.
1302 4106 1357 4161 Si
1384 4106 1523 4159 lilius
1552 4106 1643 4160 Dei
1669 4121 1749 4171 es,
1780 4106 2051 4162 descende

451 4185 522 4240 de
552 4200 735 4239 cruce.
768 4181 1030 4238 Similiter
1062 4187 1240 4232 autem
1288 4185 1345 4232 et
1380 4176 1654 4246 principes
1708 4176 2048 4232 sacerdotum

452 4256 743 4311 illudentes
769 4269 890 4309 emn
922 4266 1046 4306 cum
1099 4251 1293 4304 scribis
1320 4260 1376 4302 et
1401 4248 1710 4302 senioribus
1754 4248 2045 4303 dicebant:

449 4329 603 4383 Alios
622 4323 968 4388 salviisfecit,
1001 4322 1240 4388 seipsum
1262 4337 1365 4374 non
1388 4328 1566 4388 potest
1585 4319 1794 4374 salvum
1826 4319 2042 4375 facere:

452 4400 500 4453 si
529 4414 621 4453 rex
648 4396 809 4452 Israel
836 4405 920 4449 est
945 4435 958 4456 ,
993 4392 1289 4447 descendat
1321 4407 1462 4445 nunc
1488 4391 1555 4444 de
1581 4405 1764 4457 cruce,
1797 4400 1850 4445 et
1870 4392 2046 4446 credi-

451 4486 572 4525 mus
620 4470 669 4524 ei
700 4487 712 4523 :
747 4466 968 4520 conlidit
1008 4464 1061 4518 in
1096 4463 1411 4517 “Domino:
1458 4462 1651 4515 liberet
1698 4478 1840 4517 nunc
1893 4479 2039 4531 eum,

449 4542 498 4599 si
527 4542 640 4598 vult
670 4558 684 4596 :
712 4537 851 4597 dixit
880 4535 1027 4594 enim
1055 4552 1071 4591 ι
1100 4536 1231 4603 Quia
1249 4534 1345 4589 Dei
1375 4533 1515 4588 ﬁlius
1539 4548 1679 4588 sum.

960 216 1238 276 EUSEBII
1276 208 1615 272 VERCELL.
1657 202 2110 263 EVANGELIUM
2153 201 2290 261 Cli'll
2335 200 2559 259 VARIIS
2598 200 2755 257 COD.
2795 198 3192 259 COLLATUM.

2580 315 2812 372 CODEX
2850 314 3303 373 VERONENSIS.

2982 412 3071 469 58.
3112 410 3262 466 Tunc
3282 404 3526 464 cruciﬁxi

2980 492 3109 539 sunt
3131 498 3251 538 cum
3278 495 3347 536 80

2981 555 3088 610 duo
3112 553 3353 609 latrones
3381 568 3395 604 :

2984 641 3122 681 unus
3147 640 3177 679 a
3206 624 3436 687 dextris,

2149 412 2290 477 eius.

2148 485 2239 541 55.
2282 484 2350 539 Ει
2377 492 2646 540 venerunt

2149 557 2201 610 in
2233 556 2432 620 locum,
2462 555 2552 625 qui

2146 627 2347 681 dicitur
2371 626 2567 681 Golco-

2151 700 2263 764 tlia,
2297 697 2440 768 quod
2471 707 2556 752 est
2601 760 2607 765 ,
2983 709 3038 752 et
3063 710 3201 751 unus
3227 696 3293 750 ad
3321 692 3579 748 sinistris.

2147 769 2429 823 Calvariae
2469 769 2552 823 lo-
2983 769 3073 824 59.
3115 768 3477 822 Transeuntes

2148 855 2263 895 cus.
2982 848 3161 893 autem
3196 839 3342 891 blas-

2148 911 2238 965 54.
2282 911 2348 964 Ει
2369 909 2635 966 dederunt
2981 910 3310 981 pltemabmt

2148 983 2195 1037 ei
2227 982 2409 1037 bibere
2981 998 3104 1038 eum
3129 990 3405 1035 moventes

2150 1053 2335 1107 viuum
2366 1068 2488 1107 cum
2982 1056 3158 1124 capita
3187 1067 3307 1117 sua,
3332 1061 3387 1106 et

2981 1120 3074 1180 40'.
3115 1124 3357 1179 dicentes
3388 1138 3402 1175 :
3434 1120 3510 1176 Va

2983 1198 3074 1266 qui
3099 1195 3416 1250 destruebas

2986 1268 3245 1335 templum
3272 1267 3387 1330 Dei,

2983 1350 3036 1393 et
3058 1340 3109 1393 in
3133 1338 3314 1392 triduo

2985 1410 3104 1464 illut
3133 1406 3386 1463 reaediﬁ-

2983 1482 3145 1536 cabas
3171 1498 3183 1532 :
3218 1480 3387 1534 libera

2988 1562 3058 1607 te.
3086 1551 3142 1607 Si
3166 1551 3310 1605 ﬁlius
3338 1547 3435 1603 Dei

2984 1638 3065 1691 es,
3096 1633 3145 1677 et
3177 1620 3447 1677 descende

2985 1694 3054 1750 de
3079 1708 3263 1749 cruce.

2985 1766 3077 1821 41.
3122 1763 3384 1822 Similiter

2987 1838 3257 1906 principes
3288 1851 3376 1889 sa-

2986 1909 3266 1964 cerdotum
3294 1906 3389 1961 de-

2986 1980 3236 2035 ludentes
3260 1992 3379 2032 cum

2984 2050 3200 2132 scribis,
3232 2048 3396 2132 (a).et

2985 2121 3285 2191 pbarisaeis
3304 2121 3342 2191 σί-

2149 1124 2275 1179 felle
2299 1124 2543 1177 mixtum.

2149 1194 2222 1250 Εῐ
2245 1211 2365 1250 cum
2391 1204 2609 1265 gustas-

2148 1276 2251 1330 set,
2278 1264 2452 1321 noluit
2477 1266 2560 1321 bi-

2150 1336 2299 1393 bere.

2149 1408 2238 1465 55.
2282 1408 2552 1477 Posquam
2581 1424 2681 1464 au-

2150 1489 2257 1535 tem
2286 1480 2500 1534 crucili-
2662 1503 2675 1514 ο

2149 1560 2345 1605 xerunt
2374 1565 2519 1616 eum,

2152 1622 2452 1676 diviserunt
2474 1621 2577 1676 sibi

2152 1694 2474 1748 vestimenta
2500 1693 2637 1761 ejus,

2154 1775 2355 1818 sortem
2381 1764 2596 1818 mitten-

2156 1845 2257 1900 tes,
2292 1845 2349 1889 ut
2370 1833 2558 1903 imple-

2153 1916 2301 1963 retur
2330 1906 2473 1975 quod

2152 1976 2352 2032 dictutn
2384 1986 2466 2031 est

2154 2064 2248 2120 per
2276 2048 2564 2120 profetam,

2152 2119 2423 2174 dicentem
2460 2136 2472 2170 :

2155 2190 2471 2245 Diviserunt
2984 2187 3075 2247 12.
3118 2187 3369 2247 dicebant
3397 2208 3411 2245 :
3435 2187 3588 2245 Alios

2154 2261 2255 2317 sibi
2282 2260 2572 2318 vestimen-
2986 2265 3167 2319 salvos
3193 2262 3341 2326 fecit,
3370 2275 3431 2315 se

2154 2343 2206 2387 ta
2233 2347 2372 2388 mea.
2406 2332 2473 2386 Et
2988 2336 3162 2405 ipsum
3188 2335 3394 2388 salvum
3421 2331 3499 2405 fa:

2986 2400 3111 2463 cere
3141 2419 3244 2459 non
3286 2400 3505 2473 potest?

2986 2478 3031 2534 si
3057 2492 3149 2533 rex
3173 2472 3401 2530 Istrahel

2986 2557 3090 2615 est,
3119 2546 3414 2603 descendat

2987 2619 3057 2675 de
3081 2634 3245 2674 cruce
3273 2630 3438 2678 nunc,

2987 2700 3042 2746 et
3072 2689 3346 2745 credimus
3376 2686 3425 2741 ei
3447 2702 3461 2737 :

2985 2762 3077 2818 45.
3122 2762 3199 2833 (b)
3225 2762 3269 2833 si
3300 2758 3342 2833 -ιη
3369 2752 3591 2812 conﬁdit

2987 2833 3042 2888 in
3074 2833 3207 2898 Deo,
3239 2832 3437 2886 liberet

2986 2914 3130 2961 hunc
3156 2916 3303 2967 eum,
3330 2901 3377 2955 si

2894 2986 2897 2989 ‘
2986 2977 3101 3047 vult
3127 2974 3200 3047 (c)
3233 2989 3357 3031 eum
3388 2971 3462 3042 1-:

2986 3046 3119 3103 dixit
3150 3048 3295 3101 enim
3318 3063 3332 3099 :

2984 3117 3117 3187 Quia
3146 3117 3244 3172 Dei
3276 3115 3416 3171 lilius
3452 3124 3589 3167 sum.

2612 3233 2843 3291 CODEX
2881 3233 3277 3291 BRIXIANUS.
3296 3230 3301 3234 ’

2152 3326 2434 3400 cem‘ejus.
2453 3327 2525 3400 Et
2550 3328 2830 3383 venientes
2856 3330 2907 3383 in
2937 3331 3112 3385 locum
3144 3330 3234 3400 qui
3264 3326 3460 3383 dicitur
3481 3323 3750 3394 Golgotha

2151 3398 2293 3467 quod
2318 3407 2399 3453 est
2426 3399 2706 3455 (Ialvariae
2734 3402 2905 3455 locus.
2941 3398 3214 3455 Dederunt
3241 3400 3290 3455 ei
3316 3400 3519 3454 bibere.
3538 3404 3749 3467 acetum

2149 3466 2271 3523 cum
2292 3469 2415 3524 felle
2433 3471 2682 3525 mixtum.
2702 3473 2765 3525 Et
2784 3488 2904 3526 cum
2925 3480 3193 3542 gustasset
3208 3466 3753 3542 noluitbibere.Post-

2149 3556 2309 3611 quam
2332 3550 2510 3596 autem
2533 3540 3088 3598 cruciﬁxerunteutn.
3105 3543 3404 3596 diviserunt
3426 3540 3749 3611 vestimenta

2148 3608 2269 3679 ejus
2285 3622 2432 3667 Sorte
2456 3616 2753 3668 mittentes.
2778 3613 3126 3669 Et‘sedentcs
3153 3613 3442 3668 servabant
3463 3625 3583 3665 eum
3619 3608 3744 3663 illic.

2147 3683 2215 3737 Et
2241 3684 2611 3752 imposuerunt
2640 3700 2805 3753 super
2840 3698 3000 3754 caput
3020 3687 3159 3751 ejus.
3191 3699 3404 3738 causam
3435 3682 3553 3750 ejus
3580 3679 3751 3754 scrib-

2150 3763 2279 3808 tam.
2306 3754 2402 3808 llic
2419 3767 2501 3809 est
2522 3754 2678 3811 Jesus
2700 3752 2792 3811 rex
2816 3752 3161 3812 Judaeorum.
3184 3755 3336 3810 Tunc
3354 3752 3750 3808 crucilixisseut

2150 3839 2273 3879 cum
2297 3839 2362 3879 eo
2391 3825 2528 3881 duos
2561 3827 2818 3881 latrones.
2863 3845 3029 3882 unum
3062 3844 3092 3881 a
3120 3829 3347 3881 dextris.
3398 3840 3449 3880 et
3500 3838 3668 3877 unum
3718 3837 3745 3875 a

2153 3896 2411 3950 sinistris.
2440 3899 2851 3954 Praetereuntes
2900 3914 3081 3953 autem
3132 3896 3582 3967 blaSpbemabant
3628 3909 3745 3947 eum

2157 3978 2437 4023 moventes
2466 3970 2642 4037 capita
2669 3985 2763 4023 sua
2808 3981 2861 4023 et
2886 3969 3152 4026 dicentes.
3182 3970 3283 4035 Qui
3310 3970 3562 4023 destrues
3616 3976 3746 4018 tem-

2158 4039 2302 4108 plum
2331 4040 2421 4093 Dei
2449 4052 2503 4094 et
2526 4042 2576 4093 in
2603 4041 2784 4105 triduo
2815 4042 2943 4096 illud
2974 4041 3312 4099 reaediﬁcas.
3361 4042 3510 4108 salva
3560 4043 3747 4091 temet-

2155 4107 2354 4177 ipsum.
2407 4110 2461 4167 Si
2496 4110 2637 4165 ﬁlius
2670 4112 2760 4166 Dei
2786 4128 2845 4166 es
2875 4114 3144 4168 descende
3172 4112 3239 4167 de
3269 4126 3452 4167 cruce.
3491 4107 3763 4166 Similiter

2154 4190 2210 4235 et
2232 4182 2501 4251 principes
2530 4186 2870 4238 sacerdotum
2903 4182 3211 4238 inludentes
3235 4179 3381 4237 eum.
3442 4196 3566 4235 cum
3611 4178 3745 4251 scri-

2157 4250 2242 4325 bis
2264 4260 2321 4307 et
2340 4254 2647 4325 senioribus
2673 4254 2772 4325 (a).
2808 4263 2864 4308 et
2895 4255 3194 4325 pharisaeis
3213 4254 3252 4325 ἢ
3279 4252 3550 4325 dicebant.
3602 4250 3745 4325 Alios

2155 4323 2334 4376 salvos
2365 4323 2511 4379 fecit.
2539 4341 2597 4381 se
2621 4320 2793 4392 ipsum
2828 4320 2932 4380 non
2972 4334 3150 4395 potest
3200 4320 3406 4379 salvum
3459 4322 3654 4395 facere.
3702 4320 3742 4371 si

2153 4410 2249 4448 rex
2275 4395 2496 4450 Sdrabel
2531 4404 2616 4451 est
2631 4398 2926 4451 descendat
2956 4392 3098 4452 nunc
3151 4396 3217 4450 de
3243 4410 3427 4450 cruce.
3470 4402 3531 4447 ut
3567 4392 3746 4447 videa-

2151 4481 2290 4520 mus.
2335 4478 2388 4520 et
2416 4468 2704 4522 credamus
2739 4469 2809 4523 ei.
2853 4470 3077 4524 conlidit
3108 4470 3157 4522 in
3188 4467 3358 4522 Deum
3392 4466 3583 4520 liberet
3609 4476 3746 4518 nunc

2152 2419 2318 2470 super
2354 2414 2560 2460 vestem

2153 2490 2330 2531 meam
2364 2476 2629 2532 miserunt

2152 2557 2379 2602 sortem.
2574 2606 2577 2609 Α

2153 2617 2243 2675 56.
2286 2618 2355 2673 Et
2376 2617 2629 2674 sedentes

2154 2690 2445 2744 servabant
2467 2704 2615 2744 eum.

2154 2760 2245 2815 57.
2288 2759 2358 2813 Ει
2398 2768 2699 2830 posuerunt

2153 2844 2319 2901 super
2346 2839 2508 2899 caput

2153 2902 2270 2972 ejus
2296 2916 2514 2957 Causam

2153 2973 2273 3041 ejus
2295 2976 2551 3043 scriptam
2578 2990 2593 3029 :

2157 3043 2255 3098 Hic
2281 3053 2363 3099 est
2392 3060 2485 3099 rex

2154 3114 2504 3172 Iudaeorum.

2144 4551 2268 4591 eum
2294 4538 2337 4592 si
2374 4538 2486 4593 vult
2513 4538 2586 4611 (c)
2612 4554 2736 4594 eum
2761 4540 2816 4611 1-.
2847 4541 2983 4595 dixit
3002 4542 3148 4597 enim
3175 4539 3299 4610 quia
3330 4537 3425 4593 Dei
3443 4536 3586 4591 lilius
3604 4550 3739 4591 sum.

1132 4650 1533 4710 VARIANTES
1568 4649 1953 4709 LECTlONES
1989 4650 2255 4711 CODICIS
2289 4654 2402 4712 MS.
2442 4655 2498 4710 S.
2540 4655 3047 4715 GERMANENSIS.

512 4794 530 4825 ι
566 4792 721 4843 locus.
746 4791 811 4843 Et

514 4856 535 4885 ²
568 4853 718 4903 Jesus
774 4902 775 4905 η

512 4915 535 4947 ³
568 4916 976 4967 cruciﬁxerunt...
998 4925 1210 4965 unum...
1237 4918 1288 4964 et
1310 4924 1460 4971 unum

2218 4793 2244 4887 ἔ
2272 4792 2393 4907 31υέ
2392 4789 2428 4910 1;
2431 4793 2654 4907 ﬂgiti-uit
2670 4794 2985 4860 templum,et
3003 4797 3050 4846 in
3069 4796 3280 4848 triduum
3296 4794 3417 4848 illud
3436 4794 3742 4848 reaediﬁcat:

1786 4997 2157 5057 BLANCHINI
2191 5002 2422 5061 NOTAE}.

522 5132 547 5159 δ
575 5118 732 5189 Quod
754 5119 996 5189 sequitur
1017 5118 1071 5171 in
1093 5116 1319 5174 Sixtinis
1371 5115 1558 5172 Bibliis
1591 5155 1605 5179 ,
1647 5124 1703 5169 ut
1728 5116 2043 5189 impleretur

446 5193 589 5266 quod
604 5188 800 5266 dictum
822 5188 915 5266 est,
941 5199 1071 5266 εις..
1096 5190 1379 5266 omissum
1398 5194 1667 5244 testantur
1688 5188 1789 5266 v_iri
1813 5190 1957 5266 docti
1988 5190 2041 5244 in

448 5258 701 5321 omnibus
728 5262 879 5317 libris
906 5259 1143 5319 antiquis
1171 5259 1412 5313 melioris
1437 5267 1601 5324 notae,
1630 5269 1683 5313 et
1710 5258 1814 5314 huc
1836 5260 1889 5314 in
1912 5259 2044 5314 Mat-

447 5338 592 5390 tbaao
623 5334 943 5389 translatum
968 5329 1053 5384 vel
1084 5344 1150 5383 ex
1174 5328 1470 5397 Evangelio
1516 5330 1813 5385 secundum
1836 5331 2041 5387 Joban-

448 5423 595 5487 nem,
638 5418 731 5460 aut
758 5407 935 5488 potius
952 5418 1029 5488 'ex
1056 5398 1254 5482 Psalmi
1288 5415 1399 5488 xxi,
1426 5414 1570 5488 vers,
1602 5401 1689 5481 l9.
1725 5402 1885 5488 Ducas
1906 5402 2041 5488 Bru-

445 5469 629 5549 gensis
660 5469 931 5532 variantes
952 5473 1215 5529 lectiones
1238 5470 1492 5525 editionis
1520 5469 1720 5525 Latina:
1744 5470 1811 5526 N.
1844 5472 1908 5525 Τ.
1939 5472 2040 5528 Ιιοο

435 5686 611 5743 αὐτόν.

2154 5119 2278 5175 loco
2305 5121 2674 5178 consulendaa.

2223 5190 2251 5229 ι)
2281 5191 2519 5248 Hilarius
2546 5194 2818 5250 consentit
2842 5195 2895 5251 in
2927 5194 3029 5250 hac
3057 5196 3291 5251 lectione
3318 5210 3441 5251 cum
3487 5211 3589 5251 ms.
3613 5193 3743 5250 Cor-

2150 5260 2356 5337 beiensj
2384 5281 2399 5330 ;
2430 5265 2532 5318 alia
2590 5264 2792 5335 optima
2832 5266 3164 5337 exemplaria
3195 5268 3559 5323 vetustissima
3606 5277 3744 5322 teste

2151 5332 2294 5406 Luca
2326 5335 2586 5405 Brugensi
2628 5332 2826 5406 legunt
2869 5332 3008 5395 eum
3048 5354 3154 5394 ms.
3186 5340 3373 5395 codice
3418 5337 3739 5395 Sun-Germ.

2150 5404 2392 5475 destruit,
2419 5404 2738 5479 r’eaediﬁcai.

519 5613 593 5707 (τι)
618 5612 696 5668 Ita
723 5623 777 5668 et
796 5614 917 5668 cod.
942 5612 1097 5667 Cant.
1132 5614 1219 5669 καὶ
1242 5613 1550 5686 Φαρισαίων.
1576 5636 1650 5649 -ο
1686 5606 1763 5680 (ὁ)
1804 5608 1969 5669 Addit
1996 5610 2040 5666 si

2157 5610 2268 5666 .iam
2301 5612 2423 5707 cod.
2467 5613 2623 5671 Cant.
2654 5615 2773 5672 Lat.
2813 5625 2868 5673 et
2902 5615 2999 5673 Gr.
3043 5619 3106 5674 εἰ.
3130 5646 3200 5660 --
3223 5616 3298 5689 (ο)
3326 5617 3403 5675 Ita
3433 5629 3486 5676 et
3509 5626 3612 5675 tex.
3643 5614 3735 5673 Gr.
