2024 3094
178 126 229 155 315

171 228 219 266 44.
240 228 270 257 Id
291 230 377 266 ipsum
390 236 480 260 autem

171 271 200 292 et
215 265 345 299 latrones,

170 301 218 336 qui
234 302 354 330 cruciﬁxi

170 341 251 364 erant
262 345 322 365 cum

169 379 215 408 (:39,
236 373 392 408 inpropera-

166 407 216 435 45.
238 408 300 435 bant
310 407 345 436 ei.
363 409 395 436 Et
410 414 480 446 post~

167 450 249 478 quam
265 446 353 472 cruci-

168 479 240 506 lian
252 486 292 507 est
306 481 341 507 ab
356 480 405 508 ho-

166 522 198 541 ra
213 519 291 542 sexta
304 521 382 544 tene-

165 549 233 577 brae
249 550 335 579 factae

163 591 230 613 sunt
241 595 320 621 super
331 595 363 614 u-

162 621 299 649 niversam

161 661 263 697 terram
277 665 362 694 usque

160 700 190 719 Ill
206 699 280 720 oram
295 701 346 722 no-

158 735 235 755 nam.

157 763 205 791 46.
227 763 305 792 Circa
316 765 383 793 liora
396 772 446 793 au-

157 804 212 827 lem
229 808 328 829 nonam

154 835 320 864 exclamavit

153 870 239 909 Iesus
246 879 313 900 voce
328 880 399 909 mag-

152 914 200 939 na,
214 907 310 935 dicens
326 917 333 935 :
349 907 400 937 ne.

150 942 183 972 li.
197 942 267 974 Heli.
284 943 352 971 lema
368 944 435 971 zab-

151 977 229 1005 thani
240 979 252 1004 ?
264 979 316 1006 hoc
326 985 388 1007 est:

151 1013 225 1041 Deus
238 1021 326 1048 meus,
342 1015 413 1044 Deus
427 1022 484 1044 me-

150 1056 194 1085 us,
211 1055 241 1076 ut
251 1051 317 1085 quid
331 1059 375 1080 me

149 1084 316 1118 dereliquis-

148 1119 197 1147 47.
219 1121 238 1148 ti
249 1121 261 1148 '.'
275 1121 389 1156 Quidam

149 1161 241 1183 autem
257 1157 313 1185 illic

147 1196 266 1226 stantes,
280 1198 308 1220 et
321 1194 398 1221 audi—

149 1233 229 1255 entes
241 1228 368 1257 dicebam
382 1239 389 1257 :

149 1262 255 1290 Heliam
271 1269 349 1292 vocat

147 1299 195 1326 48.
217 1300 280 1326 iste.
296 1301 329 1327 Et
338 1301 426 1328 conti-

148 1342 205 1361 nuo
223 1342 337 1363 currens

148 1377 223 1398 unus
238 1378 272 1398 ex
284 1372 322 1398 eis
333 1379 378 1400 ao-

148 1412 229 1442 cepta
240 1408 353 1442 spongia

150 1441 274 1476 implevit
284 1441 345 1470 ace-

149 1481 232 1513 to.et
244 1478 363 1513 inposuit

151 1512 178 1539 in
192 1512 355 1545 harundine.

147 1553 177 1575 et
192 1549 275 1576 dabat
290 1549 315 1576 ei
333 1550 408 1577 bibe-

147 1583 194 1610 49.
217 1592 257 1612 re.
274 1585 362 1613 Ceteri
379 1592 443 1613 vero

149 1619 189 1655 (ιι)
204 1620 332 1648 dixerunt
344 1621 364 1656 -ξ-
379 1630 384 1648 :
397 1621 442 1649 Si-

637 126 868 163 ΕνΑΝρειιυιι
885 125 947 155 SEC

1000 124 1072 154 DUM
1092 124 1312 153 MATTHJEUM.
1769 121 1822 151 546

373 184 486 214 CODEX
505 185 769 214 VERCELLFNSIS.

589 240 624 260 ne
634 232 772 260 videamus

600 269 626 302 ε)
640 269 663 296 si
678 268 752 295 venit
762 265 863 301 Helias,

601 304 628 340 ά)
644 309 672 332 et
682 304 719 341 (ε)
731 303 855 331 liberavit
867 303 886 339 -ι-

588 348 660 367 eum.

587 376 632 403 50.
652 375 732 404 Jesus
744 378 836 402 autem
850 374 900 403 ite-

586 419 644 439 rum
656 412 775 439 clamans

586 454 652 474 voce
665 454 773 481 magna,

585 483 674 510 emisit
688 482 821 517 spiritum.
834 481 868 509 Et

585 518 631 545 5L
651 525 715 546 ecce
728 518 819 545 velum

585 554 676 589 templi
690 553 803 581 scissum

583 596 625 617 est
641 591 668 617 ill
684 589 750 616 duas

582 631 673 660 partes
685 632 700 652 a
714 632 789 652 sum—

583 668 626 687 mo
638 668 721 696 usque
735 660 783 687 de-

580 701 683 728 orsum.
697 700 724 723 et
739 700 792 722 ter-

580 738 610 758 re
626 737 728 759 motum
744 731 800 759 fac-

579 771 635 794 tum
650 772 691 795 est
701 774 774 802 mag—

577 809 652 835 num,
668 807 696 830 et
707 807 799 837 petrae

576 838 640 865 lisse
653 843 725 871 sunt,
742 843 770 865 et

575 873 620 901 52.
641 881 800 901 monumen-

575 913 600 936 ta
615 910 747 944 patefacta

574 950 635 972 sunt
649 954 655 972 :
671 950 698 973 et
711 945 780 975 mult
800 964 807 971 .
830 964 837 972 .

573 987 640 1014 corp
654 1001 660 1008 .
684 1001 690 1007 .
706 988 721 1008 a
735 988 813 1008 sanc-

573 1020 662 1043 torum
674 1016 775 1044 dormi-

573 1070 580 1078 .
604 1071 611 1078 .
634 1072 640 1079 .
663 1059 818 1085 .um.sur—

571 1086 615 1115 55.
637 1107 644 1114 .
668 1109 674 1115 .
691 1092 797 1115 xerunt.
815 1087 849 1115 Et

572 1144 579 1150 .
603 1144 610 1151 .
623 1129 718 1151 euntes
732 1123 766 1151 de

572 1178 579 1185 .
602 1177 609 1185 .
625 1167 758 1186 onumen-

572 1214 578 1219 -
602 1215 608 1222 ι
631 1214 639 1222 ο
661 1215 667 1221 .
691 1214 698 1221 ο
714 1199 758 1222 081.
773 1201 864 1222 resur-

572 1248 581 1256 ι
603 1250 610 1256 .
634 1250 641 1257 .
663 1250 670 1257 ι
694 1251 700 1257 .
718 1238 797 1258 onetn

601 1285 609 1294 .
631 1287 638 1293 .
660 1285 668 1293 .
684 1274 708 1299 ς,
724 1273 806 1293 vene-

631 1322 639 1331 .
662 1321 668 1328 .
685 1301 712 1328 in
728 1309 807 1328 sanc-

571 1356 578 1363 .
603 1357 608 1363 .
632 1356 639 1364 .
662 1357 668 1363 .
683 1337 831 1370 civitatem,

571 1391 578 1398 .
601 1392 608 1399 .
630 1392 638 1401 .
652 1372 695 1400 llis
708 1379 791 1408 appa-

568 1585 614 1614 54.
636 1587 696 1614 viso
712 1592 799 1614 terrae

568 1627 642 1649 motu
657 1627 684 1650 et
694 1630 725 1650 ea
737 1629 805 1657 quae

370 1676 487 1705 CODEX
505 1677 740 1707 CORBEIENSIS.
775 1706 782 1710 .

148 1722 269 1758 Idipsum
288 1728 385 1760 autem
410 1729 438 1751 et
461 1724 590 1757 latrones,
615 1725 662 1760 qui
692 1726 699 1741 ³
726 1725 848 1753 cruciﬁxi
873 1730 953 1753 erant

151 1766 214 1785 cum
227 1766 270 1790 eo.
287 1759 507 1795 improperabant
520 1760 555 1788 ei.
575 1761 599 1787 A
613 1759 690 1788 sexta
716 1766 806 1788 autem
829 1761 894 1788 liora
913 1766 952 1789 te-

150 1794 253 1831 nebrae
268 1795 353 1822 factae
369 1794 433 1822 sunt
446 1803 528 1830 super
542 1797 693 1824 universam
704 1802 802 1824 terram
818 1804 902 1831 usque
916 1797 950 1824 nd

149 1828 246 1857 horam
259 1838 369 1858 nonam.
386 1832 418 1857 Et
430 1828 501 1858 circa
518 1832 611 1859 horum
623 1840 720 1858 nouant
732 1828 949 1859 clatnnvit'Jesus

149 1872 218 1892 voce
229 1867 459 1901 magna,dicens:
475 1871 488 1884 ¹¹
503 1867 574 1898 Ileli,
591 1869 658 1894 lema
675 1869 685 1883 '
701 1867 879 1894 sabacbtani?
898 1867 948 1895 boc

150 1906 193 1928 est
209 1910 217 1927 ε
244 1902 315 1929 Deus
339 1910 430 1934 meus,
447 1902 516 1930 Deus
531 1910 607 1930 meus
620 1924 626 1935 ,
644 1908 672 1930 ut
691 1903 753 1937 quid
767 1903 777 1918 ³
793 1911 835 1929 me
850 1903 949 1930 dereli—

151 1937 255 1970 quisti?
270 1938 383 1971 Quidam
396 1944 485 1964 autem
507 1938 561 1965 illic
573 1943 687 1973 stantes,
700 1944 725 1966 et
741 1939 881 1965 audientes
908 1938 949 1965 di-

149 1973 266 1999 cebant:
283 1973 385 2000 Heliam
399 1978 477 2003 vocat
488 1974 548 2000 iste.
567 1974 599 2001 Et
610 1976 738 2001 continuo
751 1982 865 2001 currens
879 1982 948 2002 unus

148 2015 182 2035 ex
197 2009 237 2035 eis
250 2014 391 2045 acceptam
407 2009 546 2044 spongiam
562 2010 683 2045 implevit
697 2016 785 2043 aceto,
808 2014 835 2036 et
861 2010 949 2044 impo-

149 2045 204 2070 suit
218 2044 357 2078 aruudtni,
373 2050 399 2072 et
413 2045 494 2071 dabat
509 2047 532 2072 ei
548 2046 651 2072 bibere.
663 2045 768 2072 Caeli-ri
786 2052 851 2072 vero
876 2045 949 2073 dice-

150 2079 217 2115 bant
231 2088 237 2106 τ
254 2080 318 2108 Sine
329 2080 469 2107 videamus
480 2089 514 2115 an
529 2082 620 2108 veniat
631 2081 720 2108 llelias
738 2081 855 2108 liberans
872 2088 946 2107 eum.

149 2114 230 2142 Jesus
239 2122 331 2143 autem
347 2116 443 2143 iterum
455 2114 577 2143 cliuuans
593 2124 658 2144 voce
670 2125 776 2151 magna,
792 2116 882 2143 emisit
895 2117 949 2150 spi-

150 2151 242 2177 ritum.
260 2151 294 2178 Et
308 2159 373 2178 ecce
391 2152 478 2178 velum
503 2153 594 2186 templi
621 2153 734 2180 scissum
762 2157 803 2179 est
830 2151 857 2178 in
881 2152 947 2179 duas

149 2191 243 2221 partes
255 2194 270 2213 3
286 2194 392 2214 8111111110
414 2195 497 2219 υςιιιιε
512 2187 637 2214 άΩΟΓΗΙΙΙΙ
648 2209 654 2218 ,
667 2194 693 2215 et
708 2193 778 2215 101⁸1⁸³
802 2193 872 2215 muta
896 2194 948 2221 CSI,

147 2227 175 2249 et
194 2228 288 2257 petrae
307 2224 409 2250 scissae
435 2224 508 2255 sunt;
522 2228 549 2250 et
563 2228 733 2251 monumenta
756 2228 848 2258 aperta
864 2228 946 2250 sunt:

147 2262 174 2284 et
208 2258 291 2285 multa
323 2266 436 2294 corpora
473 2264 650 2291 sanctorum,
682 2260 726 2294 qui
762 2260 945 2294 durmierant.

147 2298 338 2330 surrexerunt.
368 2293 401 2320 Et
432 2298 561 2322 exeuntes
600 2295 633 2321 de
669 2293 851 2322 mnuumentis
887 2293 948 2330 post

147 2329 377 2357 resurrectionem
403 2329 659 2364 ipsius..veneruut
687 2331 712 2357 in
739 2338 858 2357 sanctam
880 2331 946 2357 civi-

148 2369 233 2392 tatem
250 2386 257 2398 ,
284 2369 312 2392 et
335 2371 518 2400 apparuerunt
543 2367 644 2392 multis.
678 2365 806 2393 Centurio
832 2371 921 2393 autem
937 2385 945 2398 ,

147 2405 176 2427 et
196 2401 243 2434 qui
265 2408 326 2428 cum
354 2408 387 2427 eo
411 2406 512 2434 erant,
540 2401 725 2429 custodientes
748 2401 840 2429 Jesum
854 2422 861 2436 ,
887 2402 946 2429 viso

147 2441 238 2465 terrae
254 2441 329 2465 motu
343 2441 370 2465 et
379 2436 422 2465 his
436 2444 504 2472 quae
517 2436 565 2465 ﬁe-
871 2447 874 2450 '

1240 182 1357 211 CODEX
1376 181 1603 211 VERONENSIS.

1020 230 1066 258 44.
1086 229 1115 258 Id
1128 231 1216 265 ipsum
1230 234 1319 259 autem
1437 230 1502 257 Sine
1516 230 1654 256 videamus

1019 271 1047 294 et
1061 266 1191 298 latrones.
1203 266 1249 301 qui
1437 266 1473 328 ξε)
1489 266 1511 291 si
1526 266 1544 300 ἢ
1559 265 1649 292 veniet

1019 302 1140 328 cruciﬁxi
1153 306 1232 328 erant
1450 301 1537 328 lelias.
1553 301 1595 328 (di
1611 305 1638 327 et

1018 302 1140 330 cruciﬁxi
1153 298 1232 329 erant
1437 298 1538 333 Helias,
1553 301 1595 336 (d)
1611 305 1638 327 et
1652 298 1687 335 (ε)
1703 299 1736 328 li-

1018 345 1079 365 cum
1093 345 1136 368 eo.
1151 337 1254 372 impro—
1436 337 1537 364 beravit
1548 337 1566 371 »ζα
1581 344 1653 367 eum,

1018 373 1150 409 perabant
1163 373 1198 401 ci.
1436 373 1479 400 50.
1502 372 1580 409 Jesus
1593 375 1684 398 autem

1016 408 1062 437 $5.
1083 410 1117 437 Et
1130 413 1271 445 postquam
1282 415 1346 437 cru-
1434 409 1530 437 iterum
1543 408 1663 435 clamans

1016 445 1113 472 cilixus
1127 451 1169 472 est
1183 453 1197 471 a
1212 452 1275 472 εει-
1433 451 1501 472 voce
1513 450 1635 479 magna”

1018 485 1042 507 ta
1059 484 1124 508 hora
1136 481 1265 508 tenebrae
1433 480 1524 508 emisit
1535 479 1615 514 spiri-

1015 516 1101 544 factae
1120 520 1183 544 sunt
1199 524 1243 543 su-
1433 520 1501 544 tum.

1014 559 1064 587 per
1076 552 1231 580 universam
1433 552 1478 579 51.
1500 551 1533 579 Et
1548 558 1612 579 ecce
1623 549 1713 579 velum

1013 594 1113 615 terram
1127 595 1213 623 usque
1433 587 1524 623 templi
1537 588 1650 623 scissum

1012 623 1046 651 ad
1061 623 1155 651 horatn
1168 622 1219 651 uo-
1431 629 1472 651 est
1487 622 1513 651 in
1527 622 1597 650 duas

1013 667 1085 686 nam.
1430 664 1520 694 partes
1530 665 1545 685 a
1558 665 1633 685 sum-

1010 694 1057 722 46.
1077 694 1155 723 Circa
1170 694 1264 722 boram
1429 693 1475 722 nio
1489 701 1573 730 usque
1585 693 1634 722 de-

1010 738 1109 758 nonam
1123 730 1251 759 clamavit
1428 737 1534 763 orsum.

1009 766 1088 794 Jesus
1100 774 1168 794 voce
1427 771 1455 793 et
1469 771 1540 794 terra

1009 809 1105 837 magna
1117 811 1123 829 :
1142 802 1212 834 Heli.
1427 807 1500 830 mota
1514 805 1567 835 est,

1008 837 1078 870 Heli,
1095 838 1163 865 lama
1176 838 1214 873 (a)
1230 845 1276 865 za-
1426 843 1454 865 et
1467 844 1559 873 petrae
1571 836 1651 864 ﬁssae

1008 874 1081 908 ptani
1093 874 1131 909 -Η
1147 873 1199 901 hoc
1427 873 1473 901 52.
1494 877 1567 904 sunt.
1582 876 1610 900 et
1622 877 1718 899 monu-

1007 914 1049 936 est
1060 917 1066 936 :
1084 910 1154 937 Deus
1169 916 1257 943 meus,

1006 944 1078 972 Deus
1094 953 1169 973 meus
1182 966 1189 978 ,

1005 985 1034 1007 ut
1048 981 1112 1015 quid
1126 989 1170 1008 tne
1183 980 1231 1008 de-

1005 1016 1140 1051 reliquisti
1151 1017 1163 1043 *ἶ

1003 1051 1049 1078 47.
1070 1052 1184 1086 Quidam

1004 1092 1094 1115 autem

1004 1122 1060 1151 illic
1074 1128 1193 1157 stantes,

1003 1163 1032 1185 et
1046 1159 1186 1187 audientes
1197 1160 1240 1187 di-

1427 913 1518 938 menta
1529 916 1608 943 aper-

1425 949 1451 972 ta
1463 949 1541 973 sunt:
1558 948 1586 972 et

1426 981 1508 1009 multa
1523 986 1637 1015 corpora

1424 1021 1579 1044 sanctorum
1593 1015 1656 1042 dor-

1424 1052 1577 1083 mientium.
1596 1056 1687 1077 surre-

1422 1088 1467 1116 53.
1487 1091 1597 1119 xerunt,
1614 1085 1649 1113 Et
1661 1091 1707 1112 ex-

1422 1128 1517 1151 euntes
1529 1122 1563 1150 de
1573 1129 1634 1151 mo-

1421 1158 1559 1187 numentis
1574 1162 1635 1193 post

1003 1196 1101 1221 cebant
1113 1204 1119 1222 :
1135 1195 1229 1222 Helian
1421 1194 1651 1222 resurrectionem

1004 1234 1083 1257 vocat
1097 1231 1158 1258 iste.
1422 1230 1518 1265 ipsius,
1532 1230 1667 1257 venerunt

1003 1265 1048 1292 48.
1070 1265 1105 1292 Ει
1119 1265 1248 1292 conlitin
1421 1265 1448 1292 in
1464 1269 1586 1292 sanctam

1003 1307 1116 1328 currens
1132 1308 1202 1327 unus
1420 1300 1569 1329 civitatem.

1003 1343 1039 1363 ex
1055 1337 1095 1363 eis
1108 1341 1219 1372 accepta
1421 1341 1449 1364 et
1461 1336 1552 1363 multis
1565 1342 1614 1370 ap-

1002 1372 1116 1407 spongia
1420 1375 1580 1407 paruerunt.

1003 1405 1125 1442 implevit
1418 1405 1464 1435 54.
1484 1405 1614 1435 Centurio

1002 1448 1090 1475 aceto.
1106 1447 1134 1471 et
1148 1443 1234 1478 impo-
1417 1448 1518 1476 autem,

1002 1479 1057 1506 suit
1073 1479 1227 1514 liarundiui,
1421 1484 1448 1506 et
1462 1479 1506 1514 qui
1518 1485 1579 1506 cum
1590 1484 1625 1514 e9

1002 1518 1030 1541 et
1045 1514 1126 1542 dabat
1137 1515 1163 1543 ei
1219 1512 1223 1514 ⁷
1422 1512 1510 1547 erant,
1522 1512 1678 1542 custodien-

1002 1548 1105 1578 bibere.
1423 1556 1463 1578 tes
1477 1550 1568 1578 .lesum
1576 1569 1584 1583 ,
1601 1547 1658 1575 viso

1003 1584 1048 1623 l9.
1068 1585 1158 1623 Ceteri
1172 1593 1237 1615 vero
1249 1586 1289 1623 (b)
1422 1591 1570 1623 terremqu

1003 1621 1131 1650 dixerunt
1140 1622 1176 1659 1-:
1253 1619 1257 1623 ⁷
1278 1619 1284 1623 ⁷
1421 1627 1448 1650 et
1461 1622 1502 1650 bis
1514 1628 1582 1657 quae
1594 1619 1642 1647 lie-

1236 1679 1353 1708 CODEX
1371 1678 1568 1707 BRIXIANUS.

1003 1725 1122 1760 Idipsum
1136 1729 1238 1755 autem.
1254 1731 1283 1754 et
1302 1727 1423 1754 latrones
1436 1725 1480 1760 qui
1496 1723 1615 1753 crucilixi
1635 1724 1713 1760 erant
1738 1726 1800 1747 cum

1003 1758 1280 1796 eo'itnproperabant
1302 1762 1347 1789 ei.
1365 1782 1371 1790 .
1389 1758 1499 1789 Aséxla
1524 1766 1613 1788 autem
1635 1758 1701 1784 liora
1725 1760 1800 1782 tene-

1002 1795 1068 1832 brae
1088 1795 1173 1824 laetae
1193 1803 1264 1823 sunt.
1297 1805 1379 1832 super
1405 1797 1558 1823 universam
1589 1800 1688 1822 terram
1713 1797 1798 1832 usque

1000 1832 1035 1859 ad
1063 1831 1157 1858 horatn
1178 1839 1287 1859 nonam.
1309 1826 1386 1860 Circa
1404 1833 1497 1859 horam
1513 1834 1724 1867 autetujulﬁnﬂ
1744 1826 1800 1867 “'3’

1001 1867 1083 1894 mavit
1110 1867 1188 1894 Jesns
1224 1876 1290 1895 voce
1322 1876 1416 1903 magna
1443 1868 1547 1894 dicens.
1572 1864 1641 1903 lleli.
1668 1863 1736 1890 lleli.
1767 1861 1799 1903 li:

1000 1904 1215 1930 musabactbani.
1238 1906 1288 1930 boc
1302 1909 1353 1931 est.
1369 1901 1442 1931 Deus
1467 1910 1552 1930 meus.
1571 1902 1641 1929 Deus
1661 1905 1747 1926 uicus.
1770 1901 1800 1923 ut

1000 1939 1064 1973 quid
1082 1947 1124 1976 me
1145 1939 1324 1974 dereliquisti.
1349 1940 1584 1976 Quidamrantem.
1606 1936 1661 1963 illic
1676 1938 1795 1976 stantes:

1000 1968 1028 2000 et
1050 1974 1202 2002 audientes.
1220 1968 1441 2009 dicebautfquia
1467 1974 1560 2001 lleliau
1577 1976 1656 2000 vowt
1676 1968 1797 2009 iste..Et

1000 2011 1130 2037 continuo
1145 2011 1294 2038 adcurrens
1309 2019 1380 2038 unus
1389 2019 1421 2037 ex
1435 2011 1474 2037 eis
1487 2013 1596 2044 au'ceptu
1612 2012 1796 2045 spttﬂﬂea.‘.“3‘

1002 2046 1083 2079 plevit
1098 2052 1185 2072 aceto.
1210 2051 1236 2074 et
1257 2047 1385 2080 imposuit
1403 2040 1561 2073 harundiui.‘
1580 2049 1606 2071 et
1622 2040 1703 2070 dabat
1717 2040 1797 2080 ei‘bi-l

1001 2074 1188 2119 iicreaceteri
1211 2074 1302 2109 auteui
1323 2081 1458 2119 dicebant.
1482 2081 1546 2109 Sine
1568 2079 1706 2119 videamus
1722 2074 1797 2119 (ε).ῥί

999 2116 1018 2151 ῒ
1030 2117 1103 2143 venit
1114 2117 1206 2144 Helias
1218 2118 1323 2145 salvare
1338 2125 1412 2145 eum.
1427 2117 1506 2144 .lesns
1517 2114 1727 2150 antemniterum
1741 2111 1797 2151 cla-

1000 2147 1077 2179 iuans
1102 2160 1168 2180 voce
1191 2161 1296 2187 magna.
1313 2153 1403 2180 emisit
1422 2152 1557 2187 spiritum.
1575 2151 1608 2177 Et
1622 2147 1692 2176 'eccc
1706 2147 1796 2187 velum

1000 2188 1093 2221 templi
1105 2190 1219 2215 scissum
1232 2181 1273 2216 est
1288 2189 1314 2215 in
1327 2189 1392 2215 duas
1403 2181 1493 2222 partes
1507 2195 1521 2213 ιι
1533 2192 1640 2213 summo
1653 2190 1740 2217 usque
1749 2181 1796 2209 de-

999 2230 1102 2251 orsum.
1119 2229 1146 2251 Cl
1162 2229 1233 2251 terra
1249 2229 1320 2251 mula
1330 2229 1381 2251 05L
1398 2228 1425 2251 ει
1448 2228 1541 2258 petrae
1561 2223 1661 2248 scissae
1676 2223 1749 2247 ειιιιι.
1771 2222 1798 2245 el

999 2265 1172 2286 monumenta
1183 2265 1276 2294 aperta
1288 2264 1360 2286 δυιιι.
1370 2264 1396 2286 et
1408 2260 1490 2286 111ι11ίέ1
1505 2265 1617 2292 (‘OYPOI‘SI
1632 2259 1797 2294 sanctorum.

1000 2295 1046 2328 qui
1063 2292 1239 2332 dormierunt.
1257 2294 1492 2332 surrexerunl._l£t
1504 2298 1634 2332 emuntes
1649 2292 1687 2332 'de
1703 2295 1800 2332 mnuu-

1001 2330 1108 2357 tnentis.
1117 2336 1178 2365 post
1191 2331 1416 2358 resurrectionem
1429 2330 1498 2365 ejus.
1509 2329 1708 2365 introierunthin
1718 2330 1797 2363 sanc-

1001 2369 1053 2391 tam
1078 2360 1225 2393 civitatem.
1250 2371 1278 2393 et
1303 2360 1485 2402 apparuerunt
1506 2364 1598 2402 multis
1615 2383 1621 2389 .
1637 2383 1643 2389 .
1666 2360 1797 2402 centurio

998 2406 1089 2428 autem
1121 2406 1148 2428 et
1167 2402 1212 2436 qui
1235 2410 1296 2430 cum
1319 2395 1353 2430 eo
1386 2407 1463 2429 erant
1486 2400 1668 2429 custodientes
1691 2395 1795 2424 Jesuui.

997 2440 1056 2465 viso
1080 2441 1236 2465 terremotu.
1254 2443 1281 2465 et
1304 2437 1346 2465 his
1362 2445 1430 2473 quae
1444 2438 1494 2465 lie-

489 2494 688 2524 VARIANTES
707 2495 899 2524 LECTIONES
917 2495 1051 2532 CODICIS
1070 2497 1125 2525 MS.
1145 2496 1174 2525 S.
1195 2495 1449 2524 GERMANENSIS.

179 2545 188 2560 ¹
209 2543 249 2569 ﬂxl

179 2576 191 2591 ³
208 2574 348 2600 ubacthani
355 2574 368 2600 9

1032 2543 1042 2561 ⁸
1057 2543 1213 2576 dereliquistj
1225 2543 1284 2568 me?

825 2605 1006 2634 BLANCHINI
1025 2605 1141 2634 ΝΟΤᾸΕ.

187 2668 201 2682 α
216 2664 343 2692 Hebraica
356 2663 436 2691 verba
453 2663 556 2691 Latinis
575 2664 715 2699 peregrina
729 2664 804 2691 varie
818 2664 942 2692 scribun-

146 2706 195 2728 tur
206 2701 230 2727 in
244 2708 308 2727 mss.
326 2699 411 2731 libris,
424 2700 471 2727 sed
488 2700 586 2734 ubique
598 2705 736 2734 corrupte,
762 2705 791 2727 nt
813 2706 877 2727 ante
894 2707 942 2727 nos

146 2737 289 2763 adnotavit
312 2736 457 2768 Brugensis
482 2743 555 2769 sanie
577 2735 710 2763 laudatus.
737 2735 873 2770 lnterpres
889 2735 944 2764 Go-

146 2772 239 2800 tbicns
251 2779 300 2807 pro
313 2771 373 2804 Ὲλί,
391 2771 484 2799 scribit
498 2771 615 2807 aspirate
630 2770 705 2799 Helei
718 2779 729 2804 ;
741 2776 769 2800 et
782 2779 831 2807 pro
846 2772 942 2800 Graeco

995 2663 1077 2691 Ἠλίαν
1090 2662 1171 2695 infra.
1182 2667 1210 2691 et
1225 2663 1323 2691 Latino
1336 2662 1436 2696 Elian,
1451 2664 1571 2692 Occurrit
1584 2663 1728 2692 Gotlticum
1742 2661 1796 2689 He-

996 2699 1059 2732 liau,
1073 2703 1101 2727 et
1112 2699 1276 2727 Saxonicum
1292 2699 1407 2735 Heliam.
1435 2700 1474 2728 lta
1491 2699 1623 2727 Marescli.
1638 2699 1752 2735 Observ.
1768 2699 1795 2726 in

996 2735 1163 2774 vers._Angl.
1177 2734 1362 2774 Sax.p._500.
1385 2736 1563 2774 Beneigitur
1578 2734 1704 2774 convenit
1728 2741 1794 2762 mss.

996 2770 1096 2799 nostris
1108 2779 1169 2800 cum
1182 2772 1350 2800 versionibus
1364 2772 1450 2805 antiq.
1465 2771 1541 2798 hisce
1556 2770 1687 2797 barbaris.

185 2838 223 2875 (a)
342 2838 420 2880 9am.
452 2842 517 2880 Lat;
529 2842 768 2880 Zaptltaningant.
783 2842 831 2870 Gr.
847 2844 947 2880 ζαφθᾳνι

999 2847 1022 2870 et
1042 2849 1122 2869 manu
1143 2842 1287 2880 recentiori
1305 2842 1435 2880 σαφᾷανιί.
1449 2854 1485 2861 -
1501 2840 1539 2876 (ὁ)
1552 2839 1592 2869 Ita
1605 2844 1634 2869 et
1645 2840 1707 2871 cod.
1718 2840 1796 2870 Cant.

146 2874 229 2903 am.
242 2890 277 2896 —
290 2875 483 2911 (c).lui‘ttatex.
498 2877 545 2907 Gr.
567 2874 598 2906 ii.
612 2893 646 2899 —
661 2878 701 2914 (ά)
724 2877 759 2907 Ita
778 2882 806 2906 et
824 2874 888 2907 cod.’
909 2879 945 2908 Ca

1003 2879 1046 2907 καὶ
1065 2880 1157 2906 σὼσιι.
1174 2892 1208 2899 -
1222 2878 1259 2912 (ε)
1273 2885 1286 2904 υ
1300 2874 1351 2912 ριιό
1362 2876 1386 2903 ὑ.
1426 2897 1443 2915 3
