4048 6188
836 376 1067 433 CUDEX
1111 374 1645 433 VEBCELLENSIS.

444 462 1008 524 ﬂeb....timue-

446 608 995 677 ...centes:V.-;
1280 609 1931 667 .......adoste-

443 692 505 734 re
541 678 633 735 Dei
664 679 809 735 ﬁlius
837 689 958 736 erat
1278 682 1369 735 um
1401 693 1724 735 monumen-

440 749 563 806 iste.
1278 751 1367 807 61.
1396 752 1455 820 ιῑ,
1479 763 1532 807 et
1558 751 1709 806 abiit.
1735 752 1863 808 Erat

442 820 535 877 55.
581 858 600 877 .
642 861 654 875 .
689 837 786 878 ran
811 862 825 874 .
866 862 881 876 .
912 831 1093 881 autem
1275 834 1459 878 autem
1489 824 1562 879 ibi
1587 822 1700 877 Ma-

440 891 514 947 ibi
546 892 798 949 mulieres
1272 895 1349 948 ria
1380 893 1648 964 Magdale-

1272 980 1398 1027 nae.
1428 976 1483 1021 et
1508 966 1680 1020 altera

1272 1035 1460 1102 Maria,
1496 1038 1695 1093 seden-

1278 1116 1521 1164 1080011.
1566 1149 1579 1162 .
1623 1145 1638 1160 .
1668 1120 1754 1163 88°

1280 1220 1293 1232 .
1339 1183 1537 1234 .ulcr.
1582 1220 1597 1235 .
1641 1219 1655 1230 .

1277 1249 1367 1305 69..
1407 1250 1592 1306 Altera
1619 1256 1797 1306 autem

1278 1320 1388 1387 die,
1413 1336 1551 1390 quae
1594 1362 1608 1377 .
1652 1357 1667 1373 .
1711 1358 1728 1375 .
1772 1360 1788 1376 .

1282 1402 1406 1461 post
1430 1407 1587 1462 paras
1615 1430 1630 1445 .
1675 1430 1688 1444 .
1728 1421 1758 1437 .-

439 964 642 1019 multae
666 979 695 1017 a
725 966 845 1019 lon-

437 1049 524 1104 ge,
556 1034 635 1109 (a)
660 1035 905 1113 videntes
936 1037 995 1109 1-,
1025 1053 1166 1113 quae

439 1108 659 1162 secutae
687 1108 800 1163 iue-

438 1186 562 1231 rant
586 1176 771 1233 Jesum
802 1193 832 1233 a
860 1177 1007 1235 Cana
1028 1178 1136 1237 Ga-

441 1246 589 1312 lilea,
620 1248 807 1305 minis-

438 1316 528 1373 56.
572 1327 779 1375 trantes
807 1320 856 1376 ei
880 1336 895 1375 :
922 1320 961 1376 i.
984 1349 1013 1362 -

441 1398 525 1460 ter
543 1404 678 1460 quas
707 1406 768 1447 er
793 1432 807 1445 .
853 1430 868 1445 .

440 1459 606 1533 Maria
637 1462 785 1533 Mag-

440 1569 458 1587 .
505 1570 518 1584 .
552 1532 767 1600 alenae,
799 1548 831 1589 e
860 1574 873 1587 .
918 1574 932 1587 .

439 1600 607 1658 Maria
635 1603 733 1659 Jac
760 1644 777 1660 .
821 1642 836 1659 .
868 1605 883 1660 i

1282 1477 1353 1518 γε
1375 1478 1553 1519 εοηνθ
1584 1504 1598 1518 .
1643 1503 1655 1516 .
1696 1493 1724 1506 -

1280 1543 1407 1589 rtmt
1428 1534 1545 1603 prin
1576 1575 1589 1589 .
1636 1574 1651 1590 .
1690 1564 1716 1576 -

1279 1620 1376 1675 pes
1406 1607 1598 1661 sacerd
1634 1645 1646 1659 .
1691 1645 1705 1658 .
1752 1644 1765 1658 .
1812 1649 1824 1661 .
1872 1647 1884 1659 .

1279 1678 1537 1745 etpltar.
1583 1715 1598 1732 .
1644 1717 1655 1731 .
1705 1717 1719 1732 .
1766 1717 1779 1731 .

442 1782 455 1798 .
499 1780 516 1801 .
559 1784 576 1800 .
620 1784 636 1800 .
681 1786 697 1801 .
743 1786 757 1800 .
810 1760 900 1802 um
943 1746 1202 1807 Zebedei.
1277 1747 1595 1803 adPilatu.
1641 1788 1654 1801 .
1700 1789 1715 1802 .
1761 1787 1775 1801 .

1279 1819 2000 1877 65.centes:......

442 1905 1128 1946 ...'....
1278 1905 1771 1945 nerem....-

437 1958 526 2012 57.
569 1966 735 2026 esset,
765 1974 872 2015 ve.
920 2001 935 2015 .
981 2001 994 2015 .
1275 1961 1504 2016 ratisu.
1552 2000 1567 2015 .
1614 2002 1628 2016 .
1674 2003 1687 2016 .
1733 2002 1747 2017 .
1792 2002 1806 2015 .

476 2027 849 2087 uidamhomo
1278 2066 1295 2086 .
1375 2074 1389 2086 .
1472 2074 1485 2086 .
1563 2073 1578 2086 .
1661 2075 1674 2087 .
1755 2072 1771 2088 .
1852 2071 1867 2086 .
1948 2073 1962 2085 .

477 2099 1026 2174 i_vespab(b)fArima-
1279 2144 1292 2156 .
1370 2144 1390 2159 .
1468 2144 1482 2157 .
1561 2141 1577 2158 .
1658 2142 1673 2159 .
1753 2143 1768 2159 .
1848 2141 1865 2156 .
1942 2144 1957 2158 .

440 2169 883 2242 thia-j.nomlne
1280 2214 1293 2228 .
1373 2212 1388 2227 .
1469 2212 1485 2228 .
1565 2214 1577 2227 .
1658 2214 1672 2230 .
1754 2216 1768 2230 .
1852 2216 1864 2228 .
1944 2213 1959 2228 .

437 2311 671 2388 discipul
704 2356 779 2388 ._.
823 2356 839 2372 .
884 2355 898 2370 .
943 2356 958 2371 .
1003 2318 1061 2388 ,λ
1277 2316 1494 2371 tertium
1528 2357 1542 2370 .
1586 2356 1600 2371 .
1642 2356 1660 2372 .
1704 2361 1719 2372 .
1765 2360 1779 2374 .

438 2383 528 2439 58.
569 2393 688 2458 erat
720 2384 869 2458 Jesu.
912 2388 1010 2444 Hic
1036 2383 1097 2444 ᾖ·
1278 2401 1579 2458 resurgam.

442 2494 455 2507 .
502 2495 517 2510 .
564 2496 575 2507 .
619 2456 690 2510 sit
715 2456 784 2511 ad
812 2458 953 2513 Pila-

441 2564 457 2579 .
500 2540 615 2591 .m,
646 2536 754 2599 etp
787 2570 801 2586 .
847 2530 977 2585 .tiit
1002 2545 1134 2587 co.-

443 2635 457 2650 .
503 2636 517 2651 .
549 2611 613 2651 us
639 2596 784 2653 Jesu.
816 2600 971 2657 Tunc

443 2666 648 2721 Pilatus
667 2668 834 2736 jussit

439 2737 593 2809 reddi
623 2752 841 2809 corpus.

441 2807 531 2863 59.
572 2809 641 2883 _Et
666 2807 788 2866 cum
819 2811 1067 2883 accepis-

441 2888 527 2935 set
564 2878 690 2934 Jose
724 2922 738 2936 .
783 2921 797 2935 .
826 2896 948 2937 cor-

440 2964 542 3019 pus
566 2950 715 3017 Jesu,
740 2952 915 3008 invol-

439 3036 519 3099 v.
565 3061 580 3076 .
624 3062 639 3078 .
684 3060 699 3076 .
743 3023 1099 3099 ._udinsyn-

440 3090 583 3147 done
611 3094 828 3151 munda.

440 3162 532 3245 βο.
575 3162 644 3218 Ει
675 3166 852 3235 posuit
875 3182 942 3223 eu
974 3208 986 3221 .
1032 3208 1046 3223 .

438 3249 495 3289 Ill
523 3250 744 3292 monum
779 3277 793 3291 .
838 3278 852 3293 ι
898 3278 912 3293 .
958 3279 972 3293 .

442 3322 863 3363 ..ιιοηον..

445 3414 459 3429 .
505 3416 519 3429 .
545 3376 616 3433 od
643 3380 832 3439 excide
861 3420 876 3437 .
920 3421 936 3437 .
980 3422 995 3437 .
1272 3381 1643 3464 pejorpriori.

445 3485 460 3501 .
540 3489 556 3504 .
633 3488 649 3506 .
729 3491 744 3506 .
823 3491 841 3507 .
917 3490 933 3505 .
1012 3491 1027 3506 .
1107 3494 1121 3506 .
1271 3454 1365 3510 65.
1405 3449 1497 3507 Ait
1524 3449 1905 3508 illisPilatus:

858 3545 1092 3603 CODEX
1129 3545 1609 3604 CORBEIENSIS.

442 3635 571 3691 bant
595 3678 610 3703 ,
640 3637 935 3695 timuerunt
973 3639 1150 3706 valde,
1200 3640 1481 3697 dicentes:
1527 3640 1668 3696 Vere
1713 3639 1806 3694 Dei
1846 3637 1989 3694 ﬁlius
2022 3638 2037 3669 ⁸

443 3718 559 3761 erat
586 3710 711 3764 iste.
743 3710 913 3765 Erant
959 3722 1137 3767 autem
1167 3710 1242 3767 ibi
1271 3711 1524 3767 mulieres
1554 3712 1754 3767 multae
1775 3725 1806 3765 a
1841 3710 1996 3781 longe
2021 3751 2038 3777 ,

443 3792 869 3861 quaesequutae
896 3780 1107 3837 fuerant
1131 3782 1341 3861 Jcs‘um_
1362 3799 1389 3835 a
1414 3782 1683 3861 galliaea,
1720 3780 2036 3861 ministran-

445 3858 527 3922 tes
552 3851 601 3922 ei
631 3868 645 3905 :
688 3851 829 3922 inter
877 3867 1013 3920 quas
1057 3864 1175 3907 erat
1214 3853 1376 3908 Maria
1412 3853 1748 3922 Magdalene,
1784 3861 1839 3906 et
1874 3852 2039 3907 Maria

444 3918 627 3991 Jacobi
673 3930 728 3976 et
757 3918 958 3991 Joseph
988 3936 1183 3989 mater,
1214 3935 1268 3977 et
1291 3934 1464 3978 mater
1489 3918 2033 3979 tiliorum'Zebedaei.

445 3990 621 4065 Quum
644 3990 989 4065 seruantem
1015 3994 1207 4049 factum
1245 4005 1413 4061 esset,
1444 3996 1595 4065 venit
1631 3995 1848 4065 quidam
1873 3991 2038 4047 homo

448 4060 600 4117 dives
625 4063 692 4137 ab
721 4065 748 4137 ’7
768 4063 1137 4137 Arimatbaea,
1168 4060 1403 4137 nomine
1430 4060 1673 4137 Joseplt',
1707 4065 1798 4135 qui
1829 4075 1882 4119 et
1921 4064 2038 4132 ipse

446 4140 565 4188 erat
619 4134 917 4203 discipulus
971 4134 1119 4189 Jesu.
1166 4134 1263 4190 Hic
1313 4134 1636 4191 accessit'ad
1678 4137 1948 4199 Pilatum,
1984 4147 2037 4191 et

448 4205 832 4290 petiitncnrpus
884 4204 1032 4290 lesu.
1063 4205 1213 4262 Tunc
1265 4207 1469 4290 Pilatus
1507 4206 1865 4290 jttssi_t.redd_i
1914 4222 2036 4290 cor-

449 4290 566 4347 pus.
604 4275 669 4330 Et
715 4282 939 4347 accepto
987 4291 1236 4346 corpore,
1277 4279 1475 4347 .loseplt
1510 4275 1777 4334 involvit8
1808 4278 1940 4333 illud
1982 4280 2034 4334 in

446 4345 675 4402 sindone
717 4345 936 4403 munda.
974 4350 1037 4403 Et
1069 4345 1246 4419 posuit
1290 4345 1421 4405 illud
1453 4351 1505 4406 in
1548 4360 1897 4406 monumento
1937 4364 2035 4404 suo

447 4432 617 4482 novo,
673 4420 813 4489 quod
870 4420 1147 4492 exciderat
1197 4422 1247 4477 in
1301 4430 1472 4492 petra.
1535 4421 1600 4477 Et
1651 4421 1893 4476 advolvit
1947 4436 2036 4475 sa-

445 4503 574 4543 xum
607 4504 859 4558 magnum
901 4491 965 4545 ad
994 4495 1189 4546 ostium
1221 4493 1558 4549 monumenti
1580 4535 1595 4558 ,
1640 4502 1694 4548 et
1720 4492 1874 4547 abiit.
1908 4492 2038 4547 Erat

444 4568 623 4614 autent
658 4561 730 4615 ibi
758 4561 920 4616 Maria
943 4562 1273 4632 Magdalene,
1299 4575 1352 4619 et
1378 4568 1546 4621 altera
1577 4562 1760 4630 Maria,
1784 4564 2035 4620 sedentes

446 4640 633 4685 contra
677 4633 1006 4701 sepulcrum.
1057 4633 1239 4689 Altera
1263 4646 1442 4691 autem
1475 4637 1568 4691 die
1589 4678 1605 4703 ,
1640 4651 1778 4703 quae
1804 4645 1887 4692 est
1916 4644 2037 4707 post

1282 2456 1370 2513 64.
1410 2456 1547 2515 lube
1575 2475 1704 2531 ergo
1726 2474 1851 2518 cus-

1228 2554 1229 2557 η
1277 2531 1434 2585 todiri
1474 2532 1657 2599 sepul-

1275 2600 1464 2655 chrum
1488 2617 1661 2672 usque

1276 2672 1329 2726 in
1359 2672 1501 2726 diem
1527 2674 1683 2728 terti-

1274 2757 1366 2796 um
1390 2760 1404 2796 :
1436 2757 1502 2796 ne
1532 2742 1676 2799 forte

1275 2813 1491 2867 veniant
1521 2812 1638 2867 dis.

1275 2882 1441 2952 cipuli
1470 2883 1608 2953 ejus,
1640 2892 1700 2939 et

1277 2954 1527 3009 furentur
1549 2969 1697 3022 eum,

1277 3033 1334 3081 et
1353 3024 1535 3080 dicant
1564 3026 1681 3095 ple-

1278 3098 1329 3151 vi
1356 3116 1368 3150 :
1398 3095 1531 3164 Quia
1565 3110 1750 3151 surre-

1275 3168 1356 3221 xit
1379 3182 1407 3221 a
1437 3168 1687 3223 mortuis.

1276 3238 1343 3292 Et
1362 3239 1467 3294 erit
1494 3237 1681 3293 novis-

1273 3310 1443 3365 simus
1470 3323 1623 3364 error

450 4717 775 4769 parasceven
796 4713 1170 4759 convenerunt
1186 4707 1457 4831 princilpes
1484 4707 1824 4763 sacerdotum
1842 4718 1896 4762 et
1917 4707 2041 4777 plta-

450 4773 605 4831 risaei
643 4776 709 4830 ad
743 4776 1003 4831 Pilatum.
1040 4776 1319 4831 dicentes:
1397 4780 1607 4831 omine.
1643 4778 1911 4831 recordati
1942 4795 2037 4831 su-

446 4773 605 4831 risaei
643 4776 709 4830 ad
743 4776 1003 4841 Pilatum,
1040 4773 1319 4833 dicentes:

448 4857 586 4915 ntus.
619 4848 742 4915 quia
770 4848 1025 4901 seducmr
1050 4848 1139 4903 ille
1162 4847 1488 4904 dixitadhuc
1518 4852 1700 4905 vivens
1726 4868 1741 4905 :
1772 4850 1899 4905 Post
1926 4860 2036 4905 tres

446 4911 561 4993 dies
579 4911 875 4993 resurgam.
898 4918 1033 4993 Jube
1048 4936 1176 4990 ergo
1190 4920 1446 4993 custodiri
1466 4922 1770 4993 sepulcrum
1796 4936 1967 4993 usque
1984 4922 2034 4975 in

446 4983 589 5037 diem
624 4983 840 5042 tertium
868 5008 880 5043 :
908 5006 973 5044 ne
1004 4983 1139 5046 forte
1170 4992 1389 5046 veniant
1418 4983 1665 5062 discipuli
1694 4993 1812 5061 ejus
1831 5032 1845 5055 ,
1869 4983 1924 5046 et
1954 4992 2036 5045 ln-

443 5064 636 5133 rentur
658 5070 804 5133 eum,
838 5071 892 5114 et
922 5062 1105 5117 dicant
1135 5064 1274 5133 plebi
1303 5081 1315 5116 :
1347 5064 1597 5119 Surrexit
1619 5078 1648 5117 a
1680 5064 1928 5119 mortuis.
1969 5064 2037 5119 Et

442 5126 549 5182 erit
578 5128 908 5185 novissimus
936 5148 1088 5190 error
1114 5126 1267 5207 pejor
1295 5136 1498 5206 priore.
1532 5136 1619 5191 Ait
1651 5134 1757 5190 illis
1785 5134 1989 5190 Pilatus
2021 5153 2034 5189 :

1397 4780 1576 4833 omine
1591 4820 1607 4845 ,
1643 4778 1911 4835 recordati
1942 4795 2037 4834 su-

970 256 1241 316 EUSEBII
1280 253 1622 314 VERCELL.
1668 253 2117 314 EVANGELIUM
2155 254 2300 313 CUM
2339 255 2569 314 VARIIS
2607 256 2767 315 COD.
2807 256 3195 316 COLLATUM.

2110 1618 2113 1619 '
2143 1608 2198 1653 et
2226 1606 2399 1653 mater
2428 1599 2566 1653 ﬁlio-

3635 258 3741 316 348

2570 373 2801 431 CODEX
2844 372 3291 432 VERONENSIS.

2145 462 2290 538 bant;
2326 463 2623 538 timuerunt
2775 504 2783 521 .
2977 468 3029 521 in
3059 476 3228 538 petra.

2140 533 2319 596 valde,
2359 534 2636 593 dicentes:
2979 539 3046 592 Et
3061 533 3305 593 advolvit

2143 604 2283 679 Fere
2310 604 2459 679 illius
2977 624 3163 663 saxum
3189 623 3441 679 magnum

2143 675 2241 732 Dei
2268 685 2385 731 erat
2410 676 2515 731 hic.
2976 679 3042 734 ad
3073 675 3427 736 osteum'mo—

2144 747 2233 802 55.
2280 747 2449 802 Erant
2467 758 2649 806 autem
2977 751 3239 817 numenti,
3278 759 3336 807 et

2142 816 2217 872 ibi
2246 818 2447 874 multae
2976 821 3128 876 abiit.

2141 904 2173 961 a_
2205 889 2496 961 longe,7(a)
2522 890 2597 946 vi-
2979 892 3070 948 61.
3112 892 3245 948 Erat
3271 902 3453 949 autem

2143 959 2356 1025 dentes,
2384 960 2423 1031 -ἱο
2450 959 2588 1031 Quae
2897 969 2903 975 “
2979 963 3048 1019 ibi
3076 964 3239 1018 Maria
3265 964 3377 1020 Ma-

2146 1038 2365 1105 secutae
2389 1043 2545 1105 erant
2979 1034 3225 1105 gdalena,
3254 1047 3308 1089 et

2142 1100 2323 1173 Jesum
2347 1117 2378 1155 a
2407 1102 2551 1157 Gali—
2981 1100 3149 1161 altera
3180 1106 3366 1173 Maria,

2142 1172 2280 1239 laea,
2312 1174 2623 1228 ministran-
2981 1177 3234 1233 sedentes
3256 1172 3443 1233 contra

2144 1242 2233 1297 56.
2278 1253 2361 1299 tes
2388 1250 2475 1317 ei:
2509 1248 2649 1301 inter
2979 1249 3348 1317 sepulchrum.

2142 1328 2276 1384 quas
2301 1326 2416 1368 erat
2442 1316 2547 1369 Μα-
2980 1316 3067 1373 62’.
3112 1320 3292 1375 Altera
3325 1327 3501 1377 autem

2144 1385 2586 1466 riajlagda-lena,
2979 1391 3088 1455 die,
3118 1406 3255 1460 quae
3281 1401 3367 1447 est

2143 1464 2200 1511 et
2216 1454 2383 1532 Maria
2408 1456 2508 1532 ῥεια
2567 1526 2581 1532 _
2983 1454 3102 1531 post
3131 1454 3459 1532 parasceven

2144 1526 2287 1592 cobi,
2313 1536 2369 1582 et
2396 1526 2625 1598 Joseplt,
2982 1526 3355 1590 convenerunt

2982 1605 3255 1675 principes
3282 1620 3465 1661 sacer-

2982 1674 3191 1739 dotum,
3224 1686 3278 1731 et
3300 1676 3377 1730 fa-

2982 1747 3143 1802 risaei
3168 1746 3234 1801 ad
3259 1747 3351 1801 Pi-

2985 1817 3174 1884 latum,
3202 1818 3446 1873 dicentes
3479 1834 3493 1870 :

2147 1685 2265 1723 runt
2300 1669 2589 1725 Zebedaei.

2145 1741 2234 1795 57.
2275 1739 2409 1795 Cum
2437 1756 2563 1797 sero
2582 1755 2683 1796 au-

2146 1819 2254 1866 tem
2288 1811 2487 1866 factum

2144 1891 2310 1948 esset,
2344 1884 2490 1937 venit
2515 1883 2635 1952 qui-

2145 1953 2265 2007 dam
2298 1953 2459 2009 homo
2484 1953 2564 2008 di-

2144 2039 2236 2078 ves
2258 2024 2325 2097 ab
2353 2024 2428 2097 (b)
2462 2025 2576 2078 Ari-

2144 2096 2306 2150 matia
2336 2096 2395 2166 ἠέ,
2424 2097 2570 2150 nomi
2584 2125 2599 2136 -

2144 2181 2213 2221 ne
2236 2165 2458 2237 Josepb,

2143 2237 2232 2307 qui
2260 2246 2315 2291 et
2336 2239 2450 2307 ipse
2475 2237 2555 2292 di-

2142 2308 2384 2377 scipulus
2412 2317 2530 2362 erat

2142 2379 2237 2443 58.
2276 2378 2426 2434 Jesu.
2459 2379 2557 2435 Hic
2583 2392 2675 2435 ac-

2141 2452 2308 2505 cessit
2326 2450 2394 2505 ad
2418 2451 2504 2506 Pi-

2143 2521 2332 2587 latum,
2357 2530 2412 2577 et

2142 2594 2275 2662 petit
2298 2606 2497 2662 corpus

2141 2663 2291 2719 Jesu.
2323 2664 2474 2719 Tunc

2143 2734 2349 2789 Pilatus
2366 2734 2529 2804 jussit

2142 2806 2293 2859 reddi
2324 2820 2545 2875 corpus.

2140 2875 2229 2930 59.
2274 2875 2341 2929 Et
2377 2884 2601 2945 accepto

2141 2960 2369 3015 corpore
2393 2946 2541 3011 .lesu,

2141 3016 2365 3072 involvit
2387 3016 2518 3071 illud

2140 3087 2195 3141 in
2224 3087 2454 3143 sindone

2143 3159 2232 3213 60.
2278 3160 2495 3213 munda.
2529 3157 2596 3213 Et

2140 3230 2323 3300 posuit
2342 3245 2462 3283 eum
2492 3229 2547 3283 itt

2984 1889 3072 1942 65.
3119 1889 3367 1956 Domine,
3398 1904 3482 1946 re-

2980 1962 3262 2016 memorati
3294 1976 3387 2015 su-

2980 2045 3119 2102 mus,
3150 2032 3296 2102 quod
3320 2046 3406 2088 se-

2979 2101 3180 2156 ductor
3202 2103 3291 2159 ille

2980 2171 3116 2227 dixit
3142 2174 3321 2230 adhuc
3348 2173 3425 2227 vi-

2982 2258 3113 2297 vetts
3149 2263 3162 2299 :
3194 2245 3323 2300 Post
3350 2253 3458 2301 ter-

2982 2314 3111 2368 tium
3141 2316 3281 2370 diem
3310 2332 3396 2372 re-

2978 2384 3065 2439 64.
3110 2402 3346 2453 surgam.
3372 2385 3513 2442 Juve

2977 2471 3105 2526 ergo
3125 2458 3383 2512 custodiri

2978 2527 3320 2594 sepulchrum

2978 2613 3144 2667 usque
3172 2598 3225 2652 in
3254 2598 3396 2654 diem

2980 2671 3200 2724 tertium
3235 2687 3249 2723 :
3278 2684 3348 2724 ne

2983 2742 3121 2795 forte
3148 2741 3372 2795 veniant

2980 2810 3229 2880 discipuli
3263 2811 3402 2881 ejus,

2980 2893 3034 2937 et
3062 2880 3309 2936 furentur

2977 2968 3123 3015 eum,
3152 2963 3209 3008 ΕΙ.

2978 3024 3157 3095 dicant
3186 3023 3304 3095 ple-

2977 3093 3030 3148 bi
3058 3112 3071 3148 :
3105 3093 3355 3149 Surrexit

2975 3179 3003 3217 a
3038 3165 3288 3221 mortuis.
3320 3166 3387 3221 Et

2976 3238 3082 3291 erit
3111 3235 3437 3294 novissimus

2140 3308 2496 3356 monumento
2603 3369 2615 3379 _
2652 3365 2667 3379 ‘
2704 3368 2715 3379 ι
2977 3322 3143 3379 error
3163 3308 3315 3379 pejor

2140 3387 2252 3448 suo-
2268 3388 2429 3448 novo,
2476 3369 2619 3443 quod
2647 3365 2722 3441 (ε)
2983 3365 3169 3448 priori.

2139 3443 2338 3500 excidit
2365 3442 2407 3513 -ι-
2498 3442 2507 3443 “
2985 3442 3076 3505 55.
3120 3450 3211 3505 Ait
3239 3449 3350 3506 illis
3375 3449 3463 3506 Pi-

2610 3540 2844 3599 CODEX
2886 3543 3281 3602 BRIXIANUS.

2147 3635 2296 3690 bant.
2346 3637 2644 3691 timuerunt
2696 3636 2850 3692 valde
2923 3636 3181 3693 dicentes.
3236 3636 3378 3695 Vere
3440 3638 3533 3694 Dei
3597 3638 3748 3695 ﬁlius

2146 3714 2229 3761 est
2290 3703 2408 3764 iste.
2480 3707 2646 3762 Erant
2705 3718 2883 3763 autem
2949 3708 3021 3764 ibi
3092 3709 3350 3765 mulieres
3418 3711 3639 3767 multae.
3713 3727 3744 3767 a

2148 3779 2307 3851 longe
2352 3779 2429 3851 (a)
2464 3778 2709 3833 videntes
2736 3779 2807 3850 ἦ.
2858 3795 2994 3849 quae
3034 3789 3251 3836 secutae
3291 3792 3445 3836 erant
3488 3781 3671 3837 Jesunt
3714 3798 3743 3836 a

2143 3848 2344 3905 Galilea
2363 3848 2839 3922 ‘ntiuistrantcs‘ei.
2876 3848 3018 3922 inter
3041 3867 3172 3919 quas
3200 3860 3319 3906 erat
3340 3851 3501 3907 Maria
3525 3852 3746 3922 Magda-

2144 3922 2263 3975 lene
2287 3930 2340 3993 et
2374 3919 2535 3993 Maria
2564 3920 2772 3993 Jacobi.
2807 3930 2860 3976 et
2887 3920 3086 3993 Joscpli
3118 3931 3293 3993 mater
3314 3935 3366 3978 et
3396 3932 3568 3977 mater
3601 3919 3741 3978 lilio—

2144 4008 2265 4047 rum
2307 3991 2563 4046 Zcbedei.
2610 3991 2744 4046 Cum
2794 4002 2973 4046 autem
3017 3991 3143 4048 Sero
3177 3992 3375 4047 factum
3419 4004 3565 4049 esset
3596 3997 3745 4049 venit

2140 4063 2357 4135 quidam
2408 4063 2570 4117 homo
2601 4062 2749 4135 dives
2781 4063 2848 4118 ab
2898 4064 2974 4133 (b)
3003 4063 3301 4119 Arimatltia
3330 4064 3368 4135 ἰ-
3408 4066 3623 4119 nomine
3650 4064 3744 4119 Jo-

2141 4134 2274 4203 seplt
2311 4134 2398 4204 qui
2448 4144 2501 4186 et
2543 4136 2658 4203 ipse
2687 4134 2986 4203 discipulus
3032 4144 3149 4189 erat
3189 4134 3354 4190 Jcsu.
3383 4136 3479 4191 Hic
3510 4135 3743 4190 accessit

2140 4207 2205 4258 ad
2249 4204 2476 4259 Pilatum
2507 4212 2560 4258 et
2590 4207 2720 4274 petit
2750 4220 2948 4273 corpus
2977 4204 3128 4261 Jesu.
3162 4206 3314 4261 Tunc
3346 4208 3551 4262 Pilatus
3574 4207 3744 4275 jUSsit

2141 4276 2264 4348 dari
2283 4292 2500 4348 corpus.
2527 4277 2588 4330 Et
2616 4286 2836 4348 accepto
2858 4291 3085 4345 corpore
3108 4277 3233 4331 Jesu
3264 4277 3487 4348 Joseplt.
3506 4278 3742 4332 involvit

2140 4347 2267 4401 illud
2302 4350 2351 4403 in
2383 4345 2609 4403 sindone
2640 4346 2835 4401 munda
2862 4348 2926 4401 Et
2955 4349 3131 4419 posuit
3157 4362 3279 4403 eum
3302 4352 3352 4403 in
3387 4345 3743 4404 monumento

2140 4432 2239 4473 suo
2270 4434 2430 4473 novo.
2463 4420 2604 4489 quod
2631 4419 2903 4474 exciderat
2933 4419 2986 4474 in
3028 4431 3199 4485 petra.
3233 4422 3297 4475 Et
3333 4420 3627 4474 advolvens
3655 4436 3744 4472 διι-

2139 4505 2263 4544 xum
2291 4505 2540 4559 magnum
2571 4491 2636 4543 ad
2665 4492 2862 4543 ostium
2909 4491 3265 4546 monumenti.
3300 4492 3455 4545 abiit.
3490 4492 3616 4546 Erat
3647 4507 3746 4543 att-

2142 4570 2247 4615 tem
2290 4560 2366 4616 ibi
2417 4561 2579 4616 Maria
2614 4560 2926 4631 Magdalene
2967 4569 3020 4616 et
3062 4561 3233 4616 altera
3277 4562 3440 4616 Maria
3484 4562 3745 4616 sedentes

2138 4642 2325 4687 contra
2365 4633 2698 4701 sepnlCrum.
2731 4632 2912 4685 Altera
2945 4641 3126 4686 autem
3176 4634 3286 4688 die.
3316 4648 3453 4702 quae
3495 4643 3580 4687 est
3619 4641 3746 4703 post

2142 4702 2508 4773 parasccdem.
2562 4712 2937 4773 convenerunt
2984 4703 3255 4773 principes
3303 4704 3646 4758 sacerdotum
3686 4713 3744 4757 et

2142 4772 2503 4846 pliarisaeiad
2538 4772 3059 4846 Pilatutndicentes.
3096 4774 3321 4846 Domine
3345 4775 3619 4830 recordati
3648 4790 3745 4827 su-

2140 4844 2260 4902 mus
2287 4845 2429 4915 quod
2462 4845 2717 4900 seductor
2744 4845 2833 4898 ille
2869 4844 3005 4899 dixit
3043 4844 3220 4899 adhuc
3253 4846 3440 4901 vivens
3468 4846 3599 4900 Post
3632 4857 3745 4898 ter-

2141 4920 2271 4973 tittnt
2296 4919 2439 4971 diem
2464 4932 2765 4985 resurgant.
2800 4915 2935 4971 .lube
2972 4932 3102 4985 ergo
3123 4917 3387 4970 custodiri
3420 4918 3739 4983 sepulcrum

2139 5004 2311 5059 usque
2337 4988 2404 5057 in
2439 4989 2582 5047 diem
2618 4988 2855 5043 tertium.
2885 5002 2953 5041 ne
2993 4987 3136 5043 forte
3164 4988 3444 5042 venientes
3485 4988 3742 5058 discipuli

2140 5063 2258 5131 ejus
2286 5060 2531 5114 furentur
2551 5075 2672 5115 eum
2696 5067 2752 5131 et
2780 5059 2959 5114 dicant
2990 5060 3152 5128 plebi.
3188 5059 3502 5131 ltesurrexit
3529 5075 3560 5113 a
3592 5076 3745 5131 mur-
3774 5070 3781 5077 ‘

2140 5129 2266 5187 tuis.
2313 5131 2379 5185 Et
2409 5131 2513 5185 erit
2542 5130 2865 5185 novissimus
2892 5145 3067 5186 error.
3113 5129 3266 5200 pejor
3296 5130 3460 5201 priori
3510 5130 3599 5188 Ait
3626 5130 3741 5186 illis

2141 5204 2369 5263 Pilatus.

1123 5324 1520 5388 VARIANTES
1554 5326 1939 5388 LECTIONES
1968 5326 2236 5387 CODIClS
2274 5328 2385 5386 HS.
2428 5329 2487 5385 S.
2527 5326 3044 5387 GERMANENSIS.

2202 5446 2224 5478 ³
2255 5443 2374 5498 illud
2397 5444 2603 5496 sindone

1799 5587 2163 5646 BLANCHINI
2201 5589 2430 5649 NOTE.

537 5680 621 5770 (a)
653 5680 728 5736 Ita
754 5689 811 5736 et
843 5681 996 5739 Cant.
1042 5682 1160 5740 Lat.
1201 5692 1259 5742 et
1295 5692 1405 5755 lex.
1443 5681 1603 5743 Grec.
1645 5686 1949 5765 θεωροῦσαι.
1975 5716 2028 5733 -

2141 5714 2143 5735 ι
2174 5686 2251 5747 ita
2276 5687 2473 5759 etcod.
2503 5689 2656 5748 Cant.
2686 5688 3022 5770 Ἁριμαθαίας.
3061 5719 3134 5737 -—
3160 5688 3235 5764 (ο)
3278 5690 3354 5748 Ita
3390 5700 3448 5749 et
3499 5700 3609 5761 tex.
3635 5691 3737 5752 Gr.

437 5755 772 5845 ἐλατόμησεν.
