2024 3094
140 131 197 159 549

339 188 452 217 CODEX
472 189 742 218 VERCELLENSIS.

139 235 164 262 ll
187 255 193 262 .
217 255 224 262 .
239 235 310 263 belis
322 235 358 271 (a)
374 243 436 264 cus-
560 237 634 264 velut
647 236 761 264 mortui.

138 271 220 298 Iodes
230 271 261 306 1‘,
277 271 324 305 ite,
338 279 399 301 cus.
560 272 587 300 5.
608 271 785 307 Respondeas
794 278 843 299 au-

138 306 228 334 todite
242 307 323 334 sicut.
559 311 613 335 tem
624 308 735 342 angelus

137 341 185 370 £6.
206 342 308 370 scitis.
330 362 337 369 .
358 362 365 369 .
387 362 395 370 .
411 343 522 372 iautem
558 343 626 370 dixit
636 341 756 370 mulieri-

138 397 147 405 .
171 399 178 405 .
202 398 209 405 .
228 382 309 405 eunte
325 398 332 404 .
356 399 362 405 .
379 386 438 406 mu-
558 378 627 406 bus:
641 378 729 406 Nolite
745 377 778 405 ti-

138 435 146 440 .
171 434 178 440 .
200 434 207 440 .
230 417 356 442 .untse-
558 422 633 442 mere
649 413 784 441 voszscio

135 449 299 485 pulchrum,
557 449 639 485 enim,
651 449 724 485 quod

135 484 280 519 signantes
292 484 335 511 12-
556 484 665 518 ]εςυηιέ
674 484 721 520 qui
734 491 797 512 cru-

136 521 241 554 pidem,
256 527 318 547 cum
557 520 654 548 eilixus
664 525 715 554 est,
733 526 819 555 quae-

135 555 309 584 custodibus.
557 556 583 584 6.
605 556 665 583 ritis
678 565 684 583 :
700 563 754 583 non
767 558 810 583 est

557 591 602 619 hic
617 600 624 618 :
638 591 756 619 surrexit

557 627 640 659 enim,
657 627 726 654 sicut

557 662 626 690 dixit
641 671 648 689 :
662 662 771 694 Venite,

558 702 584 726 et
598 698 687 726 videte
698 698 739 724 lo-

557 741 631 766 cum,
645 733 689 761 ubi
702 733 773 767 posi-

558 773 601 796 tus
614 774 671 797 erat
684 768 824 796 Dominus.

558 805 583 832 7.
606 804 638 831 Et
652 804 733 831 dicite
744 803 799 832 dis-

556 840 652 875 cipulis
663 839 723 874 ejus

556 876 618 910 quia
629 882 721 902 surre-

555 912 594 938 xit
606 920 612 938 :
629 915 657 938 et
669 917 780 945 praece-

554 946 592 973 dit
606 954 654 973 vos
665 946 691 973 in
705 945 757 974 Ga-

554 982 615 1009 lilea
629 991 636 1008 :
653 982 688 1009 ibi
701 989 762 1009 eum

554 1017 691 1045 videbitis.
708 1017 747 1051 (c)
762 1016 812 1044 Ec-

555 1060 587 1080 ce
597 1052 653 1080 dixi
664 1052 682 1087 1‘
694 1052 779 1079 vobis.

555 1087 582 1115 8.
605 1088 636 1115 Et
647 1088 772 1115 exierunt
783 1087 822 1115 ci-

199 611 314 641 CAPUT
334 610 456 641 XXVIII.

134 658 257 687 LXXIV.
278 659 304 686 1.
318 658 422 694 Vespe-

134 703 168 722 re
181 699 273 722 autem
287 693 350 722 sab-

134 730 205 761 bati,
219 737 290 765 quae
300 730 342 757 lu—

135 766 223 793 cescit
235 766 261 793 in
277 765 333 800 pri-

134 809 179 828 ma
194 801 319 834 sabbati,
332 808 376 829 ve-

132 837 175 864 nit
188 836 271 863 Maria

133 872 322 906 Magdalenae,

132 912 164 934 et
175 908 262 935 altera
276 907 332 934 Ma-

132 944 184 976 ria,
198 943 350 977 videre‘se-

133 979 290 1014 pulchrum.

131 1015 161 1041 ‘2.
182 1014 218 1041 Et
230 1021 294 1042 ecce
305 1018 410 1042 terrae-

133 1055 226 1077 motus
240 1050 328 1077 lactus

134 1090 178 1114 est
188 1092 311 1120 magnus.

134 1121 256 1156 Angelus
266 1121 338 1148 enim

135 1155 242 1184 Domini
255 1157 367 1184 descen-

135 1192 175 1219 dit
190 1193 224 1219 de
237 1192 312 1219 caelo
325 1200 332 1218 :

135 1233 163 1255 et
177 1227 312 1254 accedens

137 1263 252 1290 revolvit
266 1263 303 1289 Ia-

135 1299 238 1333 pidetn,
254 1303 282 1326 et
291 1297 361 1326 sedit

135 1342 219 1370 super
232 1342 295 1362 eum
309 1342 315 1360 :

556 1128 584 1151 to
594 1123 629 1151 de
643 1130 802 1151 monument-

555 1163 584 1186 to
598 1166 660 1186 cum
673 1159 751 1186 timo‘

556 1202 586 1222 re
599 1199 627 1222 et
638 1195 736 1230 gaudio

556 1237 665 1264 magno,
679 1237 740 1257 cur-

556 1269 646 1293 rentes
658 1273 726 1292 nun—

557 1301 626 1328 tiare
637 1299 779 1335 discipulis

555 1336 624 1371 ejus.

136 1370 163 1397 5.
184 1375 245 1397 erat
257 1375 401 1399 autemas—
556 1370 585 1399 9.
605 1371 638 1398 Et
650 1378 714 1398 ecce
728 1370 807 1398 Iesus
828 1390 834 1397 .
857 1385 898 1401 .,-

136 1410 231 1440 pectus
246 1405 306 1439 ejns
556 1407 650 1435 currit'
657 1406 720 1438 illis.
737 1405 779 1434 di-

136 1441 207 1469 sicut
220 1440 309 1475 fulgur
324 1448 334 1469 .'
557 1450 623 1470 cens
639 1451 644 1468 :
662 1442 775 1470 llabete.

137 1481 165 1504 et
178 1476 326 1504 vestimen-
558 1478 623 1506 lllae
642 1496 650 1504 .
673 1498 679 1504 .
702 1483 755 1505 tem

138 1512 233 1546 taejus
247 1511 285 1547 (b)
298 1511 389 1539 candi—
556 1521 620 1541 acce
640 1534 646 1540 .
670 1532 677 1540 .
700 1535 707 1541 .
727 1517 786 1546 unt,

138 1548 165 1575 ι.
185 1548 249 1582 da—j—
265 1547 402 1575 sicutnix.
419 1546 442 1576 Δ
556 1554 584 1577 et
597 1554 642 1576 ten
664 1570 671 1576 .
695 1569 701 1576 .
724 1568 732 1576 .
754 1567 761 1575 .
784 1567 791 1576 .
814 1568 821 1575 .

139 1583 235 1620 timore
250 1587 340 1620 autem
557 1584 641 1620 pedes
661 1605 668 1611 .
691 1604 698 1611 .
720 1605 727 1611 .
751 1602 758 1610 .
780 1604 787 1612 .
810 1604 818 1612 .
841 1603 848 1610 .

138 1619 196 1653 ejus
208 1618 295 1646 territi
558 1618 741 1649 adoraverunt

137 1659 200 1681 sunt
210 1653 350 1687 custodes,
373 1655 381 1664 ‘
558 1663 631 1683 eum.

560 1691 604 1720 10.
625 1691 702 1719 Tunc
718 1690 757 1719 ait
772 1690 825 1720 illis
835 1689 916 1719 Jesus
931 1698 939 1718 :

356 1747 473 1776 CODEX
487 1748 724 1778 CORBEIENSIS.

139 1793 426 1826 llabetis‘custodiam,
436 1794 483 1827 ite,
492 1795 626 1823 custodite
633 1795 701 1822 sicut
709 1793 793 1822 scitis.
803 1794 841 1822 Illi
848 1798 938 1822 autem

139 1831 269 1866 abeuntes
277 1831 602 1866 tnuniieruntsepulcrum,
610 1832 748 1866 signantes
756 1830 870 1865 lapidem
878 1838 938 1858 cum

140 1865 306 1901 custodibus.
324 1865 441 1901 Vespere
452 1871 541 1893 autem
555 1865 688 1899 sabbathi,
706 1873 775 1901 quae
790 1865 901 1893 lucescit
913 1868 938 1893 in

140 1902 226 1936 prima
241 1900 364 1928 sabbathi
378 1902 451 1928 venit
462 1901 544 1937 Maria
556 1900 729 1937 Magdalcnc,
744 1906 771 1928 et
785 1902 869 1928 altera
884 1901 940 1929 Ma-

138 1937 188 1968 ria,
206 1936 299 1971 videre
308 1937 473 1971 sepulcrum.
488 1936 520 1964 Et
531 1945 595 1965 ecce
602 1936 786 1965 ’terraemolns
799 1936 885 1964 factus
895 1942 939 1965 est

140 1979 264 2007 magnus.
287 1970 406 2006 Angelus
427 1973 499 1999 enim
516 1972 621 2000 Domini
635 1973 821 2000 descenditde
834 1973 912 1999 coelo
929 1981 936 2000 :

138 2013 164 2035 et
188 2007 323 2035 accedens
351 2007 465 2035 revolvit
492 2008 608 2042 lapidem
624 2029 632 2041 ,
664 2013 692 2035 et
714 2008 827 2035 sedebat
855 2015 938 2042 super

138 2051 198 2071 eum
217 2051 224 2069 :
240 2048 300 2070 erat
310 2048 401 2070 autem
415 2049 540 2078 aspectus
553 2044 612 2078 ejus
625 2044 696 2071 sicut
710 2044 797 2078 fulgur
814 2051 820 2070 :
836 2048 862 2070 et
877 2051 938 2072 ves-

140 2080 284 2106 timentum
296 2078 355 2113 ejus
368 2079 439 2106 sicut
453 2080 508 2105 nix.
525 2079 593 2107 Prae
606 2079 703 2107 timore
716 2085 805 2106 autem
817 2079 876 2113 ejus
890 2087 938 2106 ex-

140 2115 225 2141 territi
237 2118 303 2141 sunt
315 2114 454 2147 custodes,
469 2120 497 2142 et
521 2114 584 2143 facti
598 2120 659 2142 sunt
671 2115 745 2142 velut
759 2115 868 2142 mortui.
884 2114 938 2143 Re-

139 2150 278 2185 spondens
290 2155 383 2176 autem
405 2150 517 2184 angelus
530 2150 597 2177 dixit
608 2151 786 2178 mulieribus:
801 2150 889 2177 Nolite
905 2152 938 2177 ti-

140 2193 215 2213 mere
231 2192 300 2211 vos:
316 2185 373 2212 scio
395 2186 484 2219 enim,
509 2186 580 2220 quod
595 2186 699 2218 Jesum,
725 2186 771 2220 qui
793 2185 939 2214 cruciﬁxus

139 2226 190 2252 est,
203 2220 337 2256 quaeritis
351 2229 357 2246 :
372 2226 477 2248 nonest
501 2220 545 2249 hic
559 2230 566 2249 :
582 2222 705 2249 surrexit
718 2222 802 2253 cnim,
818 2221 888 2249 sicut
898 2222 940 2249 di-

139 2256 177 2283 xit
194 2266 200 2284 :
219 2255 325 2286 Venite.
339 2261 366 2283 et
382 2256 472 2284 videte
489 2256 589 2290 locum,
617 2257 662 2284 ubi
684 2257 786 2291 positus
806 2262 866 2284 erat
885 2256 940 2284 Do-

139 2292 240 2319 minus.
257 2291 291 2318 Et
303 2292 359 2318 cito
373 2298 469 2319 euntes
483 2292 565 2320 dicite
576 2292 716 2327 discipulis
732 2292 791 2326 ejus
801 2293 862 2326 quia
878 2300 940 2320 sur-

140 2328 209 2354 rexit
224 2336 231 2354 :
247 2331 275 2353 et
288 2334 352 2354 erce
371 2327 506 2361 praecedit
522 2336 569 2356 vos
590 2328 617 2355 in
640 2328 788 2355 Galilaeam
805 2337 811 2354 ι
830 2328 864 2355 ibi
877 2336 938 2356 eum

140 2362 279 2390 videbitis.
296 2363 366 2390 Ecce
379 2364 389 2378 '
401 2363 459 2390 dixi
474 2364 560 2391 vobis.
578 2364 610 2390 Et
621 2363 746 2391 exierunt
767 2365 822 2391 cito
834 2364 868 2391 de
883 2373 940 2391 ":0-

141 2403 272 2425 numento
290 2406 353 2425 cum
377 2397 475 2426 timore
498 2404 525 2426 et
549 2399 646 2434 gaudio
663 2407 774 2434 magno,
797 2403 940 2428 currentes

140 2435 266 2461 nuntiare
280 2433 420 2468 discipulis
432 2435 501 2468 ejus.
518 2433 557 2462 Et
566 2442 629 2462 ecce
642 2433 722 2462 Jesus
736 2437 854 2461 occurrit
873 2435 939 2468 illis,

141 2469 233 2497 dicens
245 2478 253 2495 :
268 2470 362 2497 Avele.
375 2469 439 2497 Illae
452 2475 542 2498 autem
556 2475 740 2503 accesserunt,
754 2474 781 2498 ct
797 2474 941 2499 tenuerunt

140 2505 223 2568 pedes
248 2505 331 2540 ejus,
359 2509 386 2533 et
409 2506 593 2534 adoraverunt
619 2513 693 2534 eum.
722 2506 800 2533 Tunc
822 2505 860 2533 ait
884 2506 939 2534 illis

156 2547 241 2568 esus:

156 2547 219 2568 esus
233 2549 241 2568 ε

138 1694 166 1718 et
176 1689 243 1717 facti
254 1694 320 1717 sunt

624 130 848 161 ενΑΝθειιυκ
868 129 1055 160 SECUNDUM
1073 128 1291 159 κλττπιευκ.

1739 127 1792 155 550

1209 187 1325 216 CODEX
1341 186 1569 216 VEKONENSIS.

991 234 1062 263 latus
1078 244 1085 263 :
1101 235 1209 263 Habetis
1409 234 1531 262 exterriti
1545 237 1609 260 sunt

991 270 1030 306 (α)
1041 271 1168 298 custodes
1179 270 1210 306 1-,
1409 269 1546 306 custodes,
1559 273 1589 296 et

992 305 1039 340 ite,
1054 305 1191 334 custodite
1409 305 1471 333 facti
1486 309 1605 332 suntve—

990 342 1060 369 sicut
1070 343 1155 370 scitis.

990 377 1033 405 66.
1056 377 1097 405 llli
1113 382 1203 407 atttem

990 418 1085 440 euntes
1099 421 1158 440 mu-

990 448 1098 476 nierunt
1112 456 1156 477 se-

990 484 1142 519 pulchrum,

990 520 1128 556 signantes
1143 520 1209 556 lapi-

990 554 1051 583 dem
1066 563 1127 583 cum
1141 554 1188 584 cu-

1409 341 1448 368 lut
1458 340 1568 368 mortui.

1408 377 1435 405 5.
1456 375 1635 411 Respondeas
1648 378 1740 404 autem

1409 412 1519 447 angelus
1532 411 1600 439 dixit

1408 446 1565 475 mulieribus
1577 456 1584 474 :
1599 446 1652 474 No-

1410 483 1456 510 lite
1467 483 1563 510 timere
1577 489 1625 510 vos
1638 491 1645 508 :

1408 519 1465 546 scio
1477 519 1560 552 enim,
1576 516 1648 553 quod

1408 553 1512 587 Jesum,
1527 554 1571 589 qui
1587 560 1649 581 cru-

990 590 1122 620 stodibus.
1409 589 1573 631 cilixusdest,

1050 647 1165 677 CAPUT
1179 647 1296 678 XXVIII.
1408 629 1706 689 ἓῖ¹³εῗι¹ίιῖῗρ²;“έίἑ¹ἷηιίι

991 694 1017 721 Ι.
1028 693 1148 729 Vespere
1407 696 1490 730 enim,
1504 696 1573 723 sicut

990 734 1079 757 autem
1095 730 1191 758 sabba-

990 765 1022 797 ti,
1037 772 1105 800 quae
1118 765 1161 792 lu-

990 800 1074 828 cest'it
1087 801 1112 828 in
1126 801 1182 836 pri-

991 844 1033 863 ma
1049 836 1163 869 sabbati,

989 871 1064 899 venit
1077 872 1159 899 Maria

989 907 1156 942 Magdalcna,

990 947 1017 970 et
1029 943 1113 970 altera
1127 943 1182 972 Ma-

990 979 1041 1010 ria,
1056 978 1152 1006 videre

987 1014 1172 1049 sepulchrum.

989 1049 1017 1076 2.
1039 1050 1072 1076 Et
1082 1057 1146 1077 ecce
1158 1055 1212 1079 ter-

990 1090 1111 1112 remotus
1126 1085 1166 1113 le-

989 1125 1048 1147 ctus
1062 1125 1104 1148 est
1117 1128 1174 1149 ma-

989 1163 1067 1191 gnus.
1085 1157 1205 1191 Angelus

990 1192 1063 1218 enim
1077 1191 1184 1222 Domini

989 1226 1129 1255 descendit
1144 1228 1177 1256 de

989 1263 1066 1290 caelo
1081 1272 1087 1290 :
1104 1267 1130 1289 et
1143 1262 1192 1291 ad-

989 1297 1089 1325 cedens
1099 1298 1187 1326 revol-

990 1332 1029 1360 vit
1043 1332 1172 1367 lapidem,

991 1373 1020 1395 et
1033 1369 1144 1396 sedebat

990 1411 1073 1439 super
1085 1412 1147 1431 eum
1165 1415 1172 1433 :

991 1439 1018 1467 '5.
1039 1444 1097 1467 erat
1111 1446 1202 1468 autem

991 1481 1116 1510 aspectus
1132 1476 1190 1511 ejus

991 1511 1061 1538 sicut
1073 1510 1160 1547 fulgur
1177 1520 1184 1539 :

991 1550 1019 1573 et
1032 1547 1195 1576 vestimenta

991 1581 1050 1618 ejus
1063 1581 1100 1618 (b)
1116 1590 1181 1610 can-

991 1617 1053 1645 dida
1068 1618 1087 1653 j
1099 1619 1167 1646 sicut
1183 1619 1238 1646 nix.

991 1654 1019 1681 4.
1041 1653 1108 1681 Prae
1119 1654 1217 1682 timore

991 1694 1081 1717 autem
1096 1689 1155 1725 ejus

1407 731 1475 759 dixit
1491 741 1497 759 :
1514 731 1622 765 Venite,

1407 771 1434 794 et
1446 767 1533 794 videte
1546 767 1585 794 lo-

1407 810 1481 837 cum,
1498 803 1542 830 ubi
1559 810 1604 836 μοι

1407 838 1475 866 situs
1488 843 1546 866 erat
1561 838 1614 865 Do-

1408 874 1435 901 7.
1457 874 1556 901 minus.
1572 873 1606 901 Et
1615 873 1671 902 cito

1408 913 1504 937 euntes
1517 909 1600 937 dicite

1407 944 1547 980 discipulis
1560 944 1619 979 ejus

1407 981 1469 1015 quia
1480 981 1599 1008 surrexit
1613 989 1620 1007 :

1409 1021 1435 1044 et
1447 1015 1583 1051 praecedit

1410 1060 1457 1079 vos
1470 1053 1496 1078 in
1510 1051 1656 1079 Galilaeam
1670 1059 1676 1077 :

1410 1087 1445 1114 ibi
1459 1095 1520 1114 eum
1533 1087 1606 1114 vide-

1410 1122 1483 1150 bitis.
1500 1122 1536 1158 (c)
1549 1122 1619 1150 Ecce

1410 1158 1464 1185 dixi
1475 1158 1494 1193 λς
1509 1158 1595 1186 vobis.

1409 1194 1436 1221 8.
1457 1193 1491 1220 Et
1505 1193 1629 1222 exierunt

1408 1230 1463 1256 cito
1473 1229 1506 1255 de
1517 1236 1613 1256 monu-

1409 1269 1501 1291 mento
1511 1271 1573 1291 cum

1410 1299 1506 1327 timore
1521 1303 1549 1327 et
1564 1306 1630 1334 gau-

1409 1335 1455 1362 dio
1469 1342 1650 1376 magno,_cur-

1410 1375 1501 1398 rentes
1516 1375 1639 1398 nuntiare

1410 1405 1551 1441 discipulis
1565 1406 1634 1441 ejus.

1410 1441 1437 1469 9.
1458 1441 1491 1468 Et
1504 1449 1568 1469 ecce
1580 1441 1661 1469 Jesus

1410 1477 1531 1504 occurrit
1547 1477 1610 1510 illis,

1409 1513 1502 1539 dicens
1516 1521 1523 1540 :
1540 1512 1652 1540 Habete.

1408 1547 1473 1575 Illae
1483 1551 1572 1575 autem
1585 1554 1677 1576 acces—

1408 1588 1512 1616 serunt,
1531 1587 1559 1611 et
1574 1588 1667 1611 tenue-

1408 1624 1472 1647 runt
1485 1619 1566 1654 pedes
1581 1619 1651 1654 ejus,

1408 1659 1436 1682 et
1450 1655 1630 1682 adoraverunt
1647 1661 1719 1682 eum.

1409 1690 1453 1717 10.
1474 1690 1549 1718 Tunc
1560 1690 1598 1717 ait
1607 1689 1661 1718 illis
1673 1700 1681 1718 :

1221 1748 1338 1777 CODEX
1360 1748 1556 1777 BRIXIANUS.

992 1793 1102 1821 Habetis
1117 1792 1156 1830 (α)
1168 1795 1294 1822 custodes
1308 1795 1327 1830 -ι-
1346 1794 1384 1823 ite
1406 1799 1434 1822 et
1458 1794 1593 1823 custodite
1610 1794 1681 1822 sicut
1704 1794 1789 1822 scitis.

991 1830 1032 1857 Illi
1056 1835 1146 1856 autem
1169 1831 1299 1858 abeuntes
1326 1831 1481 1858 munierunt
1500 1831 1653 1865 sepulcrum
1680 1830 1789 1865 signan-

992 1871 1033 1893 tes
1057 1865 1173 1899 lapidem
1196 1873 1257 1893 cum
1280 1866 1447 1894 custodibus.
1469 1866 1589 1900 Vespere
1613 1871 1704 1893 autem
1726 1866 1789 1892 sali-

992 1901 1046 1928 bati
1062 1909 1131 1935 quae
1144 1900 1254 1929 Incessit
1270 1902 1295 1928 iit
1311 1903 1394 1935 prima
1409 1903 1524 1928 sabbati.
1540 1903 1612 1928 venit
1624 1901 1705 1929 Maria
1718 1901 1789 1935 Mag-

990 1936 1087 1964 dalene
1093 1937 1208 1965 etaltera
1217 1937 1306 1964 Maria.
1320 1946 1328 1962 \
1337 1938 1407 1964 idure
1415 1938 1577 1972 sepulcrum.
1588 1937 1691 1964 Etecce
1703 1941 1788 1963 terre-

991 1973 1171 2000 tnoluslactus
1178 1979 1218 2000 est
1227 1974 1463 2007 tnagnusAngclth
1471 1979 1558 2000 autem
1569 1973 1672 2000 Domini
1680 1973 1790 1999 det-con-

990 2007 1029 2035 dit
1043 2008 1077 2035 de
1087 2009 1163 2036 eaelo
1176 2013 1203 2035 et
1213 2010 1344 2035 illet‘tiCllb
1359 2009 1444 2035 retolt
1454 2010 1472 2035 it
1484 2010 1597 2043 Ιιιιιίαιιηι
1610 2009 1643 2035 ab
1657 2014 1743 2035 nsteo.
1760 2012 1788 2035 et

989 2043 1060 2071 sedit
1069 2051 1150 2078 super
1170 2052 1243 2071 eum.
1265 2050 1319 2071 erat
1340 2051 1427 2071 autem
1440 2050 1565 2079 aspectus
1578 2045 1638 2078 ejus
1653 2043 1722 2071 sicut
1738 2044 1789 2070 lul-

987 2087 1046 2114 gur.
1061 2084 1088 2107 et
1102 2081 1261 2107 vestimenta
1276 2080 1334 2114 ejus
1349 2079 1396 2115 (ιι)
1416 2080 1530 2107 Candida
1543 2080 1561 2115 ἤ-
1576 2082 1646 2107 sicut
1660 2079 1718 2106 nix.

1027 2114 1094 2142 Prae
1106 2116 1203 2143 timore
1216 2121 1306 2144 autem
1326 2114 1390 2150 ejus
1400 2115 1521 2143 exterriti
1539 2114 1602 2143 sunt
1618 2114 1744 2142 custodes
1759 2118 1786 2142 et

992 2149 1055 2185 facti
1071 2156 1135 2178 sunt
1149 2151 1223 2178 velut
1237 2149 1346 2179 mortui.
1361 2150 1537 2185 Respondens
1557 2156 1646 2178 autent
1663 2150 1785 2185 augt-lus.

992 2184 1061 2213 dixit
1077 2186 1246 2214 mulieribus.
1263 2186 1350 2213 Nolite
1364 2184 1459 2214 timere
1473 2194 1531 2214 vos.
1547 2188 1604 2213 scio
1626 2186 1697 2213 enim
1714 2184 1786 2220 quod

992 2220 1084 2249 Jesum
1110 2223 1154 2257 qui
1170 2222 1313 2249 cruciﬁxus
1328 2227 1376 2257 est,
1389 2221 1526 2256 quaeritis.
1543 2230 1595 2248 non
1616 2227 1658 2248 est
1671 2220 1714 2248 hic
1727 2229 1787 2248 sur-

993 2256 1147 2284 rexitenim
1172 2258 1243 2285 sicut
1264 2257 1341 2284 dixit.
1368 2256 1464 2285 Venite
1478 2262 1505 2284 et
1520 2257 1610 2285 videte
1630 2257 1728 2284 locum.
1742 2256 1787 2284 nhi

994 2292 1097 2326 positus
1111 2298 1170 2320 erat
1185 2293 1324 2321 Dominus.
1344 2293 1375 2320 Et
1388 2293 1442 2320 cito
1457 2298 1552 2321 euntes
1573 2293 1654 2320 dicite
1668 2292 1786 2326 discipu-

993 2327 1026 2355 lis
1038 2329 1097 2361 ejus
1107 2328 1168 2362 qnia
1185 2328 1333 2356 resurrexit
1347 2336 1361 2355 ει
1383 2328 1507 2356 tnortuis.
1525 2334 1552 2356 et
1571 2336 1634 2356 ecce
1649 2326 1786 2362 praet-edit

992 2370 1041 2391 vos
1054 2364 1080 2390 in
1094 2361 1224 2391 Galileum
1241 2364 1276 2391 ibi
1290 2372 1351 2391 eum
1373 2364 1508 2392 videbitis.
1523 2368 1592 2392 sicut
1614 2361 1681 2390 dixit
1695 2361 1783 2389 VubiS.

993 2399 1023 2426 Et
1036 2399 1161 2427 exierunt
1179 2400 1235 2427 cito
1257 2399 1291 2427 de
1305 2406 1481 2428 monumento
1494 2408 1554 2427 cum
1570 2401 1664 2426 timore
1680 2402 1706 2424 et
1719 2405 1785 2432 gau—

991 2434 1035 2462 dio
1047 2443 1145 2470 magno
1158 2441 1300 2463 currentes
1316 2437 1440 2464 nuntiare
1454 2435 1594 2470 discipulis
1608 2455 1614 2460 .
1633 2452 1640 2460 .
1656 2439 1683 2460 ιιι
1695 2439 1786 2470 autent

990 2468 1212 2499 abieruntnuntia
1218 2480 1246 2499 re
1253 2471 1391 2506 discipulis
1397 2471 1463 2506 ejus.
1470 2470 1502 2498 Et
1511 2468 1575 2498 e'cce
1584 2468 1662 2496 JeSns
1668 2469 1787 2496 occurrit

991 2506 1151 2534 illisdicens.
1158 2507 1325 2535 llabeteJlla:
1332 2512 1421 2534 autem
1430 2511 1600 2534 accesserunt
1607 2509 1634 2532 et
1643 2509 1787 2532 tenuerunt

990 2543 1073 2577 pedes
1085 2544 1155 2576 ejus.
1177 2548 1204 2570 et
1217 2544 1397 2570 adoraveruut
1408 2550 1479 2570 eum.
1495 2540 1571 2569 Tunc
1581 2541 1619 2570 ait
1633 2541 1683 2569 illis
1695 2540 1785 2569 Jesus.

485 2596 681 2627 VARIANTES
700 2597 893 2628 LECTIONES
907 2597 1042 2628 CODlClS
1060 2598 1117 2626 MS.
1139 2598 1167 2626 S.
1190 2597 1445 2627 GERMANENSIS.

173 2644 340 2671 iMesl

1025 2646 1035 2661 ι
1051 2646 1162 2677 praedixi

813 2696 997 2727 BLANCBINI
1011 2697 1128 2728 NOTAE.

179 2750 192 2764 ι
207 2744 313 2782 Optima
325 2744 418 2782 Lectio
433 2746 459 2773 in
471 2750 588 2782 utroque
602 2746 712 2780 codice,
727 2745 774 2773 'uti
792 2745 936 2782 probatum

144 2786 231 2809 exstat
245 2780 315 2816 apud
329 2781 464 2809 eruditum
483 2782 535 2809 Th.
544 2780 759 2810 'Mareschallum
770 2803 778 2815 ,
792 2781 936 2810 Observat.

992 2748 1018 2775 in
1030 2747 1173 2776 Gothicam
1187 2747 1314 2777 Matthaei
1331 2748 1549 2780 translationem,
1563 2753 1625 2782 pag.
1641 2745 1704 2774 ut.

186 2843 226 2892 ω
246 2842 777 2892 l9.°‘.9."."'-._.’:?".EL‘EE-_vim“-
792 2844 832 2883 (ιι)
844 2844 936 2877 Addit»

993 2844 1060 2881 fida,
1071 2845 1152 2874 etiam
1163 2847 1218 2876 lex.
1230 2843 1277 2880 Gr.
1292 2844 1377 2874 λευκόν
1389 2841 1544 2892 (ἴνδνμβὶνν
1552 2842 1590 2881 (c)
1599 2841 1677 2877 Ecce,
1692 2845 1721 2871 nt
1736 2842 1798 2874 cod.

152 2878 229 2908 Cliti.
245 2878 310 2909 23m}.
327 2879 393 2908 Ibid.
408 2880 474 2915 dixi,
487 2887 548 2909 cum
559 2878 676 2910 tex.'Gr.
689 2879 767 2910 εἷπον.
