4048 6188
441 244 545 305 551

836 361 1071 421 connx
1109 359 1653 435 manumanus.

1288 451 1624 525 divulgatum

1289 531 1375 579 est
1393 523 1616 596 verbum
1637 524 1737 596 is-J

1291 603 1372 650 tut
1399 603 1529 665 aput
1549 594 1747 653 Judae-

1289 681 1374 732 os,
1400 681 1571 737 usque
1598 666 1653 722 in
1685 666 1783 724 ho-

1288 737 1532 793 diernutu
1561 738 1644 792 di—
1802 790 1807 793 _

1289 809 1377 865 16.
1416 824 1526 864 em.
1558 807 1741 866 Unde-

1284 881 1391 935 cim
1421 891 1603 938 autem

1208 970 1211 971 ν
1284 949 1532 1020 discipuli
1563 951 1711 1008 abie-

1285 1032 1411 1078 runt
1434 1023 1488 1079 in
1515 1022 1661 1080 Gali-

1284 1094 1447 1160 leam,
1478 1096 1531 1149 in
1559 1109 1714 1150 mon-

1286 1174 1361 1232 te,
1396 1165 1491 1223 ubi
1515 1166 1720 1223 consti-

1288 1245 1468 1292 tuerat
1496 1237 1606 1293 illis

1287 1307 1378 1382 17.
1417 1307 1595 1364 .lesus.
1626 1308 1695 1382 Et
1720 1323 1844 1367 cum
1868 1311 1947 1368 vi-

1286 1378 1496 1435 dissent
1519 1379 1644 1435 eum

1284 1449 1649 1507 adoraverunt
1678 1470 1690 1506 :

439 454 622 515 Nolite
650 457 810 514 time-

443 543 505 585 re
538 547 552 584 :
586 530 681 590 ite.
710 529 932 588 nuntia-

443 607 500 656 te
530 600 785 656 fratribus

447 672 605 738 meis,
634 682 694 727 ut
721 679 848 729 eant

442 743 501 800 in
531 740 817 810 Galileam,

442 814 518 870 ibi
542 828 628 869 me
656 815 811 871 vide-

444 885 533 940 11.
576 884 726 942 bunt.
758 885 914 956 Quae
941 902 1065 947 cum

442 956 709 1023 abissent,
743 973 871 1015 ecce

439 1027 659 1095 quidam
681 1030 749 1084 de
766 1044 893 1087 cus-

443 1098 662 1155 todibus
693 1112 854 1159 vene-

442 1179 572 1226 runt
592 1169 645 1225 iu
673 1173 805 1228 οἰνῙά

442 1248 635 1308 tatem,
663 1252 721 1299 et
740 1259 842 1301 nu-

446 1312 720 1387 tiaberunt
740 1317 900 1387 prin-

441 1383 655 1453 cipibus
678 1383 858 1442 sacer-

443 1455 655 1523 dotum,
686 1466 741 1513 et
759 1459 895 1514 scri-

444 1525 531 1600 bis
553 1521 734 1583 omnia
761 1544 901 1600 quae
1286 1521 1505 1600 quidam
1529 1538 1625 1600 au-

442 1596 583 1653 facta
614 1612 761 1655 sunt.
779 1594 797 1600 ’
1002 1622 1005 1623 ν
1288 1602 1395 1648 tem
1418 1594 1698 1651 dubitave-

442 1667 533 1748 12:
578 1669 644 1748 Et
671 1674 985 1748 congregati
1284 1672 1434 1748 funt:

1286 1734 1375 1790 18.
1416 1736 1483 1793 Ει
1505 1736 1773 1795 accedens
1801 1737 1959 1798 Jesus

1284 1805 1498 1863 locutus
1528 1819 1612 1864 est

1284 1878 1387 1946 eis,
1410 1880 1595 1936 dicens
1621 1898 1635 1936 :
1663 1881 1766 1937 Da-

1288 1958 1339 2004 ta
1366 1962 1451 2007 est
1478 1951 1613 2007 mihi
1635 1966 1755 2007 om-

1284 2022 1371 2076 nis
1398 2032 1639 2091 potestas

1283 2092 1339 2147 in
1361 2096 1536 2161 caelo,
1565 2103 1622 2151 et
1648 2094 1705 2150 in

1289 2164 1377 2220 19.
1420 2174 1566 2220 terra
1600 2166 1826 2223 Euntes.

1285 2234 1362 2308 (a)
1393 2251 1535 2295 nunc
1560 2237 1603 2308 -ι-
1628 2237 1821 2295 docete

1284 2322 1475 2364 omnes
1499 2323 1631 2379 gen-

1287 2387 1391 2446 tes,
1408 2379 1489 2462 .ba
1498 2380 1763 2463 ptizantes

1285 2465 1381 2505 eos
1408 2467 1463 2507 tn
1491 2466 1710 2515 nomine

1284 2520 1485 2588 Patris,
1513 2530 1568 2577 et
1594 2522 1718 2589 Fili,
1742 2532 1798 2579 et

1284 2591 1376 2647 20.
1418 2592 1651 2664 Spiritus
1687 2595 1861 2652 sancti
1893 2612 1906 2649 :
1949 2593 2048 2652 do-

1286 2674 1475 2720 centes
1502 2679 1599 2719 COS
1627 2680 1744 2722 881⁸·

442 1740 725 1813 principes
751 1740 839 1798 sa-

442 1811 726 1869 cerdotum
756 1830 880 1871 cum

440 1884 769 1951 senioribus,

442 1954 731 2012 consilium
757 1971 848 2014 ac-
924 2016 925 2019 η

442 2036 725 2096 ceperunt,
752 2038 809 2085 et

443 2098 730 2166 pecuniam
756 2114 853 2156 co-

444 2167 653 2237 piosam
676 2169 842 2230 dede-

440 2247 571 2294 runt
600 2240 784 2298 militi-

444 2309 532 2365 15.
577 2311 677 2367 bus
692 2354 708 2377 ,
738 2313 984 2374 dicentes
1013 2335 1029 2374 :

444 2379 620 2436 Dicite
640 2386 765 2449 quia
785 2385 869 2441 dis
884 2417 899 2428 ε
984 2412 987 2417 ·

444 2451 610 2523 cipuli
636 2454 754 2525 ejus
775 2470 905 2513 noo-

443 2532 499 2580 te
528 2537 815 2593 venerunt,

443 2603 500 2650 et
523 2594 684 2652 furati
707 2609 837 2654 sunt

441 2678 591 2729 eum,
624 2669 778 2724 vobis
799 2670 930 2726 dor-

443 2737 759 2795 mientibus.
1286 2750 1416 2790 vare
1443 2738 1624 2791 omnia

444 2808 534 2862 14.
580 2807 645 2863 Et
672 2810 717 2864 si
745 2811 848 2868 hoc
873 2812 1030 2870 audi~
1285 2821 1658 2875 quaecumque

444 2884 560 2934 tum
585 2880 745 2936 fuerit
774 2898 805 2939 a
1286 2879 1535 2933 mandavi
1566 2892 1665 2931 vo-

444 2947 725 3019 Praeside,
754 2970 854 3011 nos
1286 2948 1387 3003 bis.
1415 2949 1485 3003 Et
1509 2963 1637 3003 ecce
1660 2962 1764 3019 ego

442 3022 835 3091 persuademus
1283 3021 1564 3076 vobiscum
1590 3035 1713 3075 sum

1284 3093 1537 3147 omnibus
1564 3091 1693 3146 dies

1287 3162 1389 3218 bus
1421 3178 1591 3233 usque
1616 3161 1697 3229 ad

1288 3248 1637 3289 consumam-

444 3102 518 3159 et,
550 3102 604 3146 et
626 3109 852 3153 SCCUI‘OS

443 3176 545 3219 vos
570 3162 854 3223 faciemus.

445 3234 537 3289 15.
576 3234 659 3313 Ad
684 3239 760 3313 illi
780 3248 1002 3313 accepta

447 3309 700 3374 pecunia,
732 3309 877 3367 fece-

445 3387 573 3432 runt
601 3379 742 3436 sicut
770 3398 833 3437 e-

438 3459 567 3505 rant
587 3451 751 3508 docti.
786 3454 853 3510 Et

1288 3305 1490 3360 tionem
1516 3318 1706 3359 saecu-

1286 3377 1344 3434 li.
1370 3377 1447 3450 (b)
1478 3377 1651 3434 Amen
1674 3376 1733 3447 ἦ.

912 247 919 269 ’
972 245 1247 308 EUSEBII
1284 241 1627 305 VERCELL.
1669 246 2121 307 EVANGELIUM
2158 245 2302 306 CUM
2341 246 2572 307 VARUS
2606 248 2766 307 COD.
2805 250 3202 310 COLLATUM.

3641 249 3749 309 552

2458 418 2462 427 ,
2544 378 2547 381 ’
2594 363 2828 423 CODEX
2856 364 3309 437 VERONENSIIS.

2153 457 2333 531 Nolite
2359 458 2557 514 timere
2668 502 2673 505 μ
2985 460 3053 516 Et
3079 459 3319 531 divulga-

2153 544 2251 597 vos
2279 546 2290 582 :
2321 529 2416 595 ite,
2441 545 2580 584 nun-
2986 540 3097 586 tum
3119 541 3205 587 est
3228 529 3379 588 ver--

2156 601 2286 656 tiate
2316 599 2574 657 fratribus
2983 601 3113 658 bum
3137 604 3265 657 istut

2155 672 2401 756 incisum
2435 681 2564 728 eant
2744 720 2752 727 .
2986 680 3118 743 aput
3143 672 3400 756 Judaeos,

2157 743 2210 797 in
2233 741 2555 810 Galilaeam,
2987 741 3159 813 usque
3179 745 3232 799 in

2156 813 2228 867 ibi
2261 829 2346 868 me
2373 813 2522 869 vide-
2987 814 3306 872 hodiernum

2158 885 2240 939 11.
2288 884 2441 939 bunt.
2485 884 2633 953 Quae
2987 885 3153 941 diem.

2990 957 3078 1015 16.
3119 973 3170 1013 χι
3200 968 3379 1015 autem
3409 959 3491 1016 di-

2987 1029 3178 1098 scipuli
3206 1030 3356 1087 abie-

2987 1110 3114 1155 runt
3132 1101 3185 1156 in
3210 1116 3364 1158 mon-

2924 1236 2929 1237 ,
2989 1180 3061 1236 te,
3093 1173 3183 1227 ubi
3205 1187 3339 1228 con-

2985 1243 3236 1298 stituerat
3267 1244 3331 1299 il-

2987 1313 3075 1367 17.
3107 1315 3172 1369 lis
3195 1313 3373 1372 Jesus.
3397 1318 3468 1375 Et

2163 960 2221 1018 >14
2247 970 2368 1010 cum
2399 956 2655 1027 abissent,
2690 964 2748 1023 rit

2156 1040 2283 1096 ecce
2309 1027 2523 1096 quidam

2156 1095 2226 1152 de
2246 1095 2558 1154 custodibus
2620 1144 2625 1147 .

2156 1170 2496 1225 veneruntin

2156 1239 2449 1307 civitatem,
2482 1249 2538 1296 et

2157 1311 2542 1368 nuntiaverunt

2156 1381 2489 1451 principibus
2989 1384 3239 1442 videntes
3264 1402 3387 1444 eum

2156 1453 2499 1507 sacerdotum
2624 1506 2629 1509 ,
2990 1455 3348 1514 adoraverunt
3373 1478 3388 1515 :

2157 1522 2339 1593 omnia
2362 1539 2500 1593 quae
2989 1526 3206 1593 quidam
3229 1539 3408 1587 autem

2158 1592 2298 1649 faeta
2327 1592 2472 1649 sunt.
2987 1592 3387 1657 dubitaverunt.

2161 1664 2249 1719 12.
2292 1665 2362 1721 Ει
2389 1680 2615 1737 congre-
2989 1668 3079 1723 18.
3124 1668 3192 1724 Et
3219 1673 3484 1731 accedens

2156 1737 2265 1818 gati
2283 1752 2417 1818 lcum
2449 1754 2536 1795 se—
2987 1738 3145 1795 Jesus
3168 1743 3319 1818 locu-

2156 1809 2423 1873 nioribus,

2154 1879 2386 1934 consilio
2410 1894 2503 1935 ac-

2154 1958 2335 2019 cepto,
2362 1953 2647 2022 pecuniam

2152 2022 2241 2093 15.
2282 2024 2565 2093 cupiosam
2594 2023 2687 2081 de-

2151 2092 2476 2149 deruntmi—
2563 2139 2574 2146 .

2151 2163 2360 2227 litibus,
2384 2165 2571 2223 dicen-

2146 2244 2229 2290 tes
2254 2252 2267 2287 :
2299 2235 2471 2291 Dicite

2147 2307 2273 2374 quia
2302 2306 2554 2378 discipuli

2148 2377 2266 2447 ejus
2292 2377 2451 2434 nocte

2148 2459 2437 2517 venerunt,
2466 2461 2521 2507 et

2147 2519 2311 2576 furati
2341 2534 2466 2576 sunt

2148 2606 2294 2657 eum,
2328 2593 2483 2649 nobis
2510 2592 2636 2650 dor-

2149 2663 2467 2719 mientibus.

2152 2734 2240 2789 14.
2286 2736 2350 2788 Ει
2379 2736 2426 2790 si
2462 2735 2568 2792 hoc

2149 2805 2391 2859 auditum
2424 2806 2589 2864 fuerit

2149 2890 2181 2930 a
2210 2876 2485 2942 Praeside,

2150 2961 2251 3001 nos
2277 2948 2529 3005 suadebi-

2151 3032 2273 3073 mus
2299 3018 2372 3085 ei,
2404 3029 2460 3074 et

2148 3103 2373 3144 securos
2399 3105 2494 3148 V08

2150 3158 2430 3217 faciemus.

2152 3231 2243 3287 ts.
2283 3233 2365 3308 Ad
2394 3234 2469 3291 illi
2496 3243 2713 3308 accepta

2148 3304 2402 3374 pecunia,
2432 3308 2574 3369 lece-

2149 3386 2280 3430 runt
2308 3376 2446 3431 sicut

2152 3457 2307 3503 erant
2335 3448 2502 3504 docti.

2990 1820 3077 1884 tus
3097 1822 3180 1868 est
3200 1815 3328 1884 illis,

2987 1882 3175 1940 dicens
3205 1905 3218 1941 :
3255 1882 3360 1943 Da-

2989 1962 3041 2009 ta
3071 1964 3155 2009 est
3176 1958 3306 2012 mihi
3333 1960 3511 2015 omnis

2990 2033 3231 2108 potestas
3249 2031 3304 2085 in
3328 2032 3503 2099 caelo,

2985 2105 3042 2151 et
3069 2105 3121 2151 in
3156 2110 3321 2156 terra.

2946 2216 2951 2217 κ
2986 2167 3077 2249 t9.
3107 2168 3313 2229 Euntes
3335 2173 3412 2249 (a)
3442 2170 3637 2244 nunc-:—

2984 2238 3178 2298 docete
3207 2238 3399 2302 omnes

2982 2321 3194 2382 gentes,
3228 2316 3407 2388 bapti-

2983 2392 3167 2440 zantes
3195 2402 3290 2442 803

2982 2452 3035 2507 in
3070 2457 3289 2514 nomine

2980 2523 3170 2589 Patris.
3200 2538 3255 2583 et
3292 2529 3381 2585 Fi-

2980 2593 3048 2669 li,
3071 2609 3125 2654 et
3152 2599 3383 2669 Spiritus

2980 2665 3073 2725 20.
3116 2665 3287 2726 sancti
3317 2691 3331 2725 :
3362 2672 3565 2729 docen-

2979 2755 3062 2800 tes
3087 2755 3181 2796 COS
3206 2757 3433 2801 servare

2978 2814 3159 2872 omnia
3197 2828 3362 2884 quae-

2979 2899 3212 2953 cumque
3239 2900 3392 2940 man-

2981 2956 3111 3013 davi
3141 2956 3312 3013 vobis.
3343 2957 3412 3013 Et

2888 3080 2891 3081 ν
2984 3043 3111 3084 ecce
3137 3043 3237 3097 ego
3256 3042 3350 3083 vo-

2984 3099 3190 3156 biscum
3221 3114 3338 3154 sum

2983 3171 3236 3226 omnibus
3273 3170 3389 3227 die-

2982 3241 3084 3313 bus
3102 3284 3116 3308 ,
3151 3256 3319 3313 usque

2982 3312 3051 3367 ad
3081 3312 3427 3368 consUmma-

2986 3384 3443 3458 tionem_saeculi.
3471 3384 3548 3458 (ὁ)

2983 3458 3155 3512 Amen
3184 3456 3255 3527 ἦ..

684 3524 1113 3617 ΕνΑΝαΕιιωί
1162 3567 1503 3614 SECUNDUM
1543 3544 1927 3611 MATTHEUM
1971 3561 2293 3607 EXPLICIT.
2326 3578 2403 3590 —-
2446 3563 2687 3609 INCIPIT
2731 3567 3073 3615 SECUNDUM
3116 3570 3479 3620 JOHANNBN.

877 3656 1108 3713 CODEX
1146 3656 1606 3714 CORBEIENSIS.
1668 3648 1679 3685 ἠ

446 3730 623 3803 Nolite
650 3735 843 3792 timere
876 3755 888 3790 :
920 3739 1015 3803 ite,
1048 3740 1289 3794 nuntiate
1326 3738 1580 3792 fratribus
1624 3735 1777 3798 meis,
1814 3741 1872 3787 ut
1915 3743 2043 3788 eant

451 3802 504 3855 iu
536 3801 856 3872 Galilaeam,
880 3810 955 3863 ibi
978 3801 1063 3865 me
1094 3811 1370 3865 videbunt.
1394 3810 1543 3876 Quae
1564 3822 1727 3873 quum
1755 3805 2038 3871 abiissenl,

448 3885 577 3926 ecce
603 3876 818 3943 quidam
867 3879 933 3934 de
957 3880 1274 3935 custodibus
1297 3888 1558 3936 venerunt
1586 3878 1637 3930 in
1660 3877 1959 3940 civitatem,
1987 3886 2043 3931 et

451 3943 837 4019 nuntiaverunt
892 3952 1222 4019 principibus
1276 3949 1618 4006 sacerdotum
1674 3947 1855 4019 omnia
1903 3962 2041 4019 quae

450 4011 589 4093 facta
620 4016 851 4073 fuerant.
888 4011 954 4076 Et
989 4011 1303 4093 congregati
1343 4011 2042 4093 cumosenioribushconsi-

453 4083 527 4162 l_i_o
552 4098 801 4162 accepto,
843 4083 1127 4160 pecuniam
1157 4083 1432 4162 copiosam
1462 4090 1729 4143 dederunt
1757 4087 2037 4155 militibus,

452 4154 699 4233 dicentes
727 4178 740 4214 :
776 4154 947 4218 Dicite
978 4164 1099 4233 quia
1127 4154 1372 4233 discipuli
1405 4162 1523 4230 ejus
1564 4167 1722 4233 nocte
1753 4169 2034 4233 generum,

452 4234 508 4281 et
544 4228 701 4301 furati
745 4243 871 4289 sunt
901 4228 1044 4301 eum,
1096 4228 1707 4290 nobis-donnientibns.
1768 4230 1834 4284 Et
1862 4230 1907 4283 si
1938 4228 2042 4285 hoc

452 4297 693 4355 auditum
756 4304 924 4361 fuerit
951 4323 979 4360 a
1020 4297 1297 4369 Praeside.
1328 4308 1435 4358 'nos
1476 4301 1821 4357 suadebimus
1862 4302 1948 4366 ei,
1995 4311 2050 4356 et

449 4382 672 4443 securos
732 4390 828 4432 νυε
892 4378 1172 4435 faciemus.
1249 4376 1320 4432 At
1374 4375 1448 4430 illi
1514 4382 1731 4443 accepta
1788 4372 2037 4442 pecunia,

457 4438 701 4517 fecerunt
721 4447 863 4502 sicut
898 4460 1051 4505 erant
1070 4450 1237 4505 docti.
1266 4450 1330 4504 Et
1355 4438 1686 4517 divnlgatum
1713 4438 1803 4517 est
1816 4444 2039 4517 verb_t_tm

452 4508 595 4596 istud
625 4518 767 4586 apud
796 4518 1053 4596 Iudaeos,
1084 4536 1255 4596 usque
1271 4521 1335 4596 in
1374 4508 1897 4596 liodimnutnndiem.
1933 4512 2044 4596 Uu-

451 4580 626 4638 decim
660 4580 859 4663 autem
906 4580 1447 4663 discipuli'abiernnt
1492 4589 1545 4643 in
1569 4586 1933 4663 _Galilucam,
1988 4586 2040 4639 in

452 4665 715 4723 montem,
745 4661 836 4717 ubi
853 4657 1206 4718 constituerat
1233 4664 1339 4719 illis
1358 4662 1535 4717 Jesus.
1568 4660 1633 4714 Et
1650 4657 1896 4713 videntes
1916 4672 2043 4712 eum

450 4725 813 4811 atloraverunt
844 4751 858 4789 :
888 4735 1104 4804 quidam
1146 4744 1324 4811 autem
1357 4733 1757 4811 dubitaverunt.
1794 4729 1861 4811 Et
1888 4742 2046 4811 accc:

450 4795 770 4875 densJesus
821 4795 1072 4875 loquutus
1101 4816 1184 4861 est
1207 4806 1308 4872 eis,
1340 4806 1528 4865 dicens
1555 4821 1568 4857 :
1600 4802 1731 4875 Dat_a
1778 4808 1860 4855 est
1908 4799 2041 4855 mihi

451 4872 630 4953 qmnis
675 4871 918 4944 patestas
962 4880 1012 4933 in
1056 4878 1228 4953 caelo,
1255 4885 1357 4953 _et,
1383 4876 1437 4929 in
1483 4884 1649 4953 terra.
1680 4871 1886 4953 Euntes
1912 4884 2042 4953 θεεο

451 4936 645 5021 docete
671 4936 859 5021 omnes
883 4959 1094 5021 gentes,
1124 4936 1458 5021 baptizantes
1479 4958 1576 5021 eos
1603 4943 1652 4997 in
1696 4942 1917 4997 nomine
1940 4936 2043 4994 Pa-

452 5015 573 5075 tris,
614 5025 667 5068 et
705 5017 848 5086 Filii,
885 5015 953 5077 'et
1001 5015 1234 5089 Spiritus
1280 5018 1456 5074 santi:
1488 5015 1746 5089 docentes
1764 5027 1891 5089 _eos
1926 5026 2041 5089 ser:

449 5093 579 5137 vare
612 5092 790 5163 omnia
817 5084 1230 5163 quaequomque
1270 5088 1519 5163 mandavi
1549 5086 1719 5142 vobis.
1764 5084 1998 5163 Et_ecce
2022 5084 2038 5114 ί

446 5165 549 5222 ego
588 5155 861 5231 vobiscum
890 5155 1008 5217 sum
1037 5155 1289 5221 omnibus
1316 5162 1530 5228 diebus,
1577 5173 1747 5231 usque
1794 5155 1864 5213 ad
1910 5168 2041 5211 con-

446 5230 865 5287 summationem
895 5237 1114 5291 saeculi.

448 5342 863 5388 EVANGELIUM
901 5342 1243 5391 SECUNDUM
1286 5344 1669 5391 MATTHEUM
1714 5339 2115 5386 EXPLICIT.-—

2608 3651 2843 3709 CODEX
2884 3654 3275 3712 BlilXiANUS.

2145 3732 2324 3788 Nolite
2354 3734 2544 3789 timere
2585 3734 2656 3788 ite
2687 3736 2927 3789 nuntiate
2952 3734 3211 3790 fratribus
3248 3738 3403 3792 meis.
3434 3744 3491 3790 ut
3521 3745 3651 3791 eant
3689 3736 3749 3792 in

2147 3804 2407 3875 Galileam
2430 3814 2484 3857 et
2510 3804 2579 3860 ibi
2611 3821 2695 3858 me
2720 3806 2996 3861 videbunt.
3025 3807 3175 3875 Quae
3196 3822 3316 3862 cum
3341 3808 3583 3863 abissent
3612 3822 3749 3864 ecce

2147 3874 2361 3945 quidam
2387 3877 2454 3929 de
2476 3875 2793 3930 cusmdibus
2828 3874 3091 3932 venerunt
3127 3880 3177 3932 in
3202 3880 3472 3933 civitatem
3509 3890 3562 3934 et
3597 3896 3748 3933 nun-

2147 3951 2416 4019 tiaverunt
2454 3947 2789 4013 principibus
2832 3948 3171 4003 sacerdotum
3214 3951 3393 4004 omnia
3422 3965 3559 4019 quae
3601 3950 3748 4006 facta

2149 4018 2378 4072 fuerant.
2434 4019 2497 4071 Et
2537 4021 2845 4089 Cuttgregati
2886 4034 3007 4073 cum
3036 4021 3361 4076 senioribus.
3390 4018 3618 4076 consilio
3653 4037 3751 4077 ac-

2148 4098 2304 4158 cepto
2328 4090 2578 4143 tollente;
2593 4093 2871 4159 pecuniam
2889 4092 3163 4159 copiosam
3186 4094 3451 4147 dederunt
3478 4092 3747 4148 militibus

2147 4160 2409 4232 dicentes.
2447 4160 2614 4215 Dii-ite
2641 4162 2763 4230 quia
2794 4162 3043 4231 discipuli
3068 4163 3185 4232 ejus
3214 4178 3373 4219 nocte
3394 4171 3655 4217 venerunt
3683 4175 3749 4218 et

2147 4230 2306 4285 furati
2355 4242 2480 4285 sunt
2507 4247 2627 4285 eum
2660 4233 2812 4287 nobis
2844 4230 3254 4289 dormientibus.
3288 4235 3353 4290 Et
3381 4234 3427 4289 si
3460 4238 3558 4288 ltoc
3586 4234 3751 4288 audi-

2148 4310 2258 4356 tum
2290 4301 2447 4356 fuerit
2475 4317 2504 4356 a
2536 4302 2813 4358 Praeside.
2861 4320 2959 4359 nos
3000 4304 3287 4360 suademus
3317 4307 3387 4360 ei.
3422 4315 3477 4360 et
3520 4320 3750 4364 securos

2146 4388 2242 4427 vos
2284 4374 2560 4427 faciemus.
2593 4374 2662 4428 At
2691 4375 2763 4429 illi
2794 4385 3010 4444 accepta
3060 4377 3282 4443 pecunia
3329 4375 3577 4432 fecerunt
3602 4377 3749 4433 sicut

2146 4453 2300 4517 erant
2340 4445 2505 4499 ducti.
2540 4445 2613 4517 Et,
2632 4445 2962 4516 divulgatum
3008 4457 3091 4501 est
3138 4448 3358 4502 verbum
3409 4448 3549 4502 istud
3600 4450 3749 4516 apud

2144 4516 2380 4571 Judneos
2410 4531 2580 4583 usque
2602 4514 2673 4569 "iu
2717 4514 3035 4579 hodiernum
3068 4518 3231 4573 diem.
3274 4518 3531 4574 Uudecim
3561 4514 3746 4576 autem

2146 4584 2391 4664 discipuli
2420 4587 2667 4664 abierunt
2694 4588 2747 4641 in
2778 4589 3038 4664 galileam
3064 4590 3115 4643 in
3143 4598 3379 4645 montem
3405 4591 3582 4664 inquo
3612 4606 3750 4646 con-

2146 4656 2395 4712 stituerat
2425 4656 2531 4712 illis
2558 4656 2737 4712 Iesus.
2782 4659 2847 4714 Et
2890 4659 3134 4716 videntes
3181 4676 3303 4715 emn
3352 4656 3747 4718 adoraverunt.

2145 4729 2361 4799 quidam
2393 4740 2573 4783 autem
2610 4729 3008 4785 dubitaverunt.
3057 4731 3124 4785 Et
3164 4731 3431 4787 accedens
3457 4732 3633 4788 Jesus.
3662 4734 3751 4787 lo-

2147 4810 2302 4855 cutus
2327 4807 2410 4855 est
2436 4801 2514 4855 eis
2543 4799 2748 4855 dicens.
2778 4801 2907 4855 Data
2930 4810 3015 4857 est
3039 4801 3169 4856 milii
3208 4804 3387 4857 omnis
3416 4812 3655 4872 potestas
3684 4805 3747 4861 iu

2146 4872 2299 4945 caelo
2318 4880 2377 4931 ,et
2404 4873 2455 4926 in
2487 4883 2652 4931 terra.
2684 4872 2889 4927 Euntes
2916 4889 3044 4941 ergo
3077 4873 3275 4933 docete
3308 4890 3499 4930 omnes
3520 4882 3743 4945 gentes.

2145 4941 2487 5015 baptizantes
2512 4958 2608 4999 eos
2634 4945 2686 4998 in
2720 4945 2941 4999 nomine
2970 4945 3144 4999 Patris
3168 4954 3224 4999 et
3253 4945 3357 5001 Fili
3400 4941 3747 5015 et'Spiritus

2145 5016 2339 5087 sancti.
2363 5014 2620 5087 docentes
2640 5029 2736 5069 eos
2762 5029 2984 5070 servare
3005 5017 3188 5070 omnia
3214 5014 3566 5087 quaecunque
3596 5033 3752 5073 mau-

2144 5085 2272 5157 davi
2297 5086 2471 5141 vobis.
2498 5086 2562 5140 Et
2591 5100 2720 5141 ecce
2746 5101 2847 5157 ego
2875 5087 3152 5142 vobiscum
3181 5102 3301 5142 sum
3342 5085 3594 5143 omnibus
3623 5088 3753 5145 die-

2144 5154 2247 5213 bus
2269 5171 2438 5229 usque
2458 5157 2527 5212 ad
2555 5154 3077 5215 consummationem
3107 5160 3326 5215 saeculi.
3360 5158 3436 5232 (ὁ)
3469 5160 3645 5216 Amen
3673 5160 3744 5233 1-.

2132 5316 2214 5453 (c)
2241 5336 2478 5381 INCIPIT
2520 5338 2936 5383 EVANGELIUM
2978 5339 3321 5385 SECUNDUM
3362 5324 3743 5388 JOHANNEM.

2132 5398 2179 5453 lC
2208 5398 2245 5453 S
2282 5400 2393 5453 MS.
2435 5400 2496 5453 S.
2536 5400 3043 5453 GERMANENSIS.

1136 5408 1527 5465 VARIANTES
1564 5403 1946 5463 LECTIONES
1981 5398 2245 5458 CUDICIS
2282 5400 2393 5457 MS.
2435 5400 2496 5457 S.
2536 5400 3043 5477 GERMANENSIS.

1774 5538 2145 5598 BLANCHINI
2181 5536 2407 5594 NOTAE.

521 5635 599 5716 (a)
636 5636 733 5716 ita
760 5645 818 5716 e_t
841 5637 963 5716 co_d.
1011 5634 1169 5716 Cant.
1217 5641 1323 5716 96y.
1364 5666 1435 5677 —
1462 5633 1538 5708 (ὁ)
1566 5632 1809 5716 Addunt‘
1835 5636 2015 5716 ᾼηιεη,
2041 5643 2099 5716 n_t
2125 5642 2236 5689 tex.
2269 5631 2363 5688 Gr.
2394 5632 2563 5716 ’Δμήνο
2584 5632 2913 5716 _quod_certe
2935 5633 3168 5716 Matihaei
3202 5644 3421 5716 nonest
3445 5674 3462 5699 .
3502 5635 3603 5716 sed
3619 5634 3748 5716 _Ec-

447 5704 630 5795 clesiae
657 5748 671 5773 ,
712 5707 837 5795 huic
883 5709 1197 5795 Evangelii),
1238 5709 1391 5795 sicut
1435 5704 1491 5764 et
1519 5704 1757 5795 caeteris
1781 5704 1827 5795 ,ξε
1847 5706 1950 5762 hoc
1980 5706 2147 5795 verbo
2174 5704 2457 5795 assensum
2479 5704 2904 5764 declarantis.—
2928 5706 3002 5779 (c)
3035 5704 3114 5765 Ita
3141 5716 3200 5764 et
3221 5706 3347 5765 cod.
3377 5705 3535 5764 Cant.
3553 5709 3750 5781 εὐαγ-

448 5779 609 5852 νίλιον
629 5781 763 5839 κατά
786 5778 1315 5851 Hammonis-dicen,
1358 5778 1587 5855 ἄρχεται
1614 5780 1912 5853 Eva-nilnil
1954 5794 2044 5838 κατ

2146 5780 2353 5836 ωάννηῠ.
2458 5852 2461 5855 _
3044 5816 3049 5821 -

507 5474 525 5507 ¹
562 5489 681 5531 ecce
703 5479 969 5532 vobiscum.
