4048 6188
255 287 371 343 555

1248 288 1701 350 EVANGELIUM
1744 288 2119 351 SECUNDUM
2156 289 2541 349 JOHANNEM.

3457 296 3572 358 354

263 416 3533 447 M

523 532 956 621 INCIPIT
1028 536 1824 625 EVANGELIUM
1893 540 2563 628 SECUNDUM
2640 541 3322 636 JOHANNEM.

648 820 886 882 CODEX
924 823 1461 884 VERCELLENSIS.

344 939 575 1000 CAPUT
614 940 904 1001 PRIMUM.
1088 921 1141 977 θ.
1180 920 1307 1001 Fuit
1340 920 1504 975 homo
1521 919 1668 1001 _mis.

1084 1007 1177 1047 sus
1206 1007 1233 1045 a
1275 993 1417 1057 Deo,
1449 993 1536 1047 cui

1086 1077 1281 1119 nomen
1304 1074 1422 1119 erat

1087 1134 1139 1189 7.
1181 1134 1473 1191 Johannes.
1510 1133 1608 1191 Hic

1084 1204 1231 1261 venit
1258 1205 1311 1260 in
1338 1213 1445 1262 tes-

1088 1278 1370 1331 timonium
1390 1318 1407 1343 ,

1085 1356 1141 1402 ut
1178 1348 1420 1402 testimo-

1082 1418 1233 1490 nium
1270 1418 1456 1490 perhi-

1066 1488 1237 1545 .beret
1264 1488 1331 1543 de
1368 1490 1527 1545 lumi-

1084 1576 1172 1625 ne.
1206 1570 1267 1615 ut
1292 1562 1472 1615 omnis

1083 1633 1306 1687 credant
1338 1647 1433 1700 per

1081 1701 1137 1757 8.
1179 1702 1349 1757 illum.
1374 1702 1489 1758 Non
1517 1717 1575 1760 e-

1080 1782 1162 1827 rat
1195 1774 1286 1828 ille
1314 1774 1492 1829 lumen
1509 1815 1525 1840 ,

1078 1843 1173 1899 sed
1200 1851 1258 1899 ut
1280 1846 1520 1901 testimo-

1078 1916 1225 1970 nium
1256 1917 1445 1985 perhi-

1076 1985 1229 2043 beret
1249 1988 1315 2041 de
1334 1987 1495 2041 lumi-

1076 2056 1132 2110 9.
1176 2073 1264 2113 ne.
1296 2057 1426 2112 Erat
1457 2059 1637 2115 lumen

1074 2142 1259 2183 verum
1284 2170 1299 2194 ,
1330 2129 1477 2200 quod

1074 2200 1361 2255 inluminat
1385 2216 1446 2255 o-

1073 2285 1254 2327 mnem
1285 2270 1560 2329 hominem

1070 2343 1380 2398 venientem

245 1054 303 1111 1.
331 1054 392 1111 In
422 1054 691 1125 principio

243 1137 367 1183 erat
394 1127 631 1183 Verbum
650 1167 666 1193 ,

242 1210 300 1255 et
327 1198 560 1255 Verbum

241 1280 362 1325 erat
388 1280 519 1339 aput
540 1270 707 1325 Deum
724 1312 739 1336 ,

241 1349 302 1395 et
329 1341 475 1397 Deus
500 1351 620 1397 erat
652 1342 784 1396 Ver-

239 1411 299 1465 2.
330 1412 483 1466 bum.
516 1412 629 1470 Hoc
654 1421 773 1468 erat

239 1484 296 1538 in
321 1484 587 1553 principio

237 1554 295 1609 5.
322 1565 452 1625 aput
479 1556 667 1611 Deum.
699 1555 827 1611 Om-

236 1627 327 1680 nia
368 1642 467 1696 per
498 1626 651 1682 illum

234 1698 374 1752 facta
403 1706 533 1751 sunt
556 1715 570 1751 :
597 1708 655 1754 et

234 1770 357 1823 sine
380 1768 473 1823 illo
495 1768 610 1824 fac-

236 1849 349 1893 tum
373 1850 460 1895 est
486 1840 643 1895 nihil.

232 1911 393 1978 Quod
422 1911 622 1966 factum

231 1986 287 2037 ὁ.
330 1990 445 2046 est.
477 1983 645 2037 inillo
671 1982 755 2037 vi-

233 2062 283 2107 ta
314 2053 391 2125 (a)
419 2053 583 2125 est-ix
613 2062 669 2110 et
690 2054 796 2109 vita

232 2124 351 2179 erat
378 2127 467 2180 lux
502 2124 606 2180 ho-

230 2195 288 2252 5.
329 2198 557 2251 minam.
598 2196 667 2252 Et
693 2197 787 2254 lux

230 2266 285 2320 in
319 2268 558 2323 tenebris

228 2337 373 2393 lucet
390 2379 409 2406 ,
440 2351 491 2395 et
524 2350 675 2395 tene-

1946 1702 2083 1758 lacta
2104 1714 2230 1757 sunt
2254 1720 2267 1756 :
2300 1711 2355 1759 et

1944 1915 2097 1984 Quod
2124 1923 2303 1972 autem
2335 1915 2537 1974 factum

1943 1988 2000 2042 4.
2041 1996 2146 2048 est.
2180 1988 2232 2043 in
2262 2003 2328 2043 eo
2357 1990 2435 2042 vi-

1943 2056 2101 2129 tata)
2133 2070 2217 2115 est
2241 2059 2300 2129 οἷο,
2324 2067 2380 2115 ει
2409 2059 2517 2117 vita

1944 2126 2020 2199 (υ)
2039 2126 2125 2201 est
2150 2131 2189 2201 4.-
2213 2126 2305 2185 lux
2334 2129 2430 2185 ho-

1941 2270 2088 2326 lucet
2113 2274 2165 2327 in
2190 2281 2345 2329 tene-

1938 2343 2074 2407 bris,
2102 2353 2159 2400 et
2185 2354 2335 2400 tene-

2388 828 2621 887 CODEX
2661 829 3113 891 VERONENSIS.

2061 944 2289 1004 CAPUT
2323 945 2610 1006 PRIMUM.
2793 923 2846 979 6·
2880 923 3011 1006 Fuit
3020 924 3183 981 homo
3207 922 3336 1006 tuis—

2313 995 2610 1064 “_“"""'"
2792 1010 2887 1051 sus
2914 1010 2943 1050 a
2975 995 3107 1064 Deo,
3138 998 3227 1053 cui

2792 1082 2990 1123 nomen
3017 1080 3135 1124 erat

2792 1138 2846 1192 7.
2885 1138 3171 1223 Johannis.
3200 1139 3301 1199 Hic

2792 1220 2941 1266 venit
2969 1220 3021 1265 in
3048 1221 3126 1267 te-

1957 1062 2011 1117 1.
2048 1059 2106 1116 In
2133 1060 2398 1132 principio

1952 1141 2071 1188 erat
2092 1132 2354 1201 Verbum,

1951 1211 2008 1260 et
2036 1203 2277 1260 Verbum

1954 1283 2070 1349 erat
2092 1284 2222 1345 aput
2249 1276 2443 1349 Deum,
2788 1282 3124 1349 stimonium,

1953 1347 2165 1402 etDeus
2190 1358 2309 1403 erat
2338 1347 2460 1404 Ver.
2503 1387 2519 1403 .
2562 1394 2582 1404 λ.
2624 1388 2641 1404 .
2788 1363 2847 1407 ιιι
2872 1347 3117 1409 ιεειίιῐιοέ

1950 1417 2005 1494 _2.
2050 1418 2163 1494 Hoc
2187 1427 2310 1494 erat
2790 1425 2936 1478 nium
2969 1426 3113 1494 peri-

2788 1494 2943 1550 beret
2971 1496 3039 1551 de
3067 1496 3226 1553 lumi-

2786 1582 2876 1629 ne.
2909 1577 2967 1622 υἱ
2992 1584 3182 1624 omnes

2785 1637 3071 1710 crederent
3100 1656 3197 1710 per

2785 1709 2840 1764 8.
2859 1768 2863 1772 ,
2880 1724 3026 1764 eum.
3066 1709 3184 1767 Non
3211 1719 3330 1769 erat

2785 1778 2879 1836 ille
2904 1780 3109 1845 lumen.

2781 1851 2881 1907 sed
2912 1860 2971 1907 ut
2998 1854 3243 1911 testimo-

2782 1923 2932 1978 nium
2958 1926 3140 1993 perhi-

2783 1993 2938 2049 heret
2958 1995 3026 2050 de
3055 1996 3280 2054 lumine.

2786 2063 2840 2120 9.
2872 2065 3000 2121 Erat
3027 2069 3170 2123 enim
3202 2070 3297 2124 lux

2789 2150 2943 2202 vera,
2973 2154 3112 2202 quae
3134 2140 3218 2195 in-

2784 2208 3087 2265 luminabat
3110 2226 3227 2266 om-

2781 2293 2907 2335 nem
2935 2279 3216 2339 hominem

2780 2351 3091 2408 venientem

1950 1490 2004 1543 in
2030 1490 2294 1560 principio

1950 1560 2003 1642 5.
2048 1570 2179 1630 aput
2208 1563 2397 1616 Deum.
2422 1560 2553 1618 Om-

1949 1645 2037 1685 nta
2070 1647 2165 1701 per
2193 1646 2316 1687 eum

1949 1774 2067 1828 sine
2089 1788 2213 1829 eum
2245 1774 2357 1829 fac-

1947 1852 2058 1898 tum
2089 1854 2175 1899 est
2203 1845 2361 1900 nihil.

1947 2201 2001 2256 5.
2041 2200 2268 2257 minum.
2302 2201 2372 2256 Et
2398 2202 2489 2258 lux

226 2408 359 2465 brae
391 2425 512 2466 eam
546 2425 655 2467 non
1067 2412 1121 2466 in
1150 2414 1293 2469 hunc
1321 2430 1473 2469 mun-
1937 2415 2050 2469 brat
2075 2429 2192 2469 eam
2222 2430 2329 2470 non
2780 2419 2834 2474 in
2857 2419 3000 2477 hunc
3028 2438 3188 2478 mun-

228 2481 567 2552 conprehen-
1070 2483 1157 2539 10.
1201 2484 1350 2540 dum.
1382 2486 1440 2542 In
1470 2485 1574 2542 hoc
1936 2486 2296 2552 comprehen-
2779 2490 2867 2545 10.
2907 2491 3056 2547 dum.
3088 2494 3146 2549 In
3174 2495 3278 2550 hoc

227 2550 446 2608 derunt.
1065 2556 1233 2611 mund
1276 2594 1291 2610 .
1337 2596 1352 2611 .
1399 2596 1412 2611 .
1457 2597 1471 2611 .
1517 2597 1533 2613 .
1936 2550 2156 2610 derunt.
2775 2560 2980 2619 mundo
3008 2573 3151 2634 erat,

1540 2664 1773 2722 CODEX
1800 2664 2199 2725 BRIXIANUS.

297 2760 356 2815 ln
410 2758 680 2830 principio
727 2766 843 2815 erat
886 2757 1123 2831 Verbum
1154 2767 1216 2831 et
1249 2758 1485 2816 Verbum
1532 2768 1650 2815 erat
1691 2768 1821 2831 aput

227 2830 425 2903 Deum.
468 2840 526 2887 et
569 2831 710 2903 Deus
740 2840 858 2886 erat
887 2830 1123 2885 Verbum
1147 2830 1261 2903 Hoc
1300 2843 1417 2887 erat
1470 2832 1526 2886 in
1555 2830 1819 2903 principio

225 2915 354 2972 aput
403 2902 596 2958 Deum.
630 2902 818 2957 Omnia
867 2918 964 2973 per
988 2903 1160 2973 ipsum
1207 2901 1346 2957 facta
1391 2901 1647 2958 sunt.’et
1700 2901 1820 2959 sine

226 2974 345 3042 ipso
374 2973 573 3029 factum
616 2984 700 3028 est
723 2973 880 3029 nihil.
915 2973 1069 3040 Quod
1103 2973 1301 3029 factum
1326 2983 1409 3029 est
1454 2974 1507 3028 in
1538 2973 1675 3044 ipso.
1708 2976 1817 3030 vita

224 3045 303 3115 (a)
328 3055 410 3099 est
428 3047 485 3115 οἷ’.
509 3053 565 3100 ει
588 3045 694 3099 vita
717 3055 835 3100 erat
857 3048 947 3100 lux
974 3045 1275 3100 hominum.
1304 3044 1371 3099 Et
1391 3048 1479 3099 lux
1498 3047 1549 3100 in
1583 3046 1820 3101 tenebris

224 3115 387 3173 lucet.
419 3127 477 3173 et
502 3117 761 3172 tenebrae
792 3131 914 3173 eam
940 3130 1049 3172 non
1096 3115 1640 3187 comprehenderunt.
1694 3116 1819 3172 Fuit

1945 2762 2108 2845 homo
2129 2763 2336 2845 missus
2359 2779 2387 2818 a
2419 2764 2528 2845 Deo
2552 2766 2638 2822 cui
2675 2781 2876 2845 nomen
2927 2780 3047 2845 erat
3085 2773 3382 2834 Iohannes.
3431 2777 3531 2837 Hic

1946 2837 2093 2918 venit
2127 2837 2181 2890 in
2216 2837 2583 2918 testimonium
2617 2848 2673 2918 ut
2715 2844 3082 2918 testimonium
3122 2848 3433 2918 perhiberet
3468 2851 3539 2908 de

1946 2904 2170 2982 inmitte.
2204 2914 2264 2960 ut
2288 2923 2479 2982 omnes
2503 2909 2789 2967 crederent
2823 2929 2918 2982 per
2945 2915 3094 2971 illum
3106 2904 3139 2973 .’
3153 2918 3271 2974 Non
3294 2904 3540 2978 fera'tﬁilie

1945 2975 2158 3051 lux.sed
2183 2987 2240 3033 ut
2262 2980 2629 3035 testimonium
2648 2975 2954 3051 perhiberet
2975 2987 3281 3045 delumine.
3304 2975 3543 3048 Eratau;

1946 3056 2065 3131 tem.
2097 3049 2513 3131 lumenverum.
2536 3049 2991 3131 quodinluminat
3017 3073 3237 3116 omnem
3259 3060 3540 3121 hominem

1946 3121 2251 3176 venientem
2281 3122 2334 3177 in
2355 3121 2501 3178 hunc
2540 3121 2821 3182 mundum.
2840 3127 2899 3184 In
2927 3127 3031 3186 hoc
3053 3132 3256 3189 mundo
3276 3141 3414 3191 erat.

1185 3231 1416 3288 CODEX
1452 3233 1899 3293 CORBEIENSIS
1936 3235 2188 3311 signatus,
2216 3240 2274 3294 η’
2308 3239 2492 3298 CXCV
2515 3248 2561 3298 ⁸.

290 3325 421 3383 Cu.
454 3325 497 3381 l.
530 3325 590 3383 3.
624 3327 642 3358 ί
672 3325 801 3383 Sine
829 3326 925 3382 illo
950 3326 988 3398 -ζ-
1009 3326 1212 3386 iactum
1245 3335 1330 3385 est
1349 3326 1504 3383 nihil.
1539 3327 1695 3394 Quod
1716 3327 1828 3384 fac-

224 3407 336 3456 tum
367 3406 457 3456 est
486 3399 509 3429 ¹
543 3398 598 3454 in
628 3398 749 3469 ipso
778 3399 893 3454 vita
916 3409 1023 3455 est.

2007 3330 2061 3387 9.
2112 3331 2433 3390 Venientem
2459 3336 2509 3391 in
2542 3336 2648 3394 hoc
2670 3337 2890 3398 Mundo.

2007 3402 2097 3459 10.
2157 3404 2215 3460 In
2246 3405 2351 3461 hoc
2377 3406 2575 3464 Mundo
2607 3420 2745 3466 erat.

1418 3517 1814 3577 VARIANTES
1850 3516 2237 3578 LECTIONES
2265 3521 2365 3595 (ὁ).

288 3616 304 3645 ³
339 3609 492 3664 Etita
516 3610 623 3664 Gal.
646 3616 691 3663 et
716 3614 835 3663 Mm.

1994 3615 2015 3645 ³
2049 3613 2156 3665 ϐαι.
2182 3619 2231 3664 et
2250 3616 2370 3666 Mm.
2394 3616 2442 3666 in
2465 3614 2550 3667 illo
2572 3617 2672 3668 vita
2694 3623 2790 3671 est.

1555 3716 1919 3775 BLANCHINI
1957 3716 2189 3774 NOTAE.

318 3828 345 3855 δι
401 3816 733 3873 Exhibemus
784 3815 871 3872 hic
921 3815 1163 3872 codicem
1206 3814 1636 3872 vetustissimum
1684 3813 1819 3871 Cor-

223 3891 459 3945 beicnsis
489 3887 823 3953 Monasterii,
854 3905 909 3942 ιι.
942 3888 1046 3944 195
1072 3897 1225 3943 sexto
1253 3889 1454 3942 saeculo
1482 3887 1813 3956 descriptum

224 3961 480 4016 Romanis
505 3960 721 4025 litteris,
752 3960 802 4013 in
831 3974 937 4029 quo
957 3959 1217 4031 vocabula
1252 3973 1495 4031 persmpe
1525 3959 1670 4012 nullo
1698 3959 1809 4012 dis-

222 4034 448 4087 crimine
468 4031 846 4101 seiunguntnr,
870 4039 925 4084 et
945 4039 1091 4085 recta
1116 4029 1396 4085 scribendi
1414 4029 1600 4100 regula
1622 4045 1810 4100 parum

222 4116 487 4159 servatur.
542 4100 796 4156 Continct
846 4101 934 4157 hic
981 4101 1153 4156 codex
1209 4111 1439 4171 quatuor
1496 4101 1803 4171 Evangelia,

223 4178 396 4238 qualia
429 4174 560 4229 olim
606 4173 944 4243 legebantur,
974 4181 1262 4242 antequam
1313 4187 1343 4226 a
1372 4172 1426 4226 S.
1476 4171 1808 4243 Hieronymo
1849 4236 1853 4240 ~

224 4248 647 4315 corrigerentur,
679 4259 773 4298 seu
804 4253 1164 4298 verterentur.
1204 4244 1335 4297 Cum
1376 4252 1565 4315 autem
1606 4258 1672 4315 eo
1715 4259 1808 4297 co-

223 4316 338 4372 dice
366 4306 650 4371 uterentur
676 4316 727 4369 in
769 4315 1037 4379 Ecclesia,
1082 4322 1141 4368 ιιι
1169 4328 1237 4369 ex
1262 4328 1328 4369 eo
1375 4306 1805 4385 Evangeliumin

223 4388 376 4442 Missa
407 4397 689 4452 canerent,
724 4386 849 4439 hinc
872 4400 1112 4454 persaepe
1140 4385 1218 4449 lit,
1249 4386 1548 4457 praesertim
1594 4386 1643 4438 iu
1675 4385 1807 4440 Mut-

224 4462 380 4522 ιιιεεςι,
406 4469 466 4512 ιιι
492 4456 935 4529 interpolationes
960 4455 1491 4529 occurrantiquihtts
1526 4456 1698 4529 codex
1731 4459 1804 4510 si-
1850 4520 1857 4529 ,

221 4531 476 4585 millimns
506 4528 815 4583 efﬁceretur
839 4526 1079 4595 Vulgata:
1125 4541 1191 4581 ex
1237 4526 1655 4598 Hieronymiana
1686 4544 1803 4582 ver-
1850 4526 1853 4553 ί

222 4604 392 4656 sione.
419 4601 511 4655 Eae
544 4609 718 4653 tamen
744 4600 1114 4654 correctiones
1138 4598 1285 4652 nullo
1327 4600 1542 4665 negotio
1581 4598 1801 4667 dignos-

222 4685 440 4737 cantur,
464 4680 577 4725 tum
601 4686 665 4725 ex
683 4678 1018 4734 atramento,
1050 4679 1158 4722 tum
1183 4685 1251 4725 ex
1280 4668 1577 4723 litterarum
1610 4669 1799 4723 forma.

223 4745 461 4810 Quatuor
507 4741 793 4810 Evangelia
825 4743 983 4795 alium
1030 4740 1187 4809 plane
1230 4740 1473 4794 ordinem
1510 4741 1560 4793 in
1598 4756 1662 4794 eo
1689 4756 1805 4794 ser-

222 4824 367 4877 vant,
395 4824 558 4881 atque
590 4814 641 4866 in
675 4813 875 4866 nostris
906 4810 1311 4877 Exemplaribus
1340 4828 1353 4865 :
1382 4810 1434 4875 l,
1476 4810 1760 4865 Mattltazus
1784 4853 1798 4877 ,

224 4899 289 4939 ex
315 4900 420 4954 quo
450 4886 629 4951 priora
660 4883 910 4954 undecim
954 4882 1129 4949 capita
1163 4887 1469 4950 perierunt;
1517 4881 1591 4954 _ll,
1638 4881 1802 4936 Joan-

224 4952 355 5019 nes';
385 4955 484 5018 lll,
505 4956 700 5020 Lucas,
733 4956 847 5008 sive
877 4952 1140 5016 Lucanus,
1171 4952 1623 5022 quemadmodum
1654 4954 1705 5005 in
1736 4968 1802 5008 eo

223 5028 559 5090 nominatur;
591 5024 677 5092 IV,
712 5024 939 5079 Marcus.
960 5024 1245 5091 Praecipua
1285 5024 1571 5078 lectionum
1612 5022 1805 5077 discri—

224 5097 367 5151 mina
395 5114 460 5152 ex
493 5114 558 5151 eo
583 5096 773 5152 codice
799 5094 1135 5162 collegimus.
1168 5094 1223 5149 Si
1249 5095 1371 5163 quis
1391 5095 1570 5147 omnia
1599 5093 1806 5149 descri-

221 5167 351 5222 bere
377 5169 630 5231 voluerit,
662 5168 906 5222 codicem
935 5175 1106 5221 totum
1134 5165 1406 5220 exscrihat
1428 5180 1652 5221 necesse
1684 5175 1801 5231 est;

220 5237 445 5310 singulis
470 5238 615 5294 enim
657 5253 825 5308 prope
869 5235 1147 5292 versiculis
1192 5245 1507 5304 occurrunt,
1538 5237 1584 5292 si
1615 5237 1805 5292 verbo-

220 5324 344 5364 rum
372 5310 611 5365 ordinem
642 5317 694 5364 et
714 5312 822 5363 vim
858 5317 1089 5378 spectes.
1740 5312 1742 5314 '

297 5382 505 5437 Codicis
531 5381 718 5451 hujus,
744 5390 799 5435 et
829 5376 1135 5435 uestrorum
1167 5392 1291 5451 ope,
1322 5393 1464 5451 quos
1490 5378 1547 5451 in
1579 5376 1805 5451 vetustis

222 5450 560 5507 bibliothecis
601 5449 927 5515 invenimus,
976 5449 1215 5506 minime
1244 5449 1626 5515 dubitandum,
1676 5450 1804 5519 quin

220 5531 375 5579 vetus
401 5522 581 5579 italica
611 5524 663 5579 in
693 5522 997 5594 Evangeliis
1022 5521 1231 5577 restitui
1260 5530 1443 5591 queat.
1472 5522 1645 5576 Lucas
1665 5520 1802 5575 Bru-

1938 3814 2385 3890 gensis_meminit
2411 3819 2604 3873 vetusti
2636 3818 2841 3877 codicls
2862 3836 2893 3878 e
2909 3821 3385 3886 Malmundaricnsi
3415 3831 3530 3890 Mo-

1940 3887 2197 3970 nasterio,
2222 3898 2461 3970 vetor-em
2486 3890 2767 3970 Vulgatam
2787 3897 3134 3970 continentis.
3166 3887 3531 3970 blartianmus,

1939 3959 2323 4038 monachus__S.
2355 3959 2657 4038 _Benedicti,
2683 3980 2749 4038 ex_
2780 3964 3216 4038 Congregatione
3265 3972 3323 4027 S.
3360 3959 3532 4031 Mauii

1939 4040 2175 4112 veterem
2204 4030 2455 4112 _Ma_tth;ci
2486 4040 2692 4112 textum
2726 4030 2927 4112 (stipra'
2946 4030 3225 4112 re'cnsum)
3254 4042 3435 4112 dedit,
3464 4030 3530 4103 ei

1934 4103 2164 4158 vetustis
2185 4101 2395 4173 duobus
2417 4104 2715 4173 codicibus,
2734 4101 2918 4163 altero
2939 4109 2997 4165 S.
3032 4101 3283 4168 Germani
3306 4101 3530 4173 Prat'en-Q

1934 4174 2032 4239 sis,
2058 4174 2231 4253 altero
2260 4172 2601 4253 Corbeiensi,
2630 4188 2685 4231 at
2704 4172 3062 4253 'Qorbeiensis
3097 4184 3233 4241 alius
3260 4185 3420 4253 plane
3447 4172 3532 4244 est

1933 4254 1986 4300 et
2016 4250 2283 4299 vetustate
2309 4256 2363 4300 et
2393 4246 2693 4302 litterarum
2724 4248 2915 4306 forma.
2940 4246 3283 4310 Corbeiensis
3309 4256 3530 4315 Martia-

1933 4316 2035 4371 naci
2054 4315 2341 4388 vetustior
2360 4333 2464 4383 non
2495 4328 2581 4372 est
2626 4321 2783 4374 annis
2828 4337 2981 4387 υσεδ,
3016 4325 3211 4381 litteris
3246 4329 3528 4388 Saxonicis

1931 4402 2026 4441 seu
2052 4386 2375 4456 Merovingis
2404 4398 2691 4454 exaratos;
2723 4390 2923 4446 Noster
2964 4395 3064 4450 l95
3091 4397 3346 4456 Romanis
3376 4386 3524 4458 line;

1931 4458 2357 4532 ris,vquadratis,
2379 4459 2690 4528 majnsculis
2713 4462 3018 4531 descriptus
3039 4480 3141 4532 est,
3174 4470 3241 4523 ad
3264 4473 3523 4528 StBCllium

1930 4542 2160 4607 sex_tntn_
2188 4528 2489 4607 pertinens,
2526 4528 3022 4607 eruditissimorum
3044 4528 3270 4607 judicio.
3306 4542 3525 4602 Martia-_-

1930 4601 2035 4653 nicl
2062 4598 2232 4653 codex
2272 4599 2582 4655 Mattliaaum
2616 4602 2895 4659 dumtaxat
2925 4598 3122 4665 l‘ert'ex
3166 4624 3349 4669 vetere
3380 4598 3523 4669 Itali?

1930 4684 2029 4734 ca;
2078 4678 2265 4745 noster
2296 4680 2548 4745 _quutuor
2596 4672 2904 4745 Evangelia.
2938 4676 3071 4734 Cum
3103 4683 3341 4738 codicem
3394 4701 3523 4739 nos-

1930 4750 2070 4796 trum
2108 4741 2435 4823 conferimus
2479 4758 2611 4818 cum
2632 4741 2870 4823 editione
2897 4749 3133 4807 Matthzei
3181 4770 3277 4823 per
3304 4754 3520 4810 Martia-

1930 4828 2129 4892 meum".
2164 4822 2349 4892 noster
2376 4813 2462 4892 hic
2484 4815 2779 4892 c_onvenire
2813 4823 2983 4892 magis
3009 4813 3217 4878 videtn'r
3266 4838 3387 4879 cum
3429 4842 3522 4883 co-

1929 4882 2048 4965 dice
2075 4882 2471 4965 _S._.Germani_
2495 4884 2804 4965 Pratensis;
2825 4882 3031 4965 ex'qno
3058 4894 3398 4965 Martianwus
3429 4914 3522 4954 va-

1928 4955 2043 5039 rias
2074 4955 2333 5039 lectiones
2360 4957 2531 5038 eruit,
2560 4958 2614 5039 in
2640 4975 2734 5015 ora
2761 4955 3028 5039 Edittouis
3058 4979 3171 5039 suae
3196 4964 3517 5039 adscriptas.

1931 5026 2152 5099 collatis
2180 5024 2329 5099 hisce
2367 5028 2717 5099 variantibus,
2749 5038 2935 5085 verum
2964 5033 3185 5091 omnino
3212 5052 3334 5094 esse
3372 5024 3523 5099 inve;

1931 5096 2069 5177 nios.
2093 5096 2236 5177 quod
2261 5096 2724 5177 aitilieronymns
2753 5100 3159 5177 in_Pr:efatione
3199 5110 3265 5164 ad
3292 5096 3523 5177 quatuor
3592 5142 3603 5163 ε

1931 5166 2224 5247 Evangelia
2254 5167 2359 5247 τιδέ
2396 5166 2597 5247 Latini}
2628 5173 3005 5247 egemplaribus
3028 5177 3159 5247 [idea
3184 5183 3251 5235 sit
3271 5166 3519 5237 adhiberi:-

1934 5237 2036 5302 da,
2066 5238 2431 5323 respondeant,
2468 5240 2652 5323 quibus
2672 5237 2826 5323 ?_‘To_t
2863 5247 2998 5323 enim
3028 5237 3160 5304 sunt
3205 5254 3519 5323 exemplaria

1937 5324 2083 5391 pene,
2108 5318 2230 5391 quo:
2252 5307 2659 5391 codiceninquit
2689 5312 2755 5368 R.
2784 5314 2848 5391 Ρ.
2868 5317 2930 5372 ι).
2949 5319 3284 5391 Augustinus
3308 5307 3520 5380 Galmet

1934 5390 2060 5451 post
2106 5379 2576 5437 Commentarium
2613 5384 2900 5446 litteralem
2943 5390 3000 5446 in
3038 5379 3185 5449 leta
3227 5379 3518 5464 Apostolo4

1942 5466 2085 5509 rum.

293 5637 368 5713 (a)
387 5638 471 5713 _I_ta
501 5647 558 5695 et
589 5637 713 5713 cod.
738 5636 899 5713 Cant;
925 5637 1084 5713 ego.
1105 5663 1174 5676 —-
1203 5632 1279 5706 (ὁ)
1307 5633 1593 5713 Variantes
1630 5634 1920 5713 Lectiones
1950 5622 2442 5713 codicisEcclesize
2460 5637 2518 5694 S.
2551 5638 2765 5713 Gatiani
2796 5641 3130 5699 Turonensis
3158 5660 3215 5701 n.
3246 5634 3303 5713 8,
3335 5649 3518 5706 cula-

223 5706 357 5781 joris'
384 5708 695 5781 Monasterii
734 5726 807 5781 ιι.
831 5707 923 5762 8⁸7.
954 5708 1165 5781 Primus
1186 5721 1233 5781 _a_
1249 5706 1618 5781 milleannis;
1647 5707 1783 5781 alter
1809 5708 1888 5781 ab
1897 5709 2221 5781 octingentis
2266 5709 2572 5780 descriptus
2618 5712 2879 5769 creditur.
2911 5713 3164 5773 Codicem
3196 5716 3256 5777 S.
3289 5706 3515 5781 'Gatiani

258 5795 319 5838 ac
361 5792 488 5838 nota
516 5779 960 5853 signiﬁcabimus,
991 5776 1156 5843 (Jan;
1185 5776 1827 5848 Majus-Monasteriense,
1862 5776 2069 5835 Mm.—_
