4048 6188
315 387 424 445 569

321 605 406 650 tus
432 605 518 651 est
548 615 560 650 :
587 597 708 667 quia

320 683 429 722 non
461 668 642 723 credi-

315 739 394 794 dit
424 739 478 792 in
511 741 680 794 nomi-

318 827 385 865 ne
411 813 552 864 unici
582 811 664 865 Fi-

319 883 406 936 19.
451 881 504 936 lii
532 883 644 936 Dei.
679 881 792 938 Hoc
819 893 902 939 est

317 965 497 1007 autem
523 953 667 1022 judi-

317 1026 460 1080 cium
495 1043 509 1076 :
539 1026 662 1092 quia

318 1096 412 1150 lux
439 1099 588 1150 venit
620 1097 672 1149 in

318 1168 420 1220 hoc
451 1166 656 1220 mundo
679 1208 694 1232 ,

317 1250 368 1292 et
393 1239 707 1292 dilexerunt

317 1308 570 1364 homines
599 1325 697 1378 po-

317 1381 422 1434 tius
454 1381 708 1435 tenebras
725 1420 740 1444 ,

316 1467 477 1521 quam
504 1454 678 1506 lucem
711 1469 726 1504 :

315 1533 471 1576 erant
501 1524 648 1577 enim

316 1608 480 1665 opera
510 1595 728 1649 illorum

315 1666 479 1720 mala.

315 1737 406 1792 20.
447 1737 667 1801 Omnis,
702 1737 792 1807 qui
818 1751 940 1808 pra-

317 1823 375 1859 va
407 1810 550 1878 agit,
580 1809 691 1863 odit

316 1879 527 1946 lucem,
563 1891 620 1935 et
645 1894 750 1935 non

314 1952 464 2004 venit
487 1952 538 2004 in
582 1951 666 2004 lu-

311 2037 428 2076 cem
448 2063 462 2086 ,
491 2033 547 2076 ut
572 2038 680 2077 non

311 2104 609 2161 arguantur

313 2180 510 2231 operae
540 2165 658 2234 ejus
689 2183 702 2219 ε

310 2235 370 2288 2|
387 2277 402 2291 .
445 2233 688 2306 nam’qui
718 2233 797 2290 fa-

309 2309 386 2360 cit
407 2310 688 2362 veritatem
715 2349 731 2374 ,

309 2379 456 2432 venit
478 2380 530 2432 in
560 2380 641 2432 lit-

309 2463 426 2504 cem
451 2493 464 2508 .
497 2460 554 2503 υι
582 2465 693 2505 ma-

309 2521 595 2576 nil’estetur

308 2606 447 2673 Opus
475 2592 595 2662 ejus
625 2634 640 2658 ,
671 2607 805 2663 quo-

309 2679 452 2717 niam

310 2734 362 2788 iu
389 2735 502 2790 Deo
532 2744 616 2788 est
645 2735 754 2789 fac—

307 2806 541 2859 221nm.
567 2806 695 2860 Post
725 2805 858 2861 haec

309 2879 438 2930 exiit
469 2876 628 2930 Jesus
649 2919 663 2940 ,
695 2887 751 2932 et

309 2947 557 3016 discipuli
583 2951 704 3018 ejus

311 3021 363 3072 in
390 3019 696 3091 Jutlaeamjt

312 3101 512 3144 terram
551 3110 563 3142 :
594 3101 649 3145 et
679 3091 750 3146 ibi

310 3162 627 3216 morabatur

309 3249 429 3287 cum
457 3234 596 3297 illis,
633 3242 686 3288 et

310 3303 641 3373 baptizabat.

308 3375 396 3430 25.
432 3376 564 3430 Erat
590 3383 769 3430 autem

308 3447 588 3501 Iohannes

311 3518 592 3584 baptizans
622 3519 637 3547 ¹
669 3519 720 3571 iu

311 3591 466 3642 Aeno
481 3631 498 3654 ,
534 3603 698 3656 prope
729 3588 828 3645 Sa-

310 3659 443 3713 lim:
473 3662 730 3729 quoniam

311 3745 486 3799 aquae
517 3730 591 3784 ibi
623 3731 762 3786 mul-

310 3810 400 3856 tae
425 3810 622 3866 erant,
652 3811 707 3856 et

309 3873 634 3937 veniebant,
665 3883 722 3927 et

309 3943 744 4012 baptizabantur.

308 4014 403 4068 2t.
436 4014 688 4068 Nondum
716 4015 862 4071 enim

311 4086 512 4139 missus
545 4085 722 4142 fuerat

312 4156 363 4210 in
390 4171 667 4213 carcerem

1323 392 1773 451 EVANGELIUM
1809 390 2186 450 SECUNDUM
2223 392 2612 451 JOHANNEM.

713 503 940 562 CODEX
985 507 1521 565 VERCELLENSIS.

1154 601 1450 657 Johannes.

1152 674 1244 728 25.
1281 673 1440 727 Facta
1531 680 1616 729 est
1641 687 1770 745 ergo

1153 746 1399 814 quaestio
1426 745 1505 799 in-

1156 826 1239 871 ter
1265 815 1529 882 Judaeos,

1152 897 1205 941 et
1234 887 1528 956 discipulos

1151 957 1412 1012 Johannis
1439 958 1506 1012 de

1153 1028 1320 1083 Puril'.
1357 1069 1370 1080 .
1403 1071 1414 1082 .
1455 1069 1467 1081 .
1504 1069 1516 1081 .

1151 1098 1243 1154 26.
1280 1102 1343 1154 Et
1369 1109 1632 1155 venerunt

1153 1171 1216 1224 ad
1241 1171 1541 1226 Joliannem
1567 1214 1580 1236 ,

1154 1251 1209 1295 et
1237 1243 1491 1297 dixerunt

1153 1314 1203 1366 ei
1233 1331 1246 1365 :
1279 1313 1447 1368 Rabbi
1469 1356 1484 1379 ,
1515 1314 1604 1385 qui

1153 1393 1270 1438 erat
1300 1396 1475 1440 tecum

1154 1462 1304 1509 trans
1327 1456 1516 1511 Jorda-

1152 1540 1257 1581 nen
1281 1569 1294 1591 ,
1330 1528 1415 1580 cui
1444 1528 1599 1581 testi-

1153 1600 1392 1652 monium
1422 1599 1545 1652 red-

1150 1667 1334 1723 didisti
1359 1710 1372 1731 ,
1407 1685 1534 1725 ecce

1152 1740 1238 1794 hic
1266 1741 1498 1810 baptizat
1515 1783 1531 1807 ,

1149 1823 1201 1864 ΘΙ.
1223 1827 1309 1865 om
1318 1828 1412 1866 nes
1442 1829 1532 1866 νε-

1150 1883 1301 1935 nittnt
1331 1883 1396 1935 ad
1429 1884 1600 1937 illum.

1149 1953 1239 2006 27.
1286 1955 1583 2022 Respondit
1607 1954 1702 2010 Jo-

1148 2024 1386 2091 hannes,
1416 2034 1472 2079 et
1499 2025 1582 2080 di-

1148 2097 1264 2150 xit:
1297 2095 1413 2149 Non
1449 2106 1626 2163 potest

1149 2167 1309 2221 homo
1341 2169 1553 2238 accipe-

1146 2254 1204 2293 re
1230 2240 1518 2308 quicquam
1535 2281 1549 2306 ,

1144 2311 1249 2364 nisi
1278 2311 1350 2363 illi
1378 2310 1561 2364 datum

1143 2381 1305 2436 fuerit
1333 2381 1399 2434 de
1421 2397 1546 2436 cae-

1141 2451 1232 2506 28.
1281 2453 1352 2507 lo.
1388 2451 1493 2521 Ipsi
1525 2467 1619 2508 vos
1652 2461 1761 2507 tes-

1145 2523 1428 2577 timouium

1144 2593 1276 2647 mihi
1308 2595 1485 2662 perbi-

1143 2664 1312 2731 betis,
1347 2665 1472 2734 quia
1500 2663 1584 2718 di-

1147 2734 1808 2790 ....vo....Non

1143 2822 1261 2861 sum
1288 2805 1541 2861 Christus
1573 2824 1584 2860 :
1614 2807 1708 2862 sed

1143 2879 1268 2948 quia
1295 2880 1492 2933 missus

1145 2964 1264 3003 sum
1289 2961 1415 3002 ante
1439 2950 1504 3002 il-

1145 3019 1234 3074 29.
1280 3023 1407 3073 lum.
1441 3020 1541 3089 Qui
1573 3021 1666 3074 lia—

1145 3091 1238 3146 bct
1265 3107 1518 3159 spoosam
1544 3135 1558 3154 ,

1145 3178 1381 3232 sponsus
1407 3175 1488 3217 est
1525 3181 1536 3215 :

1145 3235 1348 3288 amicus
1369 3243 1548 3288 autem

1147 3307 1332 3376 spOnsi
1365 3314 1515 3360 stans
1532 3348 1547 3370 ,

1147 3387 1201 3430 et
1231 3376 1457 3431 audiens
1488 3378 1553 3430 il—

1149 3447 1258 3502 ltttn
1276 3488 1291 3513 ,
1323 3448 1519 3514 gaudio

1147 3520 1339 3589 gaudet
1365 3531 1527 3588 prop-

1150 3599 1232 3644 ter
1259 3606 1445 3642 VttCCltl

1147 3661 1356 3730 sponsi.
1389 3660 1500 3715 Hoc
1525 3677 1610 3717 er-

1151 3747 1216 3799 go
1247 3733 1500 3801 gaudium

1149 3819 1328 3857 meum
1363 3803 1555 3872 iinplc-

1150 3874 1241 3928 δυ.
1288 3886 1400 3928 ttun
1436 3884 1539 3929 est.
1575 3874 1732 3929 lllum

1109 4011 1114 4016 _
1151 3956 1366 4013 oportet

1151 4030 1422 4080 crescere,
1453 4033 1539 4072 me

1153 4095 1330 4141 autem
1363 4090 1553 4143 minui.

1153 4159 1244 4214 3i.
1285 4158 1386 4226 Qui
1417 4159 1485 4214 de
1515 4174 1696 4216 susum

2451 507 2682 566 CODEX
2723 507 3171 567 VERONENSIS.

2017 601 2271 671 quoniam
2314 616 2419 656 non

2015 671 2248 726 credidit
2278 672 2330 726 in

2015 743 2237 797 nomine
2270 745 2392 798 uni-

2053 815 2184 869 eniti
2217 815 2322 870 Fili

2066 901 2134 939 el.

2017 956 2104 1011 l9.
2141 957 2253 1012 Hoc
2282 967 2365 1012 est
2394 966 2571 1015 autem

2012 1027 2272 1096 judicium
2306 1047 2318 1080 :
2351 1045 2484 1099 quo—

2015 1099 2158 1152 niam
2189 1101 2276 1154 lux
2309 1102 2456 1155 venit

2019 1171 2070 1223 in
2105 1172 2206 1224 hoc
2232 1172 2432 1226 mundo
2449 1215 2463 1238 ,

2016 1250 2070 1294 et
2091 1242 2399 1298 dilexerunt

2017 1312 2264 1367 homines
2297 1314 2474 1383 potius

2018 1385 2266 1454 tenebras
2293 1427 2306 1448 ,
2341 1401 2505 1454 quam

2015 1453 2196 1508 lumen
2230 1472 2244 1507 :
2278 1453 2433 1510 erant

2015 1525 2158 1580 enim
2192 1527 2363 1581 malae

2014 1610 2214 1662 Operae
2240 1613 2450 1655 eorum.

2012 1667 2103 1723 20.
2137 1669 2324 1725 Omnis
2349 1673 2493 1728 enim
2518 1716 2532 1738 ,

2013 1739 2105 1808 qui
2135 1742 2277 1793 male

2015 1811 2156 1879 agit,
2191 1812 2304 1868 odit

2015 1880 2227 1947 lumen,
2261 1893 2312 1937 et
2339 1899 2444 1940 non

2014 1954 2163 2006 venit
2192 1953 2256 2008 ad
2283 1955 2364 2008 lu-

2014 2038 2141 2077 men
2161 2065 2175 2087 ,
2205 2041 2272 2078 ne
2302 2042 2394 2080 ar»

2013 2103 2245 2176 gitantur
2266 2113 2464 2168 operae

2015 2181 2134 2233 ejus
2163 2185 2175 2218 :

2013 2237 2104 2291 2t.
2147 2239 2236 2308 qui
2271 2249 2450 2296 autem

2013 2308 2141 2362 facit
2171 2311 2373 2365 verita-

2015 2389 2122 2434 tem
2141 2422 2155 2446 ,
2185 2383 2334 2435 venit

2012 2452 2079 2505 ad
2109 2453 2286 2505 lumen
2312 2494 2327 2516 ,

2014 2531 2072 2575 ut
2109 2522 2461 2580 manifesten-

2011 2601 2098 2646 tur
2124 2607 2321 2662 operae

2011 2663 2132 2730 ejus
2149 2707 2162 2730 ,
2198 2678 2331 2731 quo-

2012 2734 2154 2788 niam
2189 2735 2240 2788 in
2273 2737 2384 2791 Deo

2013 2814 2139 2859 sunt
2168 2817 2445 2874 operatae.

2012 2876 2103 2930 22.
2138 2877 2264 2930 Post
2298 2879 2430 2934 haec
2459 2880 2638 2949 profe-

2014 2957 2131 3001 ctus
2162 2957 2246 3002 est
2268 2949 2427 3005 .le~us
2451 2993 2465 3018 ,
2497 2962 2553 3006 et

2010 3019 2262 3089 discipuli
2295 3021 2412 3090 ejus

2011 3090 2062 3144 in
2093 3090 2352 3146 Iudaeam

2014 3170 2214 3216 terram
2251 3180 2265 3218 :
2297 3173 2354 3219 et
2379 3165 2452 3220 ibi

2012 3234 2326 3290 morabatur

2011 3319 2132 3358 cum
2160 3306 2260 3359 eis.

2010 3374 2100 3430 25.
2147 3377 2273 3432 Erat
2302 3386 2480 3432 autem

2010 3445 2288 3503 Joliannes
2318 3449 2413 3503 ba-

2011 3519 2225 3583 ptizans
2253 3519 2306 3572 iu

2011 3588 2165 3642 Aeno
2183 3630 2197 3653 ,
2225 3590 2378 3655 juxta

2013 3659 2163 3714 Salio
2191 3679 2202 3713 :
2233 3661 2490 3730 quoniam

2012 3745 2184 3800 aquae
2216 3733 2417 3786 multae

2012 3809 2172 3856 erant
2205 3802 2300 3867 ibi,
2326 3812 2382 3857 et

2015 3873 2327 3939 veniebant,
2361 3884 2416 3928 et

2013 3945 2446 4014 baptizabantur.

2012 4015 2106 4069 24.
2147 4014 2398 4071 Nondum
2426 4017 2570 4073 enim

2015 4097 2126 4141 erat
2157 4085 2421 4143 Johannis

2018 4166 2238 4212 coactus
2265 4160 2320 4213 in

2852 619 3150 660 carcerem.

2851 676 2942 731 25.
2986 675 3148 730 Facta
3182 682 3266 730 est
3293 689 3389 730 au-

2853 755 2962 800 tem
2996 748 3225 814 quaestio

2852 833 2917 873 ex
2947 817 3229 885 discipulis

2851 889 3115 944 Johannis
3144 904 3266 944 cum

2849 959 3068 1015 Judaeis
3098 961 3166 1016 de

2850 1031 3253 1088 Puriliratione.

2850 1102 2946 1158 26.
2992 1103 3058 1157 Et
3083 1110 3349 1158 venerunt
3377 1102 3443 1158 ad

2851 1173 3154 1231 Johannem
3181 1216 3195 1240 ,
3232 1183 3286 1230 et

2851 1245 3105 1301 dixerunt
3133 1248 3184 1301 ei
3216 1265 3230 1301 :

2850 1317 3060 1381 Rabbi,
3090 1319 3181 1386 qui

2849 1399 2968 1442 erat
2995 1399 3170 1443 tecum

2846 1467 2997 1515 trans
3023 1459 3218 1515 Jorda-

2855 1546 2983 1592 nen.
3016 1532 3100 1586 cui
3136 1541 3194 1585 tu

2851 1603 3220 1657 testimooium

2851 1673 3173 1742 perhibuisti
3192 1713 3207 1737 ,

2850 1759 2980 1799 erce
3010 1745 3095 1799 hic

2849 1815 3104 1885 baptizat,
3139 1823 3194 1869 et

2849 1902 3040 1940 omnes
3067 1888 3292 1942 veniunt

2848 1958 2915 2011 ad
2942 1975 3088 2013 eum.

2847 2030 2938 2083 27.
2985 2029 3282 2095 Respondit
3309 2028 3400 2086 Jo-

2851 2099 3074 2166 hannis,
3107 2101 3296 2156 dicens
3326 2117 3340 2154 :

2848 2170 2964 2226 Non
2997 2181 3174 2240 potest
3202 2171 3301 2226 bo-

2849 2259 2939 2296 mo
2963 2245 3210 2312 accipere

2848 2315 3157 2383 quicquam,
3189 2313 3291 2369 nisi

2849 2385 2923 2440 illi
2957 2387 3138 2439 datum
3173 2385 3286 2439 fue—

2851 2457 2920 2509 rit
2949 2457 3200 2522 desuper.

2845 2525 2936 2580 ‘28.
2978 2525 3086 2592 Ipsi
3117 2541 3211 2579 vos
3240 2525 3389 2580 testi-

2845 2601 3085 2652 monium
3114 2597 3246 2650 mihi

2843 2669 3142 2739 perhibetis
3169 2710 3182 2732 ,
3215 2683 3348 2735 quo-

2842 2741 2986 2794 niam
3017 2739 3129 2794 dixi
3157 2758 3168 2792 :
3211 2739 3326 2794 Non

2845 2826 2964 2864 sum
2994 2826 3094 2881 ego
3120 2811 3244 2865 Chri
3257 2842 3277 2854 -

2845 2889 2962 2936 stus
2994 2901 3006 2934 :
3038 2882 3132 2936 sed
3164 2883 3286 2950 quia

2846 2955 3178 3022 praemissus
3206 2969 3325 3009 sum

2845 3032 2972 3079 ante
3012 3039 3157 3078 eum.

2845 3094 2935 3150 29.
2979 3095 3078 3163 Qui
3111 3097 3270 3151 habet

2847 3180 3124 3236 sp0nsam,
3154 3182 3317 3236 spon-

2847 3251 2940 3291 sus
2967 3246 3048 3292 est
3074 3257 3086 3290 :
3110 3240 3245 3294 ami-

2847 3323 2942 3362 CUS
2961 3320 3142 3364 autem

2850 3381 3035 3447 sponsi
3054 3421 3068 3443 ,
3097 3383 3191 3449 qui

2847 3459 2954 3503 stat
2974 3491 2989 3512 ,
3018 3458 3074 3504 et
3101 3452 3252 3506 audit

2845 3535 2992 3584 eum,
3024 3523 3222 3589 gaudio

2843 3592 3030 3660 gaudit
3060 3601 3278 3673 propter

2847 3676 3033 3715 vocem
3061 3677 3201 3732 ejus.

2849 3732 2963 3787 Hoc
2989 3748 3117 3802 ergo

2846 3803 3101 3874 gaudium
3125 3818 3303 3859 meum

2847 3875 3088 3944 comple-

2851 3945 2944 4001 50.
2988 3955 3096 3999 tum
3122 3956 3226 4002 est.
3255 3945 3412 4002 Illum

2853 4025 3070 4086 Oportet
3089 4031 3358 4082 crescere,

2859 4103 2944 4142 me
2975 4099 3154 4142 autem
3195 4088 3470 4142 minorari.

2857 4159 2949 4215 3i.
2990 4160 3092 4226 Qui
3123 4159 3192 4214 de
3213 4173 3398 4215 susum

3514 393 3620 448 570

1624 4293 1859 4351 CODEX
1898 4293 2288 4351 BRIXIANUS.

2029 4408 2190 4461 Facta
2221 4415 2305 4462 est
2334 4423 2462 4477 ergo
2493 4409 2728 4474 questio.
2763 4409 2904 4462 inter
2933 4407 3228 4475 discipulos
3255 4408 3535 4465 Johannis.
3569 4419 3625 4464 et

2024 4479 2258 4534 Judaeos
2280 4479 2346 4533 de
2361 4480 2757 4533 Pttrilicatione.
2777 4479 2845 4534 Et
2865 4489 3130 4533 venerunt
3151 4481 3215 4532 atl
3237 4480 3537 4534 Joliannem
3561 4490 3623 4535 et

2026 4551 2274 4604 dixerunt
2312 4551 2381 4604 ei.
2411 4549 2606 4604 Rabbi.
2656 4554 2744 4619 qui
2775 4561 2891 4605 erat
2919 4559 3093 4604 tecum
3147 4559 3293 4605 trans
3320 4551 3614 4605 .Iorilanen.

2025 4622 2111 4674 cui
2143 4631 2195 4674 tu
2223 4621 2589 4674 testinimiium
2622 4621 2962 4688 perhibuisti.
2996 4637 3124 4678 ecce
3157 4622 3244 4677 hic
3291 4623 3523 4688 baptizat
3564 4629 3620 4674 et

2025 4707 2218 4744 omnes
2248 4692 2468 4744 veniunt
2496 4693 2560 4744 ad
2593 4708 2714 4744 cum
2752 4693 3048 4761 Re~pondil
3073 4693 3351 4748 Jobannes
3377 4703 3428 4746 et
3458 4692 3614 4744 dixit.

2027 4763 2140 4816 Non
2172 4771 2347 4828 potest
2373 4763 2534 4815 homo
2556 4764 2799 4830 accipere
2821 4764 3105 4832 quicquam
3133 4764 3232 4817 nisi
3265 4764 3420 4815 fuerit
3445 4761 3493 4814 ei
3523 4761 3620 4815 da-

2029 4844 2138 4887 tum
2191 4834 2258 4886 de
2301 4835 2474 4887 caelo.
2500 4833 2604 4902 ipsi
2636 4851 2728 4888 vos
2758 4836 2886 4888 mihi
2921 4837 3284 4889 testimonium
3325 4833 3622 4898 perhibetis

317 4419 403 4464 tus
457 4420 558 4465 est.
599 4412 718 4476 quia
769 4424 873 4463 non
918 4409 1090 4463 credit
1162 4408 1214 4464 in
1277 4410 1496 4463 nomine
1539 4408 1801 4479 unigeniti
1832 4407 1922 4462 Fi-

315 4483 348 4534 li
401 4483 514 4536 Dci.
567 4482 680 4536 Hoc
727 4491 808 4534 est
851 4493 1028 4535 autem
1081 4481 1366 4549 judicium.
1401 4481 1524 4548 quia
1554 4482 1641 4535 lux
1677 4482 1826 4534 venit
1867 4481 1920 4534 in

317 4553 462 4607 hunc
519 4554 798 4606 mundum.
850 4562 901 4606 et
939 4553 1262 4624 dilexerunt
1312 4553 1579 4606 homines.
1623 4551 1792 4620 magis
1837 4561 1911 4624 te-

317 4626 518 4678 nebras
591 4641 750 4692 quam
815 4622 1014 4677 lucem.
1065 4634 1218 4675 erant
1297 4625 1438 4676 enim
1509 4640 1696 4677 eorum
1778 4622 1920 4675 mala

314 4712 506 4761 Opera.
551 4695 743 4750 Omnis
783 4697 927 4749 enim
986 4694 1074 4763 qui
1119 4695 1259 4747 male
1305 4696 1412 4762 agit
1457 4696 1571 4748 odit
1611 4697 1806 4747 lucem.
1865 4701 1920 4746 et

317 4781 424 4820 non
455 4771 605 4820 venit
623 4770 686 4818 ait
719 4769 916 4820 lucem.
944 4778 997 4816 ut
1032 4777 1452 4834 nonat-guantur
1470 4781 1642 4836 opt-ra
1658 4766 1795 4832 ejus.
1825 4767 1916 4830 qui

319 4848 497 4891 autem
527 4837 652 4891 facit
673 4839 957 4890 veritatem
975 4837 1120 4890 venit
1140 4839 1204 4888 atl
1226 4839 1417 4890 lucem.
1437 4848 1485 4889 ut
1506 4835 1921 4889 iuanifesteutur

2029 4904 2170 4975 quod
2229 4905 2459 4958 dixerim
2525 4908 2659 4972 Quia
2730 4923 2834 4960 non
2894 4921 3010 4960 sum
3063 4919 3164 4974 ego
3217 4903 3485 4956 Christus.
3525 4903 3621 4959 sed

2029 4978 2150 5045 quia
2187 4977 2385 5030 missus
2417 4993 2532 5030 sum
2585 4987 2708 5031 ante.
2760 4978 2953 5030 illuin..
3006 4975 3105 5042 Qui
3166 4975 3325 5028 habet
3366 4990 3621 5042 Sponsam

2031 5063 2265 5116 Sponsus
2337 5057 2438 5101 est.
2497 5049 2702 5101 amicus
2774 5057 2955 5102 autem
3007 5046 3215 5113 sponsi.
3265 5046 3354 5116 qui
3395 5054 3519 5100 stat.
3568 5056 3624 5100 et

2032 5119 2181 5172 audit
2239 5134 2386 5173 eum.
2437 5118 2632 5184 gaudio
2681 5119 2878 5187 gauch
2912 5128 3131 5186 propter
3177 5133 3362 5172 vocem
3413 5116 3617 5186 sponsi.

319 4925 484 4976 opera
515 4909 861 4978 ejus.quiain
889 4908 999 4961 Deo
1027 4917 1146 4978 sunt
1180 4907 1317 4961 facta
1354 4949 1367 4960 .
1405 4948 1415 4960 .
1454 4906 1921 4961 P05thaec.vcnit

319 4981 476 5033 .lesus
491 4991 543 5034 et
561 4981 812 5046 discipuli
840 4978 977 5047 ejus.
1004 4982 1052 5030 in
1087 4977 1324 5032 .luda-am
1344 4991 1565 5044 terram,
1601 4979 1776 5031 etillic
1797 4991 1918 5029 cum

321 5053 404 5105 eis
419 5052 823 5104 demorabatur.
857 5061 911 5105 et
942 5050 1264 5116 baptizabat.
1286 5051 1411 5104 Erat
1449 5061 1626 5102 autem
1651 5047 1923 5103 etJohan-

324 5135 421 5176 nes
464 5123 747 5191 baptizans
788 5123 838 5174 in
894 5123 1144 5175 Deserto.
1171 5125 1323 5190 juxta
1357 5122 1544 5176 Salim.
1596 5122 1720 5189 quia
1751 5133 1923 5189 aquae

325 5187 870 5247 inultae'erantillic.
904 5201 958 5247 et.
983 5187 1360 5246 adveniebant.
1391 5205 1445 5247 et
1490 5187 1920 5262 baptizabantur.
2034 5190 2145 5243 lloc
2213 5203 2344 5258 ergo
2407 5191 2659 5257 gaudium
2715 5203 2892 5242 meum
2944 5189 3225 5262 impletum
3294 5197 3396 5262 est.
3469 5187 3624 5240 Illum

322 5263 572 5319 Nondum
605 5265 748 5320 enim
778 5266 975 5319 missus
1006 5264 1179 5318 fuerat
1205 5265 1255 5317 in
1289 5259 1920 5319 carcereuiJohanues..
2030 5269 2244 5330 oportet
2301 5274 2570 5314 crescere.
2619 5275 2704 5313 me
2745 5267 2924 5316 autem
2964 5262 3153 5316 minui.
3203 5261 3302 5327 Qui
3341 5259 3627 5313 desursum

1615 5381 1847 5438 CODEX
1883 5379 2350 5437 CORBEIENSIS.

397 5499 487 5554 19.
525 5498 640 5554 lloc
688 5508 773 5554 est
801 5508 979 5554 autem
1008 5497 1267 5569 judicium
1299 5497 1394 5553 Dei
1440 5515 1452 5551 :
1503 5497 1628 5569 quia
1658 5498 1747 5554 lux
1778 5496 1928 5553 venit
2070 5495 2180 5569 _23
2223 5504 2277 5552 et
2328 5497 2349 5527 ³
2395 5494 2762 5554 adveniebant
2823 5498 2914 5563 ei,
2974 5497 3046 5566 ~l~,
3107 5503 3160 5550 et
3225 5491 3634 5562 baptizabantur

326 5571 381 5625 in
415 5571 559 5625 hunc
587 5571 867 5625 mundum.
1010 5567 1019 5569 ἡ
1523 5567 1534 5569 “
2036 5567 2106 5624 ab
2132 5583 2219 5625 eo.

398 5641 491 5697 20.
524 5643 615 5712 qui
645 5642 787 5697 mala
814 5643 944 5713 agit.

1539 5733 1937 5792 VARIANTES
1974 5731 2375 5791 LECTIONES.

399 5855 416 5882 ι
456 5850 566 5900 Gat.
595 5852 643 5898 in
667 5849 910 5913 Minoa...
941 5851 1058 5913 Mm.
1083 5849 1130 5897 in
1148 5847 1327 5913 AEnon
1343 5848 1485 5913 juxta
1504 5847 1653 5899 Salim
1672 5857 1806 5900 trans
1826 5847 1936 5895 Jor-
2105 5845 2125 5875 ¹
2160 5844 2267 5894 Gat.
2292 5843 2619 5894 adveniebant
2639 5841 2794 5892 multi.
2823 5843 2941 5892 Mm.
2974 5838 3326 5894 adveniebant.

332 5915 541 5964 danem.
575 5910 726 5976 Vulg.
755 5914 801 5962 in
823 5912 991 5963 Ennon
1011 5911 1151 5973 juxta
1171 5910 1334 5960 Salim.
