4048 6188
449 346 548 400 571
986 343 1257 401 EUSEBII
1296 343 1633 400 VERCELL.
1676 344 2127 401 EVANGELIUM
2167 345 2307 401 CUM
2346 344 2580 400 VARIIS
2618 344 2771 401 COD.
2813 344 3209 401 COLLATUM.
3649 341 3760 398 572

852 457 1084 513 CUDEX
1122 456 1663 514 VERCELLENSIS.
2588 460 2820 515 CODEX
2864 458 3311 515 VERONENSIS.

454 551 638 617 venit,
665 554 679 583 ³
713 567 877 623 supra
1291 551 1449 607 Jesus
1492 552 1675 623 plures
1715 551 1827 605 dis-
2159 552 2325 615 venit,
2354 566 2515 621 super
2546 567 2660 607 om-
2990 552 3173 623 plures
3202 552 3500 623 discipulos

458 638 649 677 omnes
680 622 785 677 est.
1292 623 1502 692 cipulos
1525 623 1545 653 ³
1581 622 1749 677 habe-
2162 638 2258 677 nes
2288 632 2389 677 est.
2424 623 2523 690 Qui
2553 638 2683 679 vero
2993 622 3141 688 facit,
3174 639 3335 693 quam

459 694 557 762 Qui
586 703 764 749 autem
1293 703 1396 762 ret,
1423 705 1477 749 et
1505 694 1679 763 bapti-
2161 710 2225 748 ex
2258 702 2396 747 terra
2439 703 2541 759 est,
2570 695 2639 749 de
2997 693 3293 758 Joliannes,
3322 704 3376 750 et

456 780 629 837 supra
648 774 729 820 ter
770 802 784 817 .
831 798 846 818 .
889 804 902 817 .
951 806 965 821 .
1294 766 1601 837 aat,7magis
1629 774 1791 833 quam
2162 775 2304 819 terra
2336 772 2438 837 est,
2462 774 2516 837 et
2537 765 2605 820 de
2996 765 3051 818 Ξ.
3097 766 3349 837 baptizat,
3377 766 3604 837 (quam-

454 845 573 909 est,
599 835 667 890 de
692 848 835 909 terra
861 845 975 903 est,
1293 835 1349 889 2.
1391 835 1686 909 Jobamies,
1716 836 1930 909 (quam-
2162 844 2314 909 terra
2337 836 2595 909 loquitur.
2640 907 2650 909 _
2998 852 3166 909 quam
3187 836 3342 891 Jesus
3366 835 3438 909 (ὲ)

456 916 511 961 et
538 908 605 960 de
628 916 769 970 terra
800 908 879 961 lo-
1294 922 1454 976 quam
1486 907 1507 937 ‘
1528 906 1685 961 Jesus
1715 907 1792 977 (ο)
1812 905 1900 977 ip-
2163 906 2252 959 52.
2283 906 2383 973 Qui
2415 916 2597 961 autem
2622 907 2689 964 de
3002 908 3117 976 ipse
3144 907 3179 977 -ι-
3209 924 3314 961 non
3347 905 3440 962 ba?-

456 977 546 1050 52.
588 978 924 1050 qu7itur.7Qui
1298 992 1372 1050 se
1393 978 1432 1049 ’ξ-
1466 993 1571 1032 non
1594 976 1778 1050 bapti-
2163 978 2315 1050 caelo
2342 976 2420 1050 (ᾳ)
2451 978 2595 1033 venit
2619 981 2677 1049 κί’,
3001 979 3249 1050 ptizaret,
3274 980 3367 1033 sed

458 1049 526 1122 de
555 1042 707 1122 caelo
738 1042 931 1122 (u)ve-
1296 1042 1474 1122 zabfit,
1512 1048 1606 1104 sed
1636 1042 1757 1122 dis-_
1830 1118 1840 1122 _
2164 1048 2306 1122 quod
2331 1042 2493 1122 vidit,
2518 1058 2573 1103 et
3004 1042 3254 1122 discipuli
3279 1051 3421 1119 ejuS)
3456 1092 3469 1115 ,

458 1121 557 1185 nit,
588 1120 624 1190 ’ξ-
648 1118 898 1191 quodle
1297 1121 1350 1175 5.
1398 1160 1409 1173 .
1460 1161 1473 1174 .
1505 1135 1575 1191 pu
1607 1158 1620 1172 .
1669 1157 1683 1172 .
1710 1118 1874 1191 ejus),
1903 1134 1988 1175 re-

1924 1134 1988 1175 'e-
2164 1119 2389 1181 audivit,
2426 1118 2504 1191 (b)
2530 1131 2610 1175 te-
3004 1120 3057 1174 5.
3102 1122 3331 1189 reliquid
3359 1118 3522 1191 igitur

460 1189 646 1263 dit,7et
674 1190 819 1263 quod
1300 1191 1465 1263 liquid
1499 1189 1582 1261 (α)
1614 1191 1633 1221 ⁵
1662 1189 1866 1263 terram
1885 1192 1924 1263 -ιν

1920 1212 1924 1223 ν
2166 1200 2339 1244 statur
2363 1191 2401 1261 ἦ·
2424 1189 2444 1263 ,’
2470 1189 2525 1244 et
3005 1191 3267 1247 Judaeam
3299 1189 3518 1263 (dj'ter-

460 1262 699 1334 audivit,
736 1261 811 1333 (b)
841 1272 949 1319 tes-
1301 1262 1553 1327 Judeam,
1585 1271 1641 1315 et
1668 1261 1778 1316 abi-
1901 1261 1907 1263 ⁷
2168 1262 2537 1334 testimonium
2635 1332 2643 1334 7
2695 1333 2701 1334 7
3005 1278 3121 1316 ram
3148 1265 3185 1334 ᾧ
3209 1305 3223 1327 ,
3254 1261 3517 1332 εἶμι-οἶο-

463 1332 714 1394 tilicatur,
748 1332 786 1402 λι-
816 1342 871 1388 et
1304 1335 1345 1387 it
1370 1334 1562 1386 iterum
1595 1333 1648 1387 in
2168 1332 2318 1385 illius
2348 1347 2506 1385 nemo
2535 1332 2752 1403 accipit.
3007 1343 3127 1388 ctus
3158 1332 3237 1387 est
3261 1334 3456 1389 iterum

463 1405 832 1458 testimonium
1304 1404 1586 1460 Galileam.
2168 1403 2258 1457 55.
2300 1404 2398 1471 Qui
2429 1412 2608 1457 autem
3011 1405 3065 1458 in
3087 1403 3405 1459 Galilaeam.

465 1474 585 1542 ejus
617 1490 775 1529 nemo
1302 1477 1357 1530 4.
1398 1474 1695 1539 Oportebat
1720 1489 1814 1529 au-
2170 1474 2363 1545 accipit
2391 1476 2634 1530 testimo-
3008 1477 3063 1531 4.
3106 1475 3401 1545 Oportebat
3441 1492 3536 1532 au-

467 1547 558 1600 55.
599 1546 814 1613 accipit.
848 1546 951 1616 Qui
975 1562 1066 1603 ae-
1304 1555 1411 1601 tem
1442 1546 1595 1600 illum
1618 1546 1637 1577 ⁸
1677 1557 1824 1601 tran-
2172 1544 2319 1598 nium
2344 1545 2461 1613 ejus
2484 1586 2501 1610 ,
3010 1558 3114 1601 tem
3146 1544 3268 1601 eum
3294 1557 3442 1601 tran-

463 1618 870 1685 cepittestimo-
1304 1618 1414 1686 sire
1441 1633 1535 1686 per
1566 1617 1758 1671 Sama-
2172 1616 2404 1684 signavit
2432 1631 2568 1684 quo—
3009 1618 3117 1672 sire
3141 1633 3236 1686 per
3266 1620 3590 1674 Samariam.

468 1692 617 1742 nium
640 1688 757 1756 ejus
783 1728 797 1751 ,
1303 1685 1356 1741 5.
1403 1685 1558 1741 riam.
1596 1686 1757 1743 Venit
2174 1687 2318 1741 niam
2344 1689 2482 1742 Deus
3009 1690 3063 1743 5.
3099 1685 3257 1742 venit
3284 1692 3446 1759 igitur

466 1759 697 1829 signavit
725 1759 848 1828 quia
1302 1774 1434 1827 ergo
1462 1758 1514 1812 in
1542 1759 1672 1812 civi-
2170 1773 2334 1812 verax
2366 1768 2470 1812 est-
3009 1762 3061 1813 iu
3093 1758 3365 1822 civitatein

466 1830 609 1885 Deus
635 1844 796 1884 verax
822 1839 923 1884 est.
1304 1837 1470 1884 tatem
1502 1829 1694 1884 Sama-
2168 1829 2258 1883 54.
2301 1830 2471 1896 Quem
2499 1831 2641 1887 enim
3003 1832 3298 1898 Samariae,
3320 1844 3458 1898 quae

468 1901 557 1975 3i.
579 1900 772 1975 Quem
801 1902 945 1955 enim
1304 1902 1399 1955 ria:
1421 1917 1588 1975 ,_qu:e
1619 1900 1756 1975 dici-
2169 1900 2319 1975 misit
2350 1902 2511 1975 Deus,
3006 1907 3065 1975 ὦ
3096 1901 3293 1956 dicitur
3324 1903 3561 1975 Esycliar
3582 1907 3664 1967 is,

468 1972 617 2027 misit
647 1972 817 2037 Deus,
1307 1982 1391 2026 tur
1419 1971 1627 2043 Sychar
1647 2012 1663 2038 ,
1694 1971 1815 2041 jux-
2171 1971 2336 2043 verba
2365 1972 2457 2026 Dei
2997 1973 3153 2042 juxta
3179 1971 3493 2041 praedium,

472 2044 634 2096 verba
666 2043 759 2097 Dei
789 2043 867 2097 lo—
1307 2054 1356 2096 ta
1387 2058 1575 2112 agrum
1595 2084 1609 2107 ,
1643 2058 1802 2112 quem
2175 2042 2413 2111 loquitur
2444 2061 2456 2096 :
2495 2059 2603 2099 non
3011 2043 3156 2111 quod
3182 2045 3330 2099 dedit

472 2113 656 2183 quitur
681 2126 835 2186 :_non
1307 2113 1455 2186 dedit
1493 2113 1661 2186 Jacpb
1750 2183 1759 2186 7
2174 2114 2317 2166 enim
2349 2113 2413 2186 ad
2438 2131 2588 2171 men-
3010 2114 3178 2170 Jacob
3208 2114 3411 2186 Joseph

469 2188 614 2239 enim
644 2184 711 2238 ad
739 2199 891 2239 men-
1312 2184 1423 2238 ﬁlio
1453 2199 1551 2239 suo
1582 2183 1802 2252 Joseph.
2176 2198 2353 2254 suram
2382 2184 2473 2239 dat
2496 2188 2762 2254 spiritum.
3010 2187 3063 2240 6.
3102 2186 3211 2241 tilio
3237 2183 3354 2240 suo.
3388 2187 3521 2242 Erat

466 2270 651 2328 suram
678 2254 768 2308 dat
842 2327 847 2328 7
894 2322 897 2323 7
976 2324 983 2328 _
1310 2255 1364 2328 6.
1410 2255 1539 2328 Erat
1566 2264 1745 2328 autem
2175 2253 2279 2328 1'35.
2309 2255 2470 2310 Pater
2490 2257 2665 2328 diligit
3008 2265 3189 2328 autem
3220 2256 3340 2313 fons
3374 2258 3562 2314 Jacob.

473 2326 563 2397 55.
607 2326 749 2397 Deus
771 2324 1043 2396 spiritum.
1076 2329 1237 2385 Pater
1309 2326 1381 2397 ibi
1408 2325 1527 2379 fons
1557 2326 1744 2397 Jacoh.
2182 2324 2423 2397 Filium:
2455 2338 2510 2383 et
2539 2324 2655 2384 om-
3013 2327 3168 2382 Jesus
3191 2328 3350 2397 igitur

471 2396 647 2467 diligit
673 2396 867 2452 Filium
894 2417 909 2455 :
1307 2396 1468 2452 Jesus
1494 2412 1631 2469 ergo
1653 2396 1770 2451 tati-
2182 2397 2269 2450 nia
2299 2396 2448 2452 dedit
2475 2400 2526 2453 in
3010 2396 3256 2469 fatigatus
3283 2401 3350 2453 ab
3382 2401 3469 2453 iti-

476 2505 501 2539 ,Α
536 2509 550 2522 .
596 2507 611 2523 .
655 2508 670 2523 .
717 2508 731 2522 .
772 2469 861 2524 nia
890 2472 985 2527 de-
1307 2476 1462 2538 gatus
1486 2468 1739 2539 exitiue-
2180 2482 2371 2539 manus
2395 2470 2533 2539 ejus.
3011 2468 3161 2535 nere,
3200 2470 3417 2524 sedebat

471 2537 552 2592 dit
584 2541 605 2571 ³
634 2540 686 2593 in
719 2556 880 2595 manu
1310 2537 1393 2605 re,
1424 2540 1443 2570 "
1475 2538 1695 2593 sedebat
1726 2554 1824 2594 su-
2178 2537 2266 2591 56.
2309 2539 2408 2604 Qui
2428 2537 2603 2597 credit
3010 2554 3170 2608 super
3192 2542 3415 2595 fontem.

474 2609 565 2663 56.
608 2609 746 2679 ejus.
774 2610 877 2677 Qui
904 2628 1025 2669 cre-
1311 2626 1407 2679 pra
1436 2609 1661 2665 fontem.
2180 2610 2231 2662 in
2264 2609 2426 2677 Filio,
2458 2612 2620 2669 habet
3012 2609 3156 2665 Hora
3190 2620 3369 2665 autem

476 2680 553 2733 dit
583 2681 634 2733 in
669 2679 896 2750 Filium,
1309 2680 1449 2734 Hora
1481 2689 1598 2734 erat
1627 2679 1705 2736 fe-
1733 2749 1739 2750 7
2178 2681 2340 2735 vitam
2370 2693 2627 2739 mternam
2658 2704 2671 2738 :
3014 2691 3131 2736 erat
3159 2683 3374 2737 circiter
3410 2688 3584 2736 sexta.

480 2750 643 2804 habet
674 2750 837 2805 vitam
884 2749 888 2750 “
1311 2752 1365 2823 7.
1407 2765 1466 2803 re
1495 2760 1673 2823 sexta.
1702 2749 1771 2805 Et
1794 2764 1890 2805 ve-
2052 2788 2059 2795 ι
2183 2754 2270 2822 qui
2302 2764 2480 2808 autem
3016 2755 3065 2806 7.
3103 2752 3171 2806 Et
3200 2754 3347 2808 venit
3369 2766 3533 2823 quae-

477 2829 791 2876 aeternam:
822 2823 915 2892 qui
1312 2822 1391 2875 nit
1423 2821 1618 2892 mulier
1644 2820 1743 2874 Sa—
2120 2862 2129 2867 .
2184 2820 2291 2876 non
2321 2824 2495 2879 credit
2524 2825 2619 2880 Fi-
3014 2825 3136 2878 dam
3177 2825 3369 2879 mulier
3386 2820 3424 2877 'a

475 2894 528 2948 in
562 2894 706 2947 dicto
731 2890 903 2950 obau-
1312 2890 1575 2945 maritana
1609 2890 1742 2945 hau-
2181 2894 2273 2957 lio,
2306 2911 2411 2947 non
2443 2898 2521 2950 vi-
3018 2896 3259 2951 Samaria
3289 2896 3506 2949 haurire

481 2964 635 3020 diens
666 2973 750 3035 est
778 2966 915 3021 Filio
937 3006 955 3035 ,
1314 2962 1671 3035 rireaquam.
1768 3032 1796 3035 _
1930 3030 1959 3035 __
1992 3034 1998 3035 7
2181 2966 2323 3019 debit
2356 2966 2518 3021 vitam
3019 2982 3235 3035 aquam.

478 3050 584 3090 non
614 3034 813 3091 videvit
939 3030 950 3035 ⁷
1316 3034 1405 3090 Ait
1434 3034 1511 3086 illi
1540 3033 1699 3088 Jesus
1724 3050 1734 3086 :
1768 3032 1842 3085 Da
1870 3030 2000 3087 mihi
2179 3042 2473 3101 aete‘rnain,
2502 3041 2596 3096 sed
3013 3030 3084 3095 8.’
3112 3038 3253 3091 Dicit
3280 3038 3327 3093 ei
3358 3036 3548 3091 Jesus:

476 3108 661 3173 vitam,
689 3107 893 3163 sedira
1313 3105 1366 3159 8.
1410 3104 1613 3159 bibere.
1649 3104 1838 3171 (Disci~
2181 3108 2259 3160 ira
2292 3108 2381 3162 Dei
2407 3109 2459 3161 in
2484 3127 2549 3166 eo
3016 3111 3092 3164 Da
3126 3108 3255 3162 mihi
3284 3109 3485 3163 bibere.

478 3177 575 3234 Dei
602 3186 785 3232 manet
821 3195 911 3234 su-
1314 3176 1433 3249 puli
1456 3175 1599 3229 enim
1633 3176 1755 3249 ejus
2179 3180 2537 3247 permanebit.
3016 3180 3276 3249 Discipuli
3305 3182 3449 3233 enim

478 3265 573 3321 per
603 3251 773 3304 "'“m'
1310 3247 1683 3355 ξᾶῗῖἓῖὶᾞῗῗῗ
1944 3314 1947 3317 ν
2379 3296 2607 3354 CAPUT
2647 3297 2739 3355 tv.
3015 3247 3403 3355 fl3§3.'3.i£“.‘.'.“
3426 3250 3477 3303 ⁵³³

1310 3326 1580 3371 civitatem
1613 3326 1671 3370 ut
2379 3326 2597 3354 “‘“U‘
2647 3326 2739 3355 "-
3015 3326 3285 3376 civitatem
3315 3334 3373 3375 ut

667 3362 897 3423 CAPUT
936 3362 1026 3420 “-
1311 3398 1556 3459 emerent
1585 3402 1696 3459 es-7
2179 3389 2231 3443 1.
2261 3387 2397 3443 Cum
2426 3405 2556 3459 ergo
2662 3415 2672 3423 -
3015 3394 3165 3447 cibos
3204 3401 3471 3447 emerenl.

479 3462 533 3517 1.
573 3460 730 3517 Jesus
757 3476 886 3532 ergo
915 3470 972 3516 ut
999 3476 1129 3532 cogo
1312 3460 1383 3532 9.
1407 3458 1557 3532 eas.)
1587 3457 1725 3532 Dicit
1763 3471 1894 3532 ergo
2177 3457 2521 3532 cognovisset
3016 3464 3068 3518 9.
3112 3464 3250 3517 Dicit
3275 3479 3405 3532 ergo
3443 3461 3491 3516 ei
3519 3460 3598 3530 (ε)

478 3535 628 3614 novit
656 3533 781 3614 quia
824 3528 843 3532 ⁷
1070 3528 1092 3532 ⁷
1313 3530 1389 3584 illi
1424 3530 1500 3614 (ᾳ)
1535 3529 1729 3614 ιιιυιξιεετ
1757 3528 1794 3600 'j-
1822 3530 1923 3584 Sa-
2179 3530 2337 3614 {esus
2365 3532 2580 3589 audisse
3018 3536 3211 3614 mulier
3235 3534 3276 3605 ἰ-
3302 3528 3593 3614 Samarita;

478 3601 769 3659 audierunt
938 3666 947 3671 7
1315 3601 1574 3656 maritana
1602 3620 1614 3654 :
1646 3601 1763 3668 Tu,
2180 3602 2522 3671 Pltarisaeos,
3018 3622 3116 3659 na:
3147 3601 3402 3667 Tu,'cum
3427 3604 3501 3657 sis

475 3674 774 3740 Pharisaei,
804 3666 949 3744 quod
1314 3688 1437 3728 cum
1464 3672 1700 3727 Judaeus
1750 3666 1757 3668 ἡ
2179 3675 2320 3743 quod
2343 3666 2517 3730 Jesus
3013 3666 3268 3744 Judaeus,
3301 3684 3528 3747 Quomo-

1800 3784 2032 3845 CODEX
2072 3787 2467 3846 BRIXIANUS.

478 3882 628 3937 venit
652 3896 815 3951 super
845 3896 1036 3936 omnes
1085 3890 1169 3954 est
1217 3880 1323 3954 Qui
1351 3889 1435 3954 est
1485 3880 1553 3935 de
1608 3890 1769 3954 terra.
1812 3879 1879 3954 de
1930 3889 2071 3954 terra
2180 3882 2342 3954 ptizat
2367 3882 2481 3948 plus
2510 3898 2668 3952 quam
2695 3881 2994 3939 Johannes.
3025 3898 3349 3954 quamquam
3378 3881 3543 3954 Jesus
3563 3879 3637 3952 (ε)
3667 3880 3785 3949 ipse

478 3964 561 4009 est
604 3966 657 4009 et
688 3956 755 4009 de
786 3963 924 4008 terra
960 3953 1237 4025 quuitur.7
1262 3953 1361 4025 Qui
1395 3960 1572 4005 autem
1620 3952 1708 4025 de
1738 3952 1890 4025 caelo
1926 3952 2073 4005 venit
2176 3952 2334 4022 ‘j'non
2363 3954 2787 4021 baptizaret.seil
2811 3952 3057 4023 discipuli
3078 3953 3495 4025 ejus.relinquid
3518 3952 3783 4006 Judaeam

476 4040 638 4091 super
664 4041 852 4080 omnes
880 4032 980 4079 est.
1014 4021 1069 4077 et
1098 4023 1241 4093 quod
1272 4023 1405 4095 vidit
1431 4031 1483 4077 et
1531 4021 1757 4075 audivit.
1810 4021 1911 4074 hoc
1967 4033 2073 4095 tes-
2176 4032 2230 4077 et
2259 4024 2388 4076 abiit
2418 4027 2614 4079 iterum
2648 4028 2698 4080 in
2722 4021 3040 4081 Galilaeam.
3090 4021 3629 4095 [Oportebatautem
3654 4040 3780 4075 eum

480 4098 731 4152 titicatur.
761 4106 817 4151 et
866 4097 1234 4149 testimonium
1289 4094 1427 4161 ejus.
1484 4108 1643 4147 nemo
1696 4094 1909 4155 accipit.
1970 4094 2068 4160 Qui
2177 4096 2408 4147 transire
2440 4112 2532 4161 per
2557 4098 2874 4151 Samariam.
2908 4097 3063 4150 Venit
3092 4106 3269 4152 autem
3292 4098 3343 4149 in
3383 4097 3649 4149 civitatem
3679 4096 3785 4149 Sa-

477 4167 621 4222 enim
656 4168 850 4234 accipit
898 4165 1263 4239 testimonium
1300 4164 1441 4239 ejus.
1488 4165 1717 4239 signavit
1754 4164 1903 4239 quia
1932 4164 2069 4239 Deus
2176 4165 3611 4239 muriae:quaediciturSychar.juxtanraediumquod
3627 4164 3783 4239 dedit

478 4253 641 4292 verax
671 4233 787 4292 est.
807 4239 977 4303 Quem
1005 4236 1149 4291 enim
1196 4236 1339 4289 misit
1369 4237 1528 4289 Deus.
1559 4236 1720 4288 verba
1767 4233 1861 4288 Dei
1895 4235 2069 4303 loqui-
2174 4235 2577 4304 JacobJosepli
2599 4233 2841 4294 ﬁliosuo'.
2861 4233 3262 4293 Erata'ntemibi
3282 4239 3398 4291 inus
3415 4236 3600 4291 Jactrb.
3622 4237 3783 4290 Jesus

478 4315 582 4360 tur.
616 4324 718 4361 n0n
748 4310 892 4363 enim
925 4308 992 4361 ad
1024 4322 1335 4360 mensuram
1380 4306 1471 4360 dat
1511 4306 1781 4375 spiritum.
1908 4306 2067 4360 l’atcr
2176 4322 2305 4374 ergo
2337 4307 2605 4377 fatigatus.
2637 4326 2701 4363 ex
2732 4310 2940 4365 itinere.
2974 4310 3192 4363 sedebat
3231 4311 3309 4363 sic
3336 4325 3499 4377 super
3536 4319 3774 4375 puteum.

477 4377 653 4449 diligit
682 4378 877 4432 Filium
910 4388 964 4433 et
994 4379 1172 4431 omnia
1202 4378 1351 4432 dedit
1383 4379 1432 4430 in
1462 4390 1623 4430 manu
1650 4380 1784 4444 ejus.
1820 4376 1920 4444 Qui
1949 4390 2067 4431 cre-
2178 4377 2305 4430 Erat
2331 4376 2459 4432 liora
2487 4382 2637 4449 quasi
2655 4394 2830 4435 sexta.
2850 4379 3200 4435 Venitautem
3218 4381 3491 4433 mulierde
3508 4378 3775 4434 Samaria.

478 4448 556 4501 dit
582 4450 635 4503 iu
669 4449 863 4503 Filium
894 4449 1055 4502 habet
1100 4449 1261 4502 vitam
1294 4457 1592 4504 aeternam.
1627 4449 1718 4517 qui
1743 4457 1920 4501 autem
1959 4462 2067 4503 non
2175 4450 2354 4502 aurire
2379 4448 2593 4519 aquam.
2617 4453 2833 4505 Etdixit
2855 4457 2898 4504 ei
2919 4451 3075 4506 Jesus
3122 4450 3193 4503 Da
3224 4452 3350 4503 mihi
3374 4451 3577 4504 bibere.
3604 4449 3779 4503 Disci-

475 4519 649 4574 credit
682 4518 821 4591 Fili_o_
840 4534 948 4573 non
971 4519 1178 4575 videbit
1198 4523 1382 4574 vitam.
1412 4519 1505 4574 sed
1538 4521 1615 4574 ira
1650 4520 1740 4574 Del
1772 4530 1951 4591 manet
1980 4534 2070 4572 su-
2177 4519 2285 4587 puli
2311 4518 2439 4575 vero
2460 4522 2595 4591 ejus.
2621 4523 2866 4577 abierant
2890 4526 2939 4577 in
2964 4523 3242 4576 civitatem
3266 4522 3481 4575 utcibos
3506 4532 3774 4576 emerent.

474 4600 573 4717 Βετ
599 4589 848 4675 θιιιηηυι
880 4602 1007 4657 ergo
1035 4592 1287 4661 cognovit
1329 4592 1585 4674 Dominus
1630 4594 1755 4673 quia
1783 4590 2065 4674 audierunt
2178 4590 2316 4644 Dicit
2353 4589 2562 4674 ergo'ei
2606 4594 2800 4649 mulier
2846 4595 2934 4649 illa
2977 4594 3333 4650 Samaritana.
3385 4592 3670 4659 Quomodo
3721 4609 3773 4646 ιιι

524 4663 779 4717 harisaei.
808 4659 953 4717 ouod
979 4660 1136 4715 Jesus
1180 4663 1366 4717 olores
1403 4663 1701 4717 discipulos
1733 4665 1875 4717 lacu.
1899 4673 1953 4716 et
1977 4663 2069 4717 ba-
2176 4676 2300 4716 cum
2323 4677 2395 4717 Sis
2419 4664 2671 4717 Judaeus.

524 4663 779 4720 harisaei.
808 4659 953 4732 quod
979 4659 1136 4715 Jesus
1180 4663 1366 4732 plures
1403 4659 1701 4732 discipulos
1733 4664 1875 4717 facit.
1899 4673 1953 4716 et
1977 4663 2069 4717 ba-
2176 4676 2300 4716 cum
2323 4663 2395 4717 sis
2419 4659 2671 4720 Judaeus.

1766 4752 2000 4810 CODEX
2037 4752 2510 4812 CORBEIENSIS.

550 4854 636 4908 56.
679 4853 781 4923 Qui
809 4860 987 4923 autem
1011 4862 1117 4923 non
1144 4846 1316 4902 credit
1340 4847 1510 4923 Filio.
1781 4918 1793 4923 _
1825 4918 1836 4923 7
2182 4848 2345 4905 debat
2367 4864 2530 4921 super
2557 4859 2796 4922 puteum.
2820 4860 3013 4907 recent.
3043 4866 3227 4920 manu,
3258 4849 3481 4907 sedebat
3507 4862 3693 4919 super.

549 4914 811 4979 Cari”.
841 4914 986 4979 -1,
1025 4920 1183 4977 Jesus
1214 4927 1397 4974 autem
1421 4917 1671 4988 fatigatus
1693 4932 1759 4973 ex
1779 4918 1972 4974 itinere
1992 4933 2078 4974 se-

1728 5030 2120 5093 VARIANTES
2157 5024 2562 5093 LECTIONES.

538 5134 554 5165 ι
593 5131 699 5182 Gal.
724 5142 874 5192 super
896 5144 1085 5192 omnes,
1110 5136 1161 5180 et
1183 5132 1246 5180 de
1276 5127 1728 5195 sursumloquitur.
1753 5129 1873 5195 Nam
1897 5133 1978 5195 qui
2004 5131 2069 5181 de
2238 5133 2258 5195 ξ
2294 5132 2398 5182 Gal.
2426 5138 2471 5195 et
2495 5137 2613 5183 Mm.
2643 5135 2688 5182 in
2712 5146 2885 5183 manus
2908 5133 3035 5194 ejus.
3070 5127 3601 5195 Vulg.7in7manu_ejus_.

473 5205 608 5249 terra
634 5202 727 5255 est,
759 5191 891 5241 terra
918 5201 1012 5249 est,
1040 5191 1089 5242 et
1110 5207 1170 5240 ex
1199 5203 1331 5242 terra
1355 5191 1588 5256 loquitur.
1616 5194 1709 5253 Qui
1734 5194 1798 5243 de
1820 5191 1957 5243 caelo
1980 5208 2067 5243 ve-
2238 5194 2258 5224 ³
2294 5195 2398 5244 Gut.
2426 5194 2630 5258 faecret,
2658 5204 2709 5244 et
2729 5198 2783 5244 ba
2823 5191 3013 5247 tizaliat.
3049 5191 3145 5245 ναι
3167 5191 3194 5242 “.
3216 5192 3347 5254 facit,
3376 5199 3429 5241 et
3452 5192 3680 5253 baptizat.

474 5260 568 5306 nit.
593 5271 744 5306 super
769 5267 940 5303 omnes
965 5260 1057 5306 est,
1083 5261 1133 5302 et
1151 5254 1279 5306 Quod
1306 5252 1438 5305 vidit.
1466 5258 1585 5304 Mm.
1611 5269 1755 5306 sunra
1776 5270 1950 5305 omnes
1969 5264 2064 5306 est.
2238 5253 2260 5285 ⁸
2294 5256 2400 5305 Gul.
2422 5263 2465 5306 el
2493 5261 2608 5306 Mm.
2647 5259 2750 5306 insi
2779 5211 2941 5306 fcsus.
2977 5260 3119 5306 Vulu.
3146 5206 3308 5306 gestis.

474 5260 568 5320 nit,
593 5252 744 5320 super
769 5267 940 5321 omnes
965 5260 1057 5321 est,
1083 5254 1279 5321 etquod
1306 5252 1438 5321 vidit:
1466 5258 1585 5304 Mm.
1611 5252 1755 5318 supra
1776 5270 1950 5305 omnes
1969 5264 2064 5321 est,
2238 5253 2260 5321 ξ
2294 5256 2400 5321 Qui.
2422 5263 2465 5307 el
2493 5252 2627 5307 Mm.’
2647 5259 2719 5319 ips
2741 5278 2750 5290 ι
2779 5252 2941 5307 Jesus.
2977 5260 3119 5321 Vulg.
3146 5252 3308 5306 Iesus.

477 5314 611 5371 etde
636 5314 828 5370 sursum
861 5316 1092 5383 loquitur.
1119 5314 1236 5383 liam
1264 5321 1345 5383 qui
1368 5318 1587 5383 deterra
1612 5314 1715 5377 est,
1740 5332 1804 5367 ex
1826 5327 1971 5383 terra
1999 5320 2071 5369 lo-
2238 5318 2258 5383 ξ
2294 5319 2401 5368 Gal.
2427 5326 2472 5383 el
2498 5323 2616 5369 Mm.
2645 5314 2880 5383 Iudaeam
2906 5314 3106 5383 terreni,
3138 5328 3205 5370 ct.
3239 5316 3382 5381 Vulg.
3406 5314 3664 5375 Judaeam,
3697 5322 3768 5364 ct.

476 5386 664 5447 quitur,
692 5390 744 5430 et
781 5379 909 5447 quod
930 5376 1076 5447 'vidit.
1114 5376 1273 5447 Vulg.
1302 5380 1396 5447 Qui
1417 5379 1481 5426 de
1507 5376 1860 5447 sursum'venit
1878 5416 1892 5439 ,
1918 5395 2067 5447 super
2237 5379 2258 5447 ξ
2293 5383 2410 5447 }l_!m.
2438 5382 2509 5447 ire
2532 5397 2638 5447 per.
2674 5382 2818 5445 Vulg.
2849 5384 3055 5432 transire
3074 5376 3189 5447 per.

475 5437 662 5493 dmnes'
674 5451 767 5494 est.
799 5437 894 5508 Qui
919 5449 995 5508 est
1021 5439 1083 5487 de
1110 5437 1245 5508 terra
1268 5477 1281 5499 ,
1301 5441 1363 5487 de
1388 5444 1517 5487 terra
1544 5447 1654 5504 est,
1677 5449 1729 5489 et
1750 5443 1813 5489 de
1840 5437 2069 5508 terra'lo-
2176 5472 2185 5508 _-
2237 5443 2255 5472 "
2295 5444 2398 5508 Gut.
2426 5437 2633 5495 sedebat
2654 5437 2822 5508 super.
2850 5448 2969 5495 Mm.
2996 5437 3207 5495 sedebat
3237 5452 3401 5506 supra.
3435 5437 3582 5505 Vulg.
3622 5439 3775 5489 sede-

476 5509 659 5568 quitur.
686 5508 783 5565 Qui
802 5501 866 5555 de
883 5502 1021 5553 caelo
1038 5501 1189 5558 venit,
1210 5512 1359 5563 super
1382 5512 1554 5549 omnes
1579 5501 1675 5561 est,
1705 5510 1757 5551 et
1778 5502 1905 5563 quod
1933 5505 2066 5553 vidit.
2175 5506 2258 5554 bat
2279 5506 2347 5554 sic
2371 5518 2530 5567 supra.

1835 5585 2202 5640 BLANCHINI
2232 5588 2460 5645 ΝΟΤᾹΞ.

552 5679 628 5751 (a)
666 5679 796 5755 Post
850 5680 1193 5755 venittdeest
1218 5697 1396 5755 super
1435 5696 1612 5737 omnes
1666 5684 1761 5743 eu,
1793 5686 1862 5755 e_t,
1900 5680 2060 5755 etiam
2116 5676 2171 5731 in
2218 5679 2526 5755 cod.‘_Cant.
2559 5713 2628 5723 —
2660 5679 2735 5755 (ὁ)
2788 5683 2923 5737 Ante
2974 5691 3208 5755 testatur,
3246 5684 3399 5739 deest
3427 5684 3521 5755 hoc
3547 5682 3600 5736 in
3634 5680 3767 5755 cod.

476 5747 877 5885 εἳὲιὸίιὲιὲὂῇηἰιό
902 5750 1275 5877 ῐχέεὶρἁόίι
1296 5747 1425 5824 ipse,
1456 5756 1619 5809 etiam
1663 5760 1770 5805 tex.
1802 5747 1895 5805 Gr.
1925 5749 2096 5813 αὐτὸς.
2127 5779 2198 5791 -
2225 5749 2305 5822 (ιι)
2356 5752 2428 5807 Ita
2457 5764 2509 5809 et
2548 5747 2677 5808 cod.
2702 5747 2858 5810 Cant.
2902 5763 3015 5828 γῆν.
3046 5747 3205 5829 --(e)
3231 5756 3361 5811 Post
3389 5754 3593 5823 mulier,
3617 5753 3769 5817 deest

476 5841 489 5881 ι
572 5862 586 5885 ,
1024 5861 1035 5875 .
1146 5865 1156 5877 .

471 5841 586 5890 illa,
614 5841 775 5877 illam
825 5841 877 5875 In
906 5841 1035 5875 te“.
1063 5841 1156 5877 ur.
