4048 6188
348 287 443 345 373

338 498 411 554 sis
436 540 449 563 ,
483 499 752 570 quomodo

336 586 364 625 a
393 586 482 624 me
509 572 691 627 bibere

406 642 495 707 tis,
531 644 547 672 ¹
574 657 692 696 eum
720 643 821 697 sim

374 713 720 766 amaritana?

336 783 422 839 10.
467 782 768 853 Respondit
788 784 949 841 Jesus
975 828 989 851 ,

334 864 385 910 et
415 854 551 909 dixit
580 856 654 909 illi
680 873 693 907 :
726 856 782 912 Si

333 927 503 980 scires
527 942 724 981 munus

332 997 451 1062 Dei,
481 1006 536 1051 et
561 998 684 1067 quis
712 1006 815 1065 est,

331 1070 423 1137 qui
447 1068 579 1123 dicit
614 1068 709 1122 tibi
736 1086 749 1122 :

328 1140 406 1194 Da
439 1140 569 1193 mihi
592 1140 747 1195 bibe-

328 1227 388 1265 re
416 1229 429 1263 :
458 1221 516 1264 tu
546 1221 758 1281 peteres

327 1283 397 1335 ab
429 1297 519 1345 eo,
548 1294 600 1336 et
624 1282 807 1336 dedis-

327 1362 413 1408 set
440 1354 536 1406 tibi
566 1368 758 1424 aquam

324 1440 525 1478 Vivam.

326 1498 416 1550 1l.
458 1496 551 1550 Ait
578 1495 653 1549 illi
684 1495 923 1551 mulier:

324 1567 558 1622 Domine
586 1566 729 1622 unde
754 1566 888 1622 hau-

318 1639 434 1693 rias
462 1654 570 1692 non
601 1638 700 1691 ha-

322 1710 425 1764 bes
450 1751 465 1775 ,
494 1719 550 1764 et
581 1720 771 1778 puteus

319 1783 465 1836 altus
494 1789 578 1835 est
604 1799 617 1834 :
653 1780 727 1851 (a)
749 1796 843 1835 un—

320 1852 392 1906 de
430 1853 468 1923 -;-
499 1853 667 1907 habes
705 1867 764 1905 a-

319 1940 487 1993 quam
518 1924 697 1977 vivam
720 1923 744 1977 7

318 1996 414 2050 12.
457 1994 729 2063 Numquid
758 2002 815 2049 tu

320 2066 502 2135 major
529 2080 589 2121 es
617 2082 710 2135 pa-

319 2138 389 2191 tri
426 2143 616 2191 nostro
640 2137 728 2192 Ja-

315 2210 450 2273 cob,
473 2208 565 2275 qui
592 2210 613 2239 ’
642 2217 789 2278 pute-

324 2297 421 2333 um
456 2279 615 2333 nobis
641 2279 785 2334 hunc

320 2350 497 2415 dedit,
532 2359 587 2404 et
614 2352 727 2421 ipse

318 2438 388 2477 ex
423 2436 490 2476 eo
516 2421 687 2486 bibit,
717 2429 775 2475 et

318 2493 423 2546 ﬁlii
449 2493 568 2561 ejus
590 2535 605 2557 ,
627 2502 680 2547 et
708 2507 793 2563 pe-

319 2579 455 2619 cora
495 2563 653 2632 ejus?

326 2637 418 2689 15.
461 2634 818 2704 Respondeas

319 2706 524 2770 Jesus,
554 2706 690 2760 dixit
720 2704 755 2759 il
787 2744 801 2759 .
847 2744 861 2758 .
910 2746 922 2757 .

319 2778 520 2832 Omnis
545 2818 557 2839 ,
593 2778 685 2846 qui

323 2849 345 2879 ³
373 2848 580 2903 biberit
606 2863 673 2903 ex

323 2936 923 2989 aqu........

324 2992 847 3046 siti......-

329 3072 441 3116 tem
478 3061 675 3116 biberit

326 3134 403 3188 de
427 3148 566 3201 aqua
589 3174 603 3197 ,
637 3147 798 3201 quam

326 3219 435 3274 ego
459 3203 603 3258 dabo
632 3203 708 3269 ei,
742 3217 847 3257 non

328 3277 539 3330 sitiet.
583 3313 599 3329 .
644 3311 660 3329 .
701 3314 717 3328 .
762 3313 776 3329 .
825 3316 835 3327 .
880 3288 965 3329 er-

331 3345 426 3401 14.
468 3344 956 3415 n..m:sedaq.
994 3378 1100 3409 ..,

328 3432 500 3487 quam
529 3431 630 3486 ego
656 3417 749 3471 da-

329 3485 1035 3542 bo......illil'ons

333 3574 513 3629 aquae
536 3560 738 3613 salien-

337 3634 410 3684 tis
436 3634 485 3684 in
509 3632 672 3685 vitam
696 3645 785 3685 ae-

341 3710 577 3755 ternam.

341 3775 433 3827 15.
470 3813 483 3825 .
518 3811 531 3824 .
565 3781 585 3826 t
624 3771 700 3826 illi
732 3771 960 3827 mulier:

1332 294 1781 354 EVANGBLIUM
1820 292 2195 352 SECUNDUM
2232 294 2617 357 JOHANNEM.

732 406 959 463 CODEX
999 408 1542 467 VERCELLENSIS.

1167 504 1305 559 hanc
1331 520 1546 575 aquam,

1172 586 1226 630 ut
1255 593 1361 630 non
1395 578 1592 641 sitiam,

1166 662 1343 717 neque
1373 649 1522 701 veni-

1168 734 1253 772 am
1282 718 1386 773 hoc
1407 720 1551 772 auri-

1122 798 1125 801 ‘
1171 788 1257 845 16.
1300 805 1379 845 re.
1405 788 1543 843 Dicit
1572 790 1686 845 illi:
1716 789 1821 845 Va-

1322 903 1334 914 .
1371 862 1681 916 .cavirum

1172 933 1695 987 .......venl

1172 1004 1787 1059 17........on-

1169 1074 1245 1127 dit
1280 1074 1491 1135 mulier,
1521 1084 1576 1129 et

1168 1144 1302 1199 dixit
1332 1146 1449 1199 illi:
1480 1144 1500 1176 “
1527 1146 1645 1200 Non

1172 1232 1691 1271 .......nm.

1172 1286 1819 1342 .........nedi-

1167 1357 1787 1413 xis.......dvi—

1167 1429 1702 1484 r.....onha-

1167 1499 1858 1557 18......uin..ue

1164 1585 1195 1624 e
1227 1610 1240 1624 .
1272 1613 1285 1623 .
1317 1571 1387 1625 im
1420 1572 1569 1626 viros

1164 1640 1673 1697 habuis......

1163 1713 1183 1743 ⁸
1212 1729 1374 1781 nunc,
1413 1729 1569 1783 quem

1165 1783 1355 1847 habes,
1390 1799 1495 1839 non
1524 1793 1606 1839 est

1164 1864 1286 1910 tuus
1316 1858 1430 1910 vir:
1466 1855 1568 1910 hoc

1166 1942 1352 1982 verum
1376 1926 1485 1981 dixi
1512 1968 1523 1979 .
1554 1966 1569 1981 .

1167 1998 1730 2053 19.ti....tmu-

1167 2069 1381 2124 lier:D
1429 2110 1441 2122 .
1489 2111 1501 2122 .
1550 2108 1563 2121 .
1610 2084 1797 2136 ..e,
1850 2070 1931 2125 vi-

1166 2140 1269 2195 deo
1304 2182 1315 2193 .
1354 2179 1368 2193 .
1408 2140 1515 2195 uod

1167 2211 1257 2268 20.
1290 2211 1501 2267 Proleta
1544 2211 1615 2284 (c)
1651 2227 1712 2269 es
1731 2212 1794 2283 1-.
1831 2211 1931 2267 Pa-

1168 2290 1278 2337 tres
1306 2285 1479 2337 nostri

1168 2353 1221 2407 in
1248 2353 1349 2407 hoc
1381 2369 1532 2408 mon-

1169 2434 1219 2478 te
1246 2425 1503 2481 adorare-

1167 2506 1315 2559 runt,
1346 2507 1401 2552 et
1431 2512 1525 2551 vos

1166 2566 1350 2621 dicitis
1373 2586 1401 2636 (ι
1440 2608 1450 2619 .
1490 2606 1503 2620 .
1532 2604 1548 2621 .

1194 2637 1249 2708 ά)
1278 2641 1328 2691 in
1350 2638 1387 2707 λς
1420 2637 1515 2693 llie
1546 2677 1558 2689 .
1594 2677 1605 2689 .
1636 2650 1759 2692 oso-

1191 2709 1329 2779 ymis
1356 2720 1483 2763 est.
1518 2750 1531 2761 .
1569 2746 1583 2760 .
1617 2746 1630 2760 .

1171 2864 1779 2919 opo........

1168 2920 1863 2999 21.Diciti......

1181 3035 1191 3045 υ
1274 3034 1286 3046 ο
1370 3034 1382 3046 ο
1464 3031 1480 3046 ⁸
1559 3035 1573 3048 ο
1654 3032 1667 3045 ο
1749 3035 1761 3047 Ι

1177 3135 1461 3190 niamve.
1514 3176 1526 3189 .
1577 3175 1651 3189 ..

1178 3206 1331 3273 hora,
1364 3222 1485 3261 cum
1534 3246 1547 3259 .
1597 3249 1609 3261 .
1638 3237 1662 3247 -

1184 3318 1197 3331 .
1246 3320 1257 3331 .
1303 3278 1445 3332 uein
1481 3280 1581 3333 hoc

1180 3356 1584 3413 m..te,ne-

1180 3436 1284 3489 qne
1314 3418 1368 3473 in
1393 3420 1587 3475 Hiero-

1182 3490 1405 3563 solymis
1432 3493 1615 3545 adora-

1184 3562 1310 3616 bitis
1348 3563 1584 3616 Patrem.

1184 3634 1273 3687 ‘22.
1317 3632 1425 3687 Vos
1475 3634 1710 3689 adoratis

1183 3721 1251 3773 qn
1299 3743 1313 3757 .
1364 3745 1378 3758 .
1431 3744 1443 3756 .
1498 3745 1511 3757 .
1553 3706 1773 3759 escitis:

1186 3790 1283 3830 nos
1305 3774 1371 3829 ad
1421 3815 1433 3827 .
1486 3814 1499 3827 .
1533 3791 1714 3830 ramus

2465 415 2697 471 CODEX
2741 416 3190 478 VERONENSIS.

2035 502 2165 585 doja
2186 519 2273 558 me
2296 505 2479 585 bibere

2038 578 2198 643 petis,
2219 591 2340 629 cum
2372 578 2473 632 sim

2037 648 2230 700 mulier
2255 647 2645 704 Samaritissa?

2038 716 2125 769 10.
2173 718 2464 787 Respondit
2497 720 2673 786 Jesus,

2036 796 2090 840 et
2116 788 2251 842 dixit
2278 790 2357 843 ei:
2388 791 2442 845 Si

2038 860 2207 913 scires
2238 860 2439 915 donum
2466 862 2559 917 Dei
2582 904 2596 929 ,

2035 936 2089 1003 et
2110 930 2241 1003 quis
2259 941 2366 1003 est.
2398 937 2488 1003 qui

2035 999 2163 1053 dicit
2194 1002 2315 1055 libi:
2346 999 2419 1056 Da

2035 1070 2166 1124 mihi
2192 1071 2375 1128 bibere
2400 1092 2412 1127 :
2447 1086 2502 1128 tu

2034 1143 2206 1211 magis
2229 1147 2459 1210 petisses

2035 1227 2179 1276 eum,
2201 1222 2255 1267 et
2276 1217 2515 1271 dedisset

2037 1284 2129 1337 tibi
2158 1301 2350 1353 aquam

2034 1356 2235 1408 vivam.

2036 1427 2122 1479 11.
2168 1426 2306 1481 Dicit
2338 1428 2413 1481 illi
2444 1429 2668 1484 mulier:

2034 1496 2261 1569 Domine
2287 1515 2461 1569 neque

2034 1567 2387 1623 hauritoriuni
2424 1572 2516 1625 ha-

2034 1639 2127 1693 bes
2143 1680 2156 1703 ,
2184 1648 2239 1693 et
2267 1653 2485 1710 puteum

2034 1710 2201 1783 altum
2233 1721 2349 1783 est:
2384 1713 2462 1783 (a)

2037 1782 2177 1835 unde
2209 1784 2249 1852 -ι-
2281 1782 2445 1837 habes

2037 1867 2228 1921 aquam
2260 1856 2474 1909 viVani?

2042 1924 2125 1976 12.
2169 1925 2432 1994 Numquid
2455 1938 2510 1982 tu

2040 1998 2213 2063 major
2239 2010 2297 2050 es
2329 2001 2466 2064 patri

2041 2077 2225 2121 nostro
2252 2066 2438 2133 Jacob,

2040 2139 2131 2206 qui
2162 2138 2308 2192 dedit
2332 2140 2485 2197 nobis

2038 2220 2299 2282 puteum,
2323 2220 2376 2282 et
2404 2212 2515 2282 ipse

2034 2294 2104 2333 ex
2143 2297 2207 2335 eo
2236 2280 2388 2347 vibit,
2420 2280 2474 2339 et

2034 2350 2128 2405 ﬁlii
2161 2352 2275 2421 ejus
2290 2393 2305 2415 ,
2340 2361 2395 2406 et

2036 2437 2231 2488 pecora
2260 2422 2414 2491 ejus?

2039 2493 2146 2565 15.7
2162 2494 2472 2565 Respondit
2498 2496 2675 2565 Jesus,

2038 2573 2091 2615 et
2118 2563 2253 2635 dixit
2282 2564 2360 2635 ei:
2388 2567 2597 2635 Omnis,

2042 2632 2133 2703 qui
2160 2633 2353 2687 biberit

2040 2719 2106 2757 ex
2137 2720 2270 2772 aqua
2302 2703 2423 2773 hac,

2040 2777 2188 2829 sitiet
2216 2778 2442 2832 iterum:

2040 2848 2133 2915 qui
2159 2856 2340 2900 autem
2364 2850 2446 2903 bi-

2042 2919 2181 2971 berit
2208 2920 2274 2971 de
2304 2934 2465 2989 aqua,

2082 3005 2201 3042 uam
2232 3004 2331 3058 ego
2353 2991 2446 3046 de—

2082 3075 2174 3114 ero
2190 3060 2258 3127 ei,
2288 3076 2394 3116 non

2043 3130 2190 3185 sitiet
2218 3132 2269 3184 in
2304 3148 2448 3189 sem-

2046 3202 2315 3270 piternum
2342 3222 2355 3257 :

2049 3273 2135 3328 14.
2167 3275 2258 3347 sed
2282 3290 2497 3345 aquam,
2521 3292 2679 3347 quam

2047 3358 2146 3412 ego
2170 3343 2310 3398 dabo
2334 3343 2406 3413 ei,

2049 3413 2139 3468 ﬁet
2161 3416 2211 3467 in
2240 3431 2304 3470 eo
2335 3418 2454 3472 fons

2048 3500 2218 3553 aquae
2242 3489 2487 3542 salientis

2049 3555 2103 3609 in
2127 3557 2287 3609 vitam
2323 3568 2620 3614 aeternam.

2051 3631 2137 3683 15.
2160 3636 2216 3693 ὥ
2246 3629 2378 3683 Dicit
2406 3632 2453 3684 ei
2486 3646 2601 3684 mu-

2051 3702 2149 3756 lier
2175 3721 2187 3754 :
2226 3703 2471 3766 Domine,

2050 3774 2116 3828 da
2140 3774 2269 3827 mihi
2295 3772 2432 3826 hanc

3525 310 3631 366 371

2872 512 3070 579 sitiam,
3103 529 3277 583 neque

2871 584 3083 639 veniam
3112 586 3227 639 isds

2874 654 3097 709 haurire
3120 656 3265 711 hinc.

2874 726 2962 779 16.
2993 726 3130 781 Dicit
3153 729 3203 781 ei

2872 796 3030 851 Jesus
3054 793 3087 851 ε’

2874 866 3040 935 Vade,
3073 884 3203 923 voca

2874 938 3047 993 virum
3073 948 3246 1006 tuum,

2872 1020 2924 1063 et
2946 1012 3066 1064 veni
3100 1010 3222 1065 hoc.

2874 1081 2960 1135 17.
2994 1082 3290 1150 Respondit

2874 1153 3086 1218 mulier,

2871 1232 2927 1277 et
2956 1223 3090 1277 dixit
3112 1225 3199 1278 ei:
3228 1224 3343 1279 Non

2873 1294 3043 1347 habeo
3072 1298 3265 1349 virum.

2873 1366 2963 1417 Ait
2984 1366 3032 1418 ei
3056 1365 3253 1420 Jesns:

2872 1435 3015 1489 Bene
3044 1437 3246 1503 dixisti,

2873 1505 2994 1578 quia
3018 1523 3123 1560 non
3152 1507 3228 1578 (b)
3262 1508 3361 1562 ha-

2875 1577 2970 1631 bes
3010 1578 3051 1647 1'
3080 1577 3287 1633 Virum:

2876 1647 2963 1702 18.
3002 1650 3237 1718 quinque
3260 1650 3405 1705 enim

2875 1720 3021 1773 viros
3052 1720 3303 1785 habuisti,

2876 1798 2929 1844 et
2954 1806 3119 1855 nunc,
3160 1808 3319 1861 quem

2878 1861 3062 1927 habes,
3093 1865 3176 1915 vir
3208 1874 3330 1917 tuus

2877 1948 2982 1986 non
3005 1945 3120 1987 est:
3155 1934 3258 1989 hoc

2879 2018 3005 2057 vero
3035 2005 3239 2060 dixisti.

2878 2075 2963 2129 19.
2999 2075 3133 2129 Dicit
3164 2077 3241 2130 illi
3266 2090 3381 2130 mu-

2877 2146 3003 2199 lier:
3032 2147 3274 2212 Domine,

2873 2216 3030 2287 video
3062 2218 3182 2287 quia

2875 2286 3141 2363 Propheta
3174 2287 3247 2363 (c)
3278 2301 3336 2343 es

2872 2358 2960 2415 20.
2996 2358 3193 2414 Patres'
3208 2358 3378 2414 nostri

2873 2428 2925 2482 in
2948 2431 3048 2483 hoc
3072 2440 3254 2485 monte

2874 2499 3258 2566 adoraverunt,
3285 2508 3340 2554 et

2878 2584 2975 2624 vos
2998 2570 3195 2631 dicitis,
3225 2570 3352 2640 quia

2878 2640 2958 2711 (ά)
2984 2642 3034 2695 in
3059 2640 3100 2712 -ι-
3132 2642 3388 2696 llieroso—

2876 2712 3145 2785 lymisrest
3170 2714 3343 2778 locus,

2878 2784 2966 2837 ubi
2991 2784 3205 2838 adorari

2877 2864 3109 2922 oportet.

2876 2926 2967 2978 21.
3005 2926 3140 2981 Dicit
3165 2926 3242 2980 illi

2813 3017 2821 3025 ο
2876 2995 3073 3051 Jesus:

2878 3066 3048 3122 Crede
3084 3067 3215 3121 mihi

2879 3138 3097 3205 mulier,
3123 3137 3376 3208 quoniam

2879 3210 3025 3263 venit
3047 3209 3197 3275 hora,

2880 3296 3000 3333 cum
3029 3296 3203 3348 neque
3232 3280 3286 3332 in

2882 3352 2985 3405 isto
3014 3361 3215 3416 monte,
3242 3365 3335 3403 ne-

2881 3437 2986 3490 que
3013 3425 3065 3475 in
3096 3422 3351 3475 Hieroso-

2883 3492 3041 3546 lvmis
3061 3490 3358 3546 adorabitis

2926 3573 3117 3615 atretn.

2882 3634 2973 3688 22.
3004 3632 3109 3687 Vos
3131 3631 3369 3687 adoratis

2884 3704 3025 3775 quod
3050 3702 3304 3759 nescitis:

2887 3790 2985 3829 nos
3015 3776 3302 3830 adoramus

339 3844 594 3909 Domine,
639 3844 703 3898 da
725 3844 858 3899 mihi
1184 3845 1327 3917 quod
1362 3887 1375 3899 .
1421 3887 1434 3900 .
1472 3885 1484 3900 .
1523 3884 1537 3901 .
1575 3886 1589 3901 .
1636 3888 1649 3900 .
1684 3886 1697 3900 .
1732 3848 1947 3901 ueniam
2051 3861 2266 3915 aquam,
2294 3853 2350 3898 ut
2380 3859 2487 3897 non

1672 3936 1909 3995 CODEX
1948 3937 2343 3993 BBIXIANUS.

342 4031 533 4089 bibere
584 4045 615 4085 a
666 4046 752 4085 me
797 4030 991 4099 poscis.
1052 4047 1189 4103 quae
1236 4048 1353 4086 sum
1445 4033 1639 4089 mulier
1719 4033 1957 4089 Samario
2064 4048 2277 4103 aquam.
2314 4042 2370 4086 ut
2401 4047 2504 4085 non
2533 4032 2731 4091 sitiam.
2760 4048 2931 4103 neque
2963 4036 3171 4089 veniam
3197 4033 3300 4087 huc
3326 4032 3525 4087 aurire.
3562 4031 3651 4103 Di-

342 4113 490 4159 tana.
561 4117 668 4156 non
743 4118 885 4156 enim
955 4102 1242 4158 centuntur
1323 4103 1509 4159 Judaei
1577 4106 1951 4159 Samaritanis.
2065 4102 2137 4159 cit
2156 4104 2210 4157 ei
2237 4104 2412 4158 Jesus.
2453 4104 2593 4159 Vade
2620 4120 2749 4159 voca
2778 4102 2947 4159 virum
2978 4116 3123 4159 tuum
3154 4115 3206 4159 et
3244 4106 3364 4159 veni
3406 4104 3509 4157 hnc
3548 4102 3656 4157 Re-

345 4173 649 4243 Respondit
679 4171 856 4227 Jesus.
890 4182 943 4227 et
972 4173 1110 4237 dixit
1139 4176 1209 4229 ei.
1240 4176 1293 4230 Si
1325 4177 1493 4231 scires
1523 4173 1723 4229 donum
1757 4175 1871 4239 Dei,
1900 4185 1955 4230 et
2066 4175 2282 4244 spondit
2309 4175 2501 4228 mulier
2527 4186 2579 4228 et
2613 4174 2765 4231 dixit.
2815 4176 2929 4230 Non
2974 4175 3147 4231 habeo
3187 4176 3379 4229 virum.
3426 4172 3562 4229 Dicit
3607 4170 3659 4227 ei

346 4246 468 4315 quis
497 4256 601 4317 est.
627 4244 717 4312 qui
741 4244 870 4317 dicit
899 4245 990 4317 tibi
1026 4246 1097 4298 Da
1127 4245 1252 4317 mihi
1282 4246 1486 4300 bibere.
1522 4258 1574 4299 tu
1599 4247 1840 4301 lorsilam
1868 4262 1959 4317 pe-
2064 4246 2240 4302 Jesus.
2274 4247 2415 4300 Bene
2442 4246 2655 4311 dixisti,
2682 4249 2935 4316 quoniam
2960 4251 3128 4300 virum
3152 4263 3256 4300 non
3287 4246 3477 4311 habeo,
3504 4244 3660 4315 quin-

351 4317 510 4371 tisses
534 4315 602 4369 ab
625 4330 710 4369 eo.
735 4323 789 4369 et
814 4315 1050 4388 dedisset
1082 4315 1173 4369 tibi
1200 4332 1389 4387 aquam
1413 4317 1585 4372 vivam
1611 4317 1745 4372 Dicit
1775 4320 1821 4371 vi
1846 4315 1960 4371 inu-
2065 4334 2169 4388 que
2196 4324 2338 4372 enim
2370 4319 2512 4371 viros
2540 4315 2772 4372 habuisti
2798 4360 2813 4383 ,
2860 4327 2914 4371 et
2959 4333 3100 4372 nunc
3127 4333 3285 4386 quem
3315 4318 3480 4370 habes
3505 4358 3520 4381 ,
3550 4331 3657 4388 non

350 4388 471 4442 lier.
512 4389 735 4440 Domine
767 4401 865 4440 nec
896 4387 947 4459 in
976 4402 1083 4456 quo
1128 4386 1306 4441 aui-ias
1348 4388 1535 4442 habes.
1568 4401 1618 4444 et
1659 4399 1850 4459 puteus
1879 4389 1959 4443 :il-
2066 4386 2148 4443 est
2177 4399 2296 4443 tuus
2327 4390 2425 4441 vir.
2462 4388 2563 4442 hoc
2590 4405 2714 4443 vere
2742 4389 2944 4443 dixisti.
2996 4389 3133 4442 Dicit
3162 4390 3210 4442 ei
3243 4388 3451 4441 mulier.
3478 4386 3663 4441 Domi~

351 4470 440 4515 tus
471 4469 576 4513 est.
609 4458 750 4511 unde
778 4472 904 4525 ergo
933 4458 1099 4530 habes
1125 4473 1315 4529 aquam
1353 4460 1552 4516 vivam.
1582 4458 1845 4530 Nuinquid
1882 4472 1957 4514 tu.
2065 4476 2133 4515 ne
2165 4461 2319 4514 video
2348 4462 2467 4527 quia
2498 4459 2764 4528 Propheta
2798 4474 2856 4513 es
2880 4470 2953 4512 tu.
2988 4460 3171 4513 Patres
3200 4460 3377 4530 nostri,
3397 4459 3448 4530 in
3476 4467 3661 4511 monte

352 4530 525 4602 major
551 4544 610 4583 es
645 4540 793 4602 patre
820 4529 1210 4602 nostrolacob.
1244 4531 1334 4597 qui
1366 4530 1514 4584 dedit
1560 4532 1712 4586 nobis
1741 4528 1956 4599 puteum
2066 4531 2167 4586 hoc
2197 4532 2572 4585 ador-avertunt.
2609 4540 2660 4602 et
2691 4546 2783 4602 vos
2808 4530 2980 4583 dicitis
3006 4532 3126 4599 quia
3159 4529 3240 4602 (ά)
3271 4532 3326 4602 in
3355 4528 3665 4602 j-Hieroso-

354 4597 519 4672 hunc.
551 4610 608 4672 et
646 4599 762 4672 ipse
786 4615 849 4653 ex
882 4599 1124 4672 eo-bibit.
1157 4609 1211 4654 et
1233 4602 1323 4654 ﬁlii
1349 4602 1483 4669 ejus.
1520 4612 1572 4655 et
1595 4597 1786 4671 pecora
1819 4604 1954 4671 ejus.
2066 4603 2227 4672 Iymis
2255 4612 2337 4655 est
2369 4602 2538 4654 locus.
2589 4601 2677 4655 ubi
2723 4601 2950 4655 adorare
2980 4597 3230 4670 oportet.
3268 4597 3477 4672 Dicitei
3506 4597 3665 4653 Jesus

356 4669 1078 4740 ResponditJesu~.etdixit
1099 4672 1169 4725 ei.
1196 4673 1485 4740 Omnisqui
1514 4669 1788 4727 hilieritex
1822 4669 1957 4742 aqua
2065 4669 2253 4725 Mulier
2283 4672 2443 4725 crede
2474 4672 2622 4725 milii.
2678 4674 2800 4739 quia
2829 4669 3167 4727 veniet'hnra
3198 4714 3212 4734 ,
3244 4671 3458 4742 quando
3489 4683 3665 4742 neque

358 4743 457 4795 ista
486 4743 633 4816 sztiet
666 4743 881 4816 iterum,
910 4745 996 4811 qui
1026 4752 1202 4816 autem
1254 4744 1468 4808 biberit,
1519 4760 1582 4797 ex
1613 4760 1748 4816 aqua
1800 4740 1958 4811 quam
2068 4745 2117 4797 in
2168 4746 2542 4816 mome__lioc_,
2608 4759 2778 4811 neque
2828 4745 2879 4797 in
2934 4740 3323 4815 Hierosolymis
3374 4740 3667 4816 adoravitis

359 4828 459 4881 ego
487 4814 792 4884 dederoei,
818 4828 919 4866 non
951 4814 1095 4867 sitiet
1128 4816 1178 4867 in
1202 4816 1615 4875 aeternum.sed
1644 4812 1960 4883 aquaquam
2069 4816 2301 4868 Patrem.
2341 4814 2444 4867 Vos
2466 4814 2705 4868 adoratis
2732 4818 2875 4884 quod
2914 4816 3156 4882 nescitis,
3188 4812 3288 4867 nos
3318 4820 3497 4866 autem
3531 4812 3667 4867 ado-

360 4900 463 4953 ego
489 4886 626 4937 dabo
668 4882 737 4938 ei.
768 4882 859 4938 ﬁet
888 4885 939 4937 in
971 4900 1055 4939 eo.
1090 4884 1206 4956 fons
1237 4902 1410 4955 aquae
1444 4882 1765 4939 salientisin
1798 4886 1959 4939 \itam
2069 4900 2248 4940 ramus
2274 4885 2416 4955 quod
2450 4887 2649 4941 scimus
2678 4927 2691 4951 ,
2726 4882 2847 4956 quia

364 4966 659 5010 aeternam.
690 4956 825 5009 Dicit
856 4956 923 5009 ad
949 4972 1069 5009 eum
1103 4955 1299 5011 mulier
1328 4958 1551 5011 Domine
1580 4956 1645 5010 da
1677 4957 1805 5010 mihi
1825 4957 1962 5010 hanc

1653 5048 1886 5105 CODEX
1924 5044 2400 5104 CORBEIENSIS.

2143 5120 2238 5171 16.
2271 5121 2370 5169 hoc
2394 5130 2581 5169 verum
2610 5115 2812 5168 dixisti.

2141 5188 2233 5241 21.
2261 5188 2281 5217 ⁸
2304 5188 2483 5240 veniet
2512 5187 2639 5240 hora
2673 5187 2731 5256 δίο,
2768 5200 2944 5257 neque
2973 5187 3024 5241 in
3055 5197 3238 5245 monte
3267 5190 3388 5244 hoc.

1591 5281 1985 5341 VARIANTES
2024 5277 2427 5336 LECTIONES.

438 5385 454 5448 ἦ
492 5384 595 5448 (ξω.
622 5390 665 5434 et
691 5386 808 5433 Mm.
829 5396 937 5433 cum
962 5384 1052 5432 sim
1076 5383 1287 5448 mulier?
1316 5384 1460 5447 Vulg.
1479 5396 1606 5448 quae
1630 5397 1734 5433 sum
1756 5382 1974 5433 mulier?
2080 5440 2094 5448 _
2144 5379 2165 5448 'f
2202 5378 2382 5448 Gat_._et
2408 5389 2534 5426 nunc
2566 5390 2733 5439 unum,
2756 5391 2903 5448 quem
2927 5378 3099 5448 habes.
3124 5380 3241 5429 Mm.
3271 5384 3323 5426 et
3345 5376 3473 5426 hunc
3492 5416 3505 5439 ,
3531 5386 3682 5440 quem

440 5447 460 5510 ξ
494 5447 599 5510 Gal.
628 5448 1011 5510 puleumistum.
1050 5446 1191 5509 Vulg.
1220 5438 1438 5510 puteum".
1497 5438 1511 5448 ’
2080 5440 2253 5510 babes.
2286 5438 2431 5510 Vulg.
2450 5448 2508 5510 et
2536 5454 2680 5510 nunc,
2708 5438 2856 5503 quem
2874 5441 3045 5492 habes.

443 5508 599 5573 seat.
627 5498 669 5559 ὲι
696 5511 814 5557 Mm.
832 5509 1023 5573 biberit
1045 5498 1304 5573 ex."vtitg.
1330 5510 1449 5573 bibit
1475 5522 1560 5573 ex.
1628 5572 1638 5573 ί
1692 5571 1701 5573 4
1831 5569 1840 5573 λ
2148 5498 2167 5533 α
2203 5505 2261 5552 Et
2284 5502 2350 5553 ila
2370 5498 2475 5552 Gai.
2503 5510 2545 5553 et
2572 5506 2687 5553 Mm.

440 5571 461 5599 ⁸
496 5571 598 5621 Gal.
625 5578 671 5620 et
688 5573 807 5620 Mm.
827 5570 934 5620 Non
950 5573 1099 5622 babes
1118 5569 1291 5623 viruni.
1328 5572 1471 5636 Vulg.
1496 5572 1604 5622 Non
1627 5571 1785 5622 habeo
1798 5569 1971 5620 virum.

1752 5653 2116 5710 BLANCHINI
2155 5653 2380 5709 ΝΟΤᾸΕ.

454 5749 528 5819 (a)
560 5751 905 5807 Desideratur
948 5766 1097 5822 ergo,
1148 5760 1291 5822 post,
1325 5752 1481 5817 unde,
1532 5751 1583 5805 in
1609 5750 1752 5822 ‘cod.
1784 5749 2258 5822 quoque_Cant.—
2300 5742 2817 5822 (biltagetiamncod.
2850 5742 3004 5797 Cant.
3029 5740 3147 5799 Lat.
3178 5751 3233 5800 et
3278 5742 3374 5800 Gr.
3416 5741 3581 5816 ἔχεις.
3618 5764 3693 5789 -ο

386 5814 609 5903 (εμίοδι
649 5839 701 5877 es
728 5865 741 5891 ,
789 5825 945 5887 deest
986 5814 1040 5877 ti't
1065 5814 1161 5892 ,Vin
1198 5821 1319 5890 cod.
1350 5814 1563 5899 quoque
1595 5819 1751 5878 Cant.
1782 5814 1851 5861 -ῖ-
1874 5814 1953 5897 (ᾱ)
1982 5820 2145 5876 Addit
2174 5822 2226 5873 iu
2251 5862 2264 5885 ,
2290 5814 2621 5891 pariterilex.
2650 5814 2744 5871 Gr.
2782 5815 2853 5875 ἐν.

2886 3846 3029 3915 quod
3060 3847 3278 3911 scimus,
3313 3856 3445 3914 quo-
3510 3898 3523 3913 ,

442 5121 529 5173 12.
576 5130 794 5191 puteum
828 5120 990 5175 hunc.
1024 5121 1061 5190 οξ·

448 5192 529 5247 15.
572 5208 638 5249 ex
674 5192 773 5246 hac
804 5207 962 5261 aqua,
990 5206 1148 5261 quam
1180 5206 1281 5263 ego
1306 5190 1446 5246 dabo
1470 5192 1540 5247 ei.
