2021 3096
188 148 241 176 575
454 146 592 176 EUSEBH
610 144 782 174 VERCELL.
802 142 1034 172 EVANGELIUM
1053 141 1124 171 οωι
1144 141 1257 170 νΛιιιιε
1276 140 1354 171 COD.
1374 139 1573 170 COLLA'I'UM.
1785 137 1840 166 576

1257 199 1373 229 CODEX
1391 198 1617 228 VERONENSIS.

384 204 498 233 CODEX
517 202 791 233 VERCELLENSIS.

607 255 633 278 te
647 249 795 281 hominem,

606 286 650 321 qui
661 285 726 313 mihi
741 285 811 312 dixit

605 321 695 349 omnia
710 327 780 355 quae

609 377 616 383 .
639 359 646 384 ζ
668 354 870 390 θείξηωηᾳυῐᾱ

640 414 646 419 .
670 411 676 418 .
697 396 764 419 eest
778 390 902 419 Christus

608 428 654 456 50.
677 447 684 454 .
707 447 713 454 .
733 447 740 454 .
763 447 770 454 .
791 431 854 454 runt
868 426 902 453 de
913 424 951 453 ei-

188 252 290 280 seimus
302 251 375 279 salus

189 295 223 315 ex
250 287 360 315 Judaeis
374 290 425 314 est.

188 323 235 351 25.
255 322 308 351 Sed
322 323 410 349 veniet
428 320 478 349 lto-

187 366 230 391 ra.
245 363 273 386 et
286 365 357 385 nunc
365 363 418 390 est,

191 414 198 422 .
221 413 228 421 .
250 402 293 421 Ilm
310 394 319 410 ¹
337 394 391 421 veri
406 393 440 421 ad
462 414 467 420 .
492 413 499 420 .

191 449 198 457 .
221 449 228 456 .
248 434 338 457 atores
351 429 417 456 ado-

192 485 198 492 .
221 474 227 479 ·
250 465 334 492 abunt
345 465 452 492 Patrem
609 464 732 495 vitalem.
746 468 774 490 et

191 521 198 527 .
221 520 229 527 .
249 501 345 536 spiritu
367 520 374 527 .
396 520 404 527 .
428 520 435 527 .
458 520 464 528 .
609 499 755 536 veniebant

609 530 967 563 51......,m.lnter-

188 572 486 599 Pa.......es
612 568 857 604 .....gabant

188 607 509 642 q........qui
610 605 789 642 .r.r.scipu-

187 641 221 670 ad
245 663 251 669 .
274 662 281 669 .
302 661 311 669 .
334 662 341 669 .
362 663 369 670 .
394 663 400 669 .
421 641 482 670 eum
609 641 639 672 li.
654 641 794 668 dicentes:

187 678 234 716 ξι.
246 678 271 705 in
282 678 386 716 spiritu.
400 678 516 709 Spiritus
529 683 572 706 est
608 677 748 716 gtjigifter,
760 682 853 716 utan?“

189 713 263 741 Deus
280 709 330 741 :‘et
341 714 385 748 qui
399 715 464 741 ado-
608 709 746 740 52.7duca.
758 710 801 748 Ait
818 709 869 737 illis
882 718 888 735 :

187 754 249 776 rant
262 749 350 781 illum,

188 785 216 811 in
233 805 239 811 .
258 784 348 819 piritu,
364 789 392 812 et
405 793 450 813 ve-

608 748 664 783 Ego
677 755 767 783 escam
784 746 829 773 ha-

607 782 660 811 beo
673 782 785 810 mandu-

187 821 238 847 rita
261 841 267 847 .
291 840 298 847 .
320 828 335 847 e
356 840 363 848 .
387 841 394 847 .
417 840 423 846 .
447 841 453 848 .
477 841 484 848 .
608 826 682 850 care,
696 825 777 852 quam

187 863 218 882 re
230 863 282 890 opo
304 876 310 882 .
333 875 340 882 .
362 860 410 883 tet.
609 862 657 882 vos
675 853 794 881 nescitis.

188 890 234 917 9.5.
254 891 323 918 Dicit
336 891 374 918 illi
392 911 398 918 .
418 913 422 918 .
440 891 492 919 uli-
610 890 653 917 55.
679 890 807 916 lticeliaut
828 891 919 916 autem

610 926 736 958 discipuli
753 924 806 950 illi-

611 969 641 988 tis
657 961 689 987 ad
707 960 821 986 invicem
839 968 844 986 :

610 995 745 1030 Numquid
764 995 813 1021 a|i~

610 1033 670 1064 quis
686 1032 783 1058 adtulit

189 933 235 953 er:
251 925 313 954 Scio
327 927 400 961 quod

189 961 303 989 Messias
316 970 383 990 ven-

189 1001 267 1033 turus
280 1002 331 1030 est,
349 998 406 1033 (qui

189 1032 290 1069 dicitur
303 1033 453 1069 Christus.)

189 1067 253 1095 dum
265 1069 370 1096 venerit
443 1066 448 1069 ⁷
611 1068 647 1094 illi
663 1066 776 1093 mandu-

188 1103 258 1137 ipse.
274 1104 415 1132 adnuntia-
610 1103 655 1129 54.
677 1103 757 1129 care?
774 1102 817 1129 Ait
833 1100 887 1129 illis

189 1138 229 1165 bit
244 1139 322 1166 nobis
333 1147 394 1167 om-
609 1138 707 1166 Jesus:

189 1173 235 1201 26.
252 1175 305 1202 nia.
324 1175 393 1202 Dicit
408 1174 446 1202 illi

188 1209 269 1246 Jesus
282 1219 288 1237 :
305 1210 363 1246 Ego
378 1218 450 1242 sum.

610 1174 666 1201 Mea
679 1180 742 1201 esca
758 1178 802 1202 est

611 1215 639 1237 ut
654 1209 751 1236 faciam
765 1217 813 1236 vo-

189 1245 234 1278 qui
250 1245 346 1281 loquor
358 1250 398 1274 te-
610 1246 742 1272 luntatem
758 1252 788 1272 e-

189 1288 261 1308 cum.
286 1280 289 1281 ⁷
608 1281 664 1315 jus,
678 1281 724 1315 qui
738 1287 781 1307 me
794 1280 844 1307 mi-

189 1316 235 1343 27.
251 1316 284 1344 Et
300 1317 356 1344 inte
377 1337 384 1345 .
408 1337 414 1344 .
438 1338 445 1343 .
468 1337 474 1343 .
497 1328 505 1344 ι
529 1337 536 1343 .
611 1316 656 1348 sit,
672 1320 702 1343 tit
717 1315 823 1349 perﬁci~

189 1359 242 1379 ven
264 1372 270 1379 .
294 1372 301 1378 .
323 1357 386 1379 runt
612 1359 656 1378 am
671 1358 739 1385 opus
752 1351 821 1385 ejus.

190 1386 316 1421 discipuli
325 1387 385 1421 ejus
397 1396 404 1414 :
611 1386 657 1413 55.
677 1386 772 1413 Nonne
785 1393 835 1413 vos

190 1427 218 1450 et
233 1422 370 1450 miraban-

191 1463 460 1493 turqu......

192 1494 406 1521 muli.....

611 1421 713 1451 dicitis.
726 1421 800 1456 quod

611 1456 701 1484 adhuc
716 1461 795 1497 qua-t—

611 1497 674 1520 tuor
688 1499 791 1519 men5ts

611 1532 685 1561 sunt,
697 1532 726 1555 et
742 1534 812 1555 mes~

610 1564 649 1591 sis
663 1563 756 1591 venit?
779 1563 831 1590 Ec-

610 1598 762 1626 cedicovo
784 1618 792 1626 .
818 1618 824 1624 .
848 1619 854 1625 .
879 1618 886 1625 .

613 1634 726 1662 Elevate
740 1641 804 1661 ocu-

613 1670 655 1698 los
668 1675 785 1703 vestros,

612 1710 640 1733 et
654 1705 745 1733 videte
760 1712 803 1733 re-
828 1726 830 1731 .

611 1741 721 1776 giOnes,
736 1748 801 1776 quo-

612 1777 684 1804 niam
699 1777 777 1804 albae

191 1533 330 1563 queretur.
344 1529 397 1558 Ne-

191 1572 238 1592 mo
253 1569 342 1592 tamen

191 1600 267 1641 dixit
277 1600 314 1635 (α)
329 1600 367 1627 illi
379 1601 408 1637 ηις
424 1599 493 1634 Quid

191 1640 294 1670 queris,
309 1640 356 1663 alit

191 1671 256 1704 quid
274 1671 367 1705 loque-

192 1705 231 1733 ris
241 1713 303 1733 cum
315 1706 381 1734 illa?

191 1741 237 1768 28.
253 1741 379 1777 Reliquid
391 1748 456 1777 ergo

192 1776 316 1812 ltydriam
324 1776 378 1805 Vsu-

192 1819 236 1839 am
253 1812 360 1846 mulier,

192 1853 221 1875 et
234 1848 301 1875 abiit
316 1847 343 1875 in
358 1848 399 1876 ci-

191 1882 314 1915 vitatem.
330 1888 358 1910 et

191 1918 261 1954 dixit
274 1918 314 1954 (b)
327 1918 430 1946 homini
444 1919 464 1954 τ
479 1928 484 1946 ε

190 1953 238 1981 29.
252 1953 357 1988 venite,
371 1954 448 1982 vide-

614 1812 655 1847 (d)
673 1816 736 1840 sunt
750 1812 769 1847 4.-
782 1812 815 1839 ad
830 1818 901 1839 mes-

612 1848 658 1876 56.
679 1855 747 1875 sem.
763 1847 816 1881 Qui
831 1855 889 1875 me-

613 1884 655 1916 tit,
673 1883 826 1911 mercedem

611 1919 725 1953 accipit.
740 1924 767 1946 ct
779 1926 845 1947 con-

610 1958 688 1989 geret
705 1954 777 1982 fruc-

1041 246 1113 274 niam
1124 245 1198 274 salus
1212 253 1246 274 ex

1040 282 1141 310 Judaea
1159 287 1210 309 est.

1040 318 1086 345 25.
1098 317 1151 345 Sed
1166 317 1241 345 venit
1253 316 1303 345 lto~

1041 361 1083 386 ra,
1097 357 1125 380 et
1137 360 1209 380 ntutc

1042 394 1094 420 est.
1106 397 1168 416 cum
1185 388 1243 416 veri

1041 424 1201 452 adoratores
1213 423 1279 451 ado-

1043 460 1140 487 rabunt
1155 459 1276 492 Patrem,

1043 496 1070 522 in
1086 495 1189 531 spiritu
1198 500 1226 522 et

1043 530 1166 558 veritate.
1183 530 1291 558 Etenim

1044 566 1124 594 Pater
1143 567 1210 593 tales

1042 602 1158 637 quaerit,
1173 602 1219 637 qui

1042 639 1156 665 adorent
1171 645 1233 665 eum

1041 673 1087 700 24.
1106 673 1132 700 in
1142 673 1248 708 spiritu.
1266 671 1326 707 Spi-

1041 708 1110 735 ritus
1122 713 1163 736 cst
1177 708 1265 736 Deus:

1042 749 1069 771 et
1082 751 1141 774 eos.
1155 746 1200 778 qui

1042 779 1157 807 adurant
1170 787 1243 812 eum,

1043 815 1070 842 in
1086 814 1182 850 spiritu
1195 819 1224 842 et

1044 851 1160 878 veritate
1170 854 1278 886 oportet

1044 886 1171 914 adorare.

1043 921 1088 949 ‘25.
1107 921 1176 949 Dicit
1190 922 1213 949 ei
1229 920 1343 949 mulier:

1044 956 1109 984 Scio
1122 957 1184 992 quia
1197 958 1269 985 Mes»

1042 993 1097 1019 sius
1113 993 1196 1026 venit,
1213 993 1269 1027 (qui

1042 1027 1141 1055 dicitur
1157 1028 1306 1062 Christus.)

1042 1070 1103 1091 eum
1120 1071 1186 1099 ergo
1201 1072 1250 1092 ve-

1042 1099 1118 1141 nerit
1127 1099 1185 1141 ille,
1198 1099 1254 1141 ad_-_

1042 1135 1176 1175 nuntiavit
1191 1135 1272 1163 nobis

1043 1177 1144 1197 omnia.

1042 1205 1088 1232 26.
1107 1206 1176 1233 Dicit
1192 1206 1218 1233 ei
1233 1205 1280 1233 Je-

1043 1248 1107 1268 sus:
1125 1241 1181 1276 Ego
1197 1249 1268 1274 sum,

1044 1276 1090 1311 qui
1102 1276 1200 1312 loquor

1046 1317 1147 1339 teetun.

1043 1347 1089 1375 27.
1107 1347 1141 1375 Et
1154 1348 1245 1376 statim
1261 1356 1294 1377 ve
1301 1365 1308 1369 -

1043 1387 1143 1411 nerunt
1155 1384 1282 1419 discipuli

1042 1419 1102 1453 ejus
1115 1427 1121 1445 :
1138 1423 1167 1446 et
1180 1419 1264 1447 mira-

1043 1454 1143 1481 bantur
1157 1462 1191 1482 eo

1043 1489 1115 1521 quod
1127 1497 1189 1518 cum
1204 1497 1262 1517 mu-

1043 1525 1110 1552 liere
1123 1525 1289 1560 loqueretur.

1042 1560 1128 1588 Nemo
1139 1566 1229 1589 tamen

1042 1595 1081 1631 (ii)
1098 1596 1123 1624 ei
1137 1597 1157 1632 1L
1169 1596 1256 1624 dixit:

1042 1632 1111 1665 Quid
1126 1633 1244 1667 quaeris.

1042 1668 1086 1695 vel
1101 1668 1165 1702 quid
1179 1675 1241 1695 cum

1043 1710 1073 1730 ea
1090 1704 1230 1738 loqueris?

1042 1738 1095 1775 23.7
1105 1738 1230 1774 Reliquid
1245 1739 1327 1775 igitur

1043 1774 1141 1802 mulier
1156 1774 1280 1810 hydriatn

1042 1817 1132 1841 suam.
1148 1815 1175 1838 et
1188 1811 1254 1838 abiit

1042 1845 1069 1872 in
1083 1845 1230 1880 civitatem,
1246 1851 1274 1874 et

1041 1880 1112 1917 dixit
1126 1881 1163 1917 (ιι)
1180 1882 1297 1910 ltontini-

1041 1916 1088 1943 29.
1101 1917 1153 1952 bus
1168 1917 1204 1952 τε
1221 1917 1326 1951 Venite,

1044 1957 1071 1979 et
1081 1951 1235 1981 videte'ho-

852 2012 967 2040 CODEX
987 2012 1184 2042 BRIXIANUS.

1045 2067 1106 2086 nem
1122 2059 1167 2094 qui
1181 2058 1250 2086 dixit
1262 2057 1327 2086 mihi
1339 2059 1427 2086 omnia
1439 2066 1624 2094 quaecumque
1634 2057 1696 2086 feci.
1709 2057 1841 2093 numquid

1044 2095 1101 2130 ipse
1114 2100 1154 2122 est
1166 2094 1299 2122 Christus.
1316 2095 1444 2122 Exierunt
1462 2102 1527 2130 ergo
1541 2094 1575 2122 de
1587 2095 1695 2122 civitate
1708 2098 1735 2122 et
1747 2094 1839 2130 venie-

1043 2130 1109 2158 biiut
1119 2130 1153 2157 ad
1166 2138 1239 2166 eum.
1252 2130 1323 2157 luter
1337 2130 1404 2166 haec
1417 2136 1506 2158 autem
1523 2130 1653 2166 rogabant
1667 2137 1738 2157 eum.
1753 2129 1837 2166 disci-

1044 2167 1098 2200 puli
1111 2166 1171 2200 i-jus
1184 2165 1317 2193 dicentes.
1336 2165 1421 2193 Rabbi
1445 2165 1588 2193 manduca.
1605 2166 1650 2193 Ille
1666 2170 1755 2193 autent
1769 2165 1838 2192 dixit

1041 2202 1089 2228 eis.
1104 2202 1159 2236 Ego
1170 2202 1259 2228 cilium
1272 2200 1358 2228 habeo
1370 2201 1531 2228 manducare
1554 2209 1634 2236 quem
1647 2209 1694 2229 vos
1710 2200 1833 2228 nescitis.

1042 2236 1174 2264 Diceb'int
1187 2244 1253 2270 ergo
1268 2236 1393 2270 discipuli
1410 2238 1442 2263 ad
1459 2237 1576 2264 invicem
1588 2237 1722 2271 Numquid
1737 2236 1837 2271 aliquis

1042 2273 1138 2299 adtulit
1168 2273 1193 2299 ei
1210 2272 1384 2299 manducare.
1401 2272 1470 2300 Dicit
1484 2273 1510 2300 ei
1523 2272 1612 2300 Jesus.
1624 2272 1698 2300 Meus
1706 2273 1784 2299 cibus
1796 2276 1839 2299 est

190 2060 265 2088 salus
294 2067 327 2088 ex
350 2059 461 2088 Iudaeis
479 2063 530 2086 est.
554 2058 609 2086 Sed
638 2058 730 2086 veniet
754 2058 841 2091 hora.
868 2063 895 2086 et
921 2067 992 2087 nunc

191 2101 234 2123 est
249 2096 356 2130 quando
379 2095 435 2123 veri
455 2094 625 2130 adoratores.
643 2094 810 2130 iadoraliunt
835 2095 941 2121 Patrem
954 2096 990 2121 .in

191 2129 286 2165 Spiritu
311 2136 338 2159 et
362 2132 483 2159 veritate.
508 2129 575 2157 Nam
591 2134 617 2157 ct
642 2129 722 2157 Pater
743 2130 811 2158 tales
826 2130 932 2164 quaerit
945 2131 989 2165 qui

191 2167 306 2193 adorent
331 2174 405 2194 eum.
430 2166 547 2200 Spiritus
570 2170 612 2193 est
639 2165 720 2192 Deus.
758 2172 784 2193 et
810 2166 856 2201 qui
877 2165 991 2193 adorant

190 2209 264 2229 eum.
290 2201 317 2237 in
338 2203 435 2237 spiritu
458 2207 486 2229 et
514 2203 626 2228 veritate
641 2205 750 2237 oportet
769 2202 894 2228 adorare.
922 2201 991 2228 Dicit

190 2238 215 2264 ei
245 2236 359 2264 mulier.
390 2237 496 2265 Scimus
527 2238 589 2271 quia
625 2236 735 2264 Messias
773 2241 902 2264 venturus
936 2242 988 2264 est.

188 2273 233 2308 qui
250 2272 348 2308 dicitur
362 2272 488 2299 Christus
502 2293 509 2305 ,
535 2279 596 2299 cum
609 2280 673 2307 ergo
689 2273 793 2300 venerit
804 2294 812 2306 ,
840 2273 885 2300 ille
908 2272 987 2300 nobis

188 2307 360 2335 ailnttntiabit
382 2309 483 2334 omnia.
505 2308 581 2335 Dicit
601 2309 625 2335 ei
650 2307 728 2335 .lcsus
741 2308 797 2342 Ego
813 2316 871 2335 sum
887 2308 931 2343 qui
948 2308 987 2335 lo-

187 2352 257 2379 quor
273 2348 371 2371 tecum.
390 2343 422 2370 Et
436 2342 566 2370 continuo
580 2349 713 2370 venerunt
729 2344 853 2378 discipuli
868 2342 938 2378 ejus,
959 2349 986 2371 et

187 2378 357 2407 mirabantur
370 2379 433 2414 quia
447 2385 508 2405 cum
525 2378 638 2405 muliere
652 2379 820 2413 loquebatur.
844 2379 928 2407 Nemo
944 2384 984 2406 ta-

185 2422 249 2441 men
263 2416 339 2442 dixit.
357 2413 425 2449 Qitid
438 2413 545 2448 quaeris
558 2434 565 2445 ,
586 2418 633 2440 aut
651 2414 714 2447 qttid
730 2414 850 2449 loqueris
866 2423 926 2441 cum
941 2422 983 2442 ea.

185 2449 311 2483 Reliquid
325 2458 389 2486 ergo
404 2449 510 2486 ydriam
525 2449 737 2486 suaurmulicr,
761 2455 788 2477 et
800 2450 865 2477 abiit
881 2451 906 2486 in
921 2450 986 2486 civi-

183 2489 279 2513 tatem.
308 2490 335 2513 et
349 2484 415 2514 dicit
434 2486 489 2513 illis
502 2484 657 2512 hominibus
671 2484 767 2512 Venite
787 2485 878 2512 videte
899 2485 986 2512 limiti-

1460 246 1572 275 minem.
1586 244 1633 279 qui
1651 243 1692 271 di-

1460 282 1502 309 xit
1514 281 1578 308 mihi
1592 280 1683 307 omnia

1457 323 1642 352 quaecumque
1656 314 1698 343 fe-

1458 351 1482 379 ci
1495 362 1501 379 ε
1516 351 1643 387 numquid

1458 387 1515 422 ipse
1526 392 1568 415 est
1586 387 1709 415 Christus
1719 386 1731 413 ?

1456 423 1501 451 50.
1517 423 1553 459 (c)
1567 423 1598 450 Et
1610 423 1631 458 ιι-
1644 422 1770 450 exierunt

1459 460 1493 486 de
1507 459 1626 491 civitate,
1642 464 1669 485 et

1459 494 1604 522 veniebant
1619 494 1653 521 ad

1461 537 1534 557 eum.
1664 547 1669 552 -

1462 565 1506 593 3L
1523 565 1697 593 Postmoduin
1712 573 1762 593 au-

1461 606 1514 629 tent
1529 603 1662 636 rogabant

1461 644 1523 664 eum
1543 637 1681 672 discipuli,

1461 672 1584 700 dicentes
1594 681 1601 699 :
1619 672 1716 704 ltahbi,

1461 709 1604 736 manduca.

1459 744 1506 771 5‘2.
1523 743 1563 771 Ad
1577 744 1622 771 ille
1634 742 1706 771 dixit
1717 742 1756 770 eis
1768 751 1775 770 :

1462 780 1519 814 Ego
1535 787 1626 807 escam
1640 779 1727 806 habeo

1461 814 1635 848 manducare,
1652 821 1732 850 quam

1461 858 1511 878 vos
1525 851 1645 878 nescitis.

1463 886 1508 914 55.
1530 886 1628 913 Dicunt
1640 890 1731 914 autem

1463 922 1587 957 discipuli
1603 921 1661 957 ejus

1463 957 1496 985 ad
1508 959 1666 985 alterutrnut
1684 967 1690 985 :

1463 993 1597 1028 Numquid
1610 992 1661 1020 ali-

1463 1030 1522 1064 quis
1534 1029 1559 1056 ei
1575 1028 1666 1056 attulit

1463 1064 1645 1092 manducare?

1462 1099 1507 1127 54.
1529 1099 1598 1127 Dicit
1613 1099 1666 1127 illis

1462 1135 1542 1163 Jesus
1558 1144 1565 1162 :
1581 1135 1638 1162 Mea

1463 1178 1527 1199 esca
1537 1175 1579 1198 est
1590 1177 1618 1198 ut

1465 1206 1560 1234 faciam
1572 1206 1666 1233 volun~

1464 1246 1546 1270 tateut
1559 1241 1618 1277 ejus
1626 1262 1634 1274 .

1464 1278 1508 1312 qui
1524 1285 1566 1304 me
1579 1277 1628 1304 mi—

1464 1314 1516 1345 sit,
1532 1317 1559 1340 et
1570 1317 1596 1340 ul
1613 1320 1673 1347 per-

1464 1349 1554 1376 ﬂciam
1567 1356 1636 1383 opus

1463 1384 1532 1419 ejus.

1462 1420 1508 1448 55.
1528 1419 1625 1448 Nonne
1640 1425 1688 1447 vos

1461 1455 1553 1483 dicitis
1563 1476 1570 1488 ,
1585 1463 1652 1491 quo-

1450 1491 1537 1519 ,niam
1550 1496 1680 1526 quattuor

1463 1526 1552 1554 adhuc
1567 1526 1684 1557 mensis.

1462 1568 1489 1590 et
1501 1562 1595 1590 messit
1608 1562 1701 1590 venit:

1463 1598 1534 1625 Ecce
1545 1597 1606 1625 dico

1462 1633 1541 1661 vobis
1553 1642 1559 1660 :
1572 1633 1704 1661 Adlevate

1461 1670 1555 1697 oculos
1570 1674 1677 1696 vestros
1687 1688 1696 1701 .

1461 1709 1490 1732 et
1503 1704 1614 1740 aspicite

1462 1739 1599 1776 regiones.
1615 1739 1679 1775 quia

1460 1775 1539 1803 albae
1555 1775 1595 1812 (α)
1609 1779 1672 1803 sunt
1683 1775 1702 1811 ’ξ’

1460 1819 1475 1838 8
1491 1819 1619 1839 messem.

1460 1846 1506 1875 56.
1523 1845 1559 1882 (ε)
1575 1846 1635 1874 .Iam
1650 1846 1672 1882 ἰ·
1685 1845 1732 1882 qui

1460 1883 1552 1914 metit.
1569 1889 1671 1910 merce-

1459 1918 1521 1946 dem
1534 1918 1649 1953 accipit,

1458 1958 1487 1981 et
1499 1957 1663 1989 cuttgraegat

1041 2312 1071 2334 ut
1085 2308 1178 2336 faciam
1194 2308 1361 2335 voluntatem
1376 2307 1434 2342 ejus
1449 2309 1493 2343 qui
1505 2316 1548 2336 me
1559 2308 1641 2335 misit.
1658 2313 1684 2335 et
1695 2308 1835 2342 periit-iam

1040 2351 1109 2378 opus
1124 2343 1192 2378 ejus.
1210 2343 1268 2370 Non
1281 2351 1314 2371 ne
1330 2351 1378 2370 vos
1398 2344 1497 2371 dicitis.
1513 2344 1585 2378 quod
1601 2343 1691 2371 adhuc
1706 2348 1837 2379 quattuor
1874 2344 1879 2351 ‘

1040 2387 1148 2407 nienses
1164 2384 1310 2412 supersunt
1331 2385 1358 2406 et
1373 2380 1469 2407 messis
1484 2380 1569 2406 venit.
1586 2380 1655 2407 Ecce
1668 2379 1730 2406 dico
1746 2379 1835 2406 vobis.

1040 2414 1140 2442 chate
1152 2415 1246 2442 oculos
1262 2419 1377 2442 vestros.
1391 2420 1419 2442 et
1431 2415 1521 2442 videte
1532 2415 1666 2450 regiones.
1681 2414 1743 2450 quia
1757 2414 1834 2442 albae

1039 2455 1101 2477 sunt
1114 2450 1169 2485 jam
1193 2450 1226 2477 ad
1243 2457 1369 2478 messem.
1386 2450 1418 2478 Et
1434 2450 1480 2486 qui
1501 2455 1594 2479 metet.
1611 2450 1764 2479 mercedem
1784 2457 1832 2477 ac-

1040 2487 1115 2521 cipit.
1131 2490 1158 2513 et
1171 2491 1317 2521 congregat

824 2541 940 2569 CODEX
959 2540 1191 2570 CORBEIENSIS.

216 2589 263 2618 24.
278 2594 305 2618 et
319 2596 377 2622 eos,
386 2589 431 2624 qui
445 2588 566 2623 adorant,
584 2589 611 2617 ln
625 2589 732 2625 spiritu,
746 2593 799 2617 etc.

215 2626 262 2653 28.
278 2624 556 2663 etdixit‘hominibus
574 2634 580 2652 :
602 2625 698 2653 Venite
709 2649 717 2663 ,
742 2629 770 2654 et
783 2625 872 2654 videte
888 2624 978 2653 homi-

180 2669 253 2696 nem,
271 2662 315 2698 qui
342 2660 411 2689 dixit
421 2660 524 2688 omnia.

1069 2589 1113 2616 52.
1130 2596 1209 2623 quem
1222 2595 1271 2616 vos
1281 2596 1335 2616 non
1343 2589 1427 2617 scitis.

1069 2624 1114 2653 56.
1129 2626 1253 2660 emiserit
1267 2623 1394 2659 fructum,
1409 2629 1464 2653 etc.

796 2720 993 2749 VARIANTES
1007 2718 1209 2749 LECTIONES.

209 2770 218 2785 ⁸
236 2769 290 2795 Gal.
302 2769 365 2795 verti
377 2768 529 2794 adoratores.
541 2767 604 2793 Mm.
613 2766 659 2792 virl
671 2766 821 2791 adoratores.
837 2765 910 2798 Vulg.
923 2766 976 2791 veri
1030 2766 1183 2792 adoratores.

850 2819 1035 2847 BLANCHINI
1055 2820 1170 2850 ΝΟΤΛΞ.

206 2871 340 2908 (αλΛάιΙίι
353 2872 377 2898 ei
387 2893 394 2903 ,
419 2872 499 2899 etiam
515 2871 576 2908 cod.
593 2871 672 2897 Cant.
688 2870 769 2908 αρτῷ.
789 2883 825 2908 τ-
839 2868 1133 2908 (b)A_nteItomini_bu1.
1157 2871 1306 2908 deestillia.
1328 2871 1354 2899 in
1375 2876 1447 2899 textu
1464 2872 1565 2908 pariter
1579 2871 1731 2908 Greco.—
1744 2871 1780 2907 (ε)
1791 2871 1829 2900 Ita

164 2912 193 2936 et
205 2904 266 2936 cod.
282 2908 359 2935 Cant.
375 2909 464 2934 καί.-
477 2907 515 2943 (d)
530 2907 594 2934 Post
608 2911 667 2934 sunt
678 2926 685 2939 ,
699 2904 843 2941 deestjnm
854 2925 861 2939 ,
875 2904 957 2934 etiam
979 2906 1006 2934 in
1025 2906 1088 2934 cod.
1103 2905 1183 2935 Gaut.
1196 2922 1231 2928 -—
1243 2906 1280 2943 (ε)
1295 2907 1334 2935 lta
1348 2912 1375 2937 et
1386 2908 1449 2936 cod.
1464 2904 1545 2936 Cant.
1560 2907 1619 2938 ἤδη.
