2021 3096
194 145 249 176 385
466 145 603 175 EUSEBII
620 144 792 175 VERCELL.
816 141 1041 174 EVANGE'LIUM
1060 145 1131 173 CUM
1153 145 1264 174 VARIIS
1284 145 1360 174 COD.
1380 145 1576 175 COLLATUM.
1794 143 1848 173 584

393 203 509 232 CODEX
528 203 798 232 VERCELLENSIS.

197 250 261 287 quia
274 249 341 287 haec
356 250 394 277 fa-

196 286 286 315 ciebat
303 286 400 314 sabba-

198 322 243 350 17.
264 326 302 350 ιο.
318 321 397 349 Jesus
411 328 459 348 au-

200 376 208 386 .
231 377 239 385 .
261 377 268 385 .
290 378 297 384 .
313 364 428 391 respon—

199 393 238 421 dit
254 393 306 420 illis
322 401 328 419 :
346 392 427 420 Pater

199 436 276 456 meo:
292 435 378 463 usque

200 472 273 492 nunc
285 472 383 499 opera-

202 505 257 533 tur,
272 505 300 528 et
314 507 364 534 ego
378 506 442 532 ope-

201 535 246 576 !8.
269 543 323 576 ror.
340 534 377 576 (α)
393 535 506 569 Propter

202 571 254 598 hoc
268 570 289 606 -ι-
304 570 389 605 magis
403 577 485 606 quae-

203 606 300 634 rebant
322 607 396 633 illum

201 642 296 670 Judaei
311 642 418 669 occide-

202 686 233 706 re
247 685 255 704 :
271 677 343 712 quod
359 685 412 704 non

203 712 291 740 solum
305 713 393 740 solve—

202 753 246 776 ret
259 748 397 776 sabbatum
413 768 421 782 ,

204 783 252 811 sed
267 783 338 819 quod
353 783 403 811 eti-

204 827 248 847 am
259 823 362 854 patrem

205 862 283 882 suum
300 855 406 883 dicebat

205 890 291 918 Deum
302 912 309 922 ,
325 890 467 922 aequalem

205 933 236 953 se
254 926 355 953 faciens
368 926 435 954 Deo.

206 961 385 996 Respondeas

208 996 297 1028 Jesus,
314 997 382 1024 dixit
397 996 467 1024 illis:

207 1032 253 1060 l9.
273 1032 375 1065 Amen,
389 1039 468 1060 amen
484 1031 525 1060 di-

208 1075 241 1096 co
254 1069 331 1095 vobis
346 1077 353 1095 :
370 1075 423 1095 non

209 1108 298 1138 potest
313 1104 321 1119 ¹
339 1103 422 1131 Filius

209 1147 224 1166 a
239 1146 269 1167 se
282 1138 371 1180 facere
385 1139 464 1179 quid-

209 1182 301 1209 quam.
316 1182 368 1201 msr
383 1183 423 1201 v1-

210 1211 272 1238 deat
290 1210 371 1237 Patre
390 1229 397 1237 .
420 1229 428 1238 .

209 1245 355 1273 facientem
368 1254 375 1272 :

211 1289 380 1316 quacumque

212 1317 284 1344 enim
301 1317 345 1343 ille
360 1316 430 1344 fece-

212 1354 264 1384 rit,
280 1351 347 1379 haec
361 1356 387 1379 et
402 1351 465 1379 Fili-

213 1395 246 1414 us
261 1387 324 1414 facit
338 1387 435 1414 simili-

213 1423 260 1451 ‘20.
282 1427 333 1450 ter.
349 1423 429 1450 Pater
443 1426 517 1450 amat

215 1458 325 1492 Filium,
339 1464 366 1486 et
378 1466 437 1486 om—

216 1494 272 1527 nia,
286 1502 317 1521 os
338 1514 345 1521 .
368 1514 374 1521 .
395 1494 447 1522 end
469 1514 476 1521 .
499 1512 506 1519 .

216 1529 268 1561 illi,
282 1537 351 1564 quae
366 1530 424 1564 ipse

217 1565 299 1592 facit:
315 1569 343 1592 et
357 1566 443 1593 multo

219 1601 322 1636 majora
336 1608 417 1636 quam

219 1636 286 1664 haec
301 1636 397 1664 ostend
418 1656 425 1662 .
448 1656 454 1663 .
478 1655 485 1662 .

220 1672 258 1699 illi
275 1679 368 1706 opera,
383 1676 412 1699 ut

220 1714 270 1734 vos
285 1707 405 1735 miremi-

221 1742 266 1770 21.
288 1744 324 1770 ni.
342 1743 417 1771 Sicut
431 1743 502 1771 enim

222 1778 304 1806 Pater
318 1779 406 1807 susci-

223 1817 262 1841 tat
279 1820 412 1847 mortuos,

224 1855 251 1877 et
264 1850 381 1877 vivificat
392 1859 398 1876 :

225 1885 260 1912 ita
275 1889 302 1911 et
317 1885 412 1918 Filius,

224 1927 292 1953 quos
307 1921 365 1947 vult
379 1921 418 1947 vi-

223 1955 270 1982 22.
291 1956 398 1983 viticat:
414 1955 453 1984 Ne
474 1975 480 1982 .
504 1976 510 1982 .
534 1976 540 1983 .

614 251 688 279 enim
703 250 753 278 Pat
773 270 779 277 .
803 270 810 277 .

612 286 717 322 judieat
737 307 743 313 .
766 304 773 313 .
796 306 802 312 .
826 306 833 312 .

634 330 851 349 u:tm.....

634 358 713 385 icium
730 365 839 385 omnem

613 392 659 421 25.
683 393 757 420 dedit
770 393 848 427 Filio,
861 398 891 420 ut

615 436 710 456 omnes
722 428 809 456 hono-

616 465 724 492 riﬁcent
741 464 807 491 Fili-

615 508 671 531 um,
685 500 755 527 sicut
771 500 820 527 Ιιο-

618 544 669 562 nor
691 556 697 562 .
720 555 728 562 .
748 536 820 563 icant

618 571 724 598 Patrem
738 580 744 597 :
760 571 805 605 qui

619 614 673 634 non
687 606 800 633 honori-

620 642 683 670 ﬁcat
698 642 807 675 Filium,

619 686 673 705 non
688 678 799 704 honori—

568 723 570 725 τ
619 713 682 741 ficat
697 714 814 748 Patrem,

619 750 664 784 qui
679 749 752 776 misit
768 749 799 776 il-

629 1195 637 1203 ι
678 1195 685 1203 ο
726 1196 733 1203 ι
773 1196 779 1202 ι
820 1195 828 1204 ι
868 1196 875 1202 ε
917 1198 922 1204 .
964 1197 970 1203 .

627 1211 673 1238 24.
695 1211 706 1226 ¹
720 1215 807 1239 morte
824 1212 850 1239 in
865 1212 904 1239 vi-

630 1251 694 1274 tam.

630 1282 677 1311 25.
698 1282 783 1310 Amen
801 1283 862 1311 dico
876 1291 924 1311 vo-

632 1318 684 1348 bis.
699 1320 770 1352 quod
789 1327 832 1346 vc-

633 1354 673 1380 nit
689 1354 753 1380 hora
762 1375 769 1386 ,
782 1361 843 1383 cum

633 1389 732 1416 mortui
748 1389 826 1415 audi-

633 1430 679 1451 ent
694 1432 786 1451 vocem
802 1424 847 1452 Fi-

634 1460 651 1487 li
667 1459 714 1486 Dei
730 1469 735 1486 :
752 1465 778 1487 et
791 1461 835 1493 qui
850 1469 898 1487 att-

633 1495 729 1527 dierit.
746 1496 827 1523 vivet.

633 1530 679 1558 26.
703 1531 778 1558 Sicut
793 1532 864 1559 enim

636 1585 643 1592 .
667 1587 673 1592 .
695 1570 736 1594 ter
749 1566 831 1594 habet

637 1621 672 1628 ..
697 1623 704 1629 .
728 1602 859 1630 miuse:

643 1907 649 1913 ι
690 1907 696 1913 ι
737 1906 744 1913 ο
786 1907 793 1913 .
833 1907 839 1913 ι
880 1908 886 1914 .
928 1908 934 1914 .
974 1908 980 1914 .

1268 203 1384 232 CODEX
1402 204 1628 233 VERUNENSIS.

1464 251 1560 281 Filius.
1575 258 1643 285 quos

1466 287 1523 314 vnlt
1538 287 1664 314 vivificat.

1464 323 1509 349 22.
1533 322 1586 349 Nec
1604 323 1674 350 enim
1691 321 1740 348 Pa-

1465 363 1506 385 ter
1521 358 1623 390 judicat

1466 402 1647 428 quemquam:

1467 430 1513 456 sed
1528 430 1658 462 judicium

1467 473 1577 492 onmem
1593 465 1666 491 dedit
1675 464 1754 497 Filio,

1467 500 1511 527 25.
1535 505 1564 527 ut
1578 508 1672 528 omnes
1685 500 1734 528 ho-

1047 249 1108 284 quia
1126 249 1193 277 haec

1049 285 1165 312 faciebat
1178 285 1238 313 sab-

1047 320 1120 348 bato.
1135 321 1214 348 .lesus
1230 329 1277 348 au-

1049 361 1102 383 tem
1117 357 1257 390 respondit

1049 392 1102 423 eis,
1118 391 1212 419 dicens
1226 401 1231 419 :

1051 428 1093 455 l7.
1116 427 1195 454 Pater
1212 435 1287 455 meus

1050 471 1134 497 lisque
1147 463 1235 490 adhuc

1050 504 1193 532 operatur,
1208 504 1234 526 et

1050 541 1099 568 ego
1112 542 1220 568 operor.
1469 536 1611 563 nnriiieent

1052 569 1096 597 18.
1119 570 1156 605 (ιι)
1175 570 1290 603 Propter
1306 570 1356 598 hoc
1371 570 1388 605 -ζ-
1469 571 1566 598 Filium
1579 592 1585 601 .
1602 572 1671 599 sicut

1052 606 1136 640 magis
1152 613 1265 637 quacre-
1471 607 1650 634 honoriﬁcam

1052 641 1116 667 bant
1132 649 1192 667 cum
1208 641 1255 668 Ju-

1052 676 1111 703 daei
1133 677 1236 703 interli-

1052 719 1114 739 cere
1127 721 1132 738 :
1148 715 1219 746 quod

1053 755 1106 774 non
1123 748 1210 774 solum

1053 783 1179 810 solvebat
1191 784 1252 811 sab-

1054 818 1155 848 batum.
1172 819 1219 846 sed

1055 858 1082 881 et
1094 854 1164 888 qUod
1180 861 1227 888 pa-

1055 894 1123 916 trem
1144 897 1222 917 Slllllll

1056 925 1158 952 diceret
1176 926 1270 958 Deum,

1056 961 1194 994 aequalem

1057 1003 1086 1022 se
1099 996 1199 1024 faciens
1213 997 1280 1023 Deo.

1057 1032 1207 1066 Respondit
1222 1032 1312 1066 Jesus,

1060 1071 1088 1094 et
1101 1067 1168 1094 dixit
1183 1068 1241 1094 eis:

1471 644 1577 670 Patrem
1590 653 1596 669 :
1612 643 1657 677 qui

1470 686 1523 705 non
1541 678 1699 706 lionorilicat

1469 714 1565 741 Filium
1576 735 1582 746 .
1598 722 1650 741 non

1471 750 1631 777 lionorificat

1470 786 1597 817 Patrem,
1611 785 1656 819 qui

1472 822 1546 848 misit
1565 821 1648 848 illum.

1472 856 1517 883 24.
1542 857 1639 889 Amen,
1654 863 1733 884 amen

1473 892 1534 919 dico
1546 892 1632 923 vobis,

1473 928 1601 962 quoniam
1613 928 1659 962 qui

1473 963 1585 990 verbum
1605 970 1696 990 meum

1474 999 1561 1030 audit,
1576 1003 1602 1025 et
1613 1006 1668 1025 cre-

1476 1034 1515 1061 dit
1528 1035 1563 1067 ei,
1580 1035 1624 1069 qui
1641 1042 1684 1062 me

1477 1070 1562 1102 misit,
1576 1070 1656 1097 habet

1478 1106 1562 1132 vitam
1577 1111 1662 1132 aeter-

1480 1149 1552 1172 nam.
1566 1145 1593 1168 et
1607 1142 1633 1168 in
1647 1141 1718 1175 judi-

1479 1178 1549 1204 cium
1564 1185 1615 1203 non
1630 1178 1729 1210 veniet,

1479 1212 1525 1239 sed
1542 1213 1636 1238 transit
1650 1213 1683 1239 de

1480 1252 1565 1275 morte
1580 1247 1612 1274 ad
1628 1248 1718 1274 vitam.

1479 1283 1524 1310 25.
1547 1285 1631 1310 Amen
1642 1303 1650 1316 ,
1666 1290 1745 1310 amen

1481 1319 1542 1346 dico
1556 1319 1643 1350 vobis.

1482 1355 1610 1388 quoniam
1628 1354 1720 1382 veniet

1062 1103 1106 1130 l9.
1127 1103 1223 1134 Amen,
1239 1111 1318 1131 amen

1060 1139 1122 1165 (lico
1134 1139 1209 1165 vobis
1223 1148 1229 1164 :
1247 1147 1299 1166 non

1062 1179 1147 1208 potest
1163 1174 1246 1201 Filius

1063 1210 1097 1235 ab
1109 1218 1137 1237 se
1153 1210 1241 1237 facere

1064 1246 1218 1280 quicquam,
1235 1246 1287 1273 nisi

1065 1282 1135 1313 quod
1153 1281 1249 1308 viderit

1066 1316 1172 1344 Patrem
1189 1317 1291 1344 facicn~

1067 1358 1120 1380 tem
1135 1362 1140 1378 :
1155 1360 1293 1387 quaequae

1065 1389 1136 1416 enim
1153 1388 1197 1414 ille
1212 1388 1243 1414 fa-

1065 1424 1115 1453 cit.
1134 1424 1227 1450 eadem
1243 1429 1270 1450 ct

1066 1459 1151 1485 Filius
1166 1459 1230 1486 facit

1066 1495 1201 1522 similiter.

1066 1530 1111 1556 20.
1134 1530 1215 1557 Pater
1230 1530 1301 1557 enim

1067 1566 1155 1601 diligit
1167 1565 1274 1599 Filium,

1067 1606 1094 1628 et
1108 1603 1197 1629 omnia
1211 1602 1259 1629 dc-

1070 1641 1202 1664 monstrat
1215 1638 1250 1667 ei.

1069 1681 1137 1707 qttae
1149 1673 1205 1707 ipse
1221 1673 1284 1699 facit
1297 1683 1303 1699 :

1069 1713 1096 1735 et
1112 1710 1214 1743 majora
1227 1716 1307 1742 opera

1069 1744 1265 1771 demonstravit
1280 1746 1315 1777 ei,

1070 1786 1099 1806 ut
1118 1788 1163 1807 vos
1179 1780 1295 1807 admire-

1070 1815 1115 1842 21.
1140 1816 1215 1843 mini.
1234 1816 1308 1843 Sicut

1071 1851 1143 1878 enim
1158 1852 1237 1878 Pater

1072 1888 1184 1913 suscitat
1204 1895 1276 1913 mur-

1073 1928 1143 1954 tuo.~',
1160 1927 1187 1949 et
1201 1923 1269 1949 vivi-

1075 1959 1154 1985 licat:
1171 1959 1210 1985 sic
1224 1962 1251 1985 et
1276 1959 1278 1962 ’

1484 1390 1560 1421 hora,
1577 1390 1603 1416 in
1619 1398 1670 1424 qua

1483 1426 1592 1452 audient
1607 1425 1704 1452 mortui

1483 1469 1576 1488 vocem
1592 1460 1635 1487 Fi-

1484 1497 1500 1524 li
1513 1497 1559 1523 Dci
1578 1505 1584 1522 :
1601 1501 1629 1523 et
1643 1496 1687 1531 qui

1484 1532 1628 1564 audierint,
1645 1533 1685 1559 vi—

1484 1569 1530 1595 ‘26.
1550 1573 1622 1594 vent.
1639 1568 1715 1595 Sicut

1484 1604 1555 1631 enim
1571 1603 1650 1630 Pater

1485 1640 1565 1666 habet
1580 1639 1661 1665 vitam

1486 1675 1512 1701 in
1529 1682 1558 1701 se
1574 1683 1579 1700 :
1595 1675 1634 1701 sic
1649 1678 1677 1701 et

1486 1710 1556 1737 Filio
1571 1710 1646 1736 dedit

1489 1746 1587 1772 habere
1601 1746 1683 1771 vitam

1489 1781 1514 1807 in
1529 1782 1675 1815 semetipso
1688 1788 1694 1806 :

1487 1817 1533 1843 27.
1555 1820 1581 1843 et
1602 1818 1762 1850 potestatem

1488 1852 1562 1879 dedit
1574 1853 1597 1878 ei
1609 1852 1650 1885 ju-

1488 1887 1587 1915 dicium
1600 1887 1701 1914 facien—

1488 1923 1564 1954 dum,
1576 1923 1702 1957 quoniam

1489 1958 1706 1995 Filiushominis

881 2016 997 2044 CODEX
1015 2017 1212 2045 BRIXIANUS.

226 2062 286 2097 quia
301 2062 367 2090 haec
385 2063 500 2090 faciebat
516 2064 540 2089 in
554 2063 675 2089 sabbato.
689 2063 767 2090 Jcsus
780 2067 868 2089 autem
882 2065 1021 2097 respondit

226 2099 274 2125 eis.
289 2098 368 2125 Pater
380 2106 454 2125 meus
469 2107 552 2133 usque
565 2099 644 2125 modo
658 2105 795 2130 operatur.
810 2104 838 2125 et
851 2107 899 2133 ego
912 2108 1018 2133 operor.

228 2133 375 2168 Propterea
398 2136 562 2169 quaerebant
584 2143 644 2161 cum
659 2135 753 2161 Judaei
779 2135 939 2161 interlita-re.
961 2136 1020 2168 quia

228 2177 281 2195 non
296 2170 381 2196 solum
402 2171 522 2197 solvebat
539 2171 689 2197 sabbatum.
707 2170 753 2197 sed
770 2176 796 2197 et
819 2177 920 2203 patrem
944 2178 1020 2196 suum

229 2205 336 2232 diCebat
353 2206 444 2232 Deum.
468 2207 606 2240 aequalem
634 2214 662 2233 se
679 2206 779 2233 faciens
815 2206 878 2232 Deo.
903 2207 1023 2239 lit'Sptill-

230 2240 269 2267 dit
292 2246 379 2267 autem
408 2242 484 2268 Jesus
514 2247 540 2268 ct
564 2242 631 2268 dixit
659 2243 706 2268 eis.
739 2243 824 2268 Amcu
855 2251 932 2268 amen
962 2242 1022 2268 dico

231 2276 307 2302 vobis
334 2285 386 2303 non
408 2282 494 2311 potest
517 2278 626 2304 Filiusa
642 2286 670 2304 se
699 2278 786 2304 facere
813 2280 955 2312 quicquam
973 2278 1022 2303 nisi

229 2312 414 2348 quodrviderit
444 2312 549 2339 Patrem
578 2314 728 2340 facientem.
758 2321 933 2348 quaecunque
954 2315 1025 2339 enim

230 2347 277 2375 ille
296 2347 399 2375 fecerit.
432 2349 497 2374 haec
536 2353 559 2375 et
589 2348 671 2375 Filius
700 2349 824 2376 similiter
855 2347 929 2376 facit.
958 2349 1026 2382 Quia

230 2382 311 2419 Pater
337 2384 424 2419 diligit
450 2384 558 2410 Filium.
585 2390 609 2410 et
637 2385 727 2410 omnia
756 2384 872 2411 ostendit
895 2385 930 2411 ei.
959 2392 1027 2417 quae

231 2417 289 2452 ipse
305 2419 377 2447 facit.
388 2417 424 2446 ‘ct
449 2420 549 2452 majora
568 2419 662 2446 horum
678 2420 871 2446 demonstravit
893 2421 917 2446 ei
933 2427 1025 2452 onera.

232 2458 261 2480 ut
274 2461 321 2480 vos
337 2455 481 2483 miremini.
495 2455 566 2482 Sicut
582 2455 651 2482 cnim
665 2455 752 2481 Pater.
771 2456 882 2482 suscitat
893 2460 1025 2482 mortuos.

230 2492 258 2516 et
272 2489 398 2517 viviﬁcat.
415 2492 453 2518 sic
469 2496 496 2518 et
511 2491 604 2518 Filius.
620 2498 687 2526 quos
710 2491 767 2518 vult
791 2490 918 2517 viviﬁcat.
935 2490 1027 2525 Neque

1075 2064 1145 2091 enim
1170 2064 1248 2090 Pater
1270 2063 1373 2098 judicat
1388 2071 1547 2098 quemquam
1572 2063 1616 2090 sed
1639 2062 1768 2095 judicium
1787 2066 1877 2098 _omnc

1075 2099 1147 2126 dedit
1165 2099 1242 2126 Filio.
1260 2095 1287 2126 tit
1299 2095 1485 2127 omum-bono}
1496 2100 1582 2126 dicent
1595 2099 1689 2125 Filium
1705 2099 1774 2123 sicut
1787 2095 1878 2122 hono-

1076 2136 1183 2162 rificam
1214 2136 1329 2162 Patrem.
1358 2137 1402 2170 qui
1429 2144 1480 2161 non
1510 2135 1669 2161 honurilicat
1696 2133 1791 2159 Filium
1820 2138 1877 2157 non

1077 2171 1237 2198 houoriﬁeat
1254 2171 1358 2198 Patrem
1374 2172 1418 2205 qui
1441 2172 1511 2197 misit
1535 2171 1608 2197 illum
1685 2170 1770 2195 Amen
1794 2174 1877 2206 {tmen

1077 2207 1137 2233 dico
1152 2207 1226 2233 vobis
1241 2207 1301 2239 quia
1314 2208 1357 2240 qui
1372 2201 1482 2233 verbum
1499 2215 1586 2233 meum
1600 2205 1683 2232 audit.
1699 2209 1725 2242 et
1740 2201 1829 2242 credit
1850 2201 1879 2227 ei

1077 2243 1121 2276 qui
1139 2250 1181 2269 me
1206 2242 1286 2268 misit.
1306 2239 1385 2268 habet
1401 2243 1480 2269 vitam
1496 2247 1631 2268 aeternam
1654 2244 1680 2267 ct
1697 2240 1731 2276 Vin
1744 2239 1878 2276 judicium

1078 2273 1130 2304 tioa
1147 2278 1246 2305 veniet.
1272 2278 1319 2304 sed
1343 2279 1448 2304 transuit
1472 2278 1505 2304 de
1527 2282 1611 2303 morte
1636 2275 1770 2302 invitam.
1788 2273 1879 2300 Amen

1078 2321 1155 2340 amen
1169 2314 1230 2340 dico
1241 2314 1317 2339 vobis
1330 2314 1389 2347 quia
1402 2314 1488 2340 veniet
1501 2313 1576 2339 hora.
1594 2317 1620 2339 et
1634 2318 1702 2338 nunc
1713 2314 1754 2336 est
1767 2308 1880 2347 quando

1079 2351 1193 2376 morluui
1210 2349 1321 2375 audiunt
1340 2345 1440 2376 'voccm
1458 2349 1517 2375 Filii
1542 2347 1600 2375 Dei.
1623 2353 1649 2374 et
1674 2346 1718 2381 qui
1738 2345 1880 2371 audierint

1077 2385 1178 2412 vivent.
1204 2385 1279 2412 Sicut
1302 2385 1374 2421 enim
1401 2385 1480 2411 Pater
1499 2384 1582 2421 habet
1600 2383 1683 2421 vitam
1716 2381 1742 2407 in
1760 2383 1881 2421 ‘seuiet:

1080 2421 1148 2454 ipso.
1169 2421 1207 2448 sic
1223 2421 1297 2447 dedit
1312 2420 1381 2447 Filio
1409 2421 1489 2457 vitam
1504 2419 1830 2457 rhaybereﬂiusemetipso.
1852 2419 1882 2440 ct

1081 2453 1240 2489 potestatem
1260 2456 1335 2483 dedit
1356 2456 1390 2483 ei.
1416 2461 1443 2483 et
1465 2455 1594 2491 judicium
1611 2453 1726 2482 faciendi
1749 2453 1881 2486 quoniam

1081 2492 1163 2519 Filius
1188 2492 1305 2519 hominis

864 2547 978 2577 CODEX
995 2549 1230 2578 COBBElENSIS.

264 2594 309 2623 25.
330 2594 375 2630 qui
399 2601 451 2621 non
472 2594 633 2623 honorificat
647 2595 773 2628 Patrem,
797 2603 850 2623 non
866 2595 1029 2623 honorilicat

230 2631 337 2659 Patrem
348 2651 357 2665 ,
374 2631 420 2665 qui
437 2630 509 2657 misit
526 2630 633 2658 Filium.
658 2631 762 2659 Recent.
779 2640 858 2659 manu
870 2654 877 2666 ,
903 2632 949 2667 qui
974 2640 1027 2659 non

1082 2596 1244 2623 honorificat
1260 2596 1367 2623 Filium.

1116 2631 1161 2659 24.
1185 2634 1206 2659 Α
1223 2637 1309 2659 morte
1323 2632 1333 2647 ³
1348 2632 1373 2659 in
1387 2631 1469 2659 vitain
1482 2635 1630 2659 aeternam.
1645 2630 1664 2666 λς

834 2689 1034 2718 VARIANTES
1051 2689 1251 2717 LECTlONES.

259 2736 268 2752 ¹
288 2736 340 2761 Gut.
352 2738 375 2761 et
387 2737 447 2760 Mm.
457 2734 535 2760 Filius
545 2734 632 2759 eadem
643 2733 766 2759 similiter.
783 2733 857 2766 Vulg.
870 2735 933 2759 haec
948 2738 974 2761 et
985 2735 1027 2759 Fi-

229 2766 277 2792 lius
287 2767 400 2792 similiter
412 2766 478 2792 facit.

261 2799 272 2814 ι
288 2798 343 2823 Gut.
354 2801 377 2824 et
388 2799 448 2823 Mm.
460 2803 601 2823 sermonem
613 2803 696 2822 meum
708 2796 804 2821 audit...
818 2802 867 2821 non
878 2797 970 2827 veniet,
984 2797 1029 2822 sed

1081 2736 1183 2759 transiet
1196 2741 1208 2758 a
1220 2737 1298 2767 morte
1321 2734 1350 2759 ad
1368 2735 1449 2759 vitam.
1472 2734 1544 2767 Vulg.
1565 2734 1669 2760 verbum
1688 2741 1771 2759 meum
1783 2734 1883 2761 audit...

1081 2772 1130 2790 non
1144 2766 1221 2797 venit,
1234 2766 1277 2790 sed
1291 2767 1383 2790 transiit
1396 2773 1408 2789 τι
1421 2770 1498 2791 morte
1510 2766 1535 2790 in
1550 2766 1630 2790 vitam.

1113 2797 1123 2812 ³
1141 2797 1192 2821 Gal.
1206 2800 1228 2822 et
1241 2799 1299 2822 Mm.
1314 2798 1343 2822 ad
1356 2798 1441 2829 vitam,
1453 2797 1540 2823 omisso
1552 2802 1689 2822 aeternam.

899 2848 1082 2877 BLANCHINI
1101 2850 1216 2877 ΝΟΤιΕ.

276 2895 315 2936 (α)
329 2900 365 2927 Ita
381 2901 408 2927 et
431 2904 486 2927 tex.
506 2900 552 2928 Gr.
574 2900 615 2928 διὰ
637 2901 723 2929 eam.
746 2899 861 2933 Ibidem,
881 2899 957 2928 deest
969 2907 1045 2934 ergo,
1060 2899 1182 2927 etiamin
1198 2899 1258 2928 cod.
1274 2899 1349 2928 Cant.
