2021 3096
222 97 274 125 381
490 96 625 127 EUSEBll
643 96 813 126 VERCELL.
834 95 1060 126 EVANGELIUM
1079 94 1151 124 CUM
1177 94 1289 124 VARIIS
1307 94 1385 123 COD.
1399 93 1598 124 COLLATUM.
1817 94 1869 122 588

417 153 532 183 CODEX
551 155 822 184 VERCELLENSIS.

223 208 277 228 non
288 199 378 228 credi-

223 236 268 264 tis.

223 272 269 300 59.
290 272 415 299 Scrutate
429 271 522 307 Scrip-

224 312 309 340 turas,
327 308 353 334 in
368 308 427 342 qli—

223 343 274 371 bus
289 350 335 370 vos
348 345 419 371 exis-

224 378 325 406 timatis
339 379 366 405 in
380 379 414 405 il-

223 414 257 441 lis
270 414 351 440 vitam
365 421 412 441 ae-

223 453 328 477 ternam
342 449 425 478 habe—

223 493 254 512 re
270 493 276 512 :
290 485 350 512 illae
363 490 436 519 sunt,

223 528 293 555 quae
309 521 380 547 testi-

224 557 345 583 monium
357 556 401 583 di-

224 597 289 619 cunt
300 591 334 618 de
346 599 389 619 me
405 600 411 618 :

224 627 251 654 in
265 627 362 662 quibus
379 635 426 661 pu-

225 664 289 689 tatis
302 669 352 689 vos
364 664 446 690 vitam

225 697 325 725 ltabere
341 707 347 724 :
361 697 412 725 hae

224 739 297 766 sunt,
310 741 378 768 quae
388 733 423 761 de

225 777 268 796 mc
279 769 428 796 testiﬁcan-

224 805 269 832 40.
290 809 334 831 tur
348 813 356 831 ε
371 809 398 831 et
411 812 461 833 nec
477 805 518 832 sic

225 841 306 867 vultis
321 841 398 867 veni-

224 883 255 903 re
269 875 302 903 ad
316 883 358 902 me
374 879 402 902 ut

224 911 308 938 vitam
323 911 355 937 ha
360 912 422 938 bea-

224 945 270 973 4l.
293 948 336 974 tis.
355 946 475 974 Gloriam

224 982 259 1009 ab
273 982 391 1009 homini-

224 1017 276 1044 bus
290 1025 342 1044 non
359 1025 403 1044 ac-

225 1051 270 1079 42.
291 1053 372 1088 cipio.
385 1053 394 1068 ¹
411 1052 465 1081 Sed
477 1060 541 1088 cog-

225 1089 288 1115 novi
304 1096 363 1121 vos,
379 1088 451 1124 quod

225 1125 365 1152 caritatem

226 1159 274 1186 Dei
288 1167 341 1187 non
357 1160 406 1187 ha-

225 1194 296 1223 betis
310 1195 337 1223 in
350 1203 399 1223 vo-

225 1230 277 1258 bis.
309 1258 313 1261 ,

225 1266 270 1294 45.
292 1266 349 1301 Ego
364 1266 425 1294 veni
443 1266 469 1294 in
486 1274 534 1294 no-

226 1302 300 1328 mine
313 1302 401 1329 Patris

226 1338 290 1369 ntei,
304 1341 331 1364 et
343 1346 395 1364 non

226 1373 362 1407 accipistis
376 1380 419 1400 me
432 1381 439 1399 :

225 1408 248 1434 si
264 1409 333 1435 alter
349 1415 429 1435 vene-

225 1443 259 1470 rit
274 1443 301 1470 in
315 1444 401 1470 nomi-

225 1486 260 1507 ne
272 1486 331 1519 ξας),
344 1479 421 1519 illum

225 1520 375 1549 accipietis.

225 1548 270 1576 44.
291 1550 434 1584 Quomodo
447 1557 493 1585 po-

226 1586 302 1613 testis
312 1593 359 1612 vos
370 1593 428 1613 cre-

224 1620 299 1653 dere,
316 1621 429 1655 gloriam

223 1656 258 1684 ab
270 1657 384 1684 invicem

223 1693 407 1727 accipientes:

223 1732 252 1755 et
264 1728 378 1763 gloriam

223 1763 257 1791 ab
272 1764 352 1792 unico
364 1771 419 1792 non

641 201 788 234 quaeritis?

640 236 685 264 45.
707 236 797 264 Nolite
811 236 923 264 arbitra-

642 280 672 300 re
684 273 755 307 quod
771 280 821 308 ego

641 316 690 335 VOS
706 315 817 335 accusa—

643 348 719 371 turus
732 351 791 370 sum

642 385 705 414 aput
717 379 834 412 Patrem,

641 420 682 442 est
694 416 738 449 qui
750 416 760 430 ²
777 422 824 441 vos

642 454 752 478 accuset
766 450 841 485 Moy—

642 494 697 519 ses,
710 487 737 513 in
751 493 831 521 quem

642 521 688 549 46.
711 521 836 557 speratis.
850 521 879 549 Si

643 557 714 584 enim
729 558 823 585 crede-

644 594 708 629 retis
722 592 818 629 Moysi,

643 628 789 655 crederetis

643 669 670 690 et
686 664 750 691 mihi
763 672 772 690 :
787 664 821 691 de
837 671 880 692 me

642 700 714 726 enitn
728 700 771 727 ille
784 701 871 734 scrip-

642 735 688 761 47.
710 735 753 761 sit.
769 735 823 763 Sed
837 742 898 763 cum

642 770 776 798 mandatis
788 771 819 798 il-

642 805 694 832 lius
706 814 757 833 non
768 814 825 834 cre-

642 840 723 874 datis,
736 850 850 876 quomo-

642 876 678 904 do
692 878 783 905 verbis
794 885 852 905 me-

643 912 666 939 is
681 912 815 940 credetis?

743 969 857 998 CAPUT
879 969 920 1004 vt.

678 1016 703 1043 ιλ.
725 1016 790 1043 Post
805 1018 871 1044 ltaec
889 1017 954 1045 abiit

642 1051 721 1079 Jesus
737 1057 812 1079 trans
826 1059 884 1079 ma-

643 1095 673 1114 re
683 1087 803 1115 Galileae

643 1122 794 1150 Tiberiadis
811 1132 817 1150 :

643 1158 671 1185 2.
692 1158 856 1193 sequebatur

643 1192 684 1229 (ά)
698 1192 788 1221 autem
798 1195 817 1229 ἦ·
831 1193 905 1221 illum

644 1229 724 1270 turba
737 1229 831 1270 multa,

664 1272 770 1292 "Olllﬂm
784 1273 820 1292 Vl-

642 1272 770 1327 ﬂnontam
784 1273 810 1292 Vl

662 1301 743 1327 ebant
759 1300 815 1362 si};-

643 1343 688 1362 na.
701 1344 770 1362 uuae
792 1344 815 1362 at

643 1343 688 1368 na,
701 1344 770 1370 quae
781 1336 864 1364 facie-

643 1371 705 1398 bant
720 1379 801 1405 supra

643 1406 774 1433 inﬁrmos.

642 1442 669 1469 5.
692 1442 766 1469 Abiit
779 1449 844 1476 ergo
858 1441 885 1469 in
900 1449 978 1470 mon-

643 1481 696 1504 tem
710 1477 790 1505 Jesus
807 1488 813 1505 :
829 1483 856 1505 et
868 1477 905 1505 ibi

642 1513 754 1540 sedebat
766 1520 827 1540 cum

642 1548 781 1589 discipulis

641 1592 708 1611 SUIS.

641 1621 668 1647 4.
691 1620 775 1646 Erant
789 1625 880 1647 autem

641 1655 652 1670 ⁸
667 1655 692 1682 in
709 1656 835 1689 proximo

642 1690 747 1718 Pascha
762 1691 821 1719 dies

642 1726 772 1754 solemnis
782 1726 830 1754 Ju-

641 1761 782 1790 daeorum.

1293 152 1409 180 (ZODEX
1427 152 1652 182 VERONENSIS.

1075 200 1189 227 vos'non
1203 206 1264 227 cre-

1072 235 1146 262 ditis.

1073 269 1118 298 59.
1139 270 1265 311 Scrutate
1279 269 1401 305 Scriptu-

1074 314 1129 340 ras,
1144 313 1271 338 quoniam

1073 342 1175 376 putatis
1185 349 1233 369 vos

1073 377 1100 405 in
1116 378 1180 412 ipsis
1194 378 1276 405 vitam

1074 417 1213 440 aeternam
1231 413 1277 439 Ita-

1074 448 1140 476 bere
1156 458 1163 475 :
1178 454 1205 476 et
1220 449 1294 483 ipsae

1074 490 1147 525 sunt,
1164 492 1233 525 quae
1247 488 1287 511 te-

1075 525 1231 547 sltmonlum
1249 526 1308 553 per-

1074 555 1169 583 hibent
1181 556 1214 582 de
1229 562 1272 582 me
1286 563 1292 581 :

1075 591 1210 626 inquibus
1226 598 1274 625 pu-

1076 627 1139 653 tatis
1154 634 1200 654 vos
1217 627 1256 653 vi-

1076 667 1130 689 tam
1143 662 1260 689 habere:

1078 697 1144 724 haec
1157 702 1230 738 sunt,

1076 740 1146 767 quae
1162 738 1236 760 testi-

1077 769 1192 795 ticantur
1206 769 1240 796 de

1076 805 1121 831 40.
1143 812 1205 831 me:
1220 807 1246 830 et
1262 809 1317 829 non

1076 839 1158 867 vultis
1174 839 1267 866 venire

1076 875 1109 902 ad
1124 882 1168 902 me
1181 878 1210 901 ut

1075 911 1157 938 vitam
1170 910 1269 937 habea-

1077 947 1122 974 tis.

1077 982 1123 1010 4i.
1143 981 1282 1008 Honorem
1296 979 1330 1007 ab

1077 1016 1234 1045 hominibus

1077 1060 1131 1080 non
1147 1053 1259 1086 accipio.

1077 1088 1122 1115 42.
1145 1088 1198 1116 Sed
1213 1087 1328 1122 cognovi

1077 1132 1138 1157 vos,
1152 1124 1279 1159 quoniam

1079 1168 1132 1186 non
1145 1160 1248 1187 habetis

1080 1196 1222 1222 caritatem
1240 1193 1290 1221 Dei

1078 1231 1123 1258 43.
1133 1230 1171 1272 _i_n
1184 1230 1270 1270 vobis.
1286 1229 1343 1264 Ego

1078 1274 1140 1294 Ven]
1151 1274 1178 1293 ιη
1192 1274 1281 1292 nomt-

1079 1309 1113 1328 ne
1127 1302 1214 1329 Patris
1228 1301 1297 1335 mei,

1078 1342 1107 1365 et
1121 1345 1173 1364 non
1189 1337 1296 1371 accepi—

1078 1373 1128 1400 stis
1142 1380 1185 1400 tne
1199 1381 1206 1399 :
1222 1373 1245 1400 si

1077 1408 1147 1435 alius
1161 1408 1266 1435 venerit

1079 1444 1105 1470 in
1119 1445 1229 1471 nomine

1077 1487 1138 1512 suo,
1155 1479 1231 1506 illum
1249 1479 1319 1506 reci-

1078 1513 1123 1541 44.
1145 1515 1217 1549 pitis.
1233 1514 1375 1548 Quomodo

1079 1551 1191 1585 potestis
1205 1557 1253 1577 vos

1077 1586 1199 1618 credere,
1212 1585 1258 1620 qui

1077 1621 1209 1648 honorem
1224 1621 1258 1649 ab

1078 1656 1192 1684 invicem
1209 1657 1317 1692 accepi~

1077 1691 1126 1719 stis
1141 1701 1147 1718 :
1164 1697 1191 1719 et
1204 1691 1290 1720 hono-

1076 1735 1135 1755 rem
1149 1728 1218 1763 ejus,
1236 1728 1281 1763 qui

1077 1768 1119 1790 est
1132 1765 1215 1797 solus,
1232 1771 1284 1791 non

1490 201 1620 235 quaeritis
1634 201 1646 227 ?

1490 237 1535 265 45.
1556 237 1644 264 Nolite
1658 239 1754 270 putare

1491 273 1616 307 quoniam
1631 278 1680 306 ego

1491 316 1539 335 vos
1551 312 1614 343 aput
1627 307 1735 343 Patrem

1491 343 1530 380 (a)
1544 343 1677 370 accusabo
1689 342 1709 379 -ι-
1718 362 1726 375 ,

1493 379 1536 407 est
1548 379 1593 414 qui
1605 379 1653 405 bos
1698 381 1700 387 ‘

1492 419 1601 442 accuset
1616 414 1690 449 Moy-

1492 458 1545 483 ses,
1562 450 1600 486 (b)
1617 452 1643 477 in
1657 456 1736 486 quem

1492 494 1540 513 vos
1553 485 1682 519 sperastis
1693 485 1721 519 ἢ.

1492 522 1536 549 46.
1557 522 1586 549 Si
1600 522 1671 549 enim
1686 528 1747 548 cre-

1492 557 1593 585 deretis
1603 556 1697 592 Moysi,

1492 593 1640 621 crederetis

1493 628 1606 656 forsitan
1620 633 1649 656 et

1494 664 1560 691 mibi
1576 672 1582 691 :
1598 664 1632 691 de
1646 670 1689 690 me

1494 700 1565 726 enim
1581 700 1626 727 ille
1640 699 1706 726 scri-

1493 735 1539 762 47.
1561 736 1622 770 psit.
1639 734 1705 761 Nam
1720 734 1744 762 si

1494 770 1564 798 illius
1579 771 1676 798 litteris

1494 813 1547 833 non
1561 806 1685 838 creditis,

1493 842 1628 876 quomodo
1642 840 1732 868 verbis

1493 878 1561 905 meis
1573 876 1708 905 credetis?

1591 933 1706 963 CAPUT
1726 933 1771 961 Vl.

1530 982 1555 1009 1.
1577 981 1642 1009 Post
1656 981 1723 1008 haec
1736 980 1801 1009 abiit

1494 1017 1575 1045 Jesus
1590 1022 1664 1044 trans
1678 1023 1754 1044 mare

1493 1052 1633 1081 Galilaeae
1646 1051 1689 1116 (ei.

1492 1088 1519 1116 in
1535 1088 1654 1116 nartes-l-
1693 1088 1698 1115 i

1491 1088 1519 1116 in
1535 1088 1654 1130 partesj-
1667 1088 1715 1116 Ti-

1491 1124 1516 1151 2.
1540 1124 1657 1152 bertadts
1671 1132 1677 1150 :
1693 1130 1736 1151 se-

1492 1160 1625 1194 quebatur
1636 1159 1678 1194 td)

1492 1200 1583 1223 autem
1597 1195 1616 1230 -ι-
1630 1202 1690 1222 cum

1494 1231 1570 1258 turba
1586 1231 1681 1262 multa,

1494 1266 1554 1301 quia
1566 1266 1692 1293 videbant

1494 1308 1663 1365 ῗὲῖῗὲιςείέῗιέθ

1494 1372 1656 1400 inlirmibus.

1494 1408 1521 1435 5.
1542 1407 1670 1435 Ascendit
1686 1414 1729 1434 er-

1493 1451 1529 1479 go
1538 1443 1618 1471 Jesus
1629 1444 1655 1471 in

1479 1486 1482 1487 '
1494 1485 1613 1507 montem
1628 1499 1636 1512 ,
1650 1482 1677 1506 et

1496 1514 1535 1542 ibi
1548 1515 1662 1542 sedebat

1497 1558 1558 1578 cum
1569 1548 1709 1585 discipulis

1498 1594 1565 1613 SlllS.

1494 1621 1522 1648 4.
1544 1621 1608 1649 Erat
1621 1624 1711 1648 autem

1494 1657 1521 1684 in
1536 1657 1660 1692 proximo

1493 1692 1597 1720 Paseha
1611 1691 1668 1719 dies

1493 1728 1577 1755 festus
1588 1727 1636 1755 Ju-

1491 1763 1633 1791 daeorum.

886 1819 1002 1848 CODEX
1022 1819 1218 1850 BRIXlANUS.

223 1876 276 1896 non
284 1868 405 1896 creditis.
414 1868 736 1905 ScrtttaminiScribturas
747 1868 808 1902 quia
816 1875 864 1895 vos
871 1868 983 1902 putatis.
994 1868 1019 1894 in
1075 1872 1140 1903 aput
1152 1869 1270 1897 Patrem.
1285 1876 1325 1897 est
1337 1870 1380 1905 qui
1397 1874 1506 1897 accuset
1518 1876 1566 1897 vos
1580 1868 1722 1905 Moysesin
1733 1874 1814 1905 quem
1829 1872 1879 1905 vos

223 1905 522 1937 ipsisvitamaeternam
534 1904 643 1931 habere.
661 1910 687 1930 et
704 1904 754 1930 bae
770 1909 928 1940 sunt.rquac
945 1905 1020 1930 testi-
1047 1918 1054 1923 -
1075 1902 1190 1938 speratis
1208 1905 1239 1933 Si
1265 1902 1500 1933 enim-crederetis
1522 1902 1782 1940 Moysifcrederetis
1799 1902 1880 1940 forsi-

223 1941 341 1965 tnonium
352 1940 630 1973 perlnbentdente.et
643 1948 695 1965 non
705 1939 782 1965 vultis
797 1939 888 1966 venire
896 1939 928 1966 ad
941 1947 983 1965 tne
992 1944 1020 1966 ut
1076 1944 1120 1966 tati
1136 1944 1162 1967 et
1177 1941 1252 1967 mihi.
1269 1941 1302 1969 de
1319 1949 1361 1968 me
1377 1940 1450 1968 enitn
1465 1940 1512 1969 ille
1526 1938 1643 1969 scribsit.
1656 1940 1684 1967 Si
1699 1943 1789 1966 autem
1806 1938 1879 1965 illius

222 1975 569 2011 vitamhabeatis.Gloriam
579 1975 771 2001 ablmminibns
781 1982 832 2011 non
843 1974 1019 2011 accipio.Sed
1076 1975 1173 2011 litteris
1195 1984 1249 2003 non
1264 1976 1384 2004 creditis.
1401 1977 1536 2011 quomodo
1556 1976 1624 2004 meis
1646 1975 1736 2003 verbis
1751 1973 1876 2011 creditis.

222 2011 468 2044 Ct)gllt)\‘iVI)S.t|lti:l
480 2010 779 2037 dilectionemllci.non
792 2010 896 2036 habetis
906 2008 934 2036 in
944 2010 1019 2037 vobis
1075 2010 1140 2037 Post
1163 2011 1229 2039 haec
1248 2012 1313 2039 abiit
1331 2008 1417 2040 .Iesus'
1430 2018 1503 2039 trans
1520 2020 1594 2039 mare
1605 2011 1734 2039 Gaiileae.
1748 2013 1775 2037 ct
1795 2008 1879 2036 Tibe-

222 2045 297 2079 ipsis.
313 2046 366 2080 Ego
382 2046 442 2072 verti
453 2047 477 2072 in
489 2046 597 2072 nomine
613 2045 772 2077 l‘atrismci,
788 2051 814 2072 et
829 2054 881 2072 non
894 2045 1016 2080 accipitis
1075 2046 1167 2073 riadis.
1192 2052 1220 2074 et
1231 2053 1339 2076 secutae
1355 2053 1417 2076 sunt
1430 2056 1491 2075 eum
1506 2048 1599 2076 turbae
1615 2047 1714 2074 multae
1725 2047 1786 2080 quia
1802 2045 1880 2072 vitle-

223 2089 276 2107 tne.
300 2082 321 2108 si
337 2082 406 2108 alius
420 2082 523 2107 venerit
546 2082 570 2107 in
587 2082 695 2118 notitinc
707 2088 766 2118 suo.
780 2081 855 2118 illum
867 2081 1013 2115 accipietis.
1072 2087 1132 2108 rant
1143 2082 1218 2117 signa
1233 2091 1301 2118 quae
1315 2083 1430 2110 faciebat
1445 2091 1526 2117 super
1539 2083 1672 2110 inﬁrmos.
1689 2081 1817 2118 Ascendit
1833 2088 1879 2118 er-

221 2117 481 2152 Quumodopoteslis
496 2116 672 2143 voscredere.
685 2116 837 2151 gloriamab
851 2116 1017 2143 lll\'iCt‘lll:tt:-
1071 2125 1105 2152 go
1129 2118 1154 2144 in
1169 2115 1299 2146 thon‘tetn
1321 2118 1411 2147 Iesus.
1434 2125 1461 2146 et
1476 2115 1511 2146 ibi
1530 2119 1642 2146 sedebat
1659 2125 1719 2144 rum
1734 2115 1878 2149 discipulis

222 2152 384 2190 t'ipitttttcsel
398 2153 586 2187 gloriamquae
598 2152 675 2190 allen
687 2152 746 2190 solo
757 2156 797 2178 est
811 2160 862 2178 non
874 2152 1013 2190 quaeritis.
1072 2153 1138 2179 suis.
1156 2153 1221 2181 Erat
1234 2160 1324 2182 autem
1341 2154 1742 2190 proxitnoPascba.dicsl'estus
1754 2152 1877 2180 Judaeo-

221 2188 309 2216 Nolite
329 2194 417 2216 autem
443 2194 546 2223 putare.
574 2188 635 2223 quia
658 2195 707 2223 ego
727 2188 764 2223 (a)
783 2188 916 2215 aecusabo
931 2188 949 2224 ὴ
969 2195 1017 2215 vos
1072 2196 1141 2215 rum.
1341 2188 1350 2190 “
1469 2208 1472 2210 -

856 2243 972 2272 CODEX
992 2244 1226 2274 CORBElliNSIS.

257 2294 302 2321 59.
322 2292 484 2331 Scrutamini
509 2292 679 2331 Scripturas,
695 2291 721 2319 in
744 2291 842 2327 quibus
856 2299 905 2320 vos
921 2293 1019 2328 putatis
1075 2294 1161 2331 vicem
1177 2300 1358 2329 quaerentes:
1379 2299 1409 2326 et
1430 2295 1554 2331 gloriam,
1570 2301 1638 2330 quae
1651 2294 1685 2322 ab
1701 2293 1747 2321 illo
1761 2292 1820 2321 solo
1837 2295 1881 2320 est

220 2330 304 2357 vitam
320 2335 459 2356 aeternam
475 2327 587 2355 habere.
923 2327 927 2328 ⁷
1076 2328 1142 2360 Deo,
1156 2327 1208 2357 etc.

256 2366 302 2392 4i.
323 2365 443 2393 Gloriam
460 2364 493 2390 ab
508 2363 670 2390 hominibus.
1110 2364 1176 2392 CAP.
1198 2365 1240 2394 VI.
1262 2381 1297 2386 —
1312 2367 1337 2394 l.
1350 2371 1424 2394 trans
1436 2374 1509 2394 mare
1523 2366 1673 2398 Galilaeae,
1684 2365 1694 2380 ‘
1707 2364 1781 2392 illius
1795 2363 1882 2391 Tibe-

255 2400 301 2429 45.
322 2402 347 2435 in
374 2400 483 2428 nomine
498 2399 584 2427 Patris
599 2398 651 2425 mei
667 2399 739 2433 veni,
753 2399 764 2414 ⁸
779 2402 806 2426 et
818 2407 871 2428 non
887 2400 897 2416 ³
915 2400 1021 2436 accepi—
1074 2400 1176 2428 riadis:
1212 2402 1377 2436 sequebatur
1409 2407 1498 2433 autem
1527 2403 1601 2430 illum
1625 2400 1769 2436 multitudo
1781 2420 1790 2434 ,
1811 2400 1879 2435 quia

221 2437 289 2474 stis;
305 2437 361 2474 fisi
376 2436 445 2474 alius
460 2435 574 2474 venerit.
721 2469 728 2474 _
820 2470 827 2474 _
864 2470 870 2474 _
947 2471 954 2474 _
979 2435 986 2474 _'
1074 2440 1128 2464 etc.
1151 2455 1158 2462 .
1180 2455 1189 2464 .
1210 2457 1216 2465 .
1234 2435 1331 2471 deliis,
1343 2438 1390 2474 qui
1405 2438 1623 2473 inﬁrtnabantur.

256 2470 302 2497 44.
313 2469 462 2505 "Quomodo
477 2472 590 2507 potestis
604 2477 653 2499 vos
666 2469 787 2505 credere,
802 2470 917 2507 gloriam
930 2471 964 2498 ab
979 2472 1021 2499 in-

851 2528 1047 2559 VARlANTES
1064 2531 1265 2562 LECTIONES.

253 2579 333 2614 {Gn}.
345 2578 395 2614 Sed
413 2579 587 2614 cognovimus,
599 2578 655 2614 quia
672 2577 835 2614 dilectionem
851 2583 900 2602 non
912 2577 1017 2614 iubetis.
1103 2579 1113 2614 ξ
1131 2580 1184 2614 (ξω,
1199 2584 1222 2606 et
1231 2583 1289 2606 Mm.
1304 2584 1330 2607 et
1342 2588 1391 2606 non
1403 2583 1532 2614 accepistis
1543 2588 1592 2607 me.

223 2610 298 2646 vnlg;
307 2609 472 2646 Sedcogncvi
485 2616 535 2638 vos,
547 2610 602 2646 quia
617 2609 776 2646 dilectionem
789 2608 836 2633 Dei
852 2609 1018 2646 non-habetis.
1103 2611 1120 2646 '_
1135 2611 1247 2646 (uitiato,
1262 2613 1378 2646 accipitis.
1401 2613 1454 2640 Gaz.
1463 2608 1496 2640 let
1513 2615 1573 2640 Mm.
1585 2611 1708 2645 prwterito
1718 2614 1839 2646 (tmpore,
1853 2615 1882 2637 tu

251 2639 332 2667 ι’ὓαι.
345 2644 368 2666 et
380 2641 439 2674 illm.
454 2646 496 2663 vos
504 2643 605 2674 accuset
617 2640 799 2674 Moyses...jam
807 2642 931 2671 sperastis.
949 2639 1019 2673 Vulg.
1073 2641 1128 2674 cod.
1144 2639 1301 2668 σοίῖὺείεῇιείε,
1314 2639 1322 2645 “
1450 2639 1453 2640 ⁷
1477 2639 1480 2640 ⁷
1586 2639 1591 2645 ·
1685 2639 1690 2644 ·
1732 2644 1735 2646 ~
1765 2639 1772 2646 ι
1830 2639 1839 2674 ί

219 2677 318 2698 accusat
330 2679 371 2697 vos
382 2671 488 2702 Moyses,
502 2671 527 2694 in
539 2677 588 2701 quo
600 2678 642 2694 vus
651 2672 764 2700 speratis.
804 2701 807 2702 ν
995 2671 1005 2673 '
1105 2673 1115 2688 σ
1133 2675 1193 2699 Mm,
1204 2674 1375 2701 Τίυρτίίιίοηίς,

252 2705 263 2721 ⁸
281 2705 333 2730 Gut.
347 2705 372 2728 in
385 2701 527 2735 proximum.
542 2703 599 2726 Mm.
613 2703 742 2732 proximus.
760 2701 832 2733 Vulg.
845 2703 990 2733 proximum.

884 2755 1070 2785 BLANCHlNl
1090 2758 1204 2787 ΝΟΤᾹΞ.

259 2817 297 2858 (ιι)
321 2817 357 2845 Ita
376 2822 411 2858 et,
426 2822 485 2858 te}.
504 2815 552 2858 Gr.
566 2815 748 2858 xa‘ﬂn'optridzll.
767 2827 803 2833 —
824 2812 862 2848 (ll)
875 2812 955 2841 Juxta
983 2818 1038 2843 tex.
1061 2816 1108 2845 Gr.
1125 2820 1160 2850 εἰς
1175 2819 1201 2848 ὃν
1215 2821 1288 2856 ὑμεῖς
1302 2821 1436 2852 ἠλπίκατε.
1450 2821 1534 2858 ——(c)
1549 2821 1586 2850 Ita
1613 2825 1642 2849 et
1656 2820 1718 2850 cod.
1741 2820 1820 2849 Cant.
1841 2821 1879 2853 εἰς

222 2855 252 2883 τὰ
263 2849 338 2892 μέρη.
355 2867 389 2873 -
403 2852 442 2888 (d)
456 2852 494 2880 ita
506 2857 533 2880 et
547 2851 609 2880 cod.
623 2849 700 2878 Cant.
714 2849 751 2878 δέ.
