2021 3096
243 97 294 126 391
513 95 650 126 EUSEBII
668 96 837 126 VERCELL.
859 97 976 127 EVARG
982 98 1040 127 ELll

1104 98 1176 129 CUM
1196 99 1311 130 VARIIS
1330 100 1408 130 COD.
1425 101 1623 131 COLLATUM.
1840 104 1892 137 392

1311 159 1426 188 CODEX
1445 160 1671 189 VERONENSIS.

442 151 557 181 connx
579 145 845 183 VERCELLENSIS.
896 197 898 199 η

246 199 290 227 16.
315 199 418 227 Etcum
431 206 493 226 sero
664 208 719 228 non
738 205 797 228 erat

244 234 345 263 factum
356 238 447 267 esset,
665 237 716 264 nisi
733 244 784 264 una
795 257 803 270 ,
818 236 844 263 in

246 270 394 307 descende-
664 279 717 307 qua
732 272 861 300 ascende—

246 312 309 334 runt
322 306 403 342 disci:
476 340 482 342 _
664 312 725 335 rant
739 308 857 342 discipu-

246 342 290 370 17.
307 342 364 377 puli
378 341 436 377 ejus
451 340 485 369 ad

246 385 331 405 mare.
346 378 380 404 Et
390 385 437 405 as~

247 412 399 440 cenderunt

247 447 275 476 in
291 456 358 476 nave
367 469 375 482 ,
390 452 418 476 et
428 448 450 476 i-

248 484 313 512 bant
326 487 402 511 trans

248 527 325 547 mare
339 519 366 547 in
376 518 428 548 Ca-

664 343 682 370 li
697 343 761 371 Jesu
773 364 780 376 ,
792 349 819 371 et
833 343 906 378 quod

664 386 718 406 non
735 379 814 406 simul

664 422 726 442 cum
738 414 857 449 discipu-

665 450 698 478 lis
711 450 767 477 suis
782 450 865 478 intra-

666 486 704 513 vit
715 485 794 514 Jesus
811 487 837 513 in
853 492 899 513 na-

666 521 753 549 vicula
762 542 770 554 ,
786 522 832 549 sed
848 527 906 548 tan-

250 556 420 593 pliarnaum:
667 561 723 593 tum
745 558 863 593 discipu-

251 609 259 627 τ
278 610 285 617 .
308 594 319 618 t
334 591 462 619 tenebrae
666 592 686 619 li
699 593 757 627 ejus
774 591 897 621 abierant
913 602 920 620 :

247 626 306 662 jam
321 632 417 654 erant:
666 626 719 655 25.
732 628 803 656 aliae
816 633 907 657 autem

250 666 278 690 et
288 662 407 690 nondum
667 664 810 692 naviculae

250 703 360 725 venerat
373 697 452 726 Jesus
667 705 801 727 venerunt

248 733 283 761 ad
298 733 370 762 illos.
667 734 702 762 de
717 735 860 764 Tiberiade

253 790 261 797 .
300 788 307 795 .
347 788 355 796 .
395 788 403 796 .
443 788 450 795 .
491 789 498 797 .
668 777 753 805 prope
767 772 856 799 locum

251 804 304 840 £8.
316 812 414 840 magno
425 811 488 832 ven-
668 806 712 833 ubi
720 804 843 834 ’mandu-

252 845 280 868 to
294 839 375 868 ﬂante
387 860 395 873 ,
409 841 465 875 jam
668 847 801 870 caverunt

252 876 390 912 surgebat.
526 910 531 912 Α
668 884 777 911 panem.

250 910 309 940 t9.'
323 931 330 938 .
357 932 365 940 .
387 918 450 950 cum
465 910 546 938 remi-
668 910 714 950 24.
734 913 802 940 Cum
817 921 892 950 ergo.
915 936 921 942 .
938 931 950 935 -

286 967 295 975 .
319 952 394 976 ssent
407 948 446 974 le-
669 949 781 977 dissent.
803 969 810 976 .
831 948 854 976 ,ἐ

253 1004 260 1010 .
283 1003 290 1010 .
317 1003 325 1011 .
344 982 433 1010 stadia
447 990 503 1009 xxv
669 984 720 1012 bae
734 984 816 1019 quod.
840 1006 847 1012 .
870 1005 877 1013 .
902 1007 908 1013 .
932 1007 939 1013 .

249 1018 293 1047 vel
305 1019 434 1052 xxx,vi-
669 1027 722 1047 non
737 1018 764 1048 ἑ.
787 1041 794 1047 .
818 1041 824 1048 .
847 1041 853 1048 .
877 1041 883 1048 .
907 1042 915 1049 .
937 1037 960 1049 .-

250 1054 317 1092 deut
330 1054 421 1082 Jesum
437 1061 495 1081 am-
669 1063 722 1092 que
734 1055 771 1083 di.
795 1076 802 1082 .
824 1076 832 1083 .
853 1076 861 1084 .
883 1077 890 1084 .
905 1057 924 1085 li

251 1091 389 1118 bulantem
404 1097 449 1117 su-
669 1091 744 1126 ejus,
759 1099 856 1120 ast-en-

668 1127 767 1154 derunt
779 1135 845 1155 con-

667 1162 757 1190 festim
771 1162 799 1190 in
816 1171 861 1191 na-

667 1197 785 1231 viculas,
801 1203 828 1226 et
842 1207 887 1228 ve-

667 1238 768 1261 nerunt
780 1233 832 1262 Ca-
867 1259 869 1261 .

666 1268 816 1304 pbarnaum

250 1134 299 1162 pra
314 1132 388 1153 mare
401 1146 409 1158 ,
423 1130 451 1153 et

252 1169 337 1203 prope
351 1168 419 1202 nave

251 1198 311 1237 lien
319 1218 327 1231 ,
343 1201 455 1237 ιιιηυς,

250 1233 296 1262 20.
317 1237 390 1260 runt.
405 1231 508 1266 Quibus

249 1270 309 1304 ipse
320 1268 376 1296 ait:
390 1268 448 1303 Ego
463 1274 525 1295 sum
535 1288 544 1301 ,

250 1305 334 1332 nolite
347 1309 425 1332 time-
686 1311 830 1333 uaerentes

250 1340 294 1366 21.
317 1347 355 1366 re.
371 1340 410 1366 (al
424 1338 558 1366 Volebam
665 1313 711 1366 g5.
732 1340 830 1366 Iesum.

248 1340 294 1368 21.
317 1347 355 1368 re.
371 1340 410 1380 (α)
424 1338 558 1366 Volebam
665 1338 711 1368 25.
732 1340 836 1381 Iesum.
852 1341 887 1369 Et
901 1342 977 1371 iuve-

249 1376 431 1417 erg'o'accipe-
577 1393 582 1396 ~
666 1379 765 1417 nerunt
780 1376 857 1403 illum

250 1411 368 1439 re'illum
383 1411 410 1438 in
668 1414 742 1438 trans
756 1419 829 1438 mare
841 1432 849 1446 ,

667 1450 695 1473 et
707 1446 834 1473 dixerunt

667 1481 707 1518 illi
717 1491 731 1518 7:
748 1481 836 1509 Rabbi
849 1503 857 1515 ,
874 1485 883 1498 ι
895 1490 981 1518 quau-

666 1516 702 1545 do
717 1517 769 1545 hoc
782 1518 873 1544 venis—

665 1551 711 1580 26.
734 1552 771 1588 ti?
787 1553 938 1588 Respondit

666 1588 720 1615 illis
734 1587 815 1616 .lesus
825 1609 833 1621 ,
844 1587 941 1618 dicens
959 1599 965 1617 ε

666 1623 752 1651 Amen
764 1643 772 1655 ,
788 1632 868 1652 amett

666 1660 728 1687 dico
739 1660 815 1687 vovis
832 1669 840 1687 :

665 1695 797 1730 quaeritis
811 1703 856 1722 me

664 1738 718 1758 non
729 1731 739 1746 ¹
754 1731 816 1766 quia
837 1731 878 1759 vi-

664 1766 742 1794 distis
755 1767 831 1801 signa
844 1786 853 1799 ,

664 1801 701 1837 (e)
715 1806 744 1830 et
762 1802 883 1838 prodigia
899 1802 918 1838 -ξ
929 1824 937 1837 ,

250 1454 364 1475 navem:
379 1450 407 1473 et
421 1452 471 1472 na-

249 1482 290 1510 vis
301 1481 444 1510 confestim

249 1518 320 1546 facta
334 1521 377 1546 est
388 1516 423 1544 ad

249 1559 349 1582 terram
358 1573 366 1586 ,
382 1553 408 1580 in

248 1589 293 1617 22.
310 1595 365 1625 qua
378 1588 463 1615 ibant.
477 1586 525 1614 Al-

249 1630 307 1653 tera
322 1624 366 1652 die
379 1629 436 1651 tur—-

246 1660 299 1688 hae
307 1681 315 1693 ,
329 1667 399 1695 quae
411 1663 464 1686 sta-

247 1695 314 1724 bant
326 1700 401 1723 trans

247 1739 339 1765 mare,
354 1731 431 1759 vide-

246 1772 309 1795 runt
324 1768 385 1801 quia
399 1767 437 1795 al.
459 1781 482 1795 .-

246 1810 262 1831 a
277 1802 402 1831 navicula

1099 204 1142 232 l6.
1164 202 1231 233 Cum
1246 211 1338 235 autem
1351 214 1399 235 ve-

1096 247 1178 276 spere
1192 241 1290 269 factum

1097 282 1187 310 esset,
1201 277 1344 306 discende-

1098 317 1161 339 runt
1173 312 1296 348 discipuli

1097 347 1156 379 eius
1172 349 1204 375 ad
1219 347 1303 377 mare.

1099 383 1143 410 17.
1166 384 1198 411 Ει
1210 386 1389 414 ascendentes

1098 419 1248 447 naviculam
1260 442 1267 454 ,
1283 422 1375 450 venie-

1097 454 1162 482 bant
1176 459 1252 484 trans
1265 465 1323 484 nia-

1098 498 1128 518 re
1143 491 1169 518 in
1183 491 1344 521 Cafarnaum
1362 503 1369 521 :

1098 530 1125 553 et
1138 534 1198 554 cum
1209 527 1264 562 jam

1099 563 1225 590 tenebrae
1241 564 1326 592 factae

1098 603 1190 626 essent
1205 607 1212 625 :
1230 600 1350 628 nondum

1098 639 1210 662 venerat
1221 635 1254 662 ad
1268 643 1316 664 eos

1097 668 1188 697 Jesus.

1072 717 1074 720 -
1100 704 1144 732 18.
1165 705 1238 733 Mare
1251 711 1359 741 autem,

1098 740 1266 769 validissimo
1281 740 1360 771 vento

1099 775 1183 813 (laute
1192 798 1199 809 ,
1212 778 1334 813 insurge-

1100 811 1144 839 19.
1161 812 1234 840 bant.
1251 811 1358 842 Etcum

1100 848 1277 883 remigassent
1292 855 1345 877 sla-

1099 882 1143 910 dia
1159 882 1235 918 quasi
1248 892 1300 911 xxv

1099 919 1144 946 vel
1157 927 1215 946 xxx
1228 940 1235 952 ,
1253 920 1346 948 vident

1100 954 1192 982 Jesum
1209 956 1350 984 ambulan-

1102 994 1156 1017 tem
1170 997 1251 1025 SUpCl'
1265 1000 1323 1019 ma-

1102 1033 1132 1053 re
1144 1046 1151 1053 .
1167 1031 1194 1053 et
1206 1027 1282 1061 juxta
1297 1036 1344 1055 na-

1101 1069 1161 1089 vem
1175 1062 1250 1095 ﬁeri,
1266 1068 1295 1091 et

1102 1098 1249 1126 timuerunt
1262 1100 1319 1127 val-

1099 1132 1144 1160 20.
1165 1133 1209 1161 de.
1225 1134 1271 1162 Ille
1284 1140 1373 1164 autem

1099 1168 1167 1196 dixit
1186 1170 1248 1206 eisi:
1263 1170 1320 1206 Ego

1099 1211 1159 1231 sum
1169 1226 1176 1238 ,
1192 1205 1276 1234 nolite

1101 1240 1206 1269 timere.

1099 1274 1144 1302 21.
1167 1275 1204 1312 (a)
1222 1276 1355 1318 Yolebant
1368 1279 1388 1315 ~1-

1100 1318 1166 1346 ergo
1184 1320 1305 1348 recipere

1102 1354 1164 1374 eum
1178 1356 1204 1374 In
1219 1356 1269 1375 na-

1100 1382 1215 1410 viculam
1232 1392 1239 1411 :
1255 1389 1283 1412 et

1101 1420 1192 1445 statim
1208 1421 1284 1447 navis

1100 1454 1216 1481 accessit
1228 1455 1262 1482 ad

1102 1493 1199 1526 terram
1209 1510 1216 1523 ,
1231 1490 1321 1526 inqua

1101 1524 1185 1552 ibant.

1100 1559 1146 1586 22.
1167 1560 1259 1588 Altera
1271 1567 1361 1590 autem

1100 1594 1149 1632 die
1160 1596 1237 1623 turba
1249 1617 1255 1629 ,
1268 1605 1337 1632 quae

1100 1630 1188 1658 stabat
1203 1630 1278 1660 trans

1100 1673 1176 1694 mare
1189 1687 1196 1700 ,
1213 1668 1284 1695 vidit

1100 1702 1162 1738 quia
1181 1703 1316 1738 navigium

1100 1737 1166 1764 aliut
1181 1745 1234 1765 non
1248 1737 1309 1767 erat

1100 1772 1151 1810 nisi
1167 1781 1250 1810 unum
1268 1774 1305 1810 ψ)

1104 1807 1208 1845 ἱΙΙιη-ι-1
1223 1815 1250 1838 et
1262 1807 1322 1846 quia

905 1860 1023 1889 CODEX
1040 1862 1235 1895 BRIXIANUS.

245 1908 312 1947 Cttm
326 1913 416 1947 autem
430 1916 497 1947 serg
508 1909 607 1936 factum
620 1913 694 1947 esset
707 1909 1042 1947 descenderuntdiscipuli

245 1945 307 1980 ejus
320 1945 354 1972 ad
370 1952 454 1972 mare.
478 1944 511 1971 Et
529 1944 707 1972 ascendentes
728 1945 754 1972 in
770 1946 892 1973 navicula
908 1944 1042 1975 venerunt

246 1979 322 2008 trans
331 1987 404 2007 mare
410 1980 438 2007 in
445 1979 631 2015 Capltarnaum
639 1984 666 2007 et
673 1980 800 2007 tenebrae
806 1981 861 2015 jam
870 1980 955 2009 I'actae
964 1988 1043 2010 erant

244 2020 272 2044 et
287 2016 405 2043 nonduin
418 2021 528 2043 venerat
549 2016 581 2042 ad
599 2023 646 2043 eos
658 2015 750 2043 Jesus.
768 2016 840 2044 Mare
855 2022 946 2044 autem
960 2024 1042 2046 vento

244 2059 342 2087 magno
364 2052 455 2088 ﬂante.
479 2051 649 2088 exsurgebat.
671 2050 737 2078 Cum
762 2059 827 2086 ergo
850 2053 1039 2088 remigassent.

264 2088 321 2114 uasi
345 2087 432 2114 stadia
463 2087 555 2121 viginti
579 2088 708 2122 quinque.
733 2092 779 2114 aut
804 2087 929 2121 triginta.
950 2089 1043 2117 vident

264 2095 321 2114 uast
345 2095 432 2114 Statua
463 2095 555 2121 Viginti
579 2095 708 2122 quinque.
733 2095 779 2114 aut
804 2095 923 2121 triginta.
950 2095 1041 2117 vident

244 2095 336 2150 gesum
362 2122 545 2150 ambulantem
572 2130 654 2156 super
670 2130 755 2150 mare.
785 2128 812 2150 et
836 2130 920 2158 prope
945 2132 1041 2153 navent

244 2159 410 2186 venientem.
438 2163 466 2186 et
488 2159 645 2185 timuerunt.
682 2158 731 2185 llle
769 2164 860 2186 autem
883 2159 951 2187 dixit
990 2162 1040 2188 eis.

245 2194 304 2229 Ego
317 2202 377 2221 sum
402 2194 485 2221 nolite
513 2194 617 2221 timere.
635 2193 674 2230 (a)
691 2193 821 2221 Volebant
835 2194 856 2229 -ιι
869 2202 944 2229 ergo.
969 2197 1041 2224 acci-

244 2238 310 2265 pere
331 2237 392 2257 eunt
415 2231 440 2257 in
470 2238 575 2257 navem.
601 2234 628 2257 et
659 2230 750 2257 statim
776 2230 854 2257 navis
890 2230 960 2258 lucta
987 2237 1039 2259 est.

242 2264 410 2302 aditerram.
435 2264 462 2293 in
478 2273 558 2300 quam
579 2266 663 2302 ibant.
687 2265 779 2293 Altera
801 2266 854 2293 die.
881 2266 958 2294 turba
971 2275 1041 2302 quae

242 2301 332 2330 stabat
365 2305 440 2329 trans
466 2308 550 2329 mare.
580 2301 717 2330 viderunt.
743 2302 804 2336 quia
831 2302 954 2330 navicula
973 2301 1038 2331 alia.

1095 1921 1149 1941 nou
1171 1920 1229 1943 erat
1253 1916 1299 1944 ibi.
1323 1917 1374 1945 nisi
1396 1925 1450 1945 una
1474 1922 1502 1946 et

1515 215 1566 234 non
1579 207 1660 235 simul
1673 215 1767 236 ascen-

1514 243 1550 270 dil
1564 251 1624 270 cum
1640 243 1721 270 disci-

1514 279 1583 313 pulis
1597 280 1653 306 suis
1668 278 1747 308 Jesus

1516 315 1542 341 in
1559 322 1652 341 navem
1668 336 1674 346 ,
1691 315 1738 343 sed

1515 350 1564 377 soli
1579 350 1704 385 discipuli

1514 386 1572 419 ejus
1589 385 1697 413 fuerunt
1714 396 1719 412 :

1514 421 1559 448 25.
1581 426 1608 448 et
1623 421 1659 456 (ε)
1675 429 1735 450 cum

1514 464 1610 492 super-

1514 492 1653 529 venissent
1664 493 1684 529 -ι-

1515 528 1584 556 aliae
1599 536 1681 557 naves

1515 571 1530 590 a
1544 563 1704 597 Tiberiade.

1516 607 1585 635 quae
1601 600 1626 627 in
1645 608 1706 635 pro-

1516 636 1589 662 ximo
1603 641 1681 663 erant
1696 636 1739 664 lo-v

1515 677 1549 698 co
1557 691 1565 703 .
1581 670 1636 698 illic
1654 671 1699 700 ubi

1515 706 1745 735 manducaverant

1515 749 1612 805 ganem
1621 763 1629 776 ,
1647 750 1728 779 quem

1535 778 1693 805 enedtxerat

1535 778 1693 807 enedixerat

1516 813 1658 842 Dominus.

1516 848 1562 885 24.
1583 848 1650 877 Cum
1663 857 1729 885 ergo

1517 884 1648 913 vidissent
1663 884 1717 913 tur-

1517 919 1568 948 bae
1582 921 1654 956 qttod
1666 921 1712 949 1c-

1517 963 1564 983 sus
1579 964 1632 984 non
1648 961 1689 985 est

1517 991 1569 1026 ibi,
1586 1000 1675 1027 neque
1688 992 1729 1021 di-

1517 1028 1614 1065 scipuli
1627 1030 1687 1065 ejus
1698 1050 1706 1061 ,

1516 1063 1567 1101 (di)?
1576 1063 1738 1101 acceperunt

1515 1100 1568 1128 sibi
1586 1101 1638 1136 ipsi
1645 1100 1701 1129 'na-

1515 1136 1618 1164 viculas
1635 1137 1657 1172 -j-
1669 1157 1677 1170 ,
1690 1140 1718 1165 et

1515 1176 1650 1200 venerunt
1672 1174 1699 1200 in

1517 1205 1680 1235 Cafarnaum

1537 1250 1633 1271 uaercn
1637 1249 1687 1271 tes.

1537 1279 1562 1306 5.
1585 1279 1617 1306 Et
1632 1286 1694 1306 cum
1711 1278 1788 1307 inve-

1518 1313 1621 1342 nissent
1635 1322 1698 1342 eum

1520 1354 1595 1377 ιηηδ
1614 1357 1689 1377 mare
1697 1370 1706 1382 ν

1518 1384 1646 1414 dixerunt
1660 1385 1685 1414 ei
1702 1393 1709 1412 :

1518 1419 1605 1449 Rabbi
1617 1441 1626 1455 ,

1518 1457 1626 1489 quando

1518 1491 1562 1520 hic
1576 1494 1692 1522 venisti?

1516 1526 1563 1556 26.
1584 1527 1734 1565 Respondit

1516 1568 1606 1591 autem
1622 1563 1662 1592 eis
1674 1563 1721 1592 Je-

1516 1606 1563 1627 sus
1573 1619 1581 1632 ,
1595 1604 1624 1627 et
1637 1600 1704 1628 dixit
1718 1607 1726 1625 :

1516 1635 1617 1668 Arnen.
1638 1642 1716 1663 amen

1516 1670 1579 1698 dico
1593 1671 1670 1699 vobis
1691 1677 1699 1699 :

1516 1707 1645 1741 quaeritis
1659 1713 1703 1734 me

1517 1749 1572 1777 non
1586 1742 1648 1777 quia
1663 1742 1703 1770 vi-

1517 1776 1602 1805 distis’
1610 1778 1685 1812 signa
1698 1777 1745 1813 (e),

1519 1816 1547 1840 et
1559 1812 1680 1849 prodigia
1690 1813 1710 1849 -ι-
1720 1812 1728 1847 Α

1525 1918 1589 1960 quia
1611 1925 1665 1960 non
1681 1917 1762 1960 simul
1787 1918 1901 1960 intravit

1093 1948 1174 1988 {esus
1199 1959 1259 1988 cum
1285 1952 1425 1988 discipulis
1446 1954 1503 1981 suis
1533 1948 1561 1982 in
1603 1955 1736 1982 navicula.
1764 1954 1810 1982 sed
1845 1953 1901 1981 soli

1095 1985 1219 2022 discipuli
1233 1987 1291 2022 ejus
1315 1985 1448 2017 abierant.
1474 1990 1543 2017 aliae
1566 1998 1631 2018 vero
1647 1992 1739 2017 'naves
1765 1993 1901 2017 venerunt

1095 2028 1110 2047 a
1136 2021 1278 2051 Tiberiade
1302 2024 1377 2057 juxta
1399 2025 1499 2053 locum.
1525 2025 1570 2053 ubi
1596 2026 1823 2053 manducaverant
1851 2033 1902 2059 pa—

1096 2064 1168 2096 nem.
1195 2066 1290 2096 quemA
1301 2060 1440 2088 benedixit
1466 2061 1606 2089 Dominus.
1621 2061 1688 2089 Cum
1704 2069 1769 2096 ergo
1783 2061 1902 2088 vidisset

1097 2094 1262 2133 turba._quia
1276 2094 1423 2133 Jesusnnn
1440 2102 1512 2133 esset
1523 2096 1571 2125 ibi.
1588 2105 1676 2133 neque
1685 2094 1811 2133 discipuli
1824 2096 1898 2129 ejus.

1098 2129 1278 2158 ascenderunt
1305 2131 1447 2159 confestim
1475 2132 1501 2160 in
1530 2129 1677 2160 naviculas.
1708 2138 1735 2161 et
1755 2129 1901 2160 'venerunt

1097 2163 1282 2199 Capharnaum
1299 2173 1459 2208 quaerentes
1473 2168 1587 2208 _Je_su_m._
1597 2169 1630 2196 Et
1650 2169 1815 2208 invenerunt
1832 2175 1899 2208 eum

1097 2204 1171 2240 Lrans
1180 2202 1445 2240 mare.‘et_dixerunt
1455 2204 1490 2240 ei.
1502 2203 1588 2232 Rahbi
1601 2204 1710 2240 quando
1721 2204 1774 2240 huc
1784 2203 1897 2240 venisti.

1095 2233 1291 2274 Responditeis
1302 2237 1391 2266 Jesus.
1407 2244 1435 2267 et
1449 2239 1518 2274 dixit
1527 2233 1618 2268 Anicii
1628 2247 1709 2268 amen
1724 2239 1786 2267 dico
1802 2239 1896 2274 vobis.

1095 2272 1284 2304 quaeritisme.
1300 2275 1423 2310 nonquia
1433 2272 1536 2303 vidistis
1550 2275 1626 2311 signa
1645 2275 1683 2311 (e)
1698 2280 1725 2304 et
1731 2274 1852 2311 prodigia
1862 2273 1897 2309 ’ξπ

883 2361 1000 2390 CODEX
1019 2362 1270 2401 CORBEIENSISJ

278 2407 322 2436 I9.
343 2406 429 2435 stadia
440 2404 536 2442 viginti
551 2405 593 2442 vel
607 2406 728 2441 triginta.

246 2478 263 2484 υ.
276 2443 322 2471 21.
341 2441 484 2471 confestim
508 2441 584 2470 navis
601 2442 671 2470 facta
698 2446 740 2469 est
763 2442 797 2470 ad
823 2447 938 2478 terram,
959 2451 1040 2480 quam

245 2478 397 2549 magicum
419 2522 473 2543 non
497 2513 619 2542 introivit
632 2513 712 2542 Jesus
729 2513 810 2542 simul
826 2521 888 2543 cum
902 2515 1042 2551 discipulis

1096 2412 1193 2452 suis_in
1207 2421 1303 2452 navem
1315 2434 1322 2448 ,
1339 2414 1386 2442 sed
1401 2414 1453 2443 soli
1466 2414 1591 2451 discipuli
1606 2416 1675 2452 ejus.

1129 2448 1175 2488 25.
1198 2450 1267 2478 aliae
1297 2457 1372 2479 vero.
1400 2470 1408 2478 .
1436 2471 1443 2479 .
1470 2448 1583 2487 pauein,
1614 2448 1695 2488 quem
1718 2450 1902 2480 benedixerat

1095 2483 1236 2514 Dominus.

869 2572 1065 2604 VARIANTES
1082 2575 1284 2606 LECTIONES.

271 2620 280 2635 ι
299 2619 358 2651 Mm.
371 2617 491 2651 quomodo
502 2618 558 2651 huc.
573 2618 646 2651 Vulg.
657 2619 754 2649 quando
764 2619 822 2644 huc.

239 2651 249 2672 r
271 2651 282 2666 ¹
300 2650 354 2685 _Gat.
366 2650 423 2685 quia
434 2650 553 2685 quaeritis
569 2650 639 2685 κυρτζ.
660 2651 730 2685 signa
748 2654 774 2675 et
786 2650 897 2685 prodigia
909 2672 916 2684 ,
928 2652 973 2678 sed
983 2654 1041 2685 quia

239 2681 404 2708 manducastis
415 2687 447 2706 ex
459 2681 561 2712 panibus
572 2681 644 2712 meis,
655 2684 690 2706 et.
703 2682 764 2706 Mm.
775 2681 833 2712 quia
844 2681 963 2714 quaeritis
972 2681 1042 2710 uie...

1093 2624 1171 2655 signa,
1184 2624 1228 2659 sed
1248 2625 1488 2659 quiaAmauducastis
1507 2632 1605 2659 panem,
1624 2629 1659 2652 et.
1670 2626 1757 2659 WYulg.
1774 2626 1902 2658 quaeritis

1093 2661 1164 2680 me...
1177 2657 1257 2687 signa,
1271 2656 1316 2682 sed
1328 2658 1385 2689 quia
1397 2656 1561 2687 mauducaistis
1572 2656 1605 2683 ex
1621 2656 1781 2690 panibus,'et.

903 2726 1087 2757 BLANCHINI
1105 2729 1219 2759 ΝΟΤιΕ.

276 2770 316 2816 (αεὶ
330 2771 373 2816 lla
382 2776 410 2799 et
422 2769 702 2816 feglﬁr-jecgw-r
716 2769 754 2814 (9)
775 2772 855 2816 {lthii
872 2772 954 2816 illud,
969 2776 1128 2816 etiamntex.
1148 2777 1298 2816 cesam.
1314 2794 1360 2816 7——
1377 2781 1412 2816 (c)
1435 2781 1473 2809 lta
1487 2785 1514 2809 et
1532 2780 1835 2812 οοά.ῧ3η1.ἒλθόντων.
1857 2797 1901 2803 —-

239 2804 288 2843 (ἀγ
298 2804 333 2846 lla
348 2811 375 2834 et
383 2807 446 2834 cod.
458 2807 535 2859 cani;
547 2804 637 2848 ἔλαϐον
649 2806 748 2859 eamut;
758 2807 885 2845 πλοιάρια.
898 2808 975 2843 ——(e)
997 2810 1079 2859 quam
1091 2818 1117 2838 et
1133 2804 1364 2859 ρςοάίάὶῖιῖὲιῑδιη
1376 2804 1897 2859 ἰτᾌά,Ἐςιῇ.”ῖᾱι.“ἑι’”‹ἷτῖ“ἑῖιῐὲῥὶτα.

241 2849 291 2859 nan
300 2847 361 2859 Innn
377 2850 436 2859 ιΙΔιιέ
475 2848 511 2859 .nl
536 2849 588 2859 \Inl‘l
621 2849 653 2859 [ιτ
686 2850 702 2859 ll
712 2850 756 2859 ισιη
782 2851 832 2859 non
859 2851 884 2859 I"
921 2851 981 2859 “nunc
1080 2853 1105 2859 ..ι
1120 2855 1152 2859 ..μ
1169 2854 1224 2859 -.ηπ

240 2841 361 2877 necjnon
377 2850 447 2870 vers.
463 2842 590 2870 Gottbica
602 2863 609 2876 ,
621 2849 654 2870 ex
670 2841 767 2871 Johan.
782 2841 841 2879 cap".
858 2851 884 2871 tv
896 2864 904 2878 ,
921 2841 992 2872 vers.
1012 2845 1064 2880 48,
1080 2853 1108 2874 ut
1120 2841 1235 2877 videtur.
