4042 6192
340 230 432 285 595

1328 231 1782 289 EVANGELIUM
1822 234 2189 294 SLCUNDUM
2228 232 2614 291 JUllANNEM.

717 346 948 404 CODEX
988 346 1527 406 VERCELLENSIS.

337 437 423 492 sed
452 437 582 505 quia
622 454 772 496 man-

337 507 573 567 ducastis
598 510 664 567 de

338 581 600 649 panibus,
630 589 685 637 et
714 596 800 638 sa-

341 653 499 706 turati
532 652 681 708 estis.

339 721 424 776 27.
464 724 774 793 Operamini

341 809 442 848 non
472 808 652 851 escam
679 836 695 861 ,

342 879 471 935 quae
496 866 637 934 perit
664 908 679 929 ,
710 866 805 923 sed

342 951 511 991 escam
535 979 550 1001 ,
584 953 724 1007 quae

343 1018 514 1062 manet
542 1007 600 1063 in
625 1008 711 1063 vi-

345 1088 441 1133 tam
468 1086 771 1146 aeternam,

344 1164 491 1220 quam
524 1149 699 1207 Filius

342 1219 569 1275 hominis
599 1222 696 1275 da-

340 1293 409 1345 vit
436 1291 614 1346 vobis.
646 1291 802 1349 Hunc

340 1364 471 1418 enim
500 1361 663 1419 Pater

343 1435 354 1465 ¹
392 1434 619 1504 signavit
654 1435 815 1490 Deus.

338 1504 419 1577 28.
446 1505 726 1577 Dixerunt
743 1519 875 1577 ergo

337 1576 395 1630 ad
424 1576 573 1631 illum
606 1595 619 1630 :
650 1576 790 1647 Quid

338 1647 587 1702 faciemus
617 1658 680 1704 ut

340 1732 622 1788 Operemus

339 1804 491 1858 opera
526 1789 625 1846 Dei
650 1791 675 1842 ?

336 1860 419 1916 29.
462 1860 762 1930 Respondit
791 1859 901 1915 illis

338 1930 488 1987 Jesus
510 1974 525 1998 ,
558 1941 616 1987 et
642 1932 779 1987 dixit
809 1949 822 1985 :

340 2002 444 2059 Hoc
469 2011 554 2059 est
582 2017 719 2072 Opus

339 2074 425 2129 Dei
456 2115 472 2141 ,
505 2083 566 2129 ut
590 2073 784 2131 creda-

338 2146 403 2199 tis
430 2146 483 2199 in
510 2161 636 2200 eum
662 2159 824 2217 quem

344 2217 485 2272 misit
511 2216 623 2272 ille.

339 2288 422 2343 50.
463 2287 730 2343 Dixerunt
757 2301 891 2358 ergo

339 2360 407 2414 illi
438 2377 453 2412 :
486 2358 642 2428 Quod
671 2373 801 2429 ergo

338 2430 465 2486 facis
493 2440 551 2485 tu
580 2433 793 2501 signum
817 2471 833 2496 ,

340 2513 391 2556 ut
419 2502 703 2557 videamus
718 2543 733 2567 ,

341 2584 389 2628 et
414 2573 702 2629 credamus

341 2644 431 2699 tibi
451 2645 475 2699 ἲ
504 2643 634 2714 quid
665 2657 795 2714 ope-

338 2715 422 2771 51.
462 2715 644 2770 raris?
670 2714 858 2770 Patres

340 2786 504 2857 nostri
526 2801 683 2841 mana

343 2858 671 2913 ducaverunt

343 2944 525 2984 manna
552 2928 611 2983 in
639 2927 737 2983 di-

344 3010 479 3057 serto
498 3041 515 3067 ,
543 2999 686 3055 sicut
705 3013 763 3054 s-

346 3072 564 3142 criptum
594 3079 680 3127 est
693 3088 722 3142 Δε

439 3142 641 3197 Panem
674 3140 744 3196 de

442 3212 594 3269 caelo
622 3212 774 3268 dedit

441 3285 546 3339 illis
574 3299 730 3338 man-

442 3354 662 3411 ducare.

345 3424 428 3479 52.
466 3424 826 3497 Bespondens
848 3423 1035 3492 Jesus,

346 3496 469 3551 dixit
497 3496 607 3553 illis
635 3514 651 3555 :

346 3566 507 3624 Amen
525 3610 542 3637 ,
567 3582 727 3625 amen

344 3637 459 3695 dico
488 3640 648 3697 vobis
680 3658 696 3696 :
726 3637 844 3695 Non

342 3850 433 3906 sed
458 3848 581 3920 quia
611 3847 979 3904 manducastis
1008 3848 1367 3920 exhpanibus.
1412 3855 1468 3904 et
1519 3848 1742 3920 saturati
1790 3848 1943 3903 estis.

345 3918 647 3992 Operamini
674 3929 1011 3992 autemnon
1042 3918 1243 3975 cibum.
1274 3918 1367 3988 qui
1398 3923 1571 3992 perit;
1603 3918 1724 3992 sed
1767 3920 1945 3992 cibum

344 3990 428 4062 qui
457 4006 738 4063 permanet
767 3991 821 4046 in
849 3991 1013 4045 vitam
1034 4001 1511 4063 aeternamque"!
1533 3990 1947 4063 Filiusbominis

348 4062 490 4119 dabit
520 4062 677 4118 vobis
696 4062 849 4117 Hunc
867 4065 1011 4117 enim
1044 4062 1203 4117 Pater
1224 4064 1455 4128 signavit
1490 4062 1655 4118 Deus.
1685 4062 1948 4117 Dixerunt

346 4149 469 4205 ergo
492 4135 559 4189 ad
588 4150 735 4205 eum.
759 4133 898 4200 Quid
922 4133 1202 4188 faciemus.
1232 4140 1290 4188 ut
1308 4149 1606 4205 operemur
1632 4147 1792 4205 opera
1818 4134 1941 4205 Dei.

345 4203 640 4274 Respondit
681 4204 861 4261 Jcsus.
907 4215 964 4260 et
999 4205 1134 4259 dixit
1168 4205 1269 4259 eis.
1303 4204 1416 4259 Huc
1447 4214 1529 4260 est
1562 4219 1700 4274 opus
1733 4203 1849 4258 Dei.
1884 4212 1945 4259 ut

344 4274 575 4333 credatis
600 4278 653 4330 in
670 4291 794 4332 eum
806 4291 965 4345 quem
988 4276 1079 4331 ille
1102 4277 1265 4330 misit.
1283 4274 1784 4344 Dixeruntei.Quod
1811 4289 1942 4344 ergo

348 4357 401 4402 tu
412 4346 791 4417 signumfacis.
809 4348 1156 4401 utvideamus
1168 4348 1521 4402 etcredamus
1534 4346 1787 4417 tibiquid
1812 4361 1943 4415 ope-

346 4421 499 4473 raris.
524 4419 714 4474 Patres
736 4419 905 4473 nostri
938 4430 1133 4472 manna
1158 4417 1621 4473 manducaveruut
1648 4425 1701 4471 in
1724 4417 1943 4472 deserto

347 4492 479 4544 sicut
505 4489 767 4545 scribtum
798 4496 902 4545 est.
934 4488 1132 4544 Panem
1159 4488 1227 4544 de
1260 4490 1414 4545 caelo
1437 4489 1587 4544 dedit
1608 4489 1689 4544 eis
1717 4490 1944 4543 nnindu-

346 4575 485 4631 care.
516 4560 671 4616 Dixit
714 4575 842 4631 ergo
878 4560 961 4616 eis
998 4559 1175 4615 Jesus.
1213 4562 1384 4631 Amen
1412 4575 1571 4616 amen
1612 4561 1737 4616 dico
1765 4558 1942 4614 vobis.

347 4629 460 4689 Non
484 4632 702 4704 Moyses
725 4629 876 4688 dedit
901 4632 1054 4687 vobis
1098 4646 1290 4701 panem
1330 4630 1399 4688 de
1439 4633 1611 4689 caelo.
1643 4633 1738 4687 sed
1784 4632 1946 4686 Pater

416 4839 504 4911 50.
542 4838 673 4911 quid
701 4838 848 4911 enim
872 4839 1163 4909 operaris?

1166 440 1379 512 Moyses
1407 438 1556 494 dedit

1166 512 1321 565 vobis
1352 526 1542 579 panem

1167 581 1236 638 de
1268 583 1419 637 caelo
1442 624 1457 643 .
1488 582 1580 638 sed

1168 653 1327 709 Pater
1352 667 1503 708 meus

1169 723 1261 779 dat
1296 724 1451 778 vobis
1480 739 1571 793 pa-

1166 810 1289 851 nem
1317 795 1384 849 de
1410 795 1561 850 caelo

1166 866 1316 921 illum
1346 866 1366 899 ⁸
1397 881 1605 921 verum.

1166 937 1254 992 55.
1298 936 1458 992 Panis
1488 937 1633 992 enim

1170 1006 1263 1063 Dei
1292 1017 1411 1079 est,
1442 1009 1532 1079 qui
1561 1009 1684 1065 des-

1165 1079 1346 1134 cendit
1378 1078 1446 1134 de
1464 1078 1595 1135 ’cae—

1166 1150 1216 1203 lo
1243 1191 1257 1215 ,
1288 1158 1342 1205 et
1366 1150 1527 1205 vitam

1163 1219 1257 1275 dat
1289 1220 1413 1276 huic
1444 1237 1599 1276 mun—

1164 1291 1253 1347 54.
1295 1292 1386 1346 do.
1420 1292 1681 1348 Dixerunt

1164 1376 1294 1433 ergo
1320 1364 1386 1417 ad
1414 1362 1563 1417 illum
1594 1381 1607 1418 :

1166 1432 1391 1505 Domine
1415 1474 1431 1500 ,
1463 1449 1681 1505 semper

1163 1503 1230 1559 da
1256 1505 1410 1561 nobis
1437 1505 1580 1560 hunc

1163 1590 1380 1645 panem.

1165 1646 1256 1703 55.
1295 1647 1385 1703 Ait
1417 1647 1523 1720 illis
1549 1647 1707 1705 Jesus
1750 1668 1761 1704 :
1805 1647 1919 1720 Ego

1164 1732 1283 1773 sum
1319 1719 1470 1789 panis
1497 1720 1575 1773 vi-

1164 1797 1251 1843 tae
1286 1807 1300 1844 :
1332 1790 1423 1859 qui
1452 1790 1596 1845 venit

1164 1860 1230 1915 ad
1259 1875 1376 1928 me,
1406 1876 1510 1916 non
1548 1876 1606 1917 e-

1165 1933 1336 1987 suriet
1366 1950 1377 1985 :
1410 1942 1460 1987 et
1487 1932 1578 2002 qui

1164 2003 1347 2059 credet
1376 2044 1390 2068 ,
1422 2018 1527 2057 non

1164 2074 1312 2130 sitiet
1336 2088 1594 2143 unquam.

1165 2144 1257 2200 56.
1297 2144 1403 2201 Sed
1432 2145 1543 2200 dixi
1576 2159 1672 2201 vo-

1166 2217 1251 2287 bis
1276 2258 1292 2283 ,
1320 2216 1577 2287 quoniam

1161 2296 1216 2343 et
1240 2286 1261 2319 ³
1292 2286 1485 2343 videtis
1508 2328 1523 2353 ,
1552 2296 1607 2345 et

1162 2373 1269 2413 non
1287 2359 1461 2415 credi-

1162 2430 1255 2503 57.
1279 2431 1371 2503 tis.
1391 2429 1585 2503 Omne,
1606 2430 1751 2503 quod

1164 2500 1255 2555 dat
1286 2501 1414 2556 milii
1438 2501 1618 2568 Pater,

1167 2571 1235 2626 ad
1256 2587 1343 2628 me
1368 2571 1515 2627 venit
1541 2587 1555 2624 :

1168 2652 1224 2699 et
1252 2643 1342 2712 qui
1369 2644 1518 2698 venit

1169 2712 1237 2767 ad
1263 2728 1369 2778 me,
1389 2728 1495 2767 non
1528 2712 1643 2769 abi-

1170 2783 1261 2857 58.
1281 2784 1513 2857 cio_eum
1542 2800 1557 2839 :
1589 2799 1724 2854 quo—
1796 2852 1801 2857 ,

1171 2856 1314 2911 niam
1346 2855 1571 2911 descen-

1172 2924 1227 2981 di
1252 2926 1320 2981 de
1344 2927 1517 2995 caelo,
1546 2941 1651 2983 non

1174 3008 1234 3053 ut
1257 2997 1450 3054 faciam

1169 3069 1498 3125 voluntatem

1169 3155 1364 3206 meam,
1404 3141 1499 3195 sed
1529 3140 1666 3210 ejus,

1168 3213 1258 3280 qui
1286 3226 1373 3268 me
1402 3211 1545 3266 misit

1169 3282 1258 3338 59.
1292 3282 1365 3353 (c)
1389 3283 1563 3338 Patris
1589 3281 1653 3353 1-.
1686 3281 1829 3339 Haec

1168 3362 1257 3409 881.
1282 3364 1461 3409 autem
1487 3368 1585 3409 V0-

1168 3423 1347 3496 luntas
1370 3425 1513 3496 ejus,

1168 3495 1263 3566 qui
1283 3495 1429 3551 misit
1445 3496 1546 3551 Pa-

1169 3567 1265 3622 tris
1289 3584 1303 3621 :
1332 3578 1389 3622 ut
1413 3580 1595 3631 omne,

1167 3636 1312 3709 quod
1336 3638 1485 3694 dedit
1509 3637 1531 3668 ⁸
1550 3637 1651 3693 mi-

2456 347 2685 405 CODEX
2724 349 3178 406 VERONENSIS.

2030 441 2126 498 sed
2154 441 2278 510 quia
2316 454 2467 496 man-

2029 512 2266 567 durastis
2295 512 2363 567 de

2028 584 2259 653 panibus
2283 624 2298 643 .
2331 590 2386 639 et

2027 654 2205 709 satiati
2237 654 2389 709 estis.

2027 724 2120 781 27.
2160 723 2472 796 Operamini

2027 811 2207 852 escam
2234 838 2248 859 ,
2287 810 2393 850 non

2026 882 2163 938 quae
2192 867 2361 935 perit,

2026 939 2121 994 sed
2148 952 2363 1020 escam)
2396 950 2536 1018 quae

2028 1019 2307 1078 permanet
2331 1019 2385 1062 in
2415 1022 2495 1062 vt—

2027 1088 2134 1134 tam
2169 1091 2466 1141 aeternam,

2025 1166 2185 1221 quam
2209 1149 2379 1204 Filius

2026 1219 2260 1276 hominis
2299 1219 2446 1275 dabit

2027 1292 2202 1348 vobis.
2236 1294 2389 1345 tlunc

2025 1364 2171 1419 enim
2201 1363 2360 1417 Pater

2026 1434 2261 1505 signavit
2293 1434 2457 1505 Deus.

2024 1503 2116 1561 28.
2153 1505 2412 1559 Dixerunt
2441 1503 2600 1573 igitur

2024 1576 2090 1631 ad
2120 1591 2243 1630 eum
2278 1594 2292 1630 :
2324 1573 2462 1643 Quid

2024 1645 2285 1702 faciemus
2309 1657 2368 1701 ut

2026 1732 2315 1786 operemus
2333 1730 2462 1786 ope-

2025 1788 2118 1843 29.
2142 1805 2255 1844 ram
2289 1788 2419 1842 Dei?
2448 1787 2552 1843 Re

2027 1861 2242 1930 spondit
2264 1858 2442 1925 Jesus,

2029 1939 2086 1986 et
2112 1932 2246 1985 dixit
2267 1932 2347 1985 eis
2369 1947 2381 1983 :

2030 2002 2146 2058 Hoc
2166 2011 2252 2057 est
2276 2015 2413 2069 Opus

2029 2072 2147 2135 Dei.
2173 2081 2232 2127 ut
2257 2070 2491 2128 credatis

2028 2143 2085 2199 in
2116 2159 2245 2216 eum
2257 2159 2419 2216 quem

2031 2216 2147 2287 ipse
2164 2214 2344 2287 misit.

2032 2286 2121 2342 50.
2160 2286 2421 2342 Dixerunt
2447 2298 2578 2354 ergo

2037 2358 2085 2412 ei
2116 2374 2131 2413 :
2163 2356 2317 2424 Quod
2338 2366 2520 2411 autem

2038 2436 2095 2482 tu
2118 2427 2250 2483 facis
2276 2429 2511 2497 signum,

2038 2508 2098 2553 ut
2124 2498 2426 2561 videamus,

2038 2577 2093 2624 et
2116 2568 2397 2623 credamus

2040 2640 2135 2695 tibi
2153 2638 2177 2692 ?
2197 2639 2325 2709 quid
2352 2651 2480 2710 ope-

2037 2710 2210 2765 raris?

2038 2781 2129 2837 51.
2170 2781 2359 2836 Patres
2389 2780 2559 2835 nostri

2038 2866 2235 2907 manna
2263 2851 2492 2907 mandu-

2038 2931 2297 2980 caverunt
2322 2922 2376 2977 in

2038 2993 2278 3057 deserto,
2305 2995 2448 3049 sicut

2038 3067 2301 3135 scriptum
2321 3074 2405 3120 est
2428 3082 2443 3119 :

2038 3135 2243 3192 Panem
2270 3135 2339 3191 de
2360 3135 2515 3191 caelo

2039 3207 2190 3264 dedit
2213 3209 2293 3264 eis
2324 3222 2475 3263 man-

2038 3278 2259 3334 ducare.

2039 3350 2129 3406 52.
2165 3348 2306 3404 Dixit
2323 3358 2503 3405 autem

2039 3422 2119 3476 eis
2144 3420 2301 3476 Jesus
2325 3437 2339 3473 :
2370 3420 2566 3486 Amen,

2039 3505 2196 3547 amen
2224 3490 2347 3546 dico

2037 3563 2194 3634 vobis
2225 3579 2250 3634 :A
2270 3560 2567 3634 Nou‘Moy-

2039 3647 2130 3689 ses
2153 3632 2302 3689 dedit
2323 3631 2475 3687 vobis

1662 3752 1901 3810 CODEX
1936 3748 2334 3807 BRIXIANUS.

2054 3860 2207 3901 meus
2242 3843 2335 3899 dat
2361 3843 2514 3900 vobis
2539 3857 2734 3913 panem
2762 3843 2829 3901 de
2858 3845 3027 3903 caelo.
3062 3845 3224 3904 Panis
3252 3851 3396 3907 enim
3428 3854 3520 3911 Dei
3546 3868 3650 3915 est.

2050 3917 2141 3986 qui
2170 3915 2453 3971 descendit
2477 3916 2544 3970 de
2571 3917 2742 3969 caelo.
2771 3924 2826 3972 et
2850 3917 2941 3972 dat
2974 3928 3133 3973 Vitam
3162 3923 3288 3977 huic
3308 3927 3529 3982 mundo.
3567 3931 3654 3985 Di-

2050 3996 2247 4066 xerunt
2267 4002 2398 4066 ergo
2427 3989 2642 4066 _a_d_eui_n
2671 3987 2919 4066 Domine.
2949 3992 3247 4061 Semperda
3278 3999 3431 4050 nobis
3460 4016 3652 4066 panem

2049 4059 2214 4142 hunc.
2248 4060 2362 4142 ..Ει
2406 4058 2539 4112 dixit
2568 4060 2645 4113 eis
2679 4057 2843 4142 Jesus
2868 4061 2979 4142 Ego
3011 4057 3129 4142 sunt
3174 4066 3328 4142 panis
3369 4057 3529 4127 Vitae.
3561 4075 3655 4142 qui

2050 4131 2195 4185 venit
2214 4130 2279 4185 ad
2307 4133 2771 4202 me_..nun_esuriet
2798 4141 2852 4184 et
2873 4135 2961 4202 qui
2984 4133 3150 4187 credit
3172 4130 3221 4189 in
3250 4152 3353 4193 me.
3378 4157 3483 4195 nun
3508 4130 3655 4198 sitiet

2050 4217 2323 4270 umquam.
2378 4200 2486 4256 Sed
2535 4200 2647 4256 dixi
2694 4202 2863 4257 vobis.
2890 4200 3038 4270 'qtna
3086 4205 3297 4261 vidistis
3343 4226 3428 4266 me
3475 4223 3651 4269 etnon

2051 4272 2377 4328 credidistis.
2425 4272 2597 4326 Omne
2648 4273 2791 4342 quod
2841 4274 2990 4330 dedit
3024 4275 3156 4330 mibi
3210 4278 3386 4335 Pater.
3440 4286 3507 4337 ad
3568 4302 3654 4342 me

2052 4345 2250 4420 veniet.
2280 4352 2339 4420 ct
2365 4358 2503 4420 eum
2519 4343 2608 4414 qui
2649 4346 2828 4420 veniet
2867 4349 3068 4420 autne.
3099 4364 3203 4401 non
3233 4354 3454 4420 expello
3486 4357 3649 4412 foras.

2051 4416 2305 4486 quoniam
2330 4413 2450 4469 ideo
2472 4413 2728 4486 deacendi
2755 4415 2822 4468 de
2843 4415 3017 4471 caelo.
3044 4432 3151 4471 non
3180 4429 3235 4473 ut
3255 4413 3445 4478 iaciam
3463 4428 3654 4482 volun-

2052 4484 2215 4541 tatem
2237 4500 2411 4541 meam
2438 4484 2532 4557 sed
2568 4484 2900 4541 voluntatem
2929 4488 3047 4557 ejus
3075 4489 3164 4557 qui
3199 4506 3284 4546 me
3312 4497 3476 4549 misit.
3509 4498 3653 4553 Haec

2051 4564 2137 4613 est
2158 4568 2348 4635 autern
2365 4556 2613 4635 voluntas
2645 4557 2780 4627 ejus.
2806 4560 2895 4627 qui
2926 4556 3010 4629 (ά)
3046 4556 3132 4615 me
3157 4562 3380 4635 misit-jx
3409 4576 3466 4623 ut
3489 4582 3653 4624 omne

2053 4629 2195 4699 quod
2227 4628 2379 4681 dedit
2402 4628 2505 4682 mi-

1648 4740 1885 4801 CODEX
1919 4737 2392 4800 COBBEIENSIS.

2050 4836 2344 4912 est,_qui.
2370 4835 2440 4894 de
2495 4837 2651 4894 coelo
2690 4826 3014 4909 descendit,
3068 4850 3124 4899 et
3166 4842 3259 4899 dat
3312 4845 3476 4905 vitam
3528 4850 3656 4912 huic

418 4910 504 4967 52.
550 4909 744 4982 panem
774 4910 844 4967 de
876 4912 1034 4967 coelo
1058 4911 1211 4967 illum
1238 4925 1446 4969 verum.
1483 4910 1582 4968 Dei
1613 4909 1759 4968 enim
1787 4911 1943 4982 panis
2052 4909 2277 4965 mundo.

1600 5022 1994 5082 VARIANTES
2029 5021 2435 5081 LEC'I‘IONES.

418 5121 438 5258 ἒ
467 5121 585 5258 iiii
612 5119 1459 5258 iiiig'i-‘iiiiri’ii’f’éiilil‘ianis
1482 5185 1635 5258 enim.

418 5244 439 5276 ³
470 5245 576 5296 Gut.
610 5246 814 5307 vidistis,
838 5253 907 5298 et.
942 5244 1086 5311 Vulg.
1115 5244 1300 5298 vidisiis
1319 5261 1416 5311 me,
1446 5254 1516 5299 et.

2860 457 3055 511 panem
3084 443 3152 498 de
3170 457 3293 499 cae-

2867 513 2936 577 lo,
2968 513 3063 566 sed
3094 513 3253 569 Pater

2860 598 3015 639 meus
3043 584 3135 637 dat
3158 600 3256 640 vo-

2864 655 2947 710 bis
2975 670 3169 725 panem
3190 656 3261 712 de

2860 726 3017 782 caelu
3037 726 3186 780 illum

2860 812 3047 851 verum
3072 811 3287 866 panem.

2859 868 2949 923 55.
2984 868 3144 922 Panis
3164 869 3307 923 enim

2865 940 2958 993 Dci
2978 949 3082 997 est.
3113 941 3203 1009 qui

2865 1010 3147 1065 desrendit
3169 1011 3238 1065 de

2865 1080 3040 1141 caelo.
3071 1093 3124 1137 et
3142 1083 3304 1137 vitam

2869 1150 2947 1223 (a)
2975 1151 3111 1208 dans
3139 1153 3180 1222 ἰ·
3210 1155 3332 1209 huic

2868 1223 3096 1277 mundo.

2868 1294 2957 1368 55.
3004 1294 3264 1368 Dixerunt
3288 1311 3417 1368 ergo

2869 1365 2937 1420 ad
2968 1381 3091 1420 eum
3129 1384 3141 1418 ε
3169 1367 3273 1420 Do-

2870 1437 3035 1495 mine.
3070 1451 3288 1502 semper

2867 1507 2936 1562 da
2958 1508 3115 1563 nobis
3137 1507 3281 1565 hunc

2869 1593 3085 1647 panem.

2872 1650 2962 1705 55.
2992 1651 3132 1704 Dixit
3153 1650 3235 1707 eis
3259 1651 3353 1709 Je-

2873 1733 2965 1775 sus
3000 1737 3013 1773 :
3048 1722 3162 1791 Ego
3189 1736 3309 1778 sum

2874 1807 3042 1861 panes
3069 1803 3213 1848 Vitae
3238 1811 3251 1846 :

2872 1864 2963 1932 qui
2990 1864 3136 1918 venit
3158 1863 3226 1919 ad

2871 1950 2981 1999 me,
3007 1950 3113 1990 non
3145 1936 3352 1993 esuriet
3376 1956 3388 1989 :

2870 2014 2927 2061 et
2949 2007 3039 2076 qui
3069 2007 3242 2062 credit
3269 2008 3322 2063 in
3347 2023 3457 2076 me,

2872 2092 2978 2130 non
3007 2077 3154 2131 sitiet
3181 2094 3300 2132 um-

2872 2145 2962 2202 56.
2992 2163 3173 2216 quam.
3208 2148 3314 2204 Sed
3346 2148 3465 2204 dixi

2874 2217 3049 2275 vobis.
3080 2222 3336 2288 quoniam

2874 2300 2931 2344 et
2956 2288 3187 2357 vidistis,
3220 2290 3316 2347 sed

2878 2376 2985 2414 non
3004 2361 3249 2416 creditis.

2878 2431 2970 2502 57.
3009 2429 3205 2502 Omne,
3235 2432 3378 2502 quod

2877 2501 2972 2555 dat
2998 2500 3133 2555 milii
3161 2500 3342 2568 Pater,

2876 2570 2945 2626 ad
2966 2588 3051 2625 me
3073 2573 3282 2629 veniet:

2877 2650 2933 2698 et
2948 2658 3093 2709 eum,
3127 2644 3217 2710 qui

2878 2714 3024 2768 venit
3050 2713 3116 2767 ad
3144 2730 3252 2780 me,

2881 2800 2988 2858 non
3022 2784 3098 2856 (ὁ)
3120 2786 3299 2853 apello
3320 2787 3406 2858 ﬁt:

2878 2854 2970 2912 58.
3000 2854 3101 2911 nec
3125 2858 3269 2911 enim
3300 2854 3383 2913 di-

2877 2926 3064 2981 scendi
3092 2927 3159 2983 de
3187 2930 3363 2997 caelo,

2878 3005 2939 3051 ut
2968 2996 3160 3053 faciam
3195 3014 3290 3054 vo-

2878 3068 3141 3125 luntatem
3160 3086 3359 3137 meam,

2880 3140 2974 3194 sed
2993 3141 3324 3198 voluntatem

2883 3208 2959 3281 (c)
2992 3210 3165 3294 Patris
3193 3213 3253 3285 τι
3281 3214 3373 3285 qui

2882 3296 2970 3335 me
2992 3292 3161 3337 misit.

2882 3352 2973 3409 59.
3004 3353 3147 3409 Haec
3164 3362 3250 3410 est
3270 3369 3365 3410 au-

2885 3431 2991 3478 tem
3024 3425 3273 3481 voluntas

2882 3493 3023 3563 ejus,
3051 3495 3143 3563 qui
3174 3498 3321 3552 misit

2882 3562 2962 3637 (d)
2988 3562 3079 3619 me
3098 3565 3174 3637 τε
3208 3578 3263 3621 ut
3290 3582 3411 3624 om-

2816 3704 2819 3707 ,
2883 3652 2974 3704 ne,
3003 3636 3151 3706 quod
3181 3638 3332 3694 dedit

3518 235 3624 292 594

2115 5120 2141 5200 ξ
2169 5117 3182 5200 99.14.19?.E‘i'li.1:"£'f3.9°222’dim
3204 5136 3270 5176 ει
3292 5138 3361 5200 ⁸ο,
3375 5131 3655 5200 quicquam.

2169 5178 2719 5259 resuscitat!)
2752 5178 2897 5247 Vulg.
2922 5178 3074 5246 mibi,
3108 5198 3206 5237 non
3238 5178 3553 5253 perdant—e1:—
3560 5178 3655 5259 EE:

2057 5244 2146 5294 sed
2174 5243 2466 5293 resuscitem
2488 5239 2606 5291 illud
2629 5244 2679 5292 in

1677 5326 2050 5385 BLANCHINI
2087 5325 2321 5382 NOTAE.

430 5418 505 5502 (α’)
527 5420 663 5502 Tex.
692 5419 788 5478 Gr.
833 5421 1171 5502 §¢696;._Non
1198 5425 1302 5502 alia
1332 5439 1469 5502 vero
1508 5424 1578 5480 de
1600 5438 1761 5481 causa
1793 5423 1963 5502 dans‘
1984 5436 2083 5502 pro
2129 5420 2218 5474 dat
2259 5419 2617 5502 interpretem
2645 5422 3199 5502 vertisse‘existimo,
3229 5427 3331 5483 nisi
3367 5434 3490 5502 quia
3534 5452 3661 5499 ante

354 5488 547 5573 διᾷὸῦς,
570 5493 724 5549 deest
752 5498 1007 5573 articulus
1032 5496 1079 5551 ὁ.
1123 5497 1212 5567 qui
1255 5495 1471 5573 quidem
1500 5506 1775 5573 cum_ante
1800 5488 2116 5573 κατᾳϐοἱὶνῳν
2151 5488 2423 5564 praelixus
2464 5490 2647 5573 inerit,
2680 5488 3246 5573 ante-dﬁoderatione
3267 5488 3663 5573 conj'unetin'ﬁ'i;

353 5568 693 5640 utouttssus
721 5574 823 5621 est.
855 5568 1123 5640 interpres
1140 5562 1515 5640 asininum
1549 5567 1759 5640 ratione
1785 5562 2185 5640 eunjunctiouis
2226 5573 2275 5620 et
2299 5604 2314 5631 ,
2344 5562 2539 5640 _vertit_,
2573 5566 2681 5640 dat.
2731 5565 3058 5640 Hujusiuudi
3101 5562 3663 5640 exempla'versioni;

539 5649 831 5723 occurrunt
858 5639 912 5692 in
932 5634 1188 5727 llisa'l‘mis.
1210 5634 1286 5679 '—-
1396 5634 1967 5727 ADosLappelloLdeest
1988 5639 2321 5727 (quietiam.
2342 5635 2395 5690 in
2427 5635 2550 5692 cod.
2574 5634 2902 5705 (ἔκηα-(ε)
2922 5636 3086 5692 Addit
3107 5634 3286 5696 Patri}
3307 5648 3428 5703 cod.
3452 5634 3665 5727 quoque

353 5704 512 5762 Cant.
556 5708 777 5784 πατρὸς.
825 5739 898 5752 --
928 5710 1006 5782 (ά)
1037 5710 1163 5765 Post
1186 5728 1286 5778 me,
1311 5704 1469 5767 deest
1514 5704 1683 5765 Patris
1734 5704 1894 5768 etiam
1925 5704 1997 5769 in'
2028 5708 2163 5771 Cod.
2192 5710 2347 5765 Cant.
2374 5775 2377 5779 γ

792 5806 1065 5867 Pauor“
1126 5805 1267 5869 XII.

2979 5800 3058 5864 13
