2021 3096
168 144 222 171 ωδ
433 142 569 170 EUSEBII
587 141 757 170 VERCELL.
782 141 1003 170 EVANGELI‘UM
1019 142 1093 170 CUM
1116 141 1231 170 VAliHS
1251 142 1329 170 000.
1349 141 1545 170 COLLATUM.
1761 140 1817 167 MM

367 200 482 229 CQBEX
501 199 771 235 νεκοειωκειε.

171 252 429 276 ce.......tex

232 302 238 310 .
263 303 269 309 .
290 284 365 315 rina.
385 288 473 311 utrum

170 326 203 346 ex
217 319 273 346 Deo
287 323 338 349 est.
354 326 386 347 an
401 326 432 347 e-

170 361 204 388 go
219 354 277 385 ipse
291 362 305 381 a
321 362 365 381 me

170 389 214 417 18.
236 390 340 423 loquar.
355 389 406 425 Qui
420 398 435 418 a

168 432 199 453 se
213 426 330 459 loquitur
340 446 349 458 ,

168 461 282 496 gloriam
293 469 371 489 suam

169 498 275 530 quaerit
287 518 294 529 ,
309 497 354 532 qui

169 537 259 559 autem
277 540 360 563 quae-

169 570 201 594 rit
217 567 330 600 gloriam

169 603 238 638 ejus.
253 603 297 636 qni
310 603 385 630 misit

167 645 241 669 eum,
255 639 298 665 liic
312 647 393 667 verax

166 678 220 707 est,
230 680 257 701 et
273 674 371 709 iniqui-

168 714 210 736 tas
227 710 252 735 iu
267 709 313 736 illo
329 717 382 737 non

168 744 213 772 19.
233 749 284 781 est.
304 745 398 774 Nonne
412 745 487 781 Moy-

168 787 212 807 ses
224 780 299 807 dedit
312 789 359 807 vo-

167 816 210 843 bis
226 817 311 851 legem
328 826 334 843 :
350 822 378 844 et

164 859 245 878 nemo
261 860 295 878 PX
310 860 358 879 V0-

165 887 208 914 his
225 887 285 914 facit
303 887 411 922 legem?

165 923 211 959 2707.
231 923 300 956 Quid
310 932 357 959 rme
373 930 456 959 quae-

164 958 225 985 ritis
240 958 348 986 oet-ide-

164 993 213 1020 re?
234 994 356 1027 liesiion-

165 1029 205 1055 dit
220 1030 296 1056 turlia
306 1049 314 1061 ,
332 1034 363 1057 et

163 1064 232 1091 dixit
248 1073 255 1091 :
271 1065 368 1093 Demo-

167 1100 264 1127 nium.
288 1119 295 1126 .
316 1101 351 1128 ab
372 1120 379 1128 .
402 1121 409 1128 .

163 1137 225 1170 quis
240 1141 266 1162 te
285 1144 320 1170 qu
339 1156 349 1164 .
371 1157 378 1163 .
395 1151 404 1157 -

163 1171 196 1198 rit
213 1171 362 1199 occidere?

161 1206 192 1233 2|
200 1226 207 1233 .
230 1206 380 1239 Respondit
392 1206 470 1236 ιωυε
480 1227 489 1241 ,

162 1246 189 1269 et
200 1242 270 1269 dimt
285 1243 354 1270 illis:

164 1276 251 1305 Unum
265 1286 334 1312 opus

163 1312 217 1340 feci
225 1333 232 1343 .
248 1318 274 1340 et
289 1321 385 1342 omnes

160 1347 207 1375 εἳ.
228 1348 365 1376 miramini
379 1358 386 1377 :
401 1348 465 1376 Ideo

161 1383 237 1410 dedit
250 1384 326 1411 vobis

162 1419 270 1460 Moyses
283 1420 401 1460 circum-

163 1454 295 1492 cisinnem
308 1464 315 1481 :
330 1454 397 1492 (non

162 1497 194 1518 ex
211 1490 320 1524 Moysen
331 1490 375 1518 est
385 1511 393 1524 ,

162 1525 209 1553 sed
223 1535 236 1552 a
255 1525 380 1554 Patribus

161 1562 260 1589 vestris
275 1562 284 1596 )
298 1566 326 1589 et
339 1563 366 1589 in

160 1597 276 1625 sabbato
291 1597 344 1625 eir-

160 1633 291 1660 cumcidi-

160 1668 195 1695 tis
211 1668 361 1695 hominem.

158 1704 207 1745 2;.
226 1704 254 1731 Si
269 1711 333 1737 ergo
348 1704 464 1731 circum-

159 1747 290 1767 etsmnem
307 1747 352 1766 ac-

159 1775 225 1805 cipit
240 1775 321 1802 homo
337 1775 362 1802 in

158 1810 271 1837 sabbato
279 1831 289 1844 ,
307 1814 339 1838 ut
353 1817 406 1837 non

158 1846 280 1874 solvatur

159 1880 204 1909 lex
217 1881 303 1917 Moysi
318 1891 324 1908 :
341 1882 391 1909 mi-

158 1993 231 2013 cere.
247 1990 392 2020 cognoscet
413 1985 446 2012 de
461 1984 584 2020 doclriua
602 1983 661 2010 hac.
680 1988 776 2020 rutrum
795 1991 826 2010 ex
841 1983 896 2009 Deo
910 1988 962 2010 cst.

159 2030 193 2048 an
209 2029 259 2056 ego
274 2019 290 2048 a7
310 2029 352 2047 me
368 2022 425 2054 ipso
448 2021 554 2054 loquor.
570 2019 619 2052 Qui
643 2019 713 2056 enim
731 2027 744 2056 a
762 2020 910 2051 semetipso
925 2020 964 2056 lo-

157 2055 258 2092 quitur.
284 2056 398 2091 gloriam
423 2056 558 2090 propriam
572 2055 685 2092 quaerit.
701 2055 745 2088 qui
758 2059 846 2080 autem
858 2055 964 2092 quaerit

158 2090 271 2127 gloriam
287 2090 345 2125 ejus
358 2092 401 2125 qui
416 2091 487 2127 misit
503 2099 579 2127 cuin.
593 2091 634 2116 hic
651 2095 800 2127 veraxrcst.
811 2095 843 2127 et
856 2090 962 2127 i_ujusti-

159 2125 194 2155 iia
208 2128 233 2154 in
249 2128 296 2154 illo
308 2135 360 2154 non
375 2133 425 2154 cst.
439 2126 498 2153 Non
513 2134 546 2152 ne
558 2125 673 2161 Moyses.
688 2126 763 2152 dedit
776 2125 958 2158 Voliislegem.

157 2169 184 2191 et
200 2171 278 2189 nemo
294 2171 326 2189 ex
344 2163 420 2189 vobis
438 2162 500 2189 facit
515 2160 612 2195 legem.
631 2160 699 2194 Quid
715 2169 757 2188 me
773 2162 902 2195 quaeritis
920 2162 960 2187 iu-

159 2197 295 2225 terliccrv.
311 2198 460 2230 ῐὶρςιιοηιιὶι
478 2198 554 2223 turba
578 2202 603 2223 et
627 2197 702 2223 dixit.
729 2196 886 2223 [hunmtiutn
912 2196 959 2222 ha-

158 2235 215 2261 bes.
240 2234 300 2264 quis
317 2239 341 2258 to
356 2234 463 2267 quaerit
485 2232 647 2259 interficere.
675 2232 822 2265 Respondit
837 2232 913 2258 .li-sus
931 2237 959 2259 et

157 2268 223 2296 dixit
239 2268 287 2295 cis.
305 2268 393 2295 Uunm
414 2277 482 2300 opus
496 2268 556 2294 foci.
578 2273 603 2294 ct
620 2276 713 2295 onmes
735 2268 877 2295 miramini.
893 2267 958 2294 Pro—

157 2310 247 2340 plc-rm
261 2304 375 2339 Moyses.
388 2303 462 2340 dedit
472 2304 546 2340 vobis
557 2304 803 2340 circumeisiouem.
815 2312 867 2330 non
881 2304 954 2337 quia.

156 2339 190 2368 ex
206 2340 297 2376 Moyse
317 2345 359 2366 est
372 2339 418 2365 sini
435 2346 471 2376 ex
482 2339 614 2376 Patrilius.
630 2344 655 2365 et
668 2339 693 2366 in
715 2339 826 2366 sabbato
840 2340 955 2366 circum-

158 2374 416 2402 ciditis'liominem.
444 2374 472 2401 Si
499 2382 563 2406 ergo
590 2374 824 2401 circnmcisioucm
857 2376 954 2409 accipit

158 2412 239 2438 homo
252 2412 277 2438 in
290 2411 413 2439 sabbato.
427 2415 456 2437 ut
468 2417 521 2436 nou
533 2409 653 2436 solvatur
667 2410 709 2436 lex
724 2410 818 2445 Moysi.
832 2411 896 2437 milii
907 2418 953 2437 au—

587 247 612 273 hi
628 247 761 274 irascimi-

586 282 613 309 ni
625 283 697 318 quod
706 287 792 309 totum

589 325 780 345 .....etn

585 361 680 381 sanum
697 353 746 380 feci

584 389 629 416 et.
652 388 784 416 Sabbato?
796 389 872 418 Noli-

589 430 614 451 te
626 425 749 458 judicare

587 461 732 487 secundum
749 468 808 493 per.

587 503 682 523 sonam
700 495 789 522 homi-

585 532 627 558 Itis
636 552 643 563 ,
659 530 707 558 sed
716 530 821 565 justum

584 566 715 602 judicium
729 566 773 601 ju-

585 602 683 629 dicate.

585 637 630 664 25.
654 638 784 665 Dicebant
793 645 859 673 ergo

584 673 692 709 quitiam
710 673 771 700 Ilic-

585 709 762 744 rosolymilae
774 718 781 735 :

586 745 594 760 ¹
610 744 705 771 Nonne
722 744 766 772 hic

584 784 636 811 est,
653 787 734 813 quem
747 787 831 814 quae-

584 820 649 842 runt
662 815 770 843 occide—

583 851 629 878 26.
651 850 698 878 re?
722 851 791 879 Ecce
799 852 893 886 palam

584 886 720 919 loquitur.
739 891 768 914 et

583 921 650 949 nihil
664 921 702 948 illi
713 921 754 949 di—

582 961 656 985 cunt.
671 956 753 984 Nutu-

585 993 646 1027 quid
662 1000 725 1020 vere
737 999 800 1028 cog-

584 1033 721 1055 n0verunt

585 1063 725 1098 Principes
742 1062 790 1091 Sa-

585 1099 726 1126 cerdotnm
740 1119 748 1130 ν

584 1135 655 1168 quod
671 1134 713 1162 hic
730 1138 772 1162 est

581 1170 627 1197 27.
647 1169 794 1197 Christus?
820 1168 874 1198 Sed
895 1189 902 1196 .
926 1190 933 1197 .
955 1190 962 1197 .

582 1206 708 1233 novimus
724 1214 773 1233 un-

583 1241 617 1269 de
635 1241 686 1268 sit:
699 1241 822 1268 Christus
835 1248 885 1269 au-

574 1281 637 1304 -tem
653 1284 714 1304 cum
731 1284 777 1304 νε-

583 1312 655 1340 nerit
665 1334 672 1344 ,
693 1319 773 1340 nemo

581 1348 648 1375 sciet
660 1347 731 1375 unde
747 1348 793 1374 sit.

581 1383 629 1410 ‘28.
650 1382 791 1410 Clamabat
803 1389 847 1410 er-

582 1426 617 1453 go
631 1418 733 1445 docens
745 1418 774 1444 in

583 1451 686 1488 iemplo
699 1453 790 1485 Jesus,
801 1451 843 1479 di-

583 1496 649 1516 cens
660 1498 666 1515 :
682 1489 715 1516 Et
730 1496 773 1516 uie
786 1495 849 1515 nos-

584 1525 630 1557 lis,
645 1530 672 1551 et
683 1524 758 1552 scitis
769 1531 821 1551 un-

583 1560 618 1587 de
632 1560 682 1587 sim
697 1569 703 1586 ;
717 1564 743 1586 et
756 1567 771 1586 a

582 1603 627 1623 me
640 1604 693 1622 non
708 1602 757 1623 ve-

582 1632 620 1663 ni,
637 1631 684 1658 sed
700 1637 741 1658 est
755 1638 803 1657 ve-

580 1674 639 1700 rax,
656 1667 701 1702 qui
716 1674 760 1694 me

582 1702 656 1729 misit
668 1723 676 1734 ,
693 1709 774 1737 quem

582 1745 631 1765 VOS
645 1745 697 1764 non
713 1746 777 1764 1109-

578 1773 625 1800 29.
647 1774 691 1800 tis.
709 1774 719 1788 ‘
735 1773 791 1806 Ego
810 1773 872 1800 novi

580 1809 656 1836 illum
670 1817 676 1835 :
693 1810 791 1843 quoni-

580 1851 622 1871 am
639 1844 732 1872 abillo
747 1853 826 1878 sum,

579 1884 607 1907 et
622 1880 666 1907 ille
681 1888 723 1908 me
737 1881 787 1908 mi-

1230 200 1348 229 ‘CODEX
1370 199 1596 229 VERONENSIS.

1019 253 1084 274 cere
1098 255 1104 273 :
1117 254 1218 282 cogno-

1020 286 1078 309 scet
1088 281 1121 309 de
1136 281 1238 310 docui-

1019 325 1065 349 na,
1083 321 1170 345 utrum
1186 326 1221 346 ne

1019 360 1053 380 ex
1067 353 1122 381 Deo
1137 354 1188 394 sit_,

1019 396 1053 415 an
1069 397 1101 415 ex
1117 397 1160 415 me
1175 397 1234 423 ipso

1022 424 1063 450 18.
1087 425 1188 457 loquar.
1204 425 1255 457 Qui

1020 468 1033 484 ιι
1053 460 1201 494 semetipso

1021 495 1153 529 loquitur,
1171 496 1229 530 glo-

1020 530 1086 557 riam
1102 539 1176 557 suam

1020 568 1137 600 quaerit,
1157 574 1218 593 nam

1019 603 1063 635 qui
1079 603 1183 635 quaerit

1019 638 1130 670 gloriam
1143 638 1201 669 ejus
1213 658 1219 670 ,

1019 673 1064 706 qui
1076 680 1138 700 eum
1153 674 1205 700 tui—

1019 708 1054 734 sit
1067 728 1074 740 ,
1091 716 1172 735 verax

1019 748 1061 770 est
1070 764 1077 775 ,
1090 748 1118 770 et
1134 744 1184 770 itii-

1019 780 1107 813 quitas
1123 779 1151 806 in
1161 787 1194 807 eo

1019 822 1073 842 non
1088 819 1139 841 est.

1022 850 1066 886 {9.
1089 850 1183 878 Nonne
1198 849 1304 886 Moyses

1022 884 1096 912 dedit
1109 886 1186 913 Vobis

1022 921 1107 956 legem
1126 930 1132 948 ε
1149 925 1176 948 et
1191 928 1239 949 ne-

1022 964 1066 983 mo
1080 965 1113 984 ex
1127 957 1203 984 vobis

1021 991 1086 1019 facit
1102 992 1205 1027 legem?

1019 1027 1065 1054 20.
1086 1028 1154 1061 Quid
1170 1035 1214 1056 me
1227 1035 1311 1062 quae-

1019 1063 1080 1090 ritis
1094 1063 1240 1090 incidere?

1018 1097 1052 1125 21
1059 1120 1066 1126 .
1086 1098 1238 1133 Respondit

1018 1133 1097 1161 Jesus
1109 1156 1116 1167 ,
1138 1140 1165 1162 el.

1019 1169 1088 1196 dixit
1101 1170 1140 1197 eis
1158 1179 1165 1197 :

1018 1204 1107 1232 Unum
1123 1210 1192 1238 opus

1018 1240 1088 1272 feci,
1100 1245 1127 1267 et
1141 1248 1237 1268 omnes

1017 1276 1170 1302 miramini:

1016 1311 1061 1337 22.
1084 1312 1197 1344 Propter
1214 1312 1265 1339 hoc

1016 1347 1122 1382 Moyses
1138 1348 1212 1374 dedit

1017 1384 1094 1408 vobis
1109 1383 1253 1410 circumci—

1017 1419 1121 1445 sioucm
1136 1428 1142 1445 τ
1160 1421 1226 1447 (ιιοη

1017 1454 1087 1488 quod
1103 1462 1134 1480 ex
1151 1454 1225 1489 Moy-

1018 1497 1065 1515 sen
1078 1489 1121 1518 sit,
1135 1490 1182 1516 sed

1018 1532 1050 1551 ex
1067 1525 1110 1550 Pal
1117 1525 1188 1551 ribus

1018 1565 1085 1586 vesti
1094 1559 1133 1594 is)
1151 1566 1177 1587 et

1017 1596 1129 1622 sabbato
1143 1597 1193 1623 cir—

1017 1631 1168 1658 Cnmcidilis
1185 1633 1232 1658 ho-

1017 1667 1062 1693 ‘25.
1085 1667 1195 1693 minem.
1213 1667 1240 1694 Si

1017 1702 1252 1730 circnuuisionem

1018 1738 1115 1772 accipit
1134 1738 1216 1765 homo

1018 1774 1042 1799 in
1057 1775 1170 1801 sabbato
1182 1795 1188 1805 ,

1017 1814 1045 1835 ut
1061 1818 1112 1835 non
1128 1811 1248 1837 solvatur

1017 1845 1057 1871 lex
1075 1845 1157 1880 Moysi
1174 1855 1179 1872 :

1016 1881 1081 1907 milii
1096 1882 1188 1908 irasci-

821 1936 938 1965 GODEX
953 1936 1156 1970 BRIXIANUS.

1017 1988 1070 2010 tetu
1090 1984 1153 2017 quid
1175 1984 1360 2018 iudiguamiui.
1379 1986 1439 2019 quéa
1453 1990 1538 2013 totum
1558 1986 1698 2013 hominem
1711 1985 1815 2012 salvum

1017 2020 1066 2046 l'cci
1083 2021 1107 2045 iu
1123 2020 1244 2046 sabbato.
1262 2019 1348 2046 Nolite
1362 2021 1483 2054 judicare
1497 2022 1644 2049 secundum
1659 2020 1752 2048 facient
1767 2021 1815 2048 sed

1013 2055 1113 2092 j_ustum
1134 2055 1265 2092 judicium
1284 2055 1413 2089 judicate.
1433 2057 1562 2084 lliechaut
1577 2065 1640 2091 ergo
1659 2057 1767 2092 quidam
1781 2065 1815 2084 ex

1014 2090 1222 2125 Jero~olyuiitis.
1235 2090 1329 2117 Nonne
1342 2092 1383 2117 hic
1390 2098 1430 2118 est
1441 2101 1519 2127 quem
1531 2090 1814 2126 quaeinntinlerlice-

1015 2134 1054 2152 re.
1074 2127 1105 2153 Et
1117 2136 1180 2153 nece
1195 2128 1283 2160 palam
1301 2127 1430 2161 loquitur.
1448 2133 1474 2155 et
1489 2129 1554 2156 nihil
1570 2130 1593 2155 ei
1610 2128 1714 2155 dicunt.
1728 2127 1813 2154 Num-

1013 2163 1076 2197 quid
1094 2170 1155 2188 vere
1177 2167 1364 2193 cognoverunt
1387 2163 1536 2197 Principes.
1554 2165 1614 2198 quia
1634 2163 1678 2190 hic
1693 2168 1734 2190 est
1750 2171 1815 2190 vere

1012 2197 1145 2224 Christus.
1167 2198 1219 2224 Sed
1238 2198 1307 2224 hunc
1323 2198 1424 2226 scimus
1439 2200 1507 2226 unde
1524 2204 1568 2225 sit.
1586 2199 1710 2227 Chri~tus
1722 2205 1813 2226 autent

1012 2241 1070 2260 cum
1088 2234 1199 2259 \eucrit.
1219 2242 1298 2259 nemo
1312 2235 1363 2260 suit
1379 2236 1448 2261 unde
1467 2234 1513 2262 sit.
1527 2235 1667 2262 Clamabat
1684 2242 1749 2268 ergo
1765 2234 1815 2261 do-

1010 2276 1074 2295 cens
1087 2269 1111 2294 iu
1129 2270 1229 2302 templo
1247 2270 1331 2297 Iesus.
1350 2276 1376 2296 ct
1389 2271 1492 2297 dicens.
1508 2271 1538 2298 Et
1552 2279 1594 2298 me
1608 2271 1693 2297 scitis.
1709 2273 1736 2297 et
1750 2277 1814 2296 nos-

1011 2305 1045 2331 tis
1060 2304 1129 2331 nnde
1143 2306 1205 2331 sim.
1229 2310 1255 2331 et
1271 2313 1285 2331 a
1303 2313 1345 2332 tne
1367 2307 1425 2340 ipso
1442 2314 1493 2333 non
1509 2307 1581 2334 veni.
1597 2307 1643 2333 sed
1667 2311 1708 2333 est
1730 2313 1813 2332 verus

1010 2342 1053 2372 qui
1071 2348 1112 2367 uie
1135 2341 1217 2367 misit.
1237 2348 1315 2374 quem
1338 2349 1384 2367 vos
1410 2342 1530 2369 nescitis.
1555 2343 1610 2376 Ego
1626 2341 1664 2377 (a)
1681 2347 1770 2368 autetn
1794 2341 1807 2377 1

1436 246 1499 274 mini
1513 246 1639 281 quoniam

1437 287 1520 309 totum
1543 281 1630 308 homi—

1438 325 1499 345 nem
1513 318 1618 344 salvum

1425 349 1488 380 'fcci
1502 352 1614 380 sabbato
1625 352 1636 379 τ

1436 389 1482 415 24.
1504 388 1591 415 Nolite
1600 387 1672 422 judi-

1436 432 1500 452 care
1514 431 1612 451 serun-

1436 459 1499 487 dum
1516 460 1609 486 faciem
1621 479 1628 492 ,

1434 495 1482 522 Sed
1494 495 1594 529 ju~tnm

1431 530 1561 564 judicium
1572 529 1700 564 iudicate.

1434 565 1482 593 25.
1504 566 1633 593 Dicebant
1642 572 1691 592 er-

1435 609 1470 636 go
1485 601 1593 634 quidam

1436 646 1467 663 ex
1486 637 1611 664 Hieroso-

1435 672 1599 735 Rmitauis:

1459 715 1531 735 onne
1543 707 1590 735 hic

1459 715 1531 735 onne
1543 707 1590 735 hic
1602 710 1644 735 est
1653 725 1665 740 .,

1435 752 1514 778 quem
1523 751 1607 778 quao-

1436 785 1499 806 runt
1514 779 1624 806 occide-

1438 815 1483 842 26.
1505 815 1552 842 re?
1567 814 1600 842 Et
1613 819 1677 841 ecce

1440 851 1465 877 in
1479 851 1565 884 palam

1436 887 1563 919 loquitur,
1576 890 1604 912 et

1438 921 1502 949 nihil
1519 921 1556 948 illi

1438 957 1540 985 dit-unt.
1554 956 1639 984 Num-

1438 992 1501 1028 quid
1519 1000 1583 1020 vere

1438 1033 1623 1063 Cognoverunt

1435 1062 1572 1096 Principes
1582 1066 1643 1098 quia
1656 1062 1715 1097 ipse

1435 1104 1477 1127 est
1491 1098 1633 1126 Christus?

1434 1135 1486 1163 27..
1501 1134 1554 1162 Sed
1571 1135 1643 1162 hunc

1436 1171 1540 1198 scimus
1556 1169 1626 1198 unde

1435 1206 1469 1234 sit
1485 1215 1492 1232 :
1505 1204 1628 1233 Christus

1435 1245 1524 1269 autem
1542 1249 1601 1269 cum

1436 1277 1557 1308 venerit,
1571 1284 1619 1304 ne-

1436 1321 1481 1340 mo
1497 1313 1547 1340 scit
1566 1312 1637 1340 nnde
1651 1312 1696 1340 sit.

1433 1348 1479 1376 28.
1499 1347 1639 1376 Clamabat

1435 1384 1517 1419 igitur
1529 1383 1607 1411 Jesus
1673 1408 1679 1410 _

1435 1420 1461 1446 in
1476 1419 1574 1453 templo
1582 1420 1700 1453 docens,
1719 1423 1747 1447 et

1435 1455 1530 1482 dicens
1546 1464 1553 1482 :
1571 1455 1604 1482 Et

1434 1498 1478 1518 me
1489 1491 1564 1518 scitis
1574 1512 1581 1524 ,
1594 1495 1623 1519 et

1435 1525 1507 1554 unde
1518 1529 1568 1553 stin

1435 1563 1520 1590 nostis
1532 1570 1539 1588 :
1554 1570 1605 1590 nec
1619 1562 1692 1590 enim

1434 1605 1449 1624 a
1469 1605 1512 1625 me
1524 1598 1583 1625 veni
1592 1619 1600 1631 ,

1434 1633 1481 1660 sed
1497 1638 1539 1660 est
1556 1641 1636 1660 verax
1646 1654 1654 1667 ,

1433 1669 1477 1703 qui
1493 1676 1536 1696 me
1550 1669 1639 1702 misit,

1433 1711 1511 1738 quem
1525 1711 1574 1731 vos
1588 1704 1664 1737 igno-

1432 1739 1478 1767 29.
1500 1743 1575 1781 ratis.
1590 1739 1647 1781 Ego
1658 1740 1699 1776 (ς)

1432 1780 1523 1803 autem
1534 1775 1553 1811 -ι-
1568 1775 1630 1803 novi

1434 1810 1508 1837 illum
1524 1820 1529 1836 :
1545 1811 1670 1845 quoniam

1433 1846 1467 1886 ab
1479 1854 1511 1873 eo
1525 1851 1639 1888 sum,_e_t

1435 1888 1492 1914 ipse
1509 1890 1552 1910 me
1570 1888 1653 1910 misu.

1794 2341 1814 2356 ,1.

1009 2377 1066 2402 seio
1080 2384 1142 2402 cum
1163 2377 1225 2411 quia
1241 2376 1275 2403 ab
1292 2377 1349 2411 ipso
1363 2384 1432 2404 sum.
1447 2382 1474 2405 et
1487 2379 1545 2414 ipse
1560 2385 1603 2405 me
1622 2376 1705 2405 misit.

801 2468 919 2497 CODEX
935 2468 1173 2500 CORBEIENSIS.

194 2517 241 2546 18.
262 2517 374 2551 gloﬁam
390 2525 467 2545 suam
482 2517 631 2553 propriam.

194 2554 239 2582 19.
255 2553 367 2580 ‘Recent.
382 2561 461 2579 manu
475 2553 509 2579 ad
521 2551 604 2588 marg.
620 2557 648 2581 et
658 2559 739 2581 nemo
750 2559 784 2581 ex
799 2551 878 2581 vobis
895 2551 958 2579 facit

128 2613 131 2615 .
157 2591 244 2626 legem
254 2589 266 2616 ?

192 2623 238 2654 26.
260 2629 287 2653 et
311 2623 377 2651 nihil
389 2623 492 2651 dicunt.
509 2623 642 2659 Numquid
657 2624 729 2652 forte
743 2632 808 2653 vere
819 2631 955 2660 cognove-

185 2731 197 2746 ι
217 2730 275 2754 lm.
288 2727 409 2760 Numquid
419 2727 461 2752 hic
470 2729 520 2760 est.
535 2727 589 2758 Vulg

188 2762 199 2776 ’
218 2762 276 2785 Mm.
297 2760 349 2789 Ego
362 2758 450 2783 autem
468 2758 518 2783 scio
530 2761 642 2783 eumzet
658 2759 679 2782 si
692 2759 779 2784 dixero
796 2760 854 2790 quia
872 2761 956 2790 nescio

157 2798 226 2823 eum,
241 2797 285 2815 ero
295 2790 380 2815 similis
391 2790 460 2815 vobis
478 2789 583 2815 mendax
597 2793 638 2814 :et
651 2796 699 2821 ego
710 2790 760 2814 scio
773 2789 843 2822 cum,
856 2790 914 2821 quia
926 2789 957 2815 ab

1010 2522 1084 2545 runt.

1046 2552 1093 2580 28.
1113 2553 1251 2581 Clamabat
1264 2557 1354 2581 autem
1369 2553 1395 2581 in
1406 2553 1592 2589 templolesus
1607 2553 1711 2582 dicens.
1725 2552 1812 2581 Omit-

1011 2589 1057 2622 tit,
1073 2596 1154 2624 quem
1169 2597 1215 2617 vos
1230 2591 1351 2617 nescitis.

771 2682 970 2711 VARIANTES
990 2681 1193 2710 LECTIONES.

535 2726 609 2758 ηις.
622 2726 708 2752 None
719 2728 761 2752 hic
772 2732 819 2753 ea.

998 2728 1062 2758 ~ipso
1084 2734 1147 2757 sum,
1166 2729 1266 2760 etrinse
1285 2735 1325 2753 me
1342 2729 1398 2753 ωσι.
1414 2728 1580 2758 Quaerebam.
1604 2728 1678 2760 Vulg.
1694 2728 1811 2760 Egost

1009 2765 1075 2788 eum.
1088 2760 1145 2790 quia
1157 2759 1188 2783 ab
1199 2759 1251 2790 ipso
1263 2766 1326 2790 sum,
1341 2763 1367 2785 et
1376 2761 1430 2792 ipse
1442 2766 1482 2785 me
1494 2761 1566 2786 misit.
1579 2759 1748 2790 Quaerebatit.

824 2842 1010 2877 BLANCHINI
1029 2841 1146 2873 NOTAE.

190 2889 230 2932 (a)
251 2888 333 2920 Addit
354 2895 440 2917 autem
453 2910 461 2926 ,
477 2891 559 2921 etiam
578 2895 633 2920 tex.
647 2890 680 2921 (ἶ.
697 2891 735 2930 δέ.
