2021 3096
124 135 180 163 415

623 136 849 165 ενΑΝεευυη
867 133 1052 164 SECUNWI
1071 133 1265 162 MANNEI.

321 196 434 227 ωθει
453 197 722 227 γεκοειιιευειδ.

125 247 174 273 t’us
192 249 286 273 autem

125 289 179 308 non
202 286 305 308 ntauet~

123 317 149 344 in
171 317 256 344 domo
276 317 378 344 Domini

124 352 150 378 in
170 357 313 380 aeternum
327 361 334 379 :

125 387 210 415 Filius
233 393 322 415 autem

126 427 218 450 manet
237 423 262 450 in
281 431 326 450 ae-

125 459 170 486 36.
192 464 309 486 ternum.
332 459 360 487 Si
383 458 428 487 Fi-

126 495 179 522 lius
199 503 250 522 vos
268 495 369 523 iiber:-

124 531 204 561 verit,
232 537 295 558 vere

124 566 203 593 liberi
224 566 311 593 eritis.

124 602 168 638 37.
185 602 249 638 scin
260 601 329 637 quod
339 601 378 637 (a)
388 601 505 638 mea?

124 637 249 664 Abrahae
261 639 330 665 estis
344 646 352 664 :

123 673 170 700 sed
194 673 302 706 quaeri-

124 709 157 735 tis
179 716 222 735 me
240 709 346 736 occideL

122 752 161 776 re,
185 745 249 778 quia
268 752 326 771 ser-

123 787 168 806 mo
184 787 261 806 meus
280 787 333 807 non

120 815 269 849 requiescit

119 850 165 878 58.
192 851 218 877 in
240 850 327 878 vobis.
348 849 408 886 Ego

119 886 192 921 quod
210 887 264 913 vidi
279 894 308 913 a-

120 928 164 956 put
181 921 291 949 Patrem

120 965 223 989 meum,
242 958 357 989 loquor;

118 997 146 1020 et
165 1001 214 1020 vos
229 993 270 1027 (lt)
283 993 372 1027 itaque
382 992 413 1028 ἦ,

118 1029 190 1063 quod
208 1029 314 1056 vidistis

117 1069 183 1099 aput
196 1064 305 1091 Patrem

119 1105 253 1131 vestrum,
272 1100 311 1126 fa-

121 1135 166 1162 59.
188 1136 262 1163 citis.
284 1134 335 1169 Qui
352 1140 413 1162 rea-

120 1171 278 1204 ponderunt
290 1180 297 1197 :

123 1206 203 1233 Pater
219 1211 312 1233 noster

119 1241 260 1269 Abraham
272 1247 324 1269 est.

118 1277 161 1314 Ait
177 1278 234 1314 illis
244 1277 326 1314 deus
337 1285 349 1305 ξ
361 1277 401 1314 (τ)
417 1277 449 1305 Si

120 1312 182 1340 Filii
198 1313 325 1341 Abrahae

121 1349 228 1382 essetis,
247 1357 330 1382 opera

121 1384 246 1411 Abt-avitae
257 1384 337 1412 {aee-

120 1419 164 1446 40.
188 1421 254 1447 retis
266 1420 294 1455 ΐ.
317 1419 393 1448 Nnc

122 1462 211 1483 autem
227 1463 310 1490 quae-

121 1491 181 1518 ritis
194 1499 238 1518 me
253 1491 326 1518 occi-

121 1526 194 1556 dere.
212 1526 362 1560 hominem,

122 1562 167 1596 qui
184 1562 324 1590 veritatem

122 1596 229 1624 locutus
244 1605 304 1625 sum

121 1633 210 1664 vobis.
226 1641 307 1668 quam

122 1668 211 1696 audivi
227 1676 243 1695 a
258 1669 315 1696 Deo
327 1678 333 1695 :

123 1704 173 1731 hoc
188 1704 324 1732 Abraham

123 1739 166 1766 41.
188 1747 241 1766 nou
257 1740 331 1773 fecit,
347 1740 420 1775 quod

124 1776 131 1789 ‘
146 1783 194 1802 vos
207 1775 305 1809 facilis,

122 1817 201 1845 opera
217 1811 309 1839 Patris

123 1848 214 1874 vestri.

540 245 673 272 Dixerunt
687 245 746 273 illi:

539 281 595 308 Nos
607 281 640 308 de
656 281 739 308 fomi-

539 316 648 344 catione
663 324 716 344 non

541 359 634 379 sumus
649 353 703 380 nati
718 361 725 379 ε

541 396 622 414 lllllllll
643 388 725 415 babe-

541 431 600 450 mus
615 423 721 451 Patrem

542 459 637 486 Deum.

540 493 585 521 42.
598 494 634 529 (ρ)
647 494 773 529 Ait-filiis
780 493 877 522 Jesus:
889 491 919 521 Si

542 529 613 557 Deus
625 530 706 558 Pater
719 537 782 557 ves-

543 569 583 592 ter
597 571 679 598 esset,
696 566 758 593 dili-

559 602 640 628 eretis
657 610 708 629 itte.

566 645 608 663 atii
623 644 673 671 ego
688 645 720 664 ex

542 671 597 698 Deo
611 673 692 705 exivi,
708 677 736 700 et

541 708 601 734 veni
616 716 622 733 :
646 713 734 742 neque

540 744 610 770 enim
626 751 639 769 a
656 751 699 771 me
713 751 760 771 ve-

540 779 578 808 ni.
596 779 643 806 sed
659 778 706 806 ille
721 786 766 807 me

540 814 585 841 45.
608 815 692 842 misit.
714 815 804 848 Quane

538 849 672 884 loquelam

538 892 625 912 meant
639 886 649 900 ²
665 894 717 913 11011

538 920 725 955 adgnoscitis?

537 955 604 989 Quia
621 964 672 983 non
689 965 722 991 po
729 973 737 977 -

540 992 616 1018 testis
632 993 708 1019 audi-

539 1034 569 1054 re
582 1027 695 1054 verbum

540 1069 639 1089 meum.

540 1097 585 1124 44.
609 1097 661 1125 Vos
673 1098 710 1126 de
724 1098 803 1126 Patre

540 1133 649 1161 diabqu
663 1135 748 1162 estis:

539 1174 566 1195 et
581 1169 715 1197 desideria

541 1204 627 1232 Patris
640 1213 700 1232 ves-

540 1242 746 1268 trivu...s

572 1295 579 1303 .
600 1284 672 1304 cere.
694 1276 716 1304 ll
738 1297 744 1303 .
767 1296 773 1302 .
795 1283 811 1303 e

573 1331 579 1338 .
603 1332 609 1338 .
632 1312 701 1339 icida

539 1352 597 1387 erat
613 1347 647 1373 ab
664 1347 750 1387 initio,

539 1387 567 1410 et
581 1384 607 1409 in
622 1384 719 1409 verita-

539 1423 592 1445 tem
610 1426 662 1445 11011
679 1423 733 1446 ste-

538 1454 570 1481 tit
585 1462 591 1480 :
610 1454 739 1488 quoniam

538 1497 591 1516 non
607 1494 650 1516 est
667 1490 740 1517 veri-

538 1529 580 1552 tas
594 1525 620 1552 in
636 1525 683 1552 illo
696 1534 702 1553 :

537 1568 598 1588 cum
614 1561 734 1593 loquitur

538 1596 722 1629 mendacium,

537 1631 572 1659 de
588 1639 638 1659 suo
653 1632 740 1667 loqui-

539 1672 592 1698 tur,
609 1668 737 1702 quoniam

538 1704 652 1730 mendax
668 1708 721 1735 est,

506 1737 509 1739 ’
536 1741 608 1766 sicut
622 1744 649 1766 et
665 1739 746 1766 Pater

537 1775 582 1802 45.
603 1775 672 1809 ejus.
696 1774 729 1810 (η
745 1773 804 1809 Ego
817 1773 838 1809 ς-
853 1773 916 1809 quia

537 1811 677 1837 veritatem

537 1846 608 1878 dico,
626 1853 681 1873 non
696 1853 756 1873 cre-

1717 128 1772 157 614

1180 192 1298 223 ωυει
1318 192 1542 223 VERONENSIS.

971 252 1026 271 non
1042 247 1134 270 manet
1149 242 1176 269 in

969 279 1051 307 domo
1066 279 1092 305 in
1110 284 1198 305 aeter-

971 323 1056 342 num:
1079 321 1140 341 nam
1159 313 1204 340 ιη.

972 351 1022 378 lius
1039 354 1130 376 manet
1145 349 1172 376 in

970 391 1121 413 aeternum.

970 422 1015 449 56.
1037 422 1064 449 Si
1080 428 1145 456 ergo
1159 427 1207 448 vos

971 457 1055 485 Filius
1071 457 1166 484 libera-

970 495 1051 524 verit,
1067 500 1130 520 vere

970 529 1047 556 liberi
1063 528 1150 555 eritis.

970 564 1014 591 57.
1037 564 1099 592 Scio
1112 564 1175 599 quia
1191 563 1228 598 (a)

971 607 1068 627 semen
1083 600 1100 635 -,L

970 635 1095 663 Abrahae

970 672 1036 698 estis
1049 680 1055 697 :
1074 676 1099 698 et
1114 677 1198 705 quae-

970 707 1029 733 ritis
1046 714 1088 734 me
1104 707 1175 733 orci-

970 741 1047 772 dere,
1062 742 1191 777 quoniam

970 778 1081 805 verbuut
1103 783 1192 805 meum

971 821 1024 840 non
1040 819 1119 845 canet
1134 814 1160 840 in

971 849 1016 876 58.
1038 848 1123 885 vobis.
1143 849 1216 885 Ergo

970 884 1041 917 quod
1059 884 1111 910 vidi
1128 884 1193 918 aput

971 919 1077 948 Patrem
1091 927 1193 953 meum,

971 955 1022 983 hoc
1039 957 1133 988 loquor
1146 965 1152 982 :

969 995 998 1018 et
1012 999 1059 1018 vos
1073 990 1111 1027 (ὁ)
1125 999 1190 1028 ergo
1200 992 1220 1027 1-

970 1034 1039 1061 quae
1057 1027 1162 1054 vidistis

970 1066 1035 1096 aput
1051 1062 1158 1090 Patrem

971 1103 1101 1130 vestrutn,
1118 1098 1210 1127 facile.

971 1134 1017 1161 59.
1039 1133 1260 1168 Respondeer

971 1174 1000 1197 et
1014 1170 1160 1198 dixerunt:

972 1205 1052 1232 Pater
1068 1210 1160 1233 n0ster

971 1240 1107 1267 Abraham
1121 1247 1174 1268 est.

971 1275 1045 1302 Dixit
1057 1281 1147 1303 autent

971 1312 1010 1338 eis
1018 1311 1103 1347 νιιιιειις
1115 1321 1122 1338 :
1137 1311 1178 1347 (α)

972 1346 999 1374 Si
1016 1346 1065 1373 Fili
1081 1347 1207 1374 Abrahae

970 1383 1080 1414 essetis.
1097 1389 1180 1417 opera

969 1418 1062 1451 utique
1077 1419 1135 1453 ejus

952 1480 954 1483 ,
971 1454 1097 1490 {raperetis
1110 1454 1141 1490 1-.

969 1489 1014 1516 40.
1035 1489 1112 1517 Nunc
1125 1494 1216 1517 autem

970 1526 1099 1559 quaeritis
1114 1532 1158 1553 me

969 1560 1105 1594 occidere,
1123 1561 1209 1589 homi-

971 1603 1042 1627 nem,
1061 1598 1105 1629 qui
1122 1598 1194 1624 veri-

970 1635 1052 1659 tatem
1068 1632 1174 1660 locutus

969 1675 1028 1704 sum
1044 1668 1130 1701 Vobis,
1147 1674 1227 1704 quam

968 1703 1059 1730 audivi
1075 1712 1090 1730 a
1106 1704 1162 1731 Deo
1174 1713 1181 1730 ε

969 1738 1020 1766 ltoc
1036 1738 1173 1766 Abraham

969 1782 1022 1801 non
1040 1775 1113 1801 fecit.

968 1810 1013 1846 μ.
1035 1810 1074 1845 (d)
1092 1810 1144 1838 Sed
1158 1810 1178 1846 -ι-
1193 1817 1242 1837 vos

969 1845 1059 1873 facitis
1073 1853 1156 1881 opera

779 1887 896 1919 CODEX
912 1887 1113 1919 'BRIXIANUS.

1387 242 1475 270 Patris
1493 240 1585 268 Vestri.

1389 278 1518 306 Dixerunt
1529 278 1554 303 ei
1569 284 1575 302 :

1389 314 1442 341 Nos
1457 321 1489 340 ex
1509 312 1626 339 fornica-

1387 350 1460 377 tione
1474 356 1527 375 nou
1543 353 1636 375 sumus

1386 386 1440 413 nati
1456 394 1462 411 :
1481 392 1561 410 unum

1386 422 1422 449 Pa
1428 426 1495 448 trctu
1513 419 1644 447 habemus

1388 458 1481 484 Deum.

1385 492 1431 520 te.
1453 491 1489 526 (ρ)
1505 489 1575 517 Dicit
1587 490 1606 526 ’ξ’

1387 529 1426 555 eis
1437 527 1532 555 Jrsus:

1387 564 1415 592 Si
1433 564 1504 590 Deus
1519 562 1600 589 Pater
1614 568 1660 588 ve-

1388 605 1445 627 ster
1458 604 1546 630 esset,
1563 597 1657 632 dilige-

1388 636 1454 662 retis
1469 636 1560 668 utique
1574 640 1628 661 me.

1389 670 1446 705 Ego
1460 671 1531 697 enim
1548 676 1582 696 ex

1388 706 1444 733 Deo
1455 705 1586 741 processi,

1386 746 1413 769 et
1427 742 1487 768 veni
1500 750 1506 767 :
1519 747 1570 767 nec

1384 777 1456 805 enim
1472 785 1487 803 a
1502 784 1544 803 me

1385 813 1458 845 veni,
1475 812 1522 839 sed
1534 811 1579 838 ille

1385 849 1431 876 45.
1451 856 1494 876 me
1511 847 1593 876 misit.
1606 849 1677 884 Qua-

1386 893 1416 911 re
1437 884 1583 918 laquellam

1386 927 1475 947 meam
1490 927 1543 946 nou
1558 927 1603 948 (‘0-

1385 954 1535 991 gnosritis?
1551 955 1624 988 Quo-

1387 993 1459 1019 niam
1476 998 1528 1017 non
1540 998 1588 1025 ρο-

1387 1027 1463 1054 tcstis
1475 1026 1569 1053 audire

1387 1063 1499 1089 verbum
1514 1069 1616 1090 meum.

1386 1097 1433 1126 4i.
1454 1097 1512 1125 Vox
1524 1104 1556 1124 ex
1571 1098 1652 1126 Patre

1386 1133 1496 1161 diabulo
1511 1134 1576 1161 estis
1588 1142 1596 1161 :

1387 1175 1413 1196 et
1424 1169 1620 1204 concupiscen-

1388 1205 1451 1231 tiam
1468 1205 1555 1231 Patris

1387 1240 1470 1266 vestri
1488 1239 1571 1267 vultis

1387 1275 1488 1302 facere.
1504 1274 1552 1301 Ille

1388 1310 1523 1338 homicida
1535 1309 1588 1338 fuit

1387 1346 1421 1374 ab
1438 1346 1526 1377 initio,
1540 1351 1567 1373 et
1583 1347 1610 1374 in

1388 1382 1502 1409 veritate
1514 1389 1569 1410 non

1388 1418 1464 1445 stetit
1482 1426 1488 1444 :

1387 1454 1450 1489 quia
1466 1453 1567 1481 veritas

1388 1490 1414 1517 in
1429 1496 1461 1516 eo
1473 1496 1527 1516 non
1541 1494 1583 1516 est
1598 1497 1606 1516 :

1387 1525 1494 1560 quando
1504 1525 1589 1559 loqui-

1387 1566 1430 1588 tur
1443 1561 1624 1593 mendacium.

1387 1596 1421 1624 de
1431 1597 1487 1623 suis
1502 1597 1589 1630 loqui-

1387 1637 1440 1665 tur,
1459 1633 1587 1666 quoniam

1387 1668 1501 1695 mendax
1516 1672 1568 1700 est,

1386 1703 1456 1730 sicut
1468 1708 1496 1730 et
1507 1704 1587 1730 Pater

1385 1739 1454 1770 ejus.

1385 1773 1430 1801 ὁδε
1452 1773 1488 1810 (Ῑ)
1504 1774 1591 1810 Esoi
1602 1774 1666 1809 quia

1387 1811 1530 1837 veritatem
1543 1809 1606 1837 dico

1387 1846 1474 1878 vobis,
1487 1853 1541 1872 non

122 1946 170 1966 vus
194 1943 284 1966 autem
313 1947 367 1967 tton
394 1944 485 1967 manet
513 1938 539 1966 in
566 1937 649 1966 domo
666 1938 694 1966 in
709 1942 848 1966 aeternum
874 1933 920 1965 Fi-

121 1974 172 2001 lius
191 1980 283 2002 mattet
317 1975 344 2003 in
371 1981 511 2011 aeternum
541 1974 577 2011 Si
593 1982 658 2009 ergo
681 1974 769 2011 Filius
789 1982 836 2001 vos
853 1974 920 2011 libe-

121 2011 221 2037 raverit
243 2019 308 2038 vere
337 2010 414 2038 liveri
442 2010 528 2038 eritis.
561 2009 625 2037 Scio
647 2010 710 2045 quia
737 2009 775 2046 (a)
795 2009 919 2045 semen-l-

121 2046 246 2073 Abrahae
270 2046 348 2074 edis.
377 2046 424 2074 sed
450 2046 582 2077 quaeritis
611 2053 654 2071 me
670 2046 833 2073 iuterlicere.
856 2046 919 2079 quia

122 2088 210 2109 sermo
239 2090 316 2109 meus
351 2089 403 2109 non
434 2082 505 2117 capit
536 2082 563 2108 in
587 2081 673 2108 Vobis.
699 2082 754 2116 ligo
774 2089 844 2115 quae
866 2081 919 2107 vidi

122 2123 184 2151 aput
206 2118 314 2145 Patrem
340 2125 429 2145 meum
465 2119 570 2152 loquor.
593 2120 621 2143 et
641 2124 688 2143 vos
710 2124 779 2151 quae
803 2117 918 2143 audistis

122 2160 136 2179 a
164 2152 242 2180 Patre
282 2158 374 2180 vestro
408 2151 508 2180 facitis.
547 2152 757 2187 Responderunt
782 2157 810 2180 et
843 2152 919 2179 dixe-

122 2193 183 2215 runt
196 2190 232 2216 ei.
259 2188 446 2216 Ρςιισ-τηοειετ
463 2188 599 2215 Abraham
628 2193 679 2215 est.
710 2188 780 2214 Dicit
808 2188 848 2214 eis
872 2188 918 2215 Je-

122 2232 174 2249 sus.
199 2226 235 2257 (τ)
260 2226 285 2250 Si
307 2224 366 2251 Filii
395 2225 519 2252 Abrahae
549 2224 657 2251 essetis.
682 2232 763 2258 opera
794 2224 919 2250 Abrahae

122 2260 248 2286 1.xceretis
264 2261 291 2294 f.
319 2261 393 2287 Nunc
420 2268 509 2287 autent
535 2260 663 2293 quaeritis
689 2267 732 2287 nte
752 2260 916 2286 interﬁcere.

122 2294 256 2322 hominem
282 2297 325 2329 qui
352 2296 492 2322 veritatem
517 2295 594 2323 vobis
616 2295 721 2321 locutus
739 2302 809 2322 sum.
837 2302 916 2329 quam

123 2331 207 2357 audivi
225 2342 237 2355 .ι
257 2332 322 2357 [tam
350 2332 401 2358 hoc
414 2330 550 2358 Abraham
577 2338 630 2357 non
647 2328 723 2357 fecit.
751 2329 807 2357 Vos
829 2328 917 2357 facitis

121 2373 202 2399 opera
216 2366 304 2394 Patris
317 2367 411 2394 vestri.
436 2367 566 2394 Dixerunt
579 2366 670 2401 itaque
682 2366 717 2393 ei.
739 2365 794 2393 Nos
806 2372 842 2393 ex
859 2366 915 2393 ior-

973 1936 1108 1967 nicatiotte
1121 1947 1174 1967 non
1196 1943 1291 1966 sumus
1315 1938 1380 1966 nati.
1403 1946 1486 1966 unum
1502 1934 1614 1966 Patrem
1634 1933 1768 1965 habemus

973 1974 1069 2002 Detuu.
1097 1975 1166 2002 Dixit
1188 1982 1252 2010 ergo
1276 1976 1316 2002 eis
1333 1970 1423 2003 desus.
1447 1974 1474 2001 Si
1496 1974 1565 2001 Deos
1582 1973 1660 2001 l’ater
1677 1979 1768 2001 vester

973 2014 1057 2037 esset.
1088 2010 1237 2046 diligerelis
1257 2011 1350 2045 utique
1371 2019 1424 2037 tne.
1447 2010 1579 2044 Quoniam
1595 2017 1645 2044 ego
1671 2018 1685 2036 a
1714 2010 1769 2046 ilco

973 2047 1092 2080 processi
1119 2044 1149 2074 ei
1175 2046 1235 2073 vrni
1266 2055 1318 2074 non
1345 2047 1416 2073 enim
1437 2054 1450 2072 a
1480 2054 1523 2072 nte
1549 2046 1607 2080 ipso
1627 2046 1699 2072 veni.
1721 2044 1768 2072 sed

974 2081 1020 2109 ille
1037 2090 1078 2109 me
1095 2083 1177 2108 nubit.
1192 2084 1279 2114 Quare
1298 2083 1440 2117 loquellam
1462 2089 1548 2109 meam
1562 2089 1615 2108 non
1627 2081 1769 2117 cognosci—

974 2117 1017 2144 tis.
1040 2117 1107 2151 Quia
1124 2127 1176 2144 non
1194 2120 1304 2151 potestis
1316 2115 1410 2145 audire
1428 2125 1582 2144 sermonem
1598 2125 1697 2144 meum.
1718 2115 1770 2151 Vos

973 2160 1006 2180 ex
1017 2149 1097 2181 Patre
1111 2149 1218 2180 diabolo
1233 2154 1309 2181 υδιίκ.
1325 2159 1351 2180 et
1364 2153 1498 2180 desideria
1515 2153 1601 2180 Patris
1615 2152 1696 2179 vestri
1713 2149 1771 2178 \‘ttl-

973 2190 1007 2215 tis
1024 2189 1123 2215 facere.
1138 2189 1185 2215 Ille
1204 2190 1335 2215 llltllllt'ltlﬂ
1351 2189 1415 2216 lat-it
1429 2189 1462 2215 ab
1477 2189 1559 2215 initio.
1577 2194 1601 2214 ct
1617 2188 1643 2214 itt
1659 2188 1771 2214 veritate

971 2231 1025 2251 non
1041 2226 1127 2251 stetit.
1143 2225 1204 2259 quia
1222 2233 1274 2251 non
1289 2230 1329 2251 est
1345 2224 1445 2250 Veritas
1458 2224 1484 2250 in
1498 2231 1541 2250 eo.
1560 2231 1620 2250 eum
1646 2223 1772 2258 loqui-tur

971 2259 1151 2287 mendacium.
1169 2268 1201 2287 ex
1228 2261 1343 2294 propriis
1365 2259 1493 2294 loquitur.
1511 2259 1572 2291 quia
1597 2259 1712 2286 mendax
1730 2262 1772 2285 est

968 2300 996 2322 et
1004 2295 1090 2357 lPater
1101 2295 1160 2331 ejus
1185 2295 1241 2331 Ego
1255 2300 1345 2322 autem
1360 2297 1422 2330 quia
1435 2296 1577 2323 veritatem
1588 2294 1694 2323 locutus
1709 2301 1769 2321 sum

969 2338 1002 2357 vo
1023 2338 1055 2357 is.
1072 2338 1124 2357 uou
1136 2339 1194 2357 cre—

969 2338 1055 2358 VODIS.
1072 2338 1124 2358 ll0ll
1136 2339 1194 2358 cre—

760 2421 879 2451 CODEX
897 2421 1135 2451 CORBElENSlS.

156 2471 200 2499 35.
221 2471 308 2500 Filius
328 2476 420 2499 manet
439 2472 466 2498 in
486 2475 638 2498 aeternum.

156 2507 202 2534 ιο.
225 2509 381 2537 hominem.
411 2507 457 2542 qui
484 2507 626 2534 veritatem
644 2506 750 2534 locutus
768 2509 810 2533 est
830 2505 919 2539 vobis,

121 2550 201 2578 quam
218 2544 321 2570 audivit
337 2551 352 2570 a
370 2543 436 2570 Deo.

159 2576 203 2605 Η.
222 2578 277 2606 Nos
296 2587 330 2606 ex
350 2577 540 2614 prostitutione
562 2585 615 2605 non
636 2585 740 2605 sumus.

1010 2471 1055 2498 44.
1069 2478 1102 2498 ex
1118 2471 1174 2505 suis
1195 2470 1312 2506 propriis
1331 2470 1465 2505 IOquitur,
1489 2468 1551 2504 quia
1564 2468 1575 2483 ³
1586 2467 1701 2496 mendax
1715 2473 1770 2503 est,

974 2506 1044 2534 sicut
1058 2506 1137 2534 Pater
1151 2506 1221 2541 ejus.

977 2575 983 2577 _
1008 2543 1053 2570 45.
1073 2542 1083 2557 ⁸
1097 2542 1155 2577 Ego
1167 2540 1230 2578 quia
1247 2541 1387 2569 veritatem
1401 2540 1472 2574 dico,
1488 2547 1542 2567 non
1557 2540 1670 2568 creditis
1688 2540 1767 2568 mihi.

732 2624 931 2653 VARIANTES
949 2622 1153 2652 LECTIONES.

151 2672 161 2688 ⁸
181 2673 240 2704 μνη.
252 2679 295 2697 vos
307 2673 390 2698 facite.
408 2672 479 2704 Vulg.
493 2678 536 2704 vos
547 2672 634 2697 facitis.

151 2704 162 2736 τ
180 2703 232 2727 Gul.
250 2710 297 2736 non
307 2702 537 2736 custoditis?'Vu.’g.
548 2710 595 2728 non
608 2702 771 2736 cognoscitis?

152 2734 163 2750 ⁸
180 2735 238 2759 Mm.
252 2735 355 2760 Mendax
369 2739 417 2767 est,
428 2736 490 2761 sicut
501 2734 527 2761 et
537 2738 608 2767 pater
617 2734 680 2765 eius.

969 2705 979 2726 ι
1000 2670 1012 2686 λ
1030 2670 1082 2695 ιω.
1094 2669 1149 2702 Εεο
1159 2672 1242 2694 autem
1252 2669 1309 2701 quia
1322 2669 1462 2694 veritatem.
1475 2670 1534 2694 Mm.
1546 2668 1600 2701 Ego
1609 2668 1666 2700 quia
1678 2667 1769 2693 Verita-

981 2708 1030 2726 em.

981 2708 1030 2726 em.

799 2772 981 2803 BLANCHINI
1001 2772 1116 2804 ΝΟΤᾸΞ.
1158 2803 1163 2809 ,

158 2821 195 2856 (a)
216 2820 303 2861 Itaet
323 2829 376 2852 tex.
401 2824 448 2853 Gr.
474 2825 590 2861 σπέρμα.
608 2838 651 2861 -Δ
664 2822 703 2861 (lt)
714 2822 762 2861 ita
782 2827 810 2850 et
821 2828 890 2861 _tex.
903 2822 958 2861 _Gr.
972 2821 1026 2851 οὖν.
1038 2823 1128 2861 -—_(c)
1144 2824 1184 2861 Ita
1195 2828 1222 2851 et
1239 2822 1355 2861 tcx.»G_r.
1370 2823 1477 2861 σίψιγα
1488 2824 1535 2861 τᾳῦ
1547 2821 1662 2861 Ἀϐραὰμ
1671 2821 1726 2861 ire,
1737 2822 1772 2851 τὰ

118 2857 183 2900 ἔργα
198 2862 244 2886 τοῦ
255 2858 376 2900 ὲΑϐρᾳάμ
396 2863 503 2900 ἃπᾳιςῖ-εε
521 2857 561 2889 ἄν).
576 2875 610 2880 ——
623 2859 664 2900 (ᾳ)
679 2857 762 2886 Addit
781 2859 839 2891 sed,
859 2859 920 2900 cod.
940 2867 1047 2900 quoque
1064 2857 1145 2900 emit.
1173 2859 1210 2888 δέ.
1227 2874 1260 2881 ——
1275 2859 1309 2899 (ι)
1403 2858 1477 2900 dicit,
1500 2858 1577 2896 deest
1591 2857 1671 2896 'erg'o,
1686 2858 1769 2888 etiam

118 2894 235 2925 inverti.
252 2894 375 2925 Gothica.
388 2897 464 2937 -([)
479 2897 542 2926 Post
556 2904 618 2934 ego,
632 2895 709 2924 deest
722 2899 827 2930 actm,
841 2894 925 2926 etiam
938 2896 967 2931 ia
979 2895 1043 2928 cod.
1059 2895 1136 2924 Cant.
1300 2894 1303 2899 '
1332 2895 1335 2903 ‘
1351 2895 1363 2900 “
1407 2897 1411 2901 ‘
