2021 3096
260 127 315 156 415
531 126 669 157 EUSEBII
689 125 857 155 VERCELL.
880 126 1106 156 EVANGELIUM
1126 126 1195 155 CUM
1216 126 1331 156 VARIIS
1350 127 1427 157 COD.
1446 128 1642 159 COLLATUM.
1858 126 1912 156 “6

1329 184 1444 213 CODEX
1465 184 1689 214 VERONENSIS.

454 182 570 211 CODEX
591 182 859 211 VERCEILENSIS.

679 230 799 257 monium
815 229 859 257 ha-

679 265 737 292 bes.
753 265 890 293 Abraham

680 305 802 328 mortuus
816 304 869 333 est,

680 336 690 352 ³
702 340 730 364 ει
743 336 868 364 Profetae
881 344 889 364 :

681 377 708 399 et
724 377 751 399 tu
765 371 833 400 dicis
847 380 855 399 :
869 371 898 400 Si
910 372 972 408 quis

681 408 792 435 verbum
809 415 867 436 me-

264 230 329 259 ditis
345 230 422 258 mihi.

261 266 308 294 46.
331 267 397 300 Quis
409 273 444 294 ex
456 269 579 294 vestrum

262 307 359 338 arguet
374 309 418 329 me

262 338 298 366 de
314 337 446 373 peccato?

264 373 293 401 Si
309 373 453 401 veritatem

263 409 336 442 dico,
352 416 436 444 quare

263 452 319 472 non
331 443 420 472 credi-
680 451 724 470 um
738 443 865 477 audierit,

263 481 308 508 47.
333 480 366 508 tis
381 480 470 508 mihi?
489 480 530 514 Qtt
551 500 558 507 .
581 501 587 507 .
680 483 708 506 et
722 486 848 507 servave-

264 524 298 544 ex
317 516 371 543 Deo
391 535 399 542 .
422 536 428 543 .
450 535 458 543 .
482 536 488 543 .
512 537 518 542 .
542 537 548 544 .
569 532 582 537 -
680 515 727 546 rit,
741 522 793 542 non
809 523 868 549 gus-

681 550 748 577 tabit
762 555 877 578 mortem

680 585 707 612 in
719 590 870 613 aeternum.

681 621 734 663 55._
747 621 882 657 Numquid
899 625 927 649 ιιι

682 664 769 693 11173]οΓ
782 665 813 685 es
825 665 906 693 quam

682 692 908 729 Abrahampquia

681 734 806 755 mortuus
821 734 862 756 est
871 729 883 755 ἲ

681 769 723 790 set
737 769 763 791 et
779 764 874 793 Profe-

681 804 724 827 tae
738 802 836 827 mortui

680 835 763 862 sunt?
777 836 863 869 Quem
879 840 905 864 te

680 869 747 898 facis
757 871 769 897 ?

681 906 726 933 54.
748 906 900 940 Respondit
911 907 991 936 Jesus
1003 917 1008 934 :

681 940 709 978 Si
721 949 771 977 ego
785 950 827 970 me
840 943 898 978 glo-
934 968 937 973 ,

681 976 703 1004 ri
708 976 754 1004 lica
760 985 833 1011 vero,

680 1013 768 1047 gloria
779 1021 837 1041 mea

681 1048 749 1076 nihil
763 1053 819 1077 est:
832 1054 875 1078 est
888 1050 939 1078 Pa-

681 1088 723 1121 ter
738 1093 824 1121 utens,
838 1089 883 1121 qui

680 1120 814 1155 gloriﬂeat
829 1120 882 1155 uie,

681 1163 761 1190 quem
776 1164 824 1184 vos
837 1157 878 1184 di-

682 1191 744 1219 citis
755 1192 826 1226 quod
839 1193 910 1220 Deus

681 1227 726 1255 55.
747 1227 758 1242 ⁸
770 1233 858 1269 vester
870 1233 922 1262 est,
935 1233 963 1256 et

683 1270 736 1299 non
752 1271 879 1299 agnovis-

684 1298 716 1326 lis
730 1298 805 1327 illum
821 1309 828 1326 :

682 1341 733 1368 ego
744 1337 805 1362 novi
820 1336 896 1363 illum
911 1344 918 1362 :

683 1370 718 1396 Et
733 1371 754 1397 si
771 1370 867 1399 dixero

683 1405 746 1438 quia
760 1408 852 1433 nescio

683 1448 757 1473 eum,
772 1449 820 1468 ero
834 1442 870 1469 si-

685 1476 758 1503 milis
771 1477 858 1509 vobis,

265 551 300 579 ba
315 551 361 579 Dei
376 551 461 579 audit.
482 551 506 579 1-

265 588 317 614 deo
332 594 380 614 vos
394 594 447 614 non

265 622 387 654 creditis.
403 622 463 657 qui-

265 666 280 685 a
296 666 330 686 ex
346 658 401 686 Deo
415 665 469 686 non

264 694 342 722 estis.

264 729 309 757 48.
331 729 541 764 Responderunt

264 765 370 798 Judaei,
385 769 412 792 et
425 765 465 792 di-

265 804 364 828 xerunt
378 810 384 828 :
401 800 459 828 Non

266 836 336 864 bene
350 835 464 865 dicimus

263 871 336 913 quod
350 872 444 899 Sama~

265 913 370 935 rttauus
383 915 413 935 es
427 913 466 939 tu.

266 944 274 958 ¹
289 948 316 971 ει
332 943 471 971 daemoni-

265 987 310 1006 um
335 978 442 1006 habes?

264 1013 311 1041 49.
332 1014 482 1049 Respondit
494 1014 573 1043 Jesus
586 1024 592 1042 :

268 1049 327 1084 Ego
342 1050 484 1077 daemoni-

264 1093 310 1112 um
327 1093 379 1112 tton
395 1085 442 1112 Ita-

264 1120 327 1152 beo,
343 1120 389 1148 sed
406 1121 492 1149 hono-

264 1156 377 1184 rilieabo
389 1156 440 1183 Pa-

266 1196 334 1219 trem
351 1199 440 1219 meum
455 1201 461 1219 ε

265 1235 313 1254 VOS
328 1235 371 1255 me
386 1235 440 1255 non

263 1262 428 1291 ltonorillca-

264 1298 310 1326 50.
331 1299 374 1326 tis.
389 1299 444 1334 Ego
458 1304 548 1328 autem

266 1341 319 1361 non
335 1341 419 1368 qttaer
432 1353 439 1361 .
461 1355 469 1362 .

268 1390 275 1396 .
298 1389 305 1396 .
326 1370 411 1396 oriam
428 1378 514 1398 tueam
531 1380 537 1397 :

267 1408 310 1432 est
322 1405 367 1439 qui
382 1413 464 1439 quae-

267 1445 320 1473 rat,
332 1446 360 1467 et
372 1440 486 1474 judicet.

269 1476 314 1503 51.
335 1477 432 1510 Amen,
447 1484 525 1505 amen
539 1477 574 1506 di‘

267 1518 299 1539 co
314 1511 391 1549 vobis
403 1521 410 1538 :
426 1513 449 1540 si
462 1513 522 1549 quis

267 1547 379 1574 verbum
395 1555 451 1576 me-

269 1590 313 1609 um
327 1590 454 1611 servave-

268 1618 314 1650 rit,
331 1623 446 1646 mortem

269 1661 323 1681 n0u
336 1654 438 1682 videbit
453 1655 480 1682 itt

269 1693 419 1718 aeternum.

270 1724 317 1752 52.
338 1725 436 1753 Dicttnt
448 1726 484 1754 illi
500 1726 597 1755 Judaei
611 1737 617 1753 :

268 1760 345 1788 Nunc
359 1769 462 1795 cogno-

270 1796 357 1825 vimus
370 1799 432 1833 quia
443 1798 490 1827 de—

685 1512 811 1539 tueutiax.
827 1513 881 1541 Sed

685 1548 750 1574 novi
765 1548 853 1582 illum,

684 1583 695 1599 ⁸
704 1587 732 1610 ει
746 1584 858 1616 verbum
873 1592 902 1612 e-

685 1619 730 1647 56.
749 1619 793 1652 jus
807 1628 897 1648 servo.
910 1620 995 1648 Abra-

686 1654 748 1682 ham
762 1655 842 1683 Pater
856 1663 913 1684 ves-

688 1695 730 1718 ter
742 1693 862 1719 exsulta-

686 1726 725 1754 vit
740 1731 768 1754 ut
778 1728 883 1755 videret

685 1762 757 1790 diem
773 1771 863 1790 mettm
876 1772 882 1790 :

687 1798 725 1835 (ὁ)
738 1804 765 1827 ει
777 1799 796 1834 1-
807 1799 887 1833 vidit,
900 1804 927 1827 et
938 1806 986 1834 ga-

1112 228 1222 257 creditis
1234 229 1311 257 mihi.

1111 265 1156 292 46.
1177 264 1243 299 Quis
1256 273 1290 293 ex
1303 273 1353 293 vo-

1112 300 1153 327 bis
1162 305 1258 335 arguet
1269 308 1312 329 me

1112 335 1146 363 de
1160 337 1290 371 peccato?

1112 371 1140 399 Si
1156 371 1298 399 veritatem

1112 407 1184 438 dico.
1194 415 1277 442 quare

1112 450 1160 470 VOS
1176 451 1228 470 ιιοη
1244 450 1305 471 (⁸1³8-

1112 478 1176 506 ditis
1191 478 1279 506 mihi?

1111 514 1158 543 47.
1179 515 1228 548 Qui
1247 519 1288 541 est
1301 521 1335 542 ex

1112 549 1180 582 Deo,
1195 550 1277 577 verba

1113 585 1160 613 Dei
1175 585 1259 612 audit.

1113 621 1259 655 Propterea
1275 628 1323 648 vos

1113 663 1167 683 non
1183 655 1291 688 auditis.

1112 693 1242 727 quoniam
1256 699 1289 718 ex

1114 726 1170 754 Deo
1187 735 1239 754 non
1251 727 1326 754 estis.

1112 763 1159 798 48.
1181 762 1391 798 Responderunt

1113 797 1220 830 Judaei,
1232 797 1260 826 et

1113 833 1240 861 dixerunt
1255 834 1300 861 ei:

1113 869 1208 897 Nonne
1221 874 1294 897 recte

1113 904 1229 932 dicimus
1246 913 1295 932 nos

1114 941 1175 973 quia
1190 941 1286 968 Sama-

1115 976 1219 1003 ritanus
1231 984 1260 1003 es
1273 980 1311 1008 tu,

1115 1016 1141 1038 et
1157 1011 1328 1039 daemonium
1343 1011 1444 1039 habes?

1115 1047 1161 1074 49.
1184 1047 1330 1081 Respondit
1340 1047 1419 1076 Jesus
1431 1055 1438 1074 :

1116 1083 1172 1118 ligo
1183 1083 1354 1111 daemonium

1116 1126 1168 1145 non
1185 1119 1281 1151 ltabcoI

1115 1154 1163 1181 sed
1179 1154 1308 1181 honoriﬁ-

1114 1197 1146 1217 co
1160 1189 1266 1217 Patrem

1115 1233 1205 1253 meum
1224 1233 1231 1251 Ξ
1249 1232 1298 1252 νος

1114 1260 1152 1324 g1)
1167 1260 1366 1302 dehonoriiica-

1133 1298 1159 1324 0.
1182 1302 1215 1324 tts
1225 1296 1244 1324 -l-
1258 1304 1312 1324 me.
1329 1296 1366 1324 Ειι

1133 1298 1159 1325 0.
1182 1297 1215 1324 tis
1225 1296 1244 1332 -ι-
1258 1304 1312 1324 me.
1329 1296 1386 1331 Ego

1115 1337 1206 1360 autem
1223 1339 1275 1360 non

1115 1375 1218 1403 quaero
1229 1368 1315 1397 hono-

1116 1411 1172 1431 rem
1189 1412 1278 1431 meum
1295 1413 1301 1430 ι

1116 1443 1159 1466 est
1170 1439 1215 1473 qui
1228 1440 1345 1474 quaerit.

1117 1475 1260 1509 etjudicat.

1118 1510 1162 1538 51.
1183 1509 1281 1542 Anien,
1299 1517 1378 1538 amen

1117 1545 1178 1573 dico
1191 1546 1266 1574 vobis
1276 1555 1286 1574 :

1117 1582 1140 1609 si
1156 1582 1216 1617 quis
1231 1582 1342 1609 verbum

1118 1624 1208 1644 meum
1221 1619 1349 1645 servabe-

1118 1653 1163 1685 rit,
1182 1657 1295 1681 mortem

1119 1696 1173 1716 non
1188 1689 1291 1717 videbit

1119 1725 1146 1751 in
1165 1729 1318 1752 aeternum.

1120 1760 1164 1788 52.
1188 1761 1318 1789 Dixerunt

1120 1797 1145 1824 ei
1158 1796 1253 1825 Judaei
1267 1806 1273 1824 :

1527 231 1604 260 Nunc
1616 231 1745 268 cognovi-

1527 276 1588 295 mus
1602 268 1731 303 quouiatn
1790 283 1821 302 ,Α

1527 303 1701 330 daemonium

1528 339 1621 366 habt-s.
1638 337 1776 366 Abraham

1528 379 1651 402 mortuus
1664 378 1717 406 est.

1529 415 1556 437 et
1573 410 1723 442 Propltetae
1736 417 1744 437 :

1529 449 1557 472 et
1572 450 1599 472 ttt
1615 445 1684 473 dicis
1697 454 1704 472 :

1529 481 1558 509 Si
1573 481 1633 516 quis
1647 481 1758 509 verbum

1529 524 1620 544 meum
1631 516 1755 544 servabe-

1529 552 1575 584 rit,
1587 560 1641 579 non
1652 556 1740 587 gusta-

1530 587 1570 615 bit
1584 592 1709 615 mortem.

1529 623 1575 651 53.
1595 622 1729 658 Numquid
1745 627 1774 651 tu

1531 659 1617 692 maior
1631 666 1661 686 es
1675 658 1762 686 Abra-

1530 693 1593 726 hae,
1605 695 1650 729 qui
1663 702 1731 722 mor-

1532 735 1593 756 tuus
1612 729 1671 757 est?
1687 734 1714 758 et

1532 765 1695 799 PrOphetae,

1529 801 1574 834 qui
1591 802 1690 828 mortui

1528 836 1609 863 sunt?
1624 836 1709 870 Quem
1727 842 1729 844 ‘

1530 876 1556 899 te
1571 879 1636 904 ergo
1651 872 1732 900 facis?

1528 907 1574 934 5L.
1595 907 1744 944 Respondit
1757 907 1801 936 Je-

1528 950 1574 970 sus
1589 952 1595 970 :
1610 943 1636 971 Si
1653 951 1703 978 ego
1717 945 1768 972 lto-

1529 979 1645 1006 noriﬁco
1660 987 1714 1012 me,

1531 1014 1619 1041 ltonor
1631 1022 1706 1042 meus

1530 1050 1597 1077 nihil
1611 1054 1654 1078 est
1668 1060 1674 1077 :
1695 1050 1744 1078 Pa-

1531 1090 1572 1112 ter
1583 1094 1660 1113 meus
1677 1090 1729 1119 est,

1530 1121 1576 1156 qui
1588 1121 1719 1149 honorili-

1530 1162 1574 1184 cat
1585 1164 1639 1189 me.
1655 1164 1735 1192 quem

1531 1199 1581 1219 vos
1592 1192 1682 1220 dicitis

1529 1228 1655 1263 quoniam
1672 1227 1742 1256 Deus

1529 1262 1573 1290 55.
1595 1269 1696 1295 vester.
1712 1268 1740 1291 et
1754 1270 1810 1291 non

1529 1299 1614 1326 nostis
1628 1306 1691 1326 eum
1706 1308 1714 1327 :

1529 1342 1580 1369 ego
1593 1339 1683 1363 autem

1530 1371 1591 1398 novi
1606 1378 1667 1398 eum
1682 1379 1689 1396 :
1703 1369 1736 1398 Et
1747 1369 1771 1398 si
1781 1369 1880 1398 dixero

1531 1407 1661 1441 quoniam
1675 1413 1728 1433 non

1532 1442 1594 1468 ttovi
1610 1449 1683 1475 eutn,
1699 1448 1746 1469 ero

1532 1477 1629 1505 similis
1645 1476 1731 1509 vobis,

1533 1515 1661 1540 mendax.
1678 1512 1733 1540 Sed

1534 1548 1591 1576 scio
1606 1549 1694 1580 illutn,

1533 1590 1561 1612 et
1577 1586 1688 1611 verbum
1704 1583 1764 1618 ejus

1534 1620 1672 1647 custodio.

1535 1655 1580 1683 56.
1595 1655 1731 1683 Ahraltam
1742 1655 1823 1683 Pater

1535 1696 1626 1719 vester
1643 1692 1761 1718 laetaba-

1536 1731 1580 1753 tur
1593 1732 1623 1754 ιιι
1637 1727 1743 1754 videret

1536 1762 1609 1790 diem
1623 1769 1711 1790 meum
1724 1770 1731 1788 :

1538 1797 1576 1833 ψ)
1588 1803 1616 1825 ει
1627 1798 1647 1834 -ι-
1661 1797 1739 1833 vidit,
1758 1802 1787 1825 et

927 1856 1044 1885 CODEX
1063 1855 1260 1885 BRleANUS.

269 1904 332 1942 ditis
359 1905 434 1942 mihi.
459 1906 524 1939 Quis
548 1914 580 1934 ex
604 1906 681 1934 vobis
701 1910 796 1942 arguet
821 1914 865 1934 me
886 1907 921 1934 de
941 1910 1064 1941 peccato.

268 1939 296 1977 Si
314 1941 465 1977 veritatem
489 1942 559 1969 dico.
583 1942 644 1977 quia
678 1939 810 1969 vos'non
845 1939 957 1969 creditis
989 1942 1064 1969 milii.

269 1975 319 2009 Qui
346 1981 387 2003 est
418 1984 451 2004 ex
480 1977 534 2004 Deo
564 1975 646 2004 verba
677 1977 725 2004 Ι)ρί
753 1978 835 2005 audit.
867 1977 992 2004 Proterea
1019 1984 1067 2003 vos

270 2019 324 2038 non
350 2012 459 2039 auditis.
476 2013 538 2047 quia
552 2021 584 2040 ex
612 2013 665 2040 Deo
685 2021 738 2039 tton
759 2013 834 2040 εςιίς.
859 2012 1066 2047 Responderunt

270 2047 353 2081 igitur
370 2047 477 2075 Judaei.
496 2053 523 2075 et
548 2049 675 2075 dixerunt
699 2049 734 2075 ei.
767 2049 861 2075 Nonne
882 2048 1068 2075 benedicimus

271 2090 331 2109 nos.
350 2084 411 2117 quia
431 2083 618 2111 Samaritanus
634 2092 663 2111 es
686 2089 724 2110 ιιι.
746 2083 952 2111 etdaentonium
972 2083 1065 2110 habes.

271 2117 422 2154 Respondit
459 2119 549 2146 Jesus.
591 2120 646 2154 Ego
679 2119 852 2147 daemonium
893 2128 945 2146 non
970 2119 1066 2145 habeo.

269 2153 317 2190 sed
339 2155 489 2182 Itonot-itico
512 2153 621 2183 Patrem
645 2163 745 2182 meum.
766 2161 793 2183 et
807 2164 853 2182 vius
868 2154 908 2190 (ιι)
923 2155 1068 2182 inhonora-

270 2189 335 2226 tisj-
349 2198 401 2218 nte.
420 2191 477 2226 Ego
490 2197 579 2218 autem
597 2200 648 2218 non
661 2199 761 2219 quaero
776 2191 888 2226 gloriam
899 2189 1003 2217 intra-tn.
1027 2195 1070 2216 est

271 2225 316 2259 qtti
341 2231 453 2260 quaerat
474 2232 501 2254 et
524 2227 637 2261 iudicet.
655 2228 740 2254 Amen
762 2225 840 2254 amen
862 2226 923 2254 dico
938 2226 1023 2253 vobis.
1046 2225 1069 2252 si

271 2261 331 2294 quis
345 2268 496 2289 sermonem
511 2270 601 2290 meum
616 2263 775 2290 servaverit.
794 2268 908 2290 mortem
926 2269 980 2289 non
994 2261 1068 2288 vide-

271 2296 311 2324 bit
336 2297 362 2324 iu
386 2301 538 2325 aeternum.
561 2298 694 2326 Dixerunt
720 2306 785 2334 ergo
810 2298 836 2326 ei
861 2298 966 2326 Judaei.
993 2296 1070 2325 Nunc

1121 1905 1295 1939 cognovimus
1310 1904 1371 1938 quia
1388 1903 1562 1931 daemonium
1576 1903 1671 1931 habes.
1689 1902 1825 1931 Abraham
1843 1910 1924 1929 mor-

1122 1945 1183 1967 tuus
1196 1946 1246 1967 est.
1263 1944 1289 1966 ct
1305 1940 1464 1973 Propltetae.
1482 1944 1508 1966 et
1523 1944 1550 1966 ttt
1566 1939 1675 1967 dicis.Si
1691 1940 1750 1975 quis
1764 1946 1926 1966 sermonem

1122 1984 1209 2002 meum
1223 1977 1381 2002 servaverit.
1399 1983 1449 2002 non
1462 1976 1581 2010 gustavit
1594 1980 1709 2003 mortem
1727 1975 1753 2002 in
1766 1980 1926 2002 aeternum.

1122 2011 1257 2045 Numquid
1282 2017 1307 2037 tu
1332 2012 1416 2044 majwr
1432 2018 1459 2037 cs
1482 2010 1561 2038 Patre
1585 2018 1679 2038 nostro
1702 2010 1850 2037 Abraham.
1876 2010 1926 2045 qui

1123 2052 1245 2074 mortuus
1261 2051 1313 2073 est.
1330 2050 1358 2073 ct
1370 2046 1521 2079 Propltetae
1532 2046 1575 2079 qui
1592 2047 1690 2073 tnorttti
1707 2049 1779 2073 sunt.
1793 2047 1883 2079 Quem
1899 2050 1927 2072 te

1122 2083 1210 2116 ipsum
1227 2083 1299 2109 facis.
1318 2082 1466 2116 Respondit
1479 2082 1568 2109 Jesus.
1582 2081 1609 2109 Si
1625 2090 1676 2116 ego
1688 2081 1810 2116 gloril‘tcn
1823 2089 1869 2108 me
1884 2082 1929 2115 ip—

1123 2126 1194 2146 sum.
1210 2118 1294 2153 gloria
1309 2125 1367 2144 mea
1380 2117 1446 2144 nihil
1457 2123 1509 2145 est.
1523 2124 1564 2145 est
1580 2117 1660 2145 Pater
1676 2125 1752 2145 tneus
1773 2117 1817 2149 qtti
1836 2116 1929 2151 glori-

1125 2154 1186 2181 ﬁcat
1202 2162 1255 2181 tne.
1271 2161 1350 2188 quem
1365 2160 1412 2180 vos
1424 2153 1514 2180 dicitis
1533 2155 1595 2188 quia
1613 2154 1684 2180 Deus
1707 2157 1798 2179 uoster
1818 2156 1875 2180 est.
1899 2157 1930 2180 et

1124 2189 1235 2217 nescitis
1249 2196 1320 2216 eum.
1337 2196 1387 2223 ego
1402 2194 1491 2216 autem
1505 2189 1568 2216 novi
1580 2196 1653 2216 eum.
1670 2188 1702 2215 Et
1717 2189 1739 2215 si
1754 2188 1849 2215 dixero
1861 2189 1929 2222 quia

1125 2225 1216 2252 nescio
1230 2232 1303 2251 etttn.
1313 2232 1360 2251 ero
1371 2224 1468 2252 similis
1479 2225 1556 2251 vobis
1571 2224 1696 2251 mendax.
1714 2223 1766 2251 Sed
1782 2224 1839 2250 scio
1849 2231 1930 2251 cum.

1124 2266 1151 2288 et
1174 2267 1328 2287 sermonum
1348 2260 1407 2294 ejus
1433 2268 1521 2287 servo.
1548 2260 1686 2287 Abraham
1713 2260 1792 2286 Pater
1819 2264 1929 2286 Vester.

1125 2295 1257 2323 exultavit
1271 2300 1299 2322 ut
1314 2295 1417 2323 videret
1430 2295 1502 2324 diem
1516 2303 1605 2323 tneutn
1621 2294 1659 2331 (ὁ)
1676 2300 1703 2323 ει
1715 2294 1734 2330 ἰ-
1747 2294 1814 2322 vidit
1836 2301 1864 2322 et
1882 2302 1933 2330 ga-

917 2354 1033 2383 CODEX
1053 2352 1288 2381 CORBEIENSIS.

302 2402 394 2465 ὣς..)δί
417 2403 559 2431 veritatem
575 2403 585 2418 '
602 2402 683 2436 dico,
708 2410 792 2438 quare
813 2409 863 2431 vos
885 2410 939 2430 non
959 2401 1071 2430 creditis

333 2447 338 2464 I
353 2446 364 2465 ῖ

273 2446 353 2510 ""27.
373 2474 519 2510 Propterea
534 2482 582 2502 vos
598 2482 641 2502 me
661 2482 714 2502 non
729 2473 839 2507 auditis,
857 2473 920 2509 quia
935 2480 988 2501 tton
1002 2473 1069 2501 estis

271 2515 304 2536 ex
326 2509 391 2535 Deo.
430 2509 433 2510 ⁷

308 2543 353 2572 69.
379 2544 548 2573 inhonoratis
570 2554 624 2574 me.

308 2579 353 2608 50.
375 2587 428 2607 nou
442 2588 544 2615 quaero
558 2582 712 2610 claritatem
729 2588 826 2609 meam.

307 2615 352 2643 51.
374 2623 428 2644 non
445 2616 545 2644 videbit
558 2623 672 2646 mortem
687 2618 714 2645 in
728 2621 879 2646 aeternttm.

1160 2401 1205 2428 52.
1227 2408 1280 2427 non
1294 2400 1413 2435 gustabit
1435 2405 1569 2433 mortem,
1594 2402 1688 2430 omisso
1708 2401 1735 2429 in
1762 2404 1910 2428 aeternum
1923 2421 1932 2434 ,

1124 2436 1193 2471 quod
1208 2436 1334 2471 supplevit
1347 2437 1472 2463 recentior
1484 2445 1586 2464 manus.

1160 2472 1205 2500 55.
1226 2471 1362 2507 Numquid
1384 2476 1414 2500 tu
1438 2473 1525 2507 major
1547 2480 1577 2500 es
1599 2480 1681 2509 quam
1702 2472 1857 2505 Abraham,
1883 2472 1934 2508 qui

1124 2513 1247 2535 mortuus
1261 2508 1320 2535 est?

1124 2542 1206 2606 h.
1227 2543 1256 2572 Si
1269 2551 1320 2579 ego
1334 2543 1519 2572 clariﬁcavero
1533 2544 1796 2581 meipsum,claritas
1809 2551 1872 2572 mea
1887 2544 1934 2572 ni-

1146 2587 1152 2605 I
1176 2585 1228 2606 est.

1146 2585 1164 2605 Il
1176 2585 1228 2606 est.

896 2663 1094 2693 VARIANTES
1107 2663 1310 2693 LECTIONES.

303 2711 314 2758 ξ
330 2710 385 2736 Gal.
399 2716 437 2742 es,
449 2710 614 2735 daemonium.
631 2711 704 2768 γαιῖ.
717 2718 746 2735 es
757 2713 797 2740 tu.
812 2715 839 2736 et
849 2711 1012 2738 daemonlunt.

332 2742 384 2767 Gal.
399 2746 425 2767 et
442 2742 581 2768 Proobetae
596 2746 676 2767 mortu
702 2746 775 2768 sunt:
786 2745 813 2767 et
827 2747 862 2768 tu.
875 2742 949 2768 γυια-
968 2747 993 2768 ει
1009 2743 1012 2768 i

303 2743 314 2758 ¹
332 2742 384 2767 Gal.
399 2746 425 2767 et
442 2742 581 2774 Prophetae
596 2742 687 2768 mortui
702 2746 775 2768 sunt:
786 2745 813 2767 et
827 2747 862 2768 tu.
875 2742 949 2774 Vulg.
968 2747 993 2768 et
1009 2743 1071 2768 Pro-

271 2772 377 2803 phetae?
390 2777 416 2799 et
428 2777 463 2799 tu.

1159 2712 1169 2747 ξ
1187 2711 1241 2747 gat.
1251 2715 1279 2747 et
1287 2713 1347 2737 Mm.
1357 2714 1445 2747 poster
1455 2715 1510 2747 est:
1520 2713 1592 2747 Vulg.
1604 2717 1688 2740 vester
1700 2718 1748 2740 est.

1158 2741 1169 2778 ξ
1187 2744 1245 2778 ym.
1258 2743 1403 2778 et_t_nand_a_ta
1414 2744 1475 2775 ejus.
1492 2741 1603 2778 Ftdg.'et
1615 2752 1755 2771 sermonem
1770 2745 1833 2777 ejus.

1155 2774 1166 2790 '
1184 2774 1235 2800 Gal.
1247 2778 1269 2799 et
1281 2775 1342 2800 Mm.
1355 2774 1504 2808 dico,quare
1515 2774 1558 2802 vo's
1568 2783 1627 2802 non.

953 2815 1136 2844 BLANCHINI
1156 2816 1271 2845 NOTE.

313 2875 352 2911 (α)
367 2875 406 2904 tta
419 2882 445 2904 et
459 2881 515 2905 tex.
530 2878 579 2906 Gr.
596 2876 741 2913 ἆτιμάζιτι.
757 2890 794 2900 -
805 2874 844 2913 (b)
858 2875 955 2910 Addit,
971 2882 1012 2910 ct;
1026 2876 1108 2906 etiam
1122 2876 1150 2906 in
1162 2881 1228 2907 text.
1241 2876 1288 2905 Gr.
1304 2878 1356 2905 καὶ.
