4042 6192
261 276 377 333 417

662 388 891 447 CODEX
931 390 1467 454 VERCELLENSIS.

1098 503 1258 543 nemo
1288 496 1469 556 potest

1096 558 1151 613 5.
1191 560 1428 627 operari.
1459 558 1589 614 Cum

1096 644 1214 684 sum
1242 630 1295 683 in
1326 630 1428 685 hoc

1097 700 1321 765 mundo,
1352 700 1442 756 lux

1096 786 1216 827 sum
1248 771 1405 841 hujus

1100 843 1305 898 mundi.

1098 913 1153 969 6.
1194 913 1335 969 Haec
1361 914 1571 978 dicens,

1099 986 1311 1053 exspuit
1339 985 1392 1040 in
1428 997 1537 1040 ter-

1098 1071 1178 1120 ra,
1209 1065 1263 1111 et
1296 1056 1423 1111 fecit
1445 1058 1528 1112 lu-

1101 1135 1209 1181 tum
1235 1127 1301 1182 de
1322 1128 1495 1196 spuli-

1098 1208 1303 1265 mento,
1334 1207 1390 1253 et
1420 1199 1480 1254 li-

1099 1271 1215 1323 nuit
1235 1270 1421 1324 oculos

1099 1340 1151 1410 7.
1195 1340 1333 1410 ejus,
1361 1348 1417 1395 et
1444 1340 1616 1396 dixit:

1098 1409 1248 1466 Vade
1279 1411 1330 1465 in
1360 1422 1506 1465 nata-

1098 1482 1295 1553 teriam
1324 1482 1396 1553 (ε)
1425 1482 1569 1538 Silo-

1098 1567 1183 1605 am
1204 1552 1243 1623 ’ξ-
1264 1552 1429 1624 (quad
1454 1564 1537 1608 est

1098 1624 1397 1694 interprae-

1098 1703 1266 1749 talum
1295 1694 1420 1749 Mis-

1098 1766 1237 1835 sus.)
1269 1766 1433 1832 Abiit,
1463 1774 1517 1821 et
1546 1765 1627 1821 la-

1096 1838 1194 1903 vit,
1223 1845 1279 1892 et
1306 1838 1457 1893 venit
1486 1837 1567 1892 vi-

1095 1907 1251 1963 dens.

234 1974 294 2051 1.
348 1972 807 2051 E_ttrausiens(b)
834 1974 1022 2047 vidit'j‘
1095 1978 1148 2034 8.
1192 1977 1369 2034 Vicini
1396 1994 1527 2051 ergo
1554 1980 1695 2050 ejus,

232 2044 542 2101 hominem
566 2060 691 2121 cae-
744 2044 794 2046 η
998 2044 1006 2047 ⁷
1093 2059 1149 2106 et
1174 2052 1263 2121 qui
1286 2051 1435 2105 vide-

233 2132 376 2171 cum
407 2132 435 2168 a
470 2118 612 2171 nati-
1093 2118 1225 2177 haut
1253 2122 1401 2176 illum

231 2188 292 2265 2.
342 2188 527 2244 vitate
551 2204 646 2243 sua
680 2208 695 2245 :
725 2200 791 2265 et
1094 2193 1115 2224 ²
1140 2193 1288 2260 prius
1310 2192 1452 2265 quod

231 2262 731 2328 interrogaverunt
758 2262 826 2317 il-
1092 2278 1289 2320 caecus
1306 2262 1401 2330 ,‘et
1427 2280 1578 2321 men-

230 2330 359 2385 lttm
403 2330 635 2400 discipu-
1090 2334 1247 2402 dicus
1272 2346 1421 2401 erat,

230 2404 267 2458 li
300 2402 463 2471 ejus,
495 2402 689 2458 diceu-
1090 2406 1379 2462 dicebant:
1412 2406 1555 2463 Non-

230 2482 321 2530 tes
355 2491 371 2526 :
417 2472 647 2549 Rhabbi,
674 2474 799 2546 quis
1092 2492 1160 2533 ne
1192 2479 1281 2533 hic
1304 2487 1416 2544 est,
1448 2479 1539 2549 qui

226 2546 524 2617 peceavit,
558 2545 665 2612 hic,
695 2545 702 2546 ί
1090 2549 1351 2615 sedebat,
1382 2558 1436 2605 et

226 2626 330 2672 aut
364 2627 634 2685 parentes
1091 2620 1339 2675 mendica
1352 2652 1368 2662 -

225 2690 386 2758 ejus,
418 2688 565 2757 quod
595 2702 719 2743 cae-

223 2776 329 2815 cus
359 2768 535 2813 natus
559 2760 680 2814 est?

222 2833 283 2887 3.
328 2830 655 2897 Restiondit
685 2831 794 2886 illis

221 2902 414 2959 Iesus
442 2919 458 2956 :
487 2900 671 2971 Neque
691 2901 783 2958 hic

221 2973 522 3047 peccavit.
558 2988 649 3054 ne—

222 3063 341 3114 quc
384 3054 633 3115 parentis

220 3118 362 3185 ejus
406 3134 421 3167 :
454 3115 554 3171 sed
583 3123 643 3170 ut
666 3129 781 3171 ma-

222 3190 548 3242 tiifestetur

220 3272 419 3329 opera
446 3257 546 3329 Dei
574 3258 624 3312 in

219 3328 279 3387 Δ.
326 3331 467 3385 illo.
502 3328 584 3385 Me
609 3342 768 3398 opor-

222 3412 305 3457 tet
328 3401 569 3471 operari

219 3488 416 3543 opera
446 3473 587 3541 ejus,
616 3472 703 3541 qui

218 3562 319 3600 me
354 3545 544 3609 misit,
570 3543 695 3599 dum

218 3616 355 3671 dies
386 3622 481 3670 est
502 3632 517 3667 :
547 3615 688 3670 venit

220 3702 374 3753 nox,
415 3686 633 3756 quando

252 482 413 537 visus
442 488 551 538 est.

249 552 347 626 57.
367 553 666 626 Dixerunt
694 569 819 626 ergo

250 625 327 677 ad
361 625 520 679 illum
550 625 642 681 Ju-

249 694 384 778 daei
412 713 426 750 :
459 698 731 768 Quinqua-

247 776 407 835 ginta
436 783 612 823 annos

250 839 505 893 nonduin
538 840 635 893 ha-

248 908 384 975 bes,
412 919 466 965 et
497 910 769 965 Abraham

246 980 359 1037 58.
402 981 628 1037 vidiSti?
659 983 812 1038 Dixit

246 1050 371 1108 illis
398 1052 558 1109 Iesus
589 1070 602 1105 :
635 1055 834 1119 Amen,

244 1139 422 1179 amen
449 1126 571 1179 dico
594 1141 690 1180 vo—

246 1193 366 1267 bis,
404 1195 485 1267 (a)
506 1206 633 1251 ante
659 1198 834 1253 Abra-

245 1265 387 1339 ham
402 1265 521 1339 ego
546 1283 663 1322 sum
679 1270 736 1339 'j‘.

243 1336 347 1393 59.
398 1336 663 1394 Tuleruut
683 1336 787 1396 ita-

287 1424 365 1464 ue
395 1409 603 1480 lapides

283 1481 477 1541 udaei,
510 1482 610 1536 ‘ut
637 1521 653 1537 .
698 1523 711 1536 .
759 1514 825 1537 .-

241 1558 447 1606 tarent
475 1552 528 1605 in
560 1552 710 1608 illum
745 1572 758 1607 :

238 1621 422 1678 Jesus
447 1624 607 1691 igitur
633 1626 756 1679 abs-

238 1694 450 1750 condit
476 1710 558 1757 se.
587 1704 645 1750 et
670 1697 777 1752 exi-

238 1766 280 1821 it
312 1767 395 1821 de
426 1766 650 1836 templo.

459 1878 692 1936 CAPUT
731 1880 825 1936 IX.

1090 2690 1221 2745 hat?
1248 2690 1355 2745 Alii
1381 2689 1528 2746 diee-

1089 2760 1222 2817 bant
1250 2780 1263 2817 :
1292 2760 1390 2816 Hic
1412 2769 1517 2817 est.

1091 2834 1146 2887 9.
1187 2832 1292 2887 Alii
1321 2833 1611 2888 dicebant:

1089 2904 1297 2959 Similis
1332 2912 1416 2959 est
1444 2904 1510 2957 il-

1088 2974 1146 3046 li.
1174 2976 1293 3046 lpse
1323 2985 1503 3031 autem

1089 3045 1305 3101 dicebat
1338 3065 1351 3101 :
1380 3048 1491 3118 Ego

1090 3132 1232 3172 sum.

1089 3188 1175 3243 10.
1224 3189 1415 3244 Dicunt
1441 3189 1516 3245 illi
1544 3209 1556 3245 :
1589 3190 1738 3259 Quo-

1086 3259 1249 3314 modo
1277 3276 1408 3331 ergo

1085 3332 1257 3401 aperti
1284 3333 1378 3386 tibi

1083 3413 1209 3457 sunt
1239 3403 1428 3458 oculi?

1087 3474 1176 3528 11.
1218 3473 1312 3529 llle
1340 3484 1522 3529 autem

1085 3546 1163 3616 (Γ)
1196 3548 1475 3616 respuudit
1502 3545 1573 3601 i1-

1082 3615 1171 3687 lis,
1196 3625 1249 3671 et
1265 3615 1428 3670 dixit:
1449 3616 1639 3679 llomo,
1659 3616 1697 3686 ἦ
1717 3616 1807 3687 qui

1081 3685 1280 3742 dicitur
1307 3687 1465 3743 Jesus
1484 3729 1498 3755 ,
1531 3685 1709 3757 tetigit

1264 276 1717 341 EVANGELIUM
1756 273 2127 335 SECUNDUM
2165 272 2556 330 JOHANNEM.

3451 269 3558 327 “8

2391 389 2625 447 CODEX
2670 389 3122 447 VERONENSIS.

1960 488 2049 543 57.
2077 486 2294 557 gavisus
2321 492 2425 557 est.
2458 484 2554 539 Di-
2792 500 2911 540 sum
2942 484 2992 557 in
3024 483 3129 557 hoc

1960 555 2159 613 xerunt
2178 572 2308 625 ergo
2330 556 2397 611 ad
2792 556 2996 611 mundo
3020 598 3034 618 .
3067 555 3248 609 lumen

1959 645 2083 684 eum
2114 646 2127 683 :
2161 628 2441 698 Quinqua-
2793 641 2912 682 Sum
2946 625 3151 681 mundi.

1958 702 2107 769 ginta
2131 695 2303 753 atiuos
2323 695 2339 698 “
2792 700 2845 752 6.
2892 699 3033 754 Haec
3052 713 3173 752 cum
3205 695 3291 751 di-

1960 771 2198 827 nondum
2230 769 2429 833 habes,
2792 769 2961 826 xisset
2980 814 2994 838 ,
3022 769 3208 839 expuit

1958 855 2011 898 et
2040 843 2311 898 Abraham
2358 840 2585 896 vidisti?
2793 841 2847 896 in
2881 852 3111 907 terram,
3141 847 3196 895 et

1959 915 2050 970 58.
2090 914 2235 968 Dixit
2259 913 2339 967 eis
2365 912 2561 967 Jesus:

1959 985 2131 1039 Amen
2154 1026 2168 1049 ,
2199 1000 2356 1038 amen
2383 984 2504 1038 dico

2791 912 2921 968 fecit
2944 913 3115 969 lutum
3147 910 3215 965 de

2790 994 3136 1054 sputameuto
3155 1024 3172 1048 ,

2790 1068 2845 1109 et
2872 1054 3195 1126 superlinuit

2790 1126 2964 1181 lutum
2996 1141 3158 1195 super

2790 1198 2982 1253 oculos
3009 1198 3157 1252 illius

2793 1268 2849 1324 7.
2892 1271 3075 1333 caeci,
3107 1275 3163 1323 et
3187 1264 3323 1320 dixit

2792 1342 2840 1394 ei
2872 1357 2885 1392 :
2916 1340 3064 1395 Vade
3094 1340 3145 1393 in
3174 1353 3272 1390 na-

2796 1420 2846 1466 ta
2856 1414 3048 1465 toriatu
3083 1407 3156 1481 (ε)
3178 1408 3272 1481 Δδὶ-

2793 1484 2875 1555 loa
2884 1500 2933 1536 m
2961 1484 2999 1554 ’ξ’
3027 1479 3191 1555 (quod

2792 1554 3210 1623 interpraetatur

2791 1620 3031 1697 Missus).
3064 1625 3132 1680 Et
3164 1620 3421 1693 perressit
3438 1660 3453 1687 ,

2791 1710 2847 1751 et
2871 1697 3043 1752 abluit
3064 1715 3122 1752 se
3141 1739 3155 1763 ,
3176 1704 3242 1748 .et

2790 1770 2939 1824 venit
2966 1768 3177 1824 videns.

2789 1841 2843 1894 8.
2890 1839 3059 1895 Vicini
3090 1848 3271 1895 autem

2789 1911 2967 1973 illius.
2997 1923 3049 1967 et
3076 1913 3167 1983 qui

2788 1984 3037 2038 viderant
3065 1999 3189 2038 eum

2787 2066 2941 2110 antea
2972 2056 3249 2128 (quoniam
3350 2114 3357 2115 ί

2790 2128 3074 2181 mendicus
3103 2134 3223 2182 erat
3246 2167 3261 2191 ,

2788 2209 2843 2269 et
2870 2198 3089 2269 caecus)

2787 2268 3075 2326 dicebant:
3103 2269 3298 2325 Nonne

2788 2339 2880 2413 hic
2908 2351 2991 2396 est
3012 2383 3025 2406 ,
3057 2343 3148 2413 qui

2787 2411 3014 2467 sedebat
3042 2411 3097 2467 ei

2787 2484 3030 2537 mendica
3042 2484 3166 2538 bat?

2785 2552 2839 2608 9.
2883 2553 2988 2607 Alii
3015 2553 3305 2611 dicebant:

2785 2623 2886 2679 Hie
2904 2632 3010 2679 est.
3040 2626 3151 2682 Alii

2785 2693 3039 2751 dicebant
3067 2716 3078 2750 :
3110 2698 3229 2754 Non

2784 2776 2897 2840 est,
2928 2768 3023 2840 sed
3047 2771 3196 2826 simi-
3252 2817 3262 2840 ,

2788 2837 2854 2891 lis
2882 2849 2965 2893 est
2994 2839 3090 2896 illi.

2787 2908 2881 2963 Ille
2902 2924 3080 2967 autem
3119 2913 3267 2971 dice-

2789 2980 2880 3054 bat
2905 2981 3067 3054 :Ego
3096 3002 3237 3042 snttt.

2789 3051 2877 3107 10.
2922 3051 3295 3129 (deixet-uut
3322 3059 3359 3129 ’ξ-

2789 3137 2920 3196 ergo
2940 3127 3022 3179 ei:
3050 3127 3196 3196 Quo-

2789 3194 3151 3269 modoaperti
3191 3211 3317 3257 sunt
3337 3204 3480 3261 oculi

2785 3265 2873 3347 tl:
2900 3264 2974 3347 ,(ε)
2992 3264 3109 3347 ﬁlii?
3129 3271 3166 3343 ’ἲ
3188 3273 3431 3345 Respon-

2785 3334 2863 3409 dit
2893 3334 2963 3407 (n'
2992 3340 3115 3409 ille,
3142 3334 3201 3398 'et

2782 3406 2952 3485 dixit;
2985 3406 3157 3485 ﬂonio
3183 3456 3197 3478 .
3227 3416 3266 3485 -ί-

2787 3480 2877 3545 qui
2900 3480 3098 3537 dicitur

2784 3547 2942 3604 Jesus
2966 3591 2983 3618 ,
3016 3553 3189 3609 lutum

2786 3620 2911 3675 fecit
2934 3663 2949 3689 ,
2976 3633 3031 3678 et
3052 3640 3141 3679 su-

2786 3692 3043 3760 perliuuit
3063 3712 3150 3752 me
3172 3739 3188 3767 ,

1960 1056 2114 1111 vobis
2132 1098 2146 1117 ,
2182 1060 2263 1125 (a)
2293 1064 2418 1109 ante

1959 1128 2231 1181 Abraham
2264 1142 2365 1195 ego
2390 1141 2510 1181 sum
2536 1125 2595 1197 ’ξπ

1960 1197 2051 1253 59.
2094 1198 2362 1252 Tuleruut
2388 1212 2521 1269 ergo

1961 1269 2169 1335 lapides
2194 1311 2209 1333 ,
2244 1280 2303 1323 ut

1961 1340 2238 1395 mitterent
2270 1340 2321 1394 in
2348 1354 2473 1395 eum
2499 1358 2513 1394 :

1958 1410 2115 1465 Jesus
2143 1426 2274 1467 vero

1960 1482 2239 1537 abscondit
2267 1498 2326 1538 se
2342 1523 2356 1545 ,

1961 1562 2016 1608 et
2044 1554 2179 1609 exiit
2207 1554 2274 1608 de
2305 1555 2527 1624 templo.

2152 1667 2380 1724 CAPUT
2421 1668 2522 1724 1X.

1962 1764 2011 1817 1.
2056 1763 2123 1817 Et
2153 1762 2489 1828 praeteriens

1962 1834 2036 1906 (b)
2076 1834 2269 1906 Vldll_'i‘
2298 1849 2519 1889 caecum

1958 1904 2023 1960 ex
2057 1906 2191 1959 natit
2206 1904 2390 1959 itatem
2423 1923 2437 1959 :

1957 1979 2014 2031 2.
2054 1987 2105 2032 et
2137 1976 2503 2047 interrogave—

1957 2060 2081 2103 runt
2107 2063 2228 2103 eum
2260 2047 2343 2102 di-

1958 2120 2148 2189 scipuli
2179 2120 2259 2172 sui
2285 2159 2300 2185 ,
2331 2120 2414 2174 di-

1958 2190 2145 2246 centes
2180 2208 2192 2244 :
2228 2190 2393 2246 liahhi
2411 2233 2426 2257 ,

1958 2265 2079 2331 quis
2107 2261 2381 2330 peceavit,

1958 2332 2047 2388 hic
2062 2376 2076 2400 ,
2105 2344 2195 2388 aut
2221 2348 2413 2402 paren-

1959 2412 2040 2459 tes
2068 2404 2185 2473 ejus
2209 2447 2224 2469 ,
2251 2418 2389 2473 quo-

1955 2476 2098 2528 niam
2130 2488 2328 2530 caecus

1953 2554 2113 2601 natus
2133 2548 2257 2601 est?

1952 2616 2008 2671 5.
2051 2618 2353 2685 Respondit
2376 2617 2535 2675 Iesus
2560 2660 2576 2687 ,

1953 2698 2005 2742 el
2034 2688 2169 2743 dixit
2196 2690 2274 2744 eis
2302 2708 2315 2743 :

1950 2758 2135 2829 Neque
2162 2759 2250 2815 hic
2279 2776 2406 2830 pec-

1951 2834 2128 2897 cavit,
2164 2847 2343 2902 neque

1953 2914 2204 2975 parentes
2232 2903 2350 2975 ejus
2382 2919 2396 2956 :

1952 2974 2045 3028 sed
2079 2984 2135 3029 ut
2165 2975 2391 3030 manife-

1949 3053 2161 3117 stentur
2185 3061 2350 3117 opera

1949 3115 2005 3169 4.
2052 3118 2142 3172 Dei
2175 3115 2236 3172 in
2260 3133 2347 3173 eo.
2381 3118 2464 3173 Me

1949 3198 2168 3259 Oportet
2194 3191 2407 3258 operari

1948 3272 2111 3329 opera
2144 3259 2264 3328 ejus
2288 3303 2304 3327 ,

1948 3331 2039 3400 qui
2071 3332 2216 3386 misit
2241 3347 2359 3398 me,

1948 3415 2071 3455 cum
2100 3402 2217 3458 dies
2237 3413 2319 3458 est
2346 3421 2359 3455 :

1949 3474 2128 3528 veniet
2150 3474 2293 3528 enim

1948 3557 2057 3598 nox
2078 3584 2093 3610 ,
2122 3559 2245 3598 cum
2278 3559 2372 3600 ne-

1948 3629 2039 3670 mo
2078 3615 2281 3682 paterit

1947 3686 2001 3741 5.
2044 3687 2281 3755 Operari.
2321 3686 2453 3742 Cum

1569 3780 1802 3838 CODEX
1841 3779 2238 3839 BRlXIANUS.

220 3884 398 3937 visus
422 3888 531 3935 est.
562 3879 826 3935 Dixerunt
853 3892 982 3950 ergo
1035 3876 1099 3932 ad
1142 3892 1266 3934 eum
1315 3875 1525 3950 Judaei.
1576 3876 1853 3950 Quinqua-

256 3957 392 4007 inta
446 3965 621 4004 annos
667 3948 1150 4005 nonduin—habes.
1208 3956 1263 4002 et
1312 3949 1590 4003 Abraham
1645 3948 1847 4001 vidisti.

258 3972 392 4007 tn‘a
446 3972 621 4004 annus
668 3972 907 4005 ηυιιυιιιη
963 3972 1150 4005 11³1165.
1208 3972 1263 4002 (τι
1312 3972 1590 4003 numnam
1646 3972 1846 4001 γιυιδιι.

215 3972 391 4082 gixit
420 4024 505 4077 eis
547 4021 721 4076 Jesns.
754 4025 925 4076 Amen
956 4037 1111 4075 amen
1144 4019 1267 4073 dico
1297 4019 1473 4073 Vultis.
1533 4028 1846 4088 antequam.

214 4094 529 4154 Abraham
563 4094 730 4148 lieret.
762 4108 866 4163 ego
907 4108 1026 4146 sum
1056 4091 1323 4145 Tuleruut
1350 4105 1480 4163 ergo
1528 4091 1766 4163 lapides.
1793 4101 1850 4163 ut

216 4186 357 4224 eum
402 4164 725 4233 lapidareut.
756 4161 913 4219 Jesus
955 4161 1447 4233 autemabseoudit
1473 4176 1553 4216 se.
1605 4171 1655 4216 et
1686 4161 1851 4215 exivit

215 4242 290 4295 de
329 4232 558 4305 templo
588 4238 855 4290 transiens
886 4251 982 4305 per
1031 4232 1266 4288 medium
1300 4248 1511 4288 eorum.
1542 4241 1597 4288 et
1624 4233 1750 4305 ibat.
1786 4233 1852 4286 Et

216 4304 591 4382 praeteriens
638 4306 713 4377 (bl
736 4306 868 4361 vidit
891 4304 926 4377 4;-
950 4306 1221 4382 homittetn
1245 4319 1467 4382 caecum
1489 4319 1519 4357 a
1548 4304 1846 4382 nativitate.

215 4375 274 4439 et
337 4375 833 4448 interrogaverunt
906 4375 1032 4433 eum
1086 4375 1337 4444 discipuli
1389 4378 1509 4448 ejus
1579 4375 1848 4429 dicentes.

212 4452 423 4509 Rabhi
455 4446 842 4518 quis—peccavit
874 4449 981 4504 hic.
1012 4455 1104 4501 aut
1133 4457 1382 4518 parentes
1405 4446 1541 4516 ejus.
1571 4455 1627 4499 ut
1654 4460 1847 4518 caecus

212 4516 935 4592 nascereturfRespoudit
978 4516 1162 4592 Jesus.
1206 4517 1394 4592 Neque
1445 4518 1531 4572 hic
1582 4516 1845 4592 peccavit.

212 4608 426 4667 neque
466 4603 723 4667 parentes
748 4587 889 4661 ejus.
939 4591 1119 4667 sed_ut
1148 4587 1525 4667 manifestetur
1553 4587 1847 4667 opera_D_ei
1878 4604 1893 4617 ·

211 4669 273 4724 in
312 4660 452 4723 illo.
486 4663 571 4718 Me
598 4660 813 4732 Oportet
838 4660 1059 4730 operari
1088 4675 1253 4730 opera
1283 4661 1401 4728 ejus
1430 4660 1521 4729 qui
1554 4674 1641 4732 me
1672 4660 1841 4712 misit.

212 4740 427 4795 donec
452 4735 573 4790 dies
629 4730 734 4790 est.
784 4734 966 4790 veniet
1015 4741 1200 4788 autem
1254 4746 1382 4786 nox.
1421 4730 1637 4801 quando
1689 4744 1850 4785 nemo

1954 3886 2133 3951 potest
2157 3877 2668 3951 op_erari.Quamdiu
2698 3879 2750 3935 in
2782 3879 2889 3938 hoc
2912 3885 3111 3942 mundo
3138 3901 3276 3944 sum.
3317 3891 3405 3950 lux
3430 3911 3547 3951 sum

1955 3948 2161 4025 mundi.
2196 3948 2336 4002 llaec
2364 3964 2484 4004 cutn
2516 3950 2776 4025 dixisset.
2795 3959 2981 4025 expuit
3026 3960 3076 4011 in
3111 3969 3310 4017 terram
3339 3948 3404 4020 et
3426 3948 3554 4023 fecit

1955 4023 2145 4097 lutum
2175 4035 2247 4097 eX_
2272 4034 2451 4097 sputo.
2480 4032 2536 4097 et
2574 4023 2919 4097 superlimv‘it
2955 4044 3119 4097 super
3157 4036 3347 4090 oculos
3377 4041 3550 4095 caeci.

1954 4104 2008 4149 et
2037 4092 2170 4146 dixit
2199 4092 2447 4172 ei_.__Vade
2480 4092 2671 4172 lavaiu
2707 4100 2969 4172 natatotia
2995 4092 3196 4156 Silone.
3223 4108 3362 4172 quod
3389 4092 3553 4165 inter;

1957 4174 2201 4238 pretatur
2253 4162 2443 4238 Missus
2489 4165 2638 4219 Abiit
2666 4182 2797 4238 ergo
2824 4179 2877 4221 et
2907 4169 3038 4226 lavit
3079 4184 3132 4227 ct
3162 4162 3308 4230 venit
3339 4162 3550 4236 videtis.

1960 4235 2139 4322 Vicini
2186 4250 2319 4322 ergo
2351 4237 2481 4322 ejus
2528 4246 2585 4322 et
2636 4235 3012 4322 qui'rviderant
3041 4260 3187 4322 eum.
3223 4251 3393 4318 prius.
3424 4235 3550 4322 quia

1961 4306 2436 4392 tutetidieus‘erat.
2492 4306 3080 4392 _dic.eb_aut.‘_.l_\'oti_ne_
3128 4306 3237 4371 ltie'
3289 4328 3398 4392 est.
3442 4306 3557 4392 ἀιιί

1958 4378 2196 4458 sedebat
2227 4388 2282 4433 et
2346 4378 2749 4458 utendicabat.__
2787 4382 2887 4436 Alii
2944 4383 3214 4458 dicebant.
3277 4390 3414 4458 Quia
3463 4378 3553 4450 liic

1958 4461 2061 4511 est.
2092 4450 2198 4504 Alii
2228 4457 2408 4504 autem
2436 4452 2560 4516 quia
2588 4450 2779 4505 similis
2806 4462 2888 4507 est
2919 4455 2989 4509 ei.
3020 4455 3116 4510 Ille
3166 4450 3322 4514 vero~
3342 4463 3560 4520 diccbat

1956 4521 2096 4588 Quia
2136 4537 2235 4594 ego
2264 4537 2406 4594 sum.
2433 4521 2719 4594 _Dicebai_tt
2768 4539 2897 4594 ergo
2943 4527 3012 4579 ei.
3058 4528 3343 4594 Quomodo
3377 4536 3553 4594 auerti

1954 4600 2085 4675 sunt
2114 4592 2209 4675 tibi
2241 4591 2943 4675 oculiqRespon‘dit‘_([)'tlle
2966 4607 3021 4651 et
3048 4591 3185 4675 dixit
3206 4603 3379 4661 Homo
3402 4591 3439 4675 -Ῑ-
3460 4606 3553 4675 qui

1954 4663 2153 4719 dicitur
2181 4661 2360 4717 Jesus.
2410 4662 2581 4718 lutum
2638 4661 2796 4720 fecit.
2814 4676 2869 4721 et
2897 4670 3239 4739 superlinivit
3262 4676 3395 4731 mihi
3416 4661 3553 4732 oeu-

1552 4821 1787 4880 CODEX
1822 4816 2296 4879 CORBEIENSIS.

293 4926 414 4984 58.
456 4929 585 4979 ante
611 4920 882 4983 Abraham
912 4936 1014 4991 ego
1039 4937 1179 4978 sum.

292 4997 458 5055 Car.
488 4993 583 5049 IX.
609 5024 681 5066 -+
704 4992 758 5047 4.
788 4990 1005 5066 quando
1033 5009 1138 5050 non
1170 5000 1355 5065 potest
1383 4990 1620 5066 operari.

295 5071 373 5128 5.
412 5068 549 5123 Cum
570 5067 621 5122 in
652 5065 755 5121 hoc
784 5060 985 5121 mundo
1004 5080 1123 5121 sum
1142 5060 1279 5131 {lux
1307 5060 1435 5119 sum‘
1458 5064 1622 5132 hujus
1642 5060 1847 5117 mundi.

2030 4916 2085 4990 6.
2117 4911 2515 4990 e_t_s_uperu_nxit
2547 4912 2681 4990 illud
2719 4929 2883 4986 super
2911 4918 3102 4974 oculos
3131 4920 3270 4990 ejus.

2032 4988 2084 5042 8.
2128 4986 2234 5041 Alii
2259 4986 2512 5041 dicebant
2543 5003 2557 5040 :
2588 4985 2689 5041 Hic
2713 4985 2818 5043 est.

2028 5059 2086 5115 9.
2123 5056 2231 5113 Alii
2257 5069 2441 5115 autem
2467 5056 2719 5113 dicebant
2748 5074 2763 5111 :
2794 5058 2919 5128 quia
2952 5059 3145 5117 similis
3172 5075 3255 5119 est
3282 5066 3356 5122 ei.

1505 5179 1897 5240 VARIANTES
1932 5176 2340 5236 LECTIONES.

288 5284 310 5315 ι
363 5276 483 5327 ϐαι.
510 5278 689 5327 etum.
710 5274 1037 5341 utjactarent.
1070 5274 1215 5341 Vulg.
1241 5275 1550 5341 utjaeereut.

206 5352 215 5358 '
284 5346 315 5377 ί
360 5341 477 5390 Gal.
511 5348 625 5402 ante
657 5336 852 5402 quia...
882 5337 1055 5402 Nonne
1079 5336 1293 5402 hie'est?
1314 5337 1407 5387 Alii
1435 5346 1599 5388 autem
1618 5353 1631 5402 ς
1650 5336 1847 5402 Nequa-

207 5418 412 5475 quam.
449 5399 598 5467 Vulg.
621 5399 757 5465 prius
773 5400 949 5465 quia...
984 5399 1159 5451 Nonne
1190 5400 1271 5450 hic.
1298 5406 1393 5464 est,
1438 5402 1520 5463 qui
1543 5399 1771 5464 sedebat,
1798 5405 1851 5450 et

1952 5268 2295 5395 Efﬁigfnbat?
2317 5266 2413 5319 Alii
2447 5267 2675 5319 dicebant
2701 5272 2843 5334 :quia
2870 5271 2950 5326 hic
2978 5281 3069 5326 est.
3098 5276 3196 5328 Alii
3222 5288 3385 5333 autem
3413 5297 3424 5334 :
3448 5281 3555 5336 Nc-

1606 5507 1974 5567 BLANCIllNl
2013 5507 2243 5565 NOTE.

301 5608 399 5683 (ᾳ)
441 5606 527 5661 Ita
552 5616 605 5662 et
640 5606 762 5683 cod.
792 5605 947 5683 Cant.
967 5607 1098 5683 ALat.
1125 5615 1186 5683 et
1210 5606 1303 5683 Gr.
1328 5608 1448 5683 πρὶν
1474 5604 1723 5683 ’Δερᾳεὰμ
1751 5606 1847 5683 ἐγῲ
1883 5607 2008 5677 εἰμι.
2035 5632 2109 5683 ττ
2137 5602 2210 5683 (b)
2252 5603 2390 5683 Ante
2413 5602 2569 5683 vigit,
2599 5602 2934 5683 deestjesus
2964 5601 3125 5683 etiam
3155 5602 3206 5683 in
3233 5611 3343 5683 tex.
3381 5610 3553 5667 Gr...

213 5670 431 5777 (εἶπεν
448 5688 666 5777 etbtext.
698 5678 793 5735 Gr.
827 5679 1041 5759 Σιλωάμ.
1070 5710 1142 5724 -
1167 5678 1246 5752 (d)
1272 5676 1349 5734 lta
1369 5670 1425 5736 'et
1452 5670 1574 5734 cod:
1606 5670 2107 5747 Gaul.'ti1rov.-—(e)
2141 5670 2212 5731 Ita
2236 5681 2291 5731 et
2320 5683 2432 5729 tex.
2458 5673 2551 5730 Gr.
2577 5681 2693 5731 σοῦ.
2723 5672 2795 5744 (ί)
2824 5671 2899 5728 Ita
2930 5680 2987 5729 et
3015 5681 3122 5728 lex.
3156 5673 3443 5748 ϐΐοέκιῖνος
3469 5690 3557 5747 καὶ

208 5750 383 5814 “in
407 5750 721 5829 Ἄνθρωπος.
