4042 6192
440 1188 445 1191 η
541 1126 629 1180 15.
672 1126 955 1179 Adducunt
984 1133 1169 1180 autem

532 275 640 331 M9
1068 270 1338 331 EUSEBII
1375 268 1715 329 VERCBLL.
1756 271 2122 331 EVANGELH

2248 267 2397 329 CUM
2431 268 2668 331 Χίηηῦ
2696 268 2854 329 COD.
2885 268 3282 329 COLLATUM.

928 387 1158 444 CODEX
1199 387 1286 443 ΥΕ
1296 386 1743 447 ηεΕιιεΝδιΒ.

540 486 674 542 milii
697 484 882 540 oculos
900 525 916 551 ,
1365 484 1506 539 inter
1532 484 1652 539 illos

535 565 593 613 et
620 557 756 611 dixit
787 573 800 610 :
829 553 981 610 Vade

540 630 591 681 in
621 629 802 694 Siloa,
832 636 887 680 et
915 642 976 697 a7-
1365 641 1530 697 caeco
1557 626 1626 697 (f)
1655 627 1728 680 illi
1760 625 1821 697 τις
1848 625 1937 682 Τά

541 698 747 753 bluere.
782 697 849 752 Et
874 696 987 753 abi-
1367 696 1495 764 quid
1522 696 1658 752 dicis
1689 697 1757 752 de

541 771 589 835 i,
622 779 677 824 et
703 770 843 836 lavi,
865 778 920 824 et
947 769 1029 823 vi-
1367 766 1495 831 illo,
1529 768 1672 837 quod
1693 783 1824 839 ape-

539 840 664 895 deo.
935 842 942 857 '
1280 850 1285 853 '
1374 841 1481 893 ruit
1508 840 1692 893 oculos

542 912 629 965 12.
672 911 937 966 Dixerunt
967 924 1054 965 er-
1374 910 1532 963 tuos?
1560 909 1643 963 Ad
1675 909 1773 965 ille
1797 911 1880 965 di-

539 998 609 1052 go
639 983 687 1037 ei
717 1000 729 1035 :
767 984 830 1037 Et
861 982 951 1037 ubi
973 992 1059 1038 est
1371 981 1481 1035 xit:
1514 980 1675 1047 Quod-
1701 982 1834 1035 Pro-

540 1053 674 1108 ille?
706 1054 846 1107 Dicit
878 1072 890 1105 :
926 1052 1137 1107 Nescio.
1372 1053 1477 1106 leta
1503 1063 1605 1105 est.

1371 1204 1495 1247 runt
1586 1194 1802 1263 Judaei,

1369 1280 1621 1333 quoniam
1652 1280 1773 1320 cae-
1842 1330 1847 1335 7

1368 1348 1463 1390 cus
1492 1336 1593 1390 fuit
1614 1346 1667 1391 et
1695 1338 1773 1390 vi-

1368 1405 1479 1471 det,
1515 1406 1688 1462 donec
1708 1423 1798 1463 vo-

1367 1490 1625 1533 caverunt
1653 1494 1746 1548 pa-

1371 1560 1551 1604 rentes
1581 1549 1700 1618 ejus
1717 1551 1769 1601 ἐ

1372 1618 1459 1673 19.
1501 1630 1554 1675 et
1585 1621 1819 1676 interro—

539 1197 605 1250 ad
635 1195 959 1251 Pliarisaeos

539 1282 663 1320 eum
689 1309 703 1333 ,
730 1269 820 1337 qui
852 1265 970 1322 fue-

542 1337 631 1392 M.
675 1349 756 1391 rat
783 1351 999 1393 caecus.
1028 1337 1098 1392 E-

540 1418 623 1463 rat
649 1420 829 1463 autem
855 1408 877 1439 ’
904 1410 1028 1465 sab-

538 1478 722 1534 batum
754 1494 860 1551 qua

541 1551 629 1607 die
661 1552 830 1605 lutum
859 1550 935 1605 fe-

540 1621 611 1676 cit
635 1621 789 1677 Jesus
811 1663 827 1689 ,
856 1630 911 1677 et
933 1634 1064 1692 ape—

541 1694 652 1747 ruit
676 1694 869 1749 oculos
973 1691 978 1692 7
1368 1701 1631 1760 gaverunt
1657 1691 1721 1745 il-

539 1763 676 1833 ejus.
926 1832 929 1833 7
1371 1761 1480 1815 los:
1510 1761 1606 1815 Hic
1631 1770 1715 1816 est
1745 1761 1846 1816 fili-

540 1832 629 1891 15.
675 1836 875 1890 lterum
913 1832 1081 1890 inter-
1371 1847 1434 1905 us
1460 1840 1677 1905 vester,
1710 1848 1868 1905 quem

541 1922 787 1976 rogaver.
828 1946 840 1958 .
880 1947 891 1958 .
1370 1902 1548 1976 dicitis
1577 1919 1675 1957 vos

539 1975 690 2032 illum
719 1976 904 2031 Phari-
1369 1975 1492 2044 quia
1521 1990 1716 2031 caecus

540 2048 677 2113 saci,
701 2063 933 2117 quotno-
1372 2058 1531 2117 natus
1551 2047 1677 2101 est?
1704 2061 1835 2117 quo-

539 2119 609 2173 do
647 2116 819 2173 visum
854 2133 934 2174 re-
1371 2116 1536 2171 modo
1565 2133 1638 2172 nu
1684 2158 1697 2172 .
1722 2116 1758 2171 ί.
1803 2158 1815 2171 .
1866 2159 1879 2171 .

539 2191 703 2260 cepit.
959 2259 967 2260 7
1372 2187 1517 2260 videt
1536 2187 1559 2240 ?

541 2256 623 2315 Ad
655 2261 743 2315 ille
772 2260 913 2315 dixit
937 2259 1004 2314 ἢ·
1369 2256 1459 2313 20.
1496 2258 1915 2328 Responderunt

537 2332 607 2387 lis
632 2350 643 2384 :
676 2331 872 2386 Lutum
913 2347 1017 2401 po-
1374 2340 1623 2401 parentes
1642 2331 1760 2400 ejus
1784 2373 1800 2398 ,

537 2404 646 2458 suit
671 2402 723 2457 itt
754 2400 941 2457 oculos
1369 2412 1422 2455 et
1452 2400 1707 2456 dixerunt
1732 2418 1747 2455 :

538 2488 689 2529 meos
708 2514 725 2539 ,
756 2484 811 2528 et
837 2473 954 2527 abi-
1370 2471 1583 2526 Scimus
1604 2471 1751 2540 quod

532 2544 586 2611 i,
616 2555 672 2601 et
703 2545 850 2613 lavi,
880 2553 935 2599 et
964 2542 1036 2597 vi-
1372 2541 1460 2597 ltic
1490 2554 1573 2597 est
1597 2542 1739 2597 ﬁlius

534 2617 657 2671 deo.
1370 2622 1558 2669 noster
1572 2653 1588 2681 ,
1621 2623 1677 2668 et

538 2686 627 2741 16.
674 2685 935 2740 Dicebant
961 2684 1065 2738 ita-
1369 2699 1623 2753 quoniam

534 2772 639 2827 que
666 2756 882 2826 quidam
1288 2782 1294 2788 -
1367 2768 1561 2827 caecus
1593 2763 1751 2808 natus

533 2824 599 2883 ex
628 2824 932 2881 Pl'iarisaeis
966 2843 978 2879 :
1365 2824 1456 2879 2|.
1498 2834 1600 2879 est.
1627 2827 1858 2891 Quomo-

536 2899 635 2953 Hic
664 2898 835 2952 homo
860 2911 972 2952 non
1367 2894 1438 2949 do
1463 2906 1641 2949 autem
1675 2909 1822 2951 nunc

533 2978 618 3025 est
642 2985 670 3024 a
701 2969 812 3024 Deo
833 3011 849 3035 ,
878 2966 1023 3038 quod
1370 2966 1551 3031 videt,
1585 2967 1762 3021 nesci—

536 3042 616 3095 sic
641 3040 925 3095 sabbatum
1373 3052 1526 3091 mus:
1556 3050 1643 3091 aut
1677 3038 1799 3107 quis

1368 556 1454 609 17.
1504 554 1825 626 Dicebant-1'
1852 570 1984 626 ergo

1373 1122 1460 1177 ts.
1518 1122 1637 1177 Non
1665 1122 1747 1193 (9)
1776 1121 2027 1179 credide~

2658 386 2891 445 CODEX
2928 382 3381 447 WWEM

3063 494 3178 539 erat
3204 486 3342 539 inter
3363 497 3477 538 eos.

3064 557 3152 611 17.
3198 559 3269 624 (e)
3302 555 3563 611 Dicebant
3586 554 3631 625 1'

3061 642 3190 696 ergo
3217 642 3380 682 caeco

3061 698 3131 767 (r)
3164 697 3313 769 illi-l-
3346 715 3359 753 ε
3391 698 3479 753 τυ..

3060 769 3187 838 quid
3225 768 3361 823 dicis
3382 769 3450 823 de

3063 854 3151 903 eo,
3184 840 3273 909 qui
3297 839 3511 909 aperuit

3065 910 3253 965 oculos
3282 920 3401 967 tuos
3414 911 3445 965 ἲ

3064 980 3159 1035 llle
3183 992 3365 1036 autem

3063 1052 3234 1107 dixit:
3267 1052 3407 1119 Quia

2228 492 2281 537 et
2305 482 2441 538 dixit
2462 481 2592 537 mihi
2615 500 2627 535 :

2231 553 2378 609 Vade
2411 554 2489 625 (α)
2516 556 2567 607 in
2600 553 2686 609 Si-

2234 561 2378 609 Vade
2436 561 2489 625 α)
2516 561 2567 607 in
2600 561 2686 609 Si-

2231 625 2375 699 loau_t
2398 561 2545 699 “aet
2570 626 2737 699 ablue

2232 704 2303 750 te.
2338 695 2402 750 Et
2428 696 2577 761 abii,
2609 708 2667 751 et

2230 767 2378 821 ablui
2404 782 2487 821 tne
2511 808 2526 832 ,
2560 776 2615 821 et

2230 838 2416 909 videre
2446 838 2622 909 coepi.

2235 908 2320 961 12.
2368 908 2627 963 Dixerunt
2654 918 2841 964 autem

2231 981 2279 1033 ei
2306 997 2320 1035 :
2351 980 2450 1035 Ubi
2483 987 2566 1033 est
2596 980 2687 1034 ille
2711 981 2736 1033 τ

2230 1049 2322 1132 an
2349 1050 2425 1132 (ᾳ)
2457 1050 2568 1105 illis
2590 1050 2667 1119 4r;

2233 1121 2447 1176 Nescio.
2488 1191 2499 1193 7
3065 1123 3332 1193 Propheta
3362 1133 3463 1179 est.

2236 1193 2321 1247 15.
2367 1191 2749 1267 Perduxerunt
3066 1194 3156 1267 18.
3176 1191 3323 1267 Non.
3347 1195 3421 1267 (ς)
3447 1195 3637 1251 crede-

2232 1275 2410 1336 autetn
2442 1279 2564 1317 eum
2596 1264 2665 1317 ad
2711 1335 2716 1336 7
3066 1265 3193 1319 bant
3214 1265 3257 1336 -ι-
3280 1264 3469 1322 Judaei

2236 1334 2560 1390 Phat-isaeos
2582 1372 2598 1400 ,
2632 1335 2723 1404 qui

2234 1420 2431 1460 Caecus
2459 1408 2653 1460 fuerat.

2238 1478 2324 1531 H.
2370 1478 2496 1531 Erat
2523 1485 2701 1530 autem
2730 1475 2854 1531 sab-

2236 1547 2417 1601 batum
2440 1564 2543 1617 qua
2572 1548 2661 1601 die

2236 1618 2407 1672 lutqu
2434 1618 2560 1672 fecit

3066 1336 3135 1391 de
3162 1337 3276 1402 illo,
3304 1339 3396 1407 qui

3069 1408 3242 1463 fuerat
3270 1424 3483 1474 caecus,

3068 1478 3243 1534 donec
3273 1494 3508 1535 vocave-

3069 1560 3194 1605 runt
3219 1560 3475 1621 parentes

3072 1621 3156 1675 19.
3198 1622 3317 1691 ejus
3344 1640 3359 1674 :
3385 1631 3442 1678 et
3467 1622 3636 1677 inver-

2234 1688 2393 1762 Jesus
2416 1731 2428 1751 ,
2445 1698 2514 1762 et
2541 1689 2737 1759 aperiit
3066 1688 3392 1762 rogaverunt

2236 1761 2311 1815 illi
2335 1761 2543 1814 oculos.
3066 1761 3161 1818 eos
3189 1782 3202 1818 :
3236 1763 3333 1818 Hic
3357 1773 3442 1819 est

2237 1834 2325 1887 15.
2369 1830 2577 1885 Rursus
2604 1830 2770 1900 igitur
3065 1834 3213 1890 ﬁlius
3241 1844 3445 1903 vester,

2236 1903 2641 1973 interrogabant
2663 1918 2785 1957 eum
3063 1921 3224 1973 quem
3257 1918 3354 1961 vos

2238 1973 2521 2047 Pharisaei
2550 2016 2564 2040 ,
3064 1973 3243 2031 dicitis
3268 1978 3397 2047 quia

2239 2046 2482 2100 dicentes
2506 2063 2518 2096 :

2237 2116 2521 2184 Quomodo
2550 2113 2705 2171 vides
2717 2114 2745 2167 ν

2237 2187 2307 2242 Ει
2334 2188 2423 2241 ille
2447 2187 2581 2241 dixit
2608 2187 2730 2242 eis:

2236 2258 2431 2313 Lutum
2465 2258 2592 2313 fecit
2614 2298 2629 2322 ,

2234 2340 2284 2385 et
2320 2332 2573 2399 imposuit

2233 2416 2401 2470 super
2430 2402 2623 2455 oculos

2242 2488 2394 2527 meos
2419 2513 2433 2534 ,
2464 2480 2521 2525 et
2549 2472 2694 2527 ablui

2236 2559 2325 2599 me
2355 2544 2407 2597 in
2431 2542 2636 2598 Siloam
2664 2584 2679 2608 ,

2236 2627 2290 2669 et
2322 2630 2451 2670 ecce
2474 2615 2651 2668 video.

2239 2685 2327 2741 16.
2374 2686 2630 2741 Dicebant
2649 2692 2835 2740 autem

2237 2758 2453 2825 quidam
2482 2772 2547 2812 ex
2580 2758 2727 2811 Pha-

2237 2830 2429 2882 risaeis
2454 2845 2466 2879 :
2498 2828 2673 2883 Homo

2238 2898 2326 2952 ltic
2349 2915 2453 2953 non
2483 2908 2566 2953 est
2670 2940 2681 2953 ,

2236 2984 2267 3021 a
2299 2969 2409 3023 Deo
2434 3011 2447 3033 ,
2482 2969 2623 3037 quod

2240 3041 2320 3093 sic
2350 3038 2629 3095 sabbatum

3065 2062 3258 2104 caecus
3287 2057 3448 2103 natus

3066 2122 3187 2174 est?
3212 2119 3495 2186 Quomodo

3066 2205 3197 2261 ergo
3224 2192 3372 2247 videt

3068 2262 3264 2317 modo?

3066 2332 3157 2389 20.
3201 2332 3623 2403 Responderunt

3068 2405 3171 2458 illis
3196 2415 3448 2475 parentes

3065 2475 3203 2544 ejus,
3237 2485 3291 2529 et
3316 2476 3466 2530 diac-

3065 2555 3188 2599 runt
3211 2565 3223 2599 :
3255 2546 3471 2601 Scimus

3064 2618 3187 2701 quia
3217 2616 3302 2672 hic
3328 2624 3414 2701 est

3068 2687 3209 2742 tilius
3239 2698 3445 2750 noster,

3068 2767 3124 2830 et
3146 2760 3271 2830 quia
3295 2770 3490 2814 caecus

3070 2902 3231 2956 modo
3256 2909 3435 2955 autem

3067 2987 3214 3028 nunc
3244 2972 3445 3037 videat,

3068 3046 3343 3099 nescimus
3375 3060 3388 3094 :
3419 3049 3511 3095 aut

530 3127 639 3185 non
665 3121 902 3185 servat.__
976 3179 988 3185 _
1372 3108 1583 3185 aperuit
1602 3123 1731 3163 ocu—
2240 3126 2348 3185 non
2366 3113 2647 3185 obseruat.
3066 3116 3187 3181 quis
3207 3115 3327 3185 ejus
3348 3128 3476 3185 ape-

534 3181 627 3253 (ε)
665 3181 770 3236 Atii
790 3181 830 3252 1'
851 3179 1139 3235 dicebant:
1372 3178 1457 3233 los
1479 3181 1626 3253 ejus,
1658 3194 1760 3233 nos
2242 3180 2318 3252 (ε)
2347 3183 2454 3235 Alii
2488 3183 2527 3252 1‘
3066 3178 3173 3240 ruit
3198 3178 3407 3251 oculos,
3438 3198 3538 3239 nos

532 3251 818 3321 Quomodo
846 3267 943 3322 po—
1371 3251 1674 3305 nesciinus:
2240 3251 2534 3307 dicebant:
3070 3259 3342 3312 nescimus
3368 3274 3380 3309 :
3404 3263 3557 3311 aeta-

530 3332 641 3380 test
668 3325 829 3377 homo
859 3337 993 3394 pec-7
1374 3360 1386 3373 .
1432 3360 1445 3373 .
1494 3361 1506 3372 .
1553 3361 1565 3373 .
1612 3360 1626 3374 .
1674 3361 1687 3373 .
1764 3333 1853 3373 ro-
2240 3322 2521 3390 Quomodo
2546 3334 2722 3394 potest
3074 3338 3178 3382 tem
3214 3328 3400 3394 habet,

532 3408 686 3452 cator
712 3394 793 3520 ἑά)
823 3392 949 3449 talia
969 3392 1011 3463 ἦ
1366 3399 1524 3462 gate:
1552 3402 1783 3447 aetatem
2239 3394 2403 3448 hutno
2430 3392 2557 3462 pec;
3075 3399 3192 3468 ipse
3220 3413 3320 3466 pro
3347 3392 3407 3454 se

532 3470 682 3520 siana
734 3482 857 3520 ace-
1367 3463 1531 3518 ltabet
1559 3463 1674 3520 inse
1706 3478 1807 3520 pro
2235 3477 2386 3519 cator
2413 3466 2492 3520 id)
2523 3466 2647 3520 talia
2670 3467 2710 3520 +
3074 3470 3345 3520 loauatur.

530 3470 695 3539 signa
712 3463 857 3539 face-
1367 3463 1531 3539 habet
1559 3463 1674 3532 ipse
1706 3478 1807 3532 pro
2235 3477 2386 3539 cator
2413 3466 2492 3539 (ά)
2523 3466 2647 3539 talia
2670 3467 2710 3538 1-
3074 3463 3345 3539 loquatur.

533 3534 626 3593 re?
658 3538 727 3593 Et
752 3538 965 3593 disseu—
1364 3549 1423 3606 se
1450 3534 1723 3606 loquatur.
2236 3537 2388 3606 signa
2414 3534 2629 3593 facere?
2686 3534 2695 3538 ⁷
3072 3534 3165 3593 22ζ
3207 3540 3349 3596 Haec

532 3610 718 3666 siones
745 3618 903 3666 erant
1360 3604 1452 3659 22.
1495 3606 1637 3662 llaec
1658 3604 1912 3661 dixerunt
2236 3604 2309 3662 Et
2330 3609 2599 3665 dissensio
3077 3610 3332 3669 dixerunt

1853 3718 2095 3776 CODEX
2122 3718 2525 3783 BRleANUS.

3070 2826 3179 2884 21f
3205 2841 3365 2885 natus
3389 2838 3488 2884 est.
3518 2826 3672 2895 QC.-

3722 262 3839 325 420

531 3824 615 3878 los
645 3831 700 3877 et
728 3819 866 3875 dixit
904 3814 1229 3889 mihi.7Vade
1257 3815 1371 3868 lava
1406 3814 1458 3868 in
1487 3815 1751 3868 natatoria
1773 3812 2126 3889 _§i_loam.77Et
2230 3820 2354 3884 quia
2382 3820 2595 3889 aperuit
2623 3820 2716 3874 tibi
2748 3820 2957 3875 oculos.
3003 3819 3097 3875 [lle
3125 3830 3303 3875 autem
3333 3819 3487 3874 dixit.
3534 3817 3669 3886 Quia
3704 3817 3843 3872 Pro-

2234 3890 2336 3942 fcta
2368 3900 2473 3944 est.
2507 3890 2623 3944 Non
2659 3890 2733 3962 (g)
2768 3890 3117 3946 crediderunt
3140 3891 3181 3963 -ι-
3214 3890 3401 3946 Judaei
3448 3893 3515 3945 de
3545 3892 3657 3945 illo.
3710 3890 3841 3963 quia

2233 3974 2426 4014 Caecus
2454 3971 2573 4016 erat
2630 3970 2687 4017 et
2714 3961 2848 4016 vidit
2872 3963 3046 4018 donec
3084 3961 3415 4018 vocaverunt
3442 3971 3694 4031 parentes
3720 3961 3844 4029 ejus

2232 4036 2321 4099 qni
2354 4033 2579 4086 viderat.
2611 4046 2664 4087 et
2698 4034 3171 4103 interrogaverunt
3205 4052 3300 4089 ens
3326 4035 3590 4088 dicentes.
3627 4032 3725 4085 Hic
3755 4040 3843 4085 est

2236 4104 2376 4156 lilius
2401 4120 2603 4158 vester.
2637 4121 2796 4175 quem
2832 4122 2927 4159 vos
2954 4106 3151 4159 dit-itis.
3184 4108 3304 4174 quia
3333 4120 3528 4159 caecus
3553 4114 3711 4156 natus
3731 4112 3834 4155 est.

2233 4174 2515 4238 Quomodo
2546 4174 2677 4245 ergo
2722 4192 2861 4229 nunc
2892 4178 3053 4231 videt.
3084 4176 3500 4245 ReSponderunt
3529 4187 3713 4245 autent
3747 4192 3841 4236 pa-

2230 4258 2411 4299 reules
2452 4246 2585 4316 ejus.
2618 4244 2670 4300 et
2710 4248 2987 4302 dixerunt.
3030 4249 3080 4301 Si
3103 4244 3243 4301 imus
3282 4252 3402 4316 quia
3449 4249 3533 4300 ltic
3577 4258 3653 4299 est
3692 4244 3840 4297 ﬁlius

2230 4328 2434 4371 noster.
2478 4330 2531 4371 et
2578 4323 2700 4388 quia
2734 4334 2927 4371 caecus
2971 4327 3130 4372 natus
3172 4333 3275 4373 est.
3320 4318 3605 4387 ριιυιιιυιιυ
3652 4329 3837 4368 autem

2230 4402 2373 4460 nunc
2404 4389 2573 4441 videat
2612 4391 2905 4444 nescimus.
2933 4403 3016 4442 aut
3044 4394 3164 4460 quis
3186 4394 3231 4444 ei
3256 4392 3465 4455 aperuit
3494 4390 3704 4441 octtlos.
3737 4400 3840 4460 nos

2231 4459 2524 4531 nescimus.
2558 4460 2736 4527 ipsum
2771 4458 3098 4531 Interrogati:
3133 4470 3366 4517 aetatem
3400 4462 3580 4516 habet.
3618 4460 3739 4529 ipse
3767 4458 3840 4513 de

535 3895 663 3947 abit.
693 3902 748 3946 ct
775 3890 877 3943 lalti
909 3899 962 3943 et
993 3887 1168 3941 video.
1198 3887 1457 3939 Dixerunt
1486 3896 1667 3939 autem
1698 3896 1750 3938 et
1773 3883 1873 3938 Ubi
1899 3894 1981 3939 est
2012 3886 2123 3938 ille.

539 3967 638 4030 Qui
673 3962 807 4017 dixit
850 3960 1061 4030 Nescio.
1108 3955 1539 4030 Adducuntenm
1569 3956 1634 4009 ad
1664 3956 2008 4030 Pharisacns.
2035 3958 2125 4025 qui

537 4026 712 4089 fuerat
747 4048 939 4085 caecus
968 4029 1093 4083 Erat
1121 4035 1300 4080 autem
1328 4027 1639 4080 sabbatum.
1686 4026 1902 4096 quando
1955 4028 2125 4080 Intntn

535 4109 663 4159 fecit
690 4105 867 4159 Jesns.
899 4114 950 4155 et
974 4098 1185 4167 aperuit
1206 4098 1393 4151 oculos
1416 4098 1554 4166 ejus.
1586 4097 1782 4151 lterum
1806 4113 1933 4165 eign
1958 4099 2126 4151 inter-

534 4179 867 4247 rogaverunt
911 4186 1061 4247 eum_
1090 4169 1380 4247 Pharisaei.
1433 4169 1714 4247 Quomodo
1743 4168 1981 4221 vidisset.
2018 4170 2128 4247 _l|le

534 4238 712 4302 anteiit
761 4244 897 4298 dixit
926 4258 1005 4296 eis
1048 4242 1239 4295 Lutum
1274 4238 1530 4305 imposuit.
1560 4239 1690 4292 milii
1721 4254 1883 4301 super
1912 4240 2118 4293 oculos.

527 4332 579 4371 et
608 4320 707 4372 lavi
737 4327 791 4372 et
816 4315 987 4369 \Idet).
1009 4313 1264 4366 Dict‘halll
1292 4324 1423 4378 ergo
1452 4310 1675 4380 quidam
1695 4325 1759 4363 ex
1786 4310 2115 4365 Pnarisateis.

533 4390 630 4445 Hic
659 4390 819 4442 homo
846 4405 951 4441 uim
981 4394 1064 4439 est
1084 4400 1112 4437 a
1152 4384 1280 4435 Deo.
1311 4386 1433 4451 quia
1466 4383 1746 4434 sabbatum
1789 4397 1893 4433 non
1936 4384 2124 4434 obser-

532 4469 637 4514 vat.
675 4457 821 4533 (r)7A
843 4458 937 4533 itfj'
960 4456 1236 4533 dicebant;
1256 4453 1538 4533 Qunmttdn
1564 4462 1772 4533 pntesu
1796 4455 1959 4504 homo
1984 4468 2123 4533 pec-

527 4522 788 4602 cator'('d)
814 4522 936 4583 [alia
963 4527 1003 4598 -ι-
1033 4526 1183 4602 signa
1214 4526 1415 4578 facere.
1451 4522 1815 4602 ELdissetrsiu
1840 4533 1964 4602 erat
1984 4525 2125 4577 inter

527 4617 645 4660 eos.
677 4593 873 4658 Dicunt
901 4593 1029 4669 σέο
1058 4593 1249 4652 iterum
1280 4609 1464 4651 caeco.
1496 4593 1579 4651 Tn
1607 4596 1735 4668 quid
1766 4596 1901 4651 dicis
1933 4595 2002 4649 de
2031 4610 2117 4649 eo.

2233 4544 2292 4584 se
2322 4529 2591 4600 loquatur.
2622 4531 2775 4587 Haec
2794 4529 3048 4588 dixerunt

1820 4708 2050 4766 CODEX
2084 4706 2550 4767 CORBEl-ENSE.

2311 4805 2407 4859 18.
2431 4805 2547 4859 Νοη
2583 4806 2880 4881 credebant
2902 4808 3094 4865 Judaei
3123 4809 3191 4865 de
3211 4808 3325 4876 illo,
3354 4810 3607 4881 quoniam
3634 4822 3841 4865 caecus

598 4814 682 4869 11.
728 4819 784 4868 et
809 4807 953 4875 abii,
987 4814 1042 4861 et
1070 4804 1175 4859 lavi
1198 4846 1213 4867 .
1238 4805 1259 4835 ³
1287 4812 1342 4859 et
1373 4804 1503 4858 vidi.
1532 4805 1571 4875 ηι-

596 4887 682 4940 15.
729 4884 749 4914 ‘
775 4883 970 4937 Lutum
1000 4878 1182 4949 posuit
1209 4875 1347 4931 mihi
1388 4874 1555 4944 super
1595 4875 1788 4930 oculos
1812 4915 1833 4941 ,
1856 4885 1911 4931 et
1940 4875 2047 4931 lavi
2076 4884 2130 4931 et
2239 4874 2421 4953 {uitet
2451 4880 2628 4953 videt,
2660 4879 2835 4934 donec
2861 4895 3221 4937 evocarentur
3248 4874 3499 4953 pare'tues
3528 4882 3668 4950 ejus.

2313 4947 2399 5002 19.
2441 4958 2497 5021 et
2549 4950 3022 5021 interrogaverunt
3074 4968 3197 5008 eos:
3234 4947 3331 5010 llic
3376 4962 3461 5009 est
3490 4947 3630 5009 mitts
3656 4992 3675 5021 ,

528 4970 656 5013 ecce
683 4956 860 5007 video.

598 5025 683 5080 l6.
724 5021 1006 5091 Qunmndn
1038 5027 1217 5090 potest
1248 5027 1501 5090 peccator
1532 5015 1671 5073 haec
1709 5015 1901 5073 facere
1926 5017 2080 5088 signa
2106 5018 2128 5071 ?
2238 5017 2524 5085 Quomodo
2550 5036 2681 5092 ergo
2712 5015 2857 5079 videt
2876 5024 3083 5079 modo?

526 5098 599 5155 Et
648 5096 882 5152 sclttsma
914 5101 1033 5148 erat
1063 5093 1116 5147 in
1143 5091 1242 5148 eis.

1752 5201 2145 5263 VARIANTES
2183 5202 2589 5265 LECTIONES.

584 5310 601 5341 ι
638 5309 761 5357 Mm.
800 5301 1053 5352 sabbatum
1091 5300 1139 5348 in
1178 5296 1260 5348 illo
1300 5297 1383 5347 die
1407 5295 1618 5361 quando.
1670 5297 2121 5362 Vulg.,sabbatutn

518 5370 730 5439 ςυξιηςᾏοτ

538 5421 605 5498 τ’
639 5435 746 5484 Gaz.
770 5430 857 5494 qui
883 5425 1123 5479 viderant.
1159 5424 1283 5471 Mm.
1322 5423 1408 5483 qui
1430 5422 1654 5472 viderant
1688 5434 1819 5471 eum.
1850 5421 1995 5488 Vulg.
2032 5426 2121 5487 qui

2236 5303 2443 5415 “183:;
2462 5364 2652 5417 codices
2675 5363 2784 5418 Gal.
2807 5373 2854 5418 at
2879 5368 3001 5420 Mm.

2291 5427 2314 5457 ⁸
2349 5428 2456 5479 Gut.
2482 5427 2661 5479 Lutum
2682 5432 2846 5493 posuit
2866 5444 3019 5495 super
3035 5430 3202 5482 oculos
3226 5444 3379 5481 meos.

1873 5523 2243 5584 BLANCHINI
2285 5526 2516 5586 NOT/E.

595 5633 671 5704 (α)
700 5632 775 5688 Ita
795 5640 851 5687 et
870 5626 970 5685 cod
1001 5624 1155 5705 ςεηι.
1185 5621 1257 5686 εἷς
1288 5620 1380 5705 3757s
1842 5618 2173 5705 Additum,
2220 5622 2536 5705 etiatncod.
2566 5633 2711 5705 cant.
2742 5629 3052 5705 ᾐτήθη-έ-
3076 5625 3152 5701 (c)
3184 5630 3313 5705 Post
3342 5628 3463 5705 qlit'.
3493 5624 3645 5705 ᾶᾳρξι
3665 5634 3841 5705 ualent

519 5708 572 5762 in
601 5691 725 5759 cod.
756 5697 1155 5774 qu7oque_Cattt._
1184 5723 1254 5774 -τς
1283 5692 1364 5774 (d7)
1405 5691 1725 5774 "aettem.
1751 5691 2110 5774 (infamem:
2156 5720 2225 5774 ---Τ
2253 5694 2325 5765 (ε)
2376 5695 2548 5774 nam
2591 5698 2712 5774 φα,
2736 5697 2889 5774 ᾳ,ηὲ
2926 5691 3214 5774 ἔληθες-
3240 5699 3310 5771 (Ι.)
3362 5700 3489 5756 P0“
3533 5698 3642 5765 mi,
3682 5696 3839 5753 dce"

517 5760 734 5842 iterum,
767 5760 929 5829 etiam
968 5770 1021 5825 in
1058 5766 1178 5825 cod.
1209 5760 1366 5821 Cant.
1394 5790 1463 5805 -
1484 5760 1565 5835 (g)
1602 5761 1733 5819 Post
1754 5762 2047 5832 credebant,
2071 5764 2227 5823 deest
2245 5760 2388 5839 ἀνὴρ,
2414 5768 2575 5824 etiam
2602 5770 2655 5826 in
2678 5770 2798 5826 cod.
2827 5769 2985 5826 Cant.
3017 5760 3051 5843 ’ὁ

3725 4962 3837 5010 etc.
