4042 6192
483 232 589 288 425

875 342 1108 401 CODEX
1146 338 1685 399 VERCELLENSIS.

485 448 541 495 et
570 447 622 494 tu
647 438 809 494 doces
1318 433 1451 502 Quia
1480 432 1616 487 vidi-

484 525 584 565 nos
601 511 625 563 ?
1318 520 1461 561 mus.
1485 503 1771 559 Peccatum

485 581 557 657 Et
581 582 857 657 ejeccrunt
1318 591 1448 647 ergo
1478 584 1714 657 vestrum

485 652 636 707 illiilli
666 652 815 706 l'oris.
1321 656 1503 703 manet
1531 652 1586 701 in
1614 660 1707 700 vo-

486 723 574 779 55.
616 723 835 778 Audivit
862 721 1022 779 Jesus
1324 720 1423 775 bis.

484 796 606 865 quia
635 795 810 864 ejece—

489 866 944 922 ..un..lum

483 937 621 1009 foris
636 954 661 1009 7:
692 937 765 1009 (a)
789 946 845 993 et
876 938 1033 993 iuve-

484 1009 567 1064 nit
594 1008 769 1072 illum,
801 1018 856 1064 et

1532 807 1767 866 CAPUT
1804 808 1873 863 Χ.

1395 927 1446 981 1.
1489 926 1683 991 Amen,
1708 939 1864 979 amen

1322 997 1443 1054 dico
1466 998 1622 1051 vobis
1653 1014 1665 1050 :

484 1071 686 1150 dixit'j
711 1068 835 1150 illi:
868 1079 949 1134 Tu
1320 1070 1420 1150 qui
1439 1085 1543 1122 non
1578 1068 1657 1150 in-

483 1149 668 1205 credis'
685 1152 736 1205 in
769 1149 899 1205 Fili—
1323 1149 1430 1195 trat
1454 1154 1551 1221 per
1566 1149 1657 1221 _]a-
1723 1208 1733 1220 .

483 1237 574 1276 um
602 1221 736 1275 Dei?
1324 1227 1484 1266 nnam
1511 1211 1531 1240 ²
1566 1214 1620 1264 in
1651 1211 1764 1263 ovi-

1320 1282 1372 1337 le
1392 1283 1594 1347 ovium,
1627 1289 1709 1335 est

1319 1354 1373 1406 2.
1415 1354 1572 1406 latro.
1604 1351 1704 1419 Qui
1730 1366 1824 1406 au-

1323 1432 1428 1480 tem
1461 1423 1627 1478 intrat
1652 1438 1746 1492 per

1315 1495 1561 1565 januani,
1600 1510 1720 1563 pas-

888 1616 904 1635 .
938 1576 1248 1634 iJesus;Et
1323 1575 1405 1621 tor
1434 1576 1517 1621 est
1542 1567 1750 1620 ovium.

1319 1636 1372 1691 5.
1415 1637 1551 1692 Huic
1578 1636 1598 1666 ³
1628 1635 1841 1690 ostiari—

1382 1749 1395 1765 .
1444 1749 1458 1763 .
1500 1707 1697 1774 aperit,
1732 1715 1786 1761 et

1322 1821 1334 1834 .
1382 1820 1395 1834 .
1440 1820 1454 1835 .
1495 1795 1520 1833 s
1548 1780 1773 1832 audiunt

1321 1890 1335 1904 .
1381 1891 1396 1906 .
1439 1865 1593 1905 ocem
1616 1851 1757 1918 ejus,

1321 1963 1334 1975 .
1382 1964 1396 1977 .
1438 1938 1533 1976 uas
1552 1935 1685 1975 OVBS

1317 1993 1579 2075 proprias.
1593 2008 1685 2047 νο·
1738 2034 1745 2036 ν

1317 2078 1404 2120 cat
1434 2079 1680 2119 nomina-

1318 2137 1437 2199 tim,
1470 2145 1525 2190 et
1549 2134 1699 2189 ducit

1313 2207 1370 2263 4.
1412 2207 1549 2262 illas.
1577 2207 1644 2260 Et
1670 2219 1792 2259 cum

1316 2292 1444 2351 suas
1471 2277 1543 2351 (ε)
1573 2291 1762 2331 omnes
1788 2274 1829 2344 j-

1319 2350 1564 2420 ejecerit,
1596 2357 1722 2403 autc

484 1292 574 1347 3U.
617 1292 917 1363 Respondit
947 1310 961 1347 :
995 1291 1128 1360 Quis

483 1372 589 1423 est.
621 1364 879 1431 Domine,
904 1373 964 1420 ut

483 1434 698 1560 fredavm
727 1436 779 1491 in
811 1435 875 1489 il-

483 1576 842 1632 '57.Ai...

484 1647 666 1704 vidisti
694 1664 842 1713 eum,

483 1728 539 1776 et
564 1721 655 1790 qui
683 1719 855 1790 loqui-

484 1801 921 1857 tur....m,

482 1863 651 1932 ipsee
692 1902 706 1916 .
750 1900 764 1915 .
812 1904 826 1919 .
873 1892 936 1915 .-

480 1933 570 1989 58.
612 1933 690 1988 xit
714 1952 728 1988 :
754 1932 957 1999 Credo,

482 2003 730 2060 Domine.
757 2005 823 2059 Et
846 2004 978 2060 ado-

481 2076 621 2130 ravit
647 2091 791 2131 eum.

479 2147 570 2202 39.
610 2149 699 2202 Ait
737 2146 899 2203 Jesus
933 2167 945 2203 :
977 2144 1060 2203 Ad
1091 2144 1244 2201 Judi—

478 2217 623 2273 cium
652 2233 753 2289 ego
781 2233 875 2275 ve-

480 2289 536 2343 ni
566 2292 617 2344 in
653 2293 795 2344 tiunc

518 2306 536 2343 ι
566 2306 617 2344 Ill
653 2306 795 2345 nunc

479 2361 742 2415 mundum
780 2380 793 2415 :

481 2440 540 2487 ut
567 2432 659 2503 qui
687 2447 793 2488 non
1323 2461 1338 2477 .
1384 2458 1399 2474 .
1440 2420 1539 2475 llas
1563 2420 1726 2484 vadit,
1744 2426 1800 2474 et

483 2503 644 2560 viden
687 2544 700 2556 .
748 2548 762 2559 .
807 2542 821 2557 .
866 2539 882 2556 .
925 2542 938 2556 .
970 2531 996 2542 -
1326 2533 1339 2547 .
1388 2531 1401 2547 .
1442 2506 1501 2547 es
1527 2505 1650 2545 eum
1677 2505 1763 2544 se-

482 2582 1045 2630 ant.......-
1324 2562 1797 2629 ....nr,quia

480 2646 610 2717 dent
638 2645 787 2701 caeci
1324 2678 1337 2691 .
1381 2673 1397 2689 .
1444 2674 1457 2688 .
1505 2672 1520 2687 .
1568 2674 1582 2688 .
1623 2643 1753 2717 runt

478 2715 631 2771 ﬁant.
1321 2746 1335 2760 .
1383 2746 1398 2762 .
1439 2719 1592 2760 ocem
1619 2715 1759 2773 ejus.

1319 2778 1373 2831 5.
1421 2820 1430 2829 .
1480 2814 1493 2827 .
1536 2774 1735 2829 lterum
1762 2788 1869 2828 non

1322 2887 1335 2900 .
1382 2886 1396 2899 .
1442 2885 1455 2899 .
1500 2855 1683 2910 untur,
1710 2844 1807 2899 sed

1318 2917 1529 2989 fugiunt
1552 2919 1619 2970 ab
1648 2917 1709 2969 il-

1318 2986 1415 3044 lo':
1448 2990 1574 3057 quia
1606 2986 1781 3042 nesci-

1318 3071 1414 3116 unt
1441 3060 1585 3115 illius
1608 3073 1704 3113 vo-

1317 3148 1433 3187 cem
1442 3170 1456 3186 ο

1317 3202 1371 3257 6.
1412 3202 1526 3257 Hoc
1554 3199 1833 3271 proverbi-

1318 3290 1406 3328 um
1434 3274 1569 3328 dixit
1600 3272 1706 3327 illis

1316 3345 1494 3401 Jesus.
1521 3344 1600 3399 llli
1630 3351 1813 3399 autem

1316 3433 1423 3472 non
1453 3430 1655 3486 cogno-

1317 3498 1515 3543 verunt
1531 3485 1682 3557 quod

1316 3560 1529 3615 locutus
1552 3556 1635 3611 est
1658 3556 1725 3611 il—

1318 3633 1371 3686 7.
1412 3631 1499 3686 lis.
1533 3629 1624 3685 Ait
1648 3643 1777 3699 ergo
1802 3629 1903 3684 ite-

479 2786 571 2842 40.
616 2788 632 2818 ¹
667 2786 733 2842 Et
760 2785 1051 2841 audierunt

478 2857 644 2929 igitur
675 2861 809 2913 haec

479 2925 561 3001 (ὖ)
586 2946 651 2984 ex
681 2925 987 2985 Pbarisaeis
1014 2925 1076 2996 1-,

478 3002 718 3071 quicum
747 3002 838 3054 illo

479 3070 656 3135 erant,
686 3081 742 3128 et
762 3070 914 3126 dixe-

480 3151 607 3198 runt
627 3143 703 3197 illi
736 3161 748 3194 :
779 3141 940 3197 Num-

478 3214 607 3284 quid
635 3227 687 3269 et
719 3228 819 3268 nos

482 3283 631 3355 caeci
660 3283 891 3355 sumus?_
1107 3352 1111 3355 _

479 3353 570 3410 41.
614 3357 703 3410 Ait
730 3355 839 3410 illis
865 3352 1021 3410 Jesus
1053 3368 1066 3407 :
1096 3351 1151 3408 Si

479 3427 626 3483 caeci
653 3430 871 3493 essetis,

482 3513 590 3553 non
623 3496 687 3551 ha
696 3498 834 3554 beri-
900 3528 901 3533 π

479 3569 550 3624 tis
581 3581 880 3640 peccatum,

479 3641 577 3697 sed
603 3641 783 3697 dicitis
812 3657 826 3695 :

1017 225 1291 288 EUSEBII
1332 223 1671 281 VERCELL.
1714 218 2169 280 EVANGELIUM
2210 220 2350 280 CUM
2391 220 2621 280 VAllllS
2656 221 2812 280 COD.
2852 220 3245 281 COLLATUM.

2614 335 2852 393 CODEX
2892 333 3340 393 VERONENSIS.

2186 440 2237 487 et
2267 441 2321 487 tu
2347 431 2509 488 doces
3019 431 3113 489 sed
3133 430 3312 486 dicitis
3338 446 3353 485 :

2185 505 2319 559 nos?
2350 503 2417 559 Et
2442 504 2554 574 eje—
3020 504 3151 570 Quia
3178 501 3447 557 videmus.

2185 584 2374 630 cerunt
2394 591 2519 630 eum
3020 574 3306 629 Peccatum
3334 588 3428 628 ve—

2183 644 2349 728 loras.
3021 654 3193 700 strum
3223 654 3407 701 manet
3426 644 3482 699 in
3512 643 3688 701 vobis.

2184 854 2464 929 eiecerunt
3036 925 3069 929 __
3096 856 3149 908 1.
3189 854 3385 929 Amen,
3408 867 3567 929 amen

3017 925 3141 981 (lico
3167 924 3319 980 vobis
3343 941 3355 977 :
3387 924 3476 993 qui

3020 1013 3127 1051 non
3155 996 3343 1050 introit
3377 1011 3472 1064 per

3014 1068 3236 1140 jannain
3264 1067 3318 1121 in
3349 1066 3548 1140 Cohor—

3023 1138 3129 1194 tem
3154 1140 3357 1201 ovium,
3387 1138 3482 1193 sed

3021 1208 3267 1265 ascendit
3285 1211 3460 1265 aliun-

3021 1281 3110 1345 de,
3134 1280 3224 1335 ille
3247 1283 3332 1335 l'nr

3022 1361 3127 1413 est,
3152 1360 3205 1406 et
3236 1353 3395 1407 latro.

2184 944 2306 984 eum
2340 929 2484 985 foras
2518 947 2533 984 .‘

2185 998 2262 1071 (α)
2292 1010 2348 1055 et
2373 1001 2524 1055 inve-

2185 1070 2260 1124 nit
2287 1086 2433 1137 eum,
2466 1082 2522 1127 et

2184 1141 2320 1212 dixit
2348 1142 2387 1212 ’ξ’
2406 1143 2458 1198 ei
2488 1160 2501 1195 :

2185 1211 2265 1267 Tu
2293 1211 2472 1268 credis
2501 1215 2553 1267 in

2185 1283 2383 1339 Filium
2409 1284 2539 1339 Dei?

2185 1354 2275 1409 36.
2319 1354 2621 1422 Respondit

2185 1426 2300 1489 ille,
2334 1436 2388 1480 et
2418 1426 2501 1480 di-
3020 1424 3075 1478 2.
3118 1422 3219 1490 Qui
3251 1432 3431 1478 autem
3461 1424 3655 1481 introit

2186 1498 2302 1550 xit:
2335 1496 2464 1563 Quis
2488 1505 2593 1561 est,
3024 1495 3381 1563 perjanuam.
3412 1496 3499 1551 hic

2188 1567 2415 1622 Domine
2433 1608 2449 1635 ,
3025 1576 3209 1633 pastor
3234 1575 3319 1621 est
3344 1569 3546 1621 ovium.

2188 1649 2243 1693 ut
2267 1639 2483 1693 credam
3021 1638 3075 1693 3.
3120 1636 3254 1691 liuic
3282 1638 3542 1694 ostiarius

2186 1709 2241 1763 in
2271 1709 2459 1763 illum?

3021 1707 3230 1777 aperit,
3255 1718 3310 1763 et
3338 1723 3466 1764 oves

2186 1779 2276 1835 57.
2321 1780 2462 1834 Dixit
2487 1780 2537 1834 ei
2566 1778 2654 1834 Je-

3023 1794 3211 1833 vocem
3240 1778 3357 1847 ejus

2186 1865 2279 1905 sus
2307 1869 2319 1903 :
2356 1850 2424 1904 Et
2451 1850 2530 1905 vi-
3022 1850 3266 1913 audiunt,
3293 1859 3350 1905 et

2187 1921 2335 1986 disti,
2364 1933 2419 1975 et
3024 1936 3149 1976 suas
3170 1920 3408 1976 oviculas

2187 1994 2279 2062 qni
2311 1992 2483 2061 loqni-
3025 2000 3181 2047 vocat
3209 1991 3455 2047 nomina-

2188 2072 2276 2118 tur
2308 2072 2507 2129 tecum,
3028 2064 3142 2129 tim,
3168 2076 3222 2118 et
3244 2063 3443 2133 produ-

3026 2133 3081 2189 4.
3122 2135 3196 2189 cit
3215 2134 3356 2189 illas.
3389 2134 3525 2190 Cum

3025 2217 3205 2261 autem
3236 2220 3365 2261 oves

3025 2291 3153 2359 suas
3182 2276 3262 2360 (ε)Δ
3286 2292 3475 2360 omnes
3503 2275 3544 2347 1-

3023 2357 3289 2413 emiserit,
3319 2358 3443 2403 ante

3022 2419 3164 2489 ipsas
3187 2418 3352 2489 vadit,
3378 2428 3430 2473 et
3453 2418 3569 2473 ovi-

3021 2488 3172 2545 culae
3201 2488 3349 2544 illum
3373 2504 3568 2544 secun-

3025 2570 3130 2627 tur,
3161 2560 3283 2631 quia
3316 2562 3494 2615 sciunt

3022 2632 3140 2702 ejus
3164 2646 3373 2687 vocem.

3022 2704 3079 2759 5.
3119 2703 3367 2760 Alienum
3394 2710 3577 2758 autem

3022 2790 3129 2830 non
3155 2786 3436 2838 secuntur,

3021 2846 3117 2901 sed
3148 2846 3359 2915 fugiunt

3022 2918 3089 2971 ab
3110 2931 3179 2972 eo
3210 2934 3225 2973 :
3255 2917 3378 2987 quia

3022 3003 3131 3043 non
3162 2994 3431 3043 noverunt

3020 3059 3139 3129 ejus
3159 3074 3369 3114 vocem.

3021 3130 3075 3185 6.
3121 3131 3233 3185 lloc
3264 3145 3486 3198 prover-

3023 3201 3175 3256 binm
3206 3201 3343 3256 dixit

3022 3272 3131 3328 illis
3153 3272 3331 3328 Iesus.

3026 3343 3108 3399 llli
3129 3354 3308 3398 autem

2190 2135 2279 2189 59.
2324 2138 2441 2204 ipse
2471 2142 2573 2189 est.
2609 2134 2666 2189 ln

2183 2205 2443 2275 judicium
2471 2219 2572 2276 ego

2188 2279 2310 2331 veni
2340 2276 2394 2331 in
2428 2277 2573 2331 hunc

2190 2348 2449 2403 mundum
2482 2366 2493 2400 ;
2524 2357 2585 2402 ut

2187 2420 2280 2489 qui
2310 2434 2417 2472 non
2441 2418 2631 2474 vident

2186 2492 2439 2553 videant,
2473 2499 2529 2546 et

2186 2562 2275 2631 qui
2300 2563 2489 2616 vident

2185 2632 2331 2687 caeci
2358 2637 2507 2686 tiant.

2185 2703 2273 2758 40.
2318 2703 2387 2757 Ει
2415 2702 2705 2759 audierunt

2188 2774 2260 2845 (ὁ)
2293 2789 2359 2828 ex
2383 2774 2573 2829 Phari-

2184 2845 2411 2926 saeisj',
2443 2846 2534 2915 qui

2184 2930 2307 2971 cum
2336 2929 2452 2985 ipso

2185 2998 2362 3051 erant,
2396 2996 2452 3041 et
2480 2986 2564 3042 di-

2185 3067 2383 3113 xerunt
2409 3059 2456 3112 ei
2494 3077 2507 3111 :

2184 3127 2453 3199 Numquid
2483 3138 2537 3185 et

2184 3215 2284 3255 llOS
2312 3215 2457 3255 CueCI

2182 3271 2412 3325 sumus?

2182 3342 2275 3396 41.
2317 3340 2461 3397 Dixit
2494 3341 2574 3397 eis

2184 3412 2342 3468 Jesus
2374 3430 2387 3466 :
2421 3416 2479 3470 Si
2508 3413 2656 3470 caeci

2183 3485 2404 3546 essetis,
2439 3500 2549 3541 non

2185 3556 2463 3623 haberetis

2186 3640 2491 3697 peceatum,

3025 3430 3131 3470 non
3155 3428 3426 3485 cognove-

3025 3495 3157 3541 runt
3176 3485 3318 3556 quod

3026 3557 3351 3629 loquebatur
3371 3556 3469 3612 eis.

3026 3628 3080 3682 7.
3104 3626 3265 3683 ’ῡὶιὶι
3288 3642 3417 3698 ergo
3436 3626 3516 3682 eis

1802 3740 2034 3797 CODEX
2070 3740 2468 3799 BRIXIANUS.

482 3859 537 3906 et
559 3858 613 3905 tu
640 3848 803 3906 doces
825 3862 943 3902 nos.
970 3844 1469 3914 Etejecerunteum
1484 3836 1862 3914 foris..\udi‘vit
1892 3844 2072 3914 autem

481 3921 662 3978 Jesus.
707 3923 829 3991 quia
870 3908 1147 3991 eiecerunt.
1185 3913 1737 3991 eumﬂloi-as.'et_cu‘in
1780 3908 2079 3991 invenisset

481 4008 605 4049 eum
631 3979 768 4047 dixit
798 3991 867 4045 ei.
894 3979 974 4042 'l‘u
998 3988 1176 4042 credis
1205 3990 1256 4040 in
1288 3982 1482 4037 Filium
1513 3981 1627 4035 Dei.
1660 3979 1959 4047 Respondit
1986 3980 2079 4049 ille

483 4048 539 4120 ὸι
564 4062 702 4118 dixit
724 4064 855 4129 Quis
880 4069 962 4115 est
990 4059 1236 4112 Domine.
1268 4065 1335 4129 ut
1350 4052 1564 4129 credant
1597 4054 1650 4104 in
1676 4065 1821 4104 eunt.
1841 4050 1917 4129 .Et
1945 4048 2080 4103 dixit

483 4133 534 4189 ei
557 4134 715 4189 Jesus
734 4123 792 4188 Et
822 4130 1000 4185 vidisti
1025 4143 1148 4183 eum
1176 4138 1230 4181 et
1250 4127 1339 4195 qni
1372 4125 1607 4195 loquitur
1634 4133 1805 4176 tecuin
1841 4123 1954 4195 ipse
1976 4130 2076 4175 est.

482 4203 581 4261 Ille
610 4216 786 4259 autem
825 4202 979 4257 dixit.
1013 4199 1191 4253 Credo
1220 4193 1447 4251 Dentine
1478 4194 1543 4247 Et
1575 4194 1859 4261 procidens
1887 4193 2080 4245 adora-

485 4278 560 4330 vit
598 4291 744 4331 euin.
790 4275 854 4329 Et
885 4271 1021 4327 dixit
1050 4273 1097 4324 ei
1138 4269 1315 4325 Jesus.
1352 4267 1408 4321 ln
1435 4264 1699 4334 judicium
1731 4278 1830 4334 ego
1870 4263 1994 4317 veni
2028 4264 2078 4316 in

484 4347 632 4402 hunc
668 4347 946 4402 mundum.
982 4345 1168 4416 utqui
1195 4355 1301 4416 non
1341 4336 1789 4416 Vident‘videant.
1814 4344 1867 4416 et
1893 4335 1981 4415 qui
2006 4336 2081 4416 vi—

484 4419 612 4475 dent
652 4417 798 4473 caeci
844 4419 989 4470 tiant.
1042 4404 1109 4468 Et
1145 4413 1432 4488 audierunt
1475 4406 1549 4488 (lg)
1584 4422 1646 4488 ex
1680 4405 1987 4488 Pliaiisacis
2015 4404 2077 4476 1-.

484 4491 573 4561 qui
599 4505 721 4545 cum
749 4490 865 4558 ipso
894 4498 1067 4561 erant.
1094 4483 1433 4561 etdixerurnt
1476 4478 1546 4534 ei.
1581 4478 1849 4561 iﬁ'uiiiquid
1889 4487 1941 4529 et
1981 4493 2080 4561 nos

484 4549 633 4617 daect
658 4549 866 4614 sum'us.
896 4558 1040 4611 Dixit
1060 4556 1138 4614 eis
1160 4556 1339 4609 Jesus.
1366 4550 1423 4606 Si
1451 4552 1597 4605 caeci
1629 4550 1828 4603 essetis
1853 4564 1959 4601 non
1989 4549 2082 4601 ba-

482 4633 685 4691 beretis
730 4640 1032 4702 peccatum.
1081 4640 1226 4683 nunc
1272 4637 1406 4680 vero
1454 4621 1632 4677 dicitis
1677 4620 1805 4691 quia
1834 4619 2080 4674 videmus

2184 3836 2471 3891 Peccatum
2517 3842 2756 3890 vestrum
2809 3846 3011 3892 manet.
3071 3835 3245 3892 Amen
3300 3850 3460 3890 amen
3510 3832 3632 3890 dico
3683 3848 3789 3889 vo-

2187 3906 2293 3962 bis.
2356 3911 2445 3976 qui
2498 3924 2604 3961 non
2666 3910 2829 3962 intrat
2879 3923 2974 3975 per
3043 3907 3244 3963 ostium
3292 3908 3344 3961 in
3392 3905 3535 3961 ovile
3574 3906 3787 3961 ovium.

2184 3978 2278 4032 sed
2302 3979 2550 4033 escendit
2576 3978 2813 4033 aliunde.
2842 3978 2937 4033 ille
2966 3978 3052 4034 fur
3078 3992 3163 4033 est
3192 3989 3247 4034 et
3271 3980 3434 4034 latro.
3464 3976 3569 4045 Qui
3600 3990 3792 4032 autem

2182 4048 2351 4105 intrat
2380 4066 2474 4119 per
2499 4049 2723 4104 ostium.
2767 4050 2853 4104 hic
2879 4060 3064 4118 pastor
3094 4063 3177 4105 est
3210 4053 3416 4105 ovium.
3454 4049 3588 4104 lluic
3618 4051 3794 4103 ostia-

2185 4122 2295 4175 rius
2324 4123 2520 4190 aperit.
2550 4132 2604 4176 et
2637 4136 2770 4176 oves
2796 4136 2983 4177 vocem
3024 4120 3142 4192 ejus
3174 4124 3421 4177 audiunt.
3455 4130 3510 4177 et
3536 4122 3791 4190 proprias

2183 4206 2315 4246 oves
2363 4204 2518 4247 vocat
2547 4192 2885 4247 nominatim.
2935 4201 2990 4247 et
3015 4193 3198 4248 educit
3226 4209 3340 4248 eas.
3388 4192 3604 4247 Etcum
3658 4206 3794 4259 pro-

2188 4264 2332 4331 prias
2362 4279 2490 4318 oves
2507 4264 2778 4320 eduxerit.
2814 4274 2938 4319 ante
2962 4279 3055 4319 eas
3086 4264 3251 4328 vadit,
3284 4273 3336 4319 et
3363 4279 3493 4317 oves
3516 4262 3663 4316 illum
3695 4277 3791 4316 se-

2186 4344 2445 4402 quuntur.
2479 4336 2606 4405 quia
2654 4337 2830 4390 sciunt
2877 4351 3065 4390 vocent
3094 4352 3233 4403 ejus.
3284 4335 3537 4390 Alienum
3575 4344 3787 4388 autem.

2187 4421 2296 4460 non
2324 4414 2647 4477 sequuntur.
2673 4407 2769 4461 sed
2792 4408 2996 4476 fugiunt
3024 4408 3092 4460 ab
3113 4422 3199 4461 eo.
3232 4406 3354 4476 quia
3384 4420 3491 4460 non
3516 4413 3792 4477 noverunt

2185 4492 2372 4532 vocem
2400 4475 2725 4533 alienorum.
2776 4475 2887 4532 Hoc
2918 4475 3264 4547 proverbium
3295 4477 3436 4533 dixit
3465 4478 3546 4532 eis
3600 4475 3787 4531 Jesns.

2185 4547 2269 4621 illi
2309 4561 2490 4604 autem
2542 4564 2650 4604 non
2700 4549 3113 4605 intellexerunt.
3146 4549 3277 4621 quid
3323 4549 3637 4620 loqueretur
3680 4549 3789 4602 eis.

2189 4619 2337 4675 Dixit
2368 4635 2497 4691 ergo
2524 4621 2604 4678 eis
2632 4620 2732 4677 ite-

1772 4731 2003 4790 CODEX
2040 4730 2509 4790 CORBEIENSIS.

555 4844 647 4900 59.
685 4851 746 4898 ut
764 4839 856 4913 qui
878 4852 985 4913 non
1011 4834 1180 4913 videt,
1208 4831 1437 4913 Videat.
1606 4906 1615 4913 ,
1851 4900 1863 4913 .

552 4915 682 4969 Car.
714 4900 876 4968 Χ.’--
903 4912 955 4966 1.
987 4912 1077 4981 qui
1105 4900 1212 4963 non
1242 4903 1448 4960 intrat“
1480 4917 1575 4975 per
1596 4906 1820 4973 januam
1850 4900 1903 4955 in
1923 4900 1961 4972 -ι-
1987 4914 2076 4958 co-

484 4986 698 5042 hortem
726 4984 928 5039 ovium.

555 5056 609 5110 '5.
652 5066 707 5111 et
729 5069 854 5111 suas
893 5056 915 5086 ⁵
957 5068 1087 5110 oves
1126 5060 1283 5108 vocat
1329 5045 1681 5112 nominatim,
1731 5051 1786 5099 et
1829 5040 2077 5112 producit

2187 4828 2329 4955 in?
2355 4901 2488 4958 Cum
2520 4908 2701 4958 autem
2728 4915 2856 4958 oves
2884 4915 3010 4958 suas
3044 4915 3235 4958 omnes
3262 4899 3699 4972 produxeriL....
3729 4910 3796 4959 et

2190 4973 2447 5029 oviculae
2473 4989 2595 5028 eum
2628 4984 2951 5044 sequuntur.

2259 5045 2315 5100 6.
2357 5062 2462 5100 non
2495 5043 2867 5117 cognoverunt
2894 5044 3037 5117 quod
3068 5043 3391 5116 loquebatur
3417 5043 3549 5100 illis.

1719 5162 2113 5223 VARIANTES
2150 5161 2441 5219 LECTION
2448 5164 2556 5221 ES.

544 5273 562 5305 ³
599 5270 704 5320 Gat.
722 5266 786 5320 Et
806 5265 1062 5316 audierunt
1078 5278 1139 5314 ex
1163 5262 1458 5322 Pbarisaeis,
1476 5260 1577 5324 qui.
1601 5262 1716 5309 Mm.
1744 5257 1806 5309 Et
1822 5257 2079 5324 audientes

482 5347 545 5385 ex
571 5330 868 5407 Pharisaeis,
894 5329 996 5390 qui.
1032 5325 1179 5389 Vulg.
1206 5321 1550 5376 Et'audieruht
1567 5323 1765 5385 quidam
1802 5332 1863 5370 ex
1904 5321 2077 5371 Phari-

479 5408 827 5509 mgwﬁgii'sed
850 5451 1071 5504 ascendit
1093 5451 1143 5501 in
1167 5446 1309 5498 aliam
1333 5453 1540 5512 partem,
1567 5446 1674 5498 ille.
1706 5447 1851 5512 Vulg.
1883 5444 1971 5495 sed
1996 5459 2073 5494 as-

2184 5256 2350 5321 cendit
2373 5256 2592 5321 aliunde,
2619 5256 2720 5308 ille.

2250 5320 2270 5387 ἔ
2305 5320 2663 5387 gat._ostearis.
2698 5320 2841 5387 Vulg.
2865 5320 3114 5373 ostiarius.

2243 5382 2265 5412 ⁸
2299 5382 2381 5430 Ita
2404 5385 2522 5431 Mm.

2244 5444 2264 5475 ⁸
2298 5446 2418 5493 Mm.
2445 5457 2566 5496 oves
2590 5444 2833 5497 educerit.

1805 5547 2173 5605 BLANCHINI
2209 5547 2438 5605 NOTAE.

553 5658 633 5732 (α)
671 5658 745 5732 ita
772 5666 824 5712 ct
845 5654 967 5714 cod.
993 5652 1185 5732 Cant._,
1229 5652 1316 5707 καὶ
1351 5645 1683 5732 ετξρεγμύέτὸν
1712 5648 1798 5732 κάἱ
1823 5640 1978 5703 εἶπεν.
2004 5643 2157 5719 —(b)
2181 5647 2323 5702 Ante
2341 5661 2404 5701 ea:
2421 5644 2743 5715 Pharisaeis,
2765 5646 2919 5705 deest
2935 5646 3165 5720 quidam,
3189 5644 3353 5703 etiam
3374 5646 3428 5703 in
3452 5654 3587 5706 text.
3610 5644 3788 5705 Gr.—

474 5720 574 5808 (σ)”
609 5720 776 5793 Addit
822 5744 991 5783 omnes
1018 5766 1035 5795 ,
1089 5720 1449 5795 etiamhcod'.
1476 5721 1632 5777 Cant.
1686 5720 1872 5775 πάντα.
