4042 6192
338 210 444 265 425

738 327 966 386 CODEX
1008 331 1548 393 VERCELLENSIS.

1178 429 1261 483 l5.
1306 444 1523 484 mercen
1568 471 1579 481 .
1628 471 1639 483 .
1681 462 1706 470 -

1170 500 1283 555 rius
1313 510 1491 555 autem
1537 542 1550 556 .
1594 542 1607 553 .

1168 573 1265 640 git,
1298 574 1461 643 quoui
1504 613 1517 628 .
1565 615 1576 627 .
1624 614 1634 624 .

1172 657 1451 698 mercena-

1169 713 1282 769 rius
1308 725 1411 781 est,
1436 725 1489 770 et
1516 731 1625 771 non

1170 786 1407 853 pertinet
1436 788 1501 841 ad
1529 805 1588 843 e-

1169 871 1259 909 um
1288 857 1356 913 de
1379 860 1541 913 ovibu
1585 899 1597 912 .
1645 898 1659 912 .

1172 926 1258 1001 11.
1302 929 1416 999 Ego
1445 945 1565 984 sum
1597 939 1779 1001 pastor

1170 996 1388 1054 bonus':
1420 1009 1473 1055 et
1496 1018 1594 1056 no-

1172 1071 1220 1123 vi
1249 1087 1397 1126 meas
1424 1088 1490 1127 ov
1531 1111 1544 1126 .
1592 1115 1603 1125 .
1649 1112 1662 1126 .

1170 1148 1223 1195 et
1250 1158 1453 1199 noveru
1499 1188 1510 1199 .
1557 1183 1570 1196 .

1172 1229 1729 1271 meme.....-

1170 1284 1257 1338 15.
1298 1296 1481 1341 cutno
1522 1329 1534 1341 .
1582 1328 1594 1340 .
1642 1329 1653 1340 .
1701 1327 1713 1339 .

1172 1354 1347 1416 Pater.
1382 1367 1431 1412 et
1456 1374 1556 1428 ego

1171 1428 1293 1480 novi
1327 1429 1537 1485 Patrem
1568 1449 1580 1483 :

1170 1506 1225 1552 et
1251 1500 1488 1555 animam

1170 1584 1346 1624 meam
1372 1586 1515 1641 pono

1170 1654 1269 1710 pro
1299 1644 1507 1698 ovibus.

1172 1711 1259 1789 16..
1293 1713 1363 1789 Et
1386 1716 1519 1789 alias
1545 1717 1762 1789 quidem

1169 1784 1408 1841 oviculas
1437 1786 1531 1841 Ita-

1170 1853 1294 1919 beo.
1322 1872 1459 1926 quae
1486 1874 1591 1915 non

1168 1936 1295 1981 sunt
1313 1934 1381 1983 de
1405 1928 1509 1984 hoc

1167 1998 1292 2052 ovili
1324 2017 1334 2051 :
1367 2010 1421 2054 et
1445 2000 1566 2058 illas

336 433 455 473 rum
480 419 549 474 ad
572 420 696 476 illos

335 489 497 546 Jesus
530 509 543 544 :

335 563 539 629 Amen,
570 578 721 619 amen

332 632 462 688 dico
482 636 662 707 vobis,
694 651 792 707 ego

331 719 451 758 sum
470 705 635 775 janua

333 775 386 831 8.
428 778 632 831 ovium.
660 778 863 836 Omnes

333 848 657 919 quicumque

337 919 352 949 ¹
384 930 675 987 venerunt,

332 988 480 1046 fures
504 1002 652 1057 sunt,
684 1004 738 1050 et

332 1060 619 1138 latrones?
651 1065 724 1137 (ὁ)
756 1067 851 1123 SCd
877 1068 915 1138 ‘i‘

332 1148 439 1189 non
470 1135 657 1190 audie-

336 1247 349 1258 .
394 1246 408 1260 .
448 1217 544 1261 unt
574 1208 697 1263 illos
726 1225 786 1263 o-

332 1276 386 1351 ξ).
433 1318 447 1331 .
495 1320 508 1331 .
558 1319 571 1332 .
614 1320 626 1333 .
674 1280 929 1351 Egosum

326 1348 513 1418 janua.
549 1351 604 1405 Si
637 1348 756 1420 quis

329 1435 427 1489 per
452 1436 541 1476 me
571 1422 740 1477 intra-

328 1493 499 1555 verit,
530 1493 720 1549 salvus

329 1564 453 1629 erit,
484 1574 537 1618 et
563 1566 735 1631 exiet,

328 1646 383 1689 et
414 1650 615 1705 pascua
644 1636 728 1690 in-

330 1706 421 1761 10.
462 1708 666 1763 veniet.
700 1708 813 1765 Fur

326 1793 435 1832 non
462 1781 610 1833 venit

325 1849 431 1905 nisi
464 1860 519 1905 ut
541 1850 687 1906 fure-

326 1929 436 1985 tur,
467 1930 522 1975 ct
553 1922 758 1991 perdat.
780 1944 787 1949 “

325 1992 440 2063 Ego
470 2002 652 2049 autem

325 2065 452 2138 veni
485 2074 542 2119 ut
575 2066 742 2120 vitam
1166 2080 1380 2138 oportet
1401 2087 1489 2126 me

324 2135 587 2210 habeant,
611 2146 674 2210 et
1164 2135 1482 2210 perducere,

322 2208 689 2263 abundantius
1164 2208 1221 2266 ut
1242 2227 1431 2268 vocem
1456 2230 1570 2271 me-

323 2277 581 2354 babennt.
1162 2297 1247 2336 am
1276 2285 1516 2354 audiant,

1162 2363 1216 2409 et
1240 2355 1334 2410 ﬁet
1365 2373 1469 2412 una

1160 2441 1316 2495 grex,
1350 2437 1404 2483 et
1434 2443 1575 2484 unus

1162 2497 1251 2551 17.
1296 2508 1501 2568 pastor.
1536 2501 1702 2571 Prop—

327 2351 415 2423 11.
462 2353 574 2423 Ego
596 2365 717 2407 sum
748 2361 934 2423 pastor

322 2421 523 2478 bonus.
554 2422 716 2478 Pasto
751 2421 772 2478 ⁷.
818 2468 829 2479 .

323 2504 505 2549 autem
527 2494 705 2551 bonus

323 2566 558 2620 animam
581 2581 672 2621 su-
1160 2566 1308 2625 terea
1340 2586 1428 2627 me
1458 2573 1558 2626 Pa-

322 2640 452 2713 amf
484 2636 775 2713 ponitqpro'
1161 2647 1246 2713 ter
1271 2640 1445 2712 diligit
1475 2659 1486 2694 :
1520 2655 1653 2713 quo-

319 2708 533 2784 ovibus.
558 2710 661 2776 Qui
1160 2710 1301 2765 niam
1325 2708 1424 2784 ego
1450 2708 1545 2784 po-'

321 2780 409 2833 12.
442 2794 725 2836 mercena-
1160 2797 1232 2837 no
1257 2780 1491 2838 animam

1160 2868 1335 2909 meam
1370 2870 1465 2925 pro
1487 2856 1603 2911 ovi-

1158 2925 1282 2991 bus,
1312 2935 1367 2981 ut
1389 2929 1585 2983 iterum

1158 2995 1180 3027 ³
1198 3012 1408 3053 sumam
1435 3000 1604 3053 illam.

1157 3068 1246 3123 18.
1285 3068 1458 3125 Nemo
1490 3069 1633 3124 tollit

1153 3153 1273 3194 eam
1303 3155 1334 3194 a
1365 3156 1453 3196 me
1482 3158 1495 3195 :
1530 3141 1627 3196 sed

1157 3250 1170 3263 .
1216 3250 1230 3265 .
1271 3228 1339 3281 go
1371 3227 1512 3283 pono
1542 3213 1687 3268 illam

1151 3297 1182 3337 a
1211 3287 1555 3353 memetipso,

1150 3362 1474 3424 potestatem

1150 3433 1327 3480 autem
1362 3428 1536 3483 habeo

1150 3497 1386 3566 ponendi
1418 3514 1535 3554 eam
1568 3518 1579 3551 :

1148 3576 1205 3624 et
1229 3579 1552 3640 potestatem

317 2853 437 2909 rius
463 2861 570 2916 est,
597 2863 651 2908 et
672 2866 779 2906 non

316 2933 403 2979 εει
428 2936 631 2993 pastor.
677 2961 692 2977 .
738 2964 753 2978 .
796 2965 807 2978 .

322 2997 909 3065 ..jusno.....

317 3079 448 3121 oves
471 3067 682 3138 propri—

314 3150 402 3203 ae,
433 3138 580 3194 videt
608 3140 795 3209 lupum

315 3211 643 3275 venientem,

315 3288 370 3335 et
397 3282 656 3353 relinquit

312 3365 464 3419 oves,
494 3364 548 3410 et
578 3354 747 3425 fugit;

312 3432 371 3496 et
390 3426 549 3496 lupus
574 3428 713 3496 rapit

310 3494 463 3568 illas,
482 3507 535 3552 et
564 3494 776 3568 dispar-

310 3567 391 3637 git
412 3569 530 3624 illas
554 3567 662 3625 ove
697 3612 709 3623 .
756 3611 767 3623 .
815 3587 828 3620 :

1343 219 1790 279 EVANGELIUM
1830 220 2197 281 SECUNDUM
2239 225 2628 285 JOIIANNEM.

2461 344 2694 402 CODEX
2740 348 3191 412 VERONENSIS.

2039 432 2278 514 iterum;
2310 434 2505 503 Amen,
2870 447 3041 514 pargit
3069 462 3197 504 oves
3232 470 3244 502 :

2037 518 2192 584 amen
2226 505 2348 584 dico
2872 505 2994 568 '15.“
3011 528 3421 584 mercennarius

2038 576 2211 640 vobis,
2238 580 2360 659 quia
2871 595 3049 660 autem
3078 588 3236 660 fugit,

2036 660 2137 716 ego
2158 661 2276 727 sum
2304 658 2388 718 Ja-
2872 658 2994 727 quia
3026 658 3267 719 mercen.

2037 733 2151 800 nua.
2182 734 2360 800 ovium
2415 792 2426 800 _
2564 795 2575 800 _
2617 795 2627 800 Δ
2873 730 3056 784 narius
3082 742 3185 800 est,

2036 789 2089 843 8.
2131 789 2230 861 (a).
2274 792 2576 871 Quodquod
2602 795 2640 865 -'r
2873 809 2927 853 et
2950 815 3055 855 non
3082 789 3247 871 per'ti~

2036 872 2322 926 venerunt,
2352 862 2497 920 fures
2617 862 2626 865 ⁷
2873 881 2958 926 net
2988 874 3052 927 ad
3081 862 3202 930 eum

2035 941 2181 998 sunt,
2216 943 2271 987 et
2301 934 2465 988 latro-
2624 974 2625 977 η
2872 941 2939 996 de
2967 946 3179 1001 ovibus.

2037 1018 2136 1059 nes
2166 1022 2179 1057 :
2216 1002 2287 1071 (ὁ)
2313 1006 2405 1060 sed
2438 1007 2475 1076 ’ἒ

2037 1089 2143 1129 non
2168 1076 2457 1132 audierunt

2035 1161 2130 1200 COS
2159 1163 2309 1202 OVCS.

2036 1216 2089 1271 9.
2131 1217 2243 1290 Ego
2274 1234 2390 1273 sum
2412 1221 2493 1290 ja—

2035 1304 2160 1343 nua.
2188 1289 2289 1344 Per
2316 1306 2402 1344 me

2875 1014 2961 1067 Ἰοὶ.
3004 1016 3118 1092 Ego
3143 1034 3260 1075 sum
3296 1043 3385 1092 pa-

2873 1094 2991 1139 stor
3020 1088 3193 1144 bonus
3226 1114 3236 1145 ;
3268 1088 3318 1150 ei

2873 1170 3142 1227 cognosco
3172 1179 3339 1231 meas,

2872 1236 2920 1283 et
2951 1244 3287 1298 cognoscunt

2873 1315 2959 1355 me
2984 1316 3154 1359 meae.

2034 1361 2079 1413 si
2108 1360 2229 1430 quis
2262 1362 2549 1429 introierit,
2872 1370 2960 1425 15.
3002 1373 3152 1428 Sicut

2036 1431 2352 1511 salvabitur,
2384 1443 2438 1488 et
2867 1447 3111 1511 agnoscit

2032 1501 2295 1584 introibit,
2333 1513 2388 1558 et
2871 1501 2958 1568 ηἶο
2988 1515 3170 1585 Pater,
3201 1530 3256 1575 et

2034 1576 2213 1656 exiet,
2235 1584 2289 1629 et
2322 1591 2519 1645 pascua
2871 1599 2971 1655 ego
2998 1576 3234 1656 agnosco

2033 1657 2293 1700 inveniet.
2875 1656 3086 1713 Patrem
3125 1680 3137 1714 :

2036 1718 2124 1772 10.
2166 1716 2275 1771 Fur
2305 1734 2411 1773 non
2438 1721 2586 1775 venit
2873 1736 2927 1781 et
2954 1732 3190 1787 animam

2032 1788 2135 1842 nisi
2162 1798 2220 1871 ut
2242 1788 2477 1871 foretur,
2873 1815 3047 1855 meam
3074 1820 3216 1871 pono

2031 1860 2332 1939 etoecidat,
2361 1872 2416 1919 et
2874 1887 2972 1939 pro
3003 1860 3194 1931 ovibus

2036 1932 2244 1997 perdat.
2873 1932 3029 2000 ineis.

2038 2001 2153 2070 Ego
2179 2003 2301 2058 veni
2329 2012 2386 2057 ut

2035 2072 2202 2127 vitam
2235 2074 2489 2141 habeant,

2035 2153 2091 2199 et
2120 2145 2519 2202 habundantius

2873 2016 2961 2070 16.
3004 2017 3071 2072 Ει
3092 2019 3225 2077 alias
3253 2039 3384 2080 oves

2871 2084 3068 2154 habeo,
3102 2108 3264 2156 quae

2874 2172 2980 2212 non
3013 2173 3137 2216 sunt
3161 2178 3226 2219 CX

2873 2227 2975 2284 hoc
2996 2232 3137 2288 ovile
3172 2252 3183 2286 :
3221 2248 3277 2291 et

2872 2299 2992 2355 illas
3014 2315 3229 2371 Oportet

2871 2387 2958 2426 me
2987 2375 3279 2443 adducere,

2872 2450 2927 2496 et
2954 2458 3143 2499 vocem
3169 2464 3343 2503 meant

2869 2513 3111 2581 audient,
3140 2528 3193 2572 et
3218 2518 3313 2575 ﬁet

2870 2598 3007 2639 unus
3032 2602 3182 2655 grex,
3218 2601 3272 2646 et

2035 2215 2291 2272 habeant.

2032 2287 2121 2343 ‘ll.
2165 2289 2274 2361 Ego
2296 2304 2415 2344 sum
2444 2304 2536 2361 pa-

2026 2368 2145 2412 stor
2173 2360 2369 2415 bonus.

2028 2428 2224 2485 Pastor
2250 2432 2396 2486 enim

2028 2500 2204 2556 bonus
2232 2502 2465 2556 animam

2026 2586 2176 2626 suam
2212 2573 2385 2627 tradet

2026 2656 2127 2727 pro
2156 2643 2353 2727 ovibus
2869 2670 3006 2709 unus
3028 2643 3232 2727 pastor.

2029 2713 2117 2767 12.
2131 2715 2275 2796 βυίε.
2302 2716 2507 2799 Merce-
2870 2727 2956 2780 17.
2984 2713 3295 2799 Propterea

2026 2799 2212 2839 nanus
2239 2796 2447 2853 autem,
2867 2812 2955 2852 me
2980 2796 3138 2855 Pater
3164 2804 3245 2857 di-

2027 2865 2081 2911 et
2104 2857 2193 2925 qui
2222 2873 2328 2911 non
2349 2868 2433 2913 est

2026 2935 2234 2997 pastor,
2258 2930 2412 3000 cujus

2026 3014 2135 3071 non
2159 3012 2279 3054 sunt
2307 3016 2433 3071 pro-

2025 3070 2177 3140 priae
2208 3070 2358 3140 oves,

2024 3141 2171 3196 videt
2196 3141 2380 3213 lupum

2021 3214 2352 3281 venientem,
2381 3225 2437 3271 et

2020 3284 2241 3339 dimittit
2270 3301 2418 3352 oves,

2018 3366 2074 3410 et
2102 3356 2257 3426 fugit,
2285 3358 2411 3426 quia

2864 2866 2979 2937 ligit
3003 2888 3015 2923 :
3045 2874 3167 2940 quia
3193 2890 3294 2946 ego

2864 2953 3010 3008 pono
3030 2946 3267 3000 animam

2864 3026 3064 3079 meam,
3098 3027 3156 3070 ut
3185 3018 3288 3074 ite-

2865 3096 2984 3137 rum
3017 3100 3231 3143 sumam

2868 3152 2955 3208 18.
2997 3156 3165 3213 illam.
3198 3160 3371 3220 Nemo

2860 3225 2998 3280 tollit
3030 3244 3148 3284 eam
3180 3247 3209 3287 a
3243 3250 3328 3289 me
3358 3256 3371 3291 :

2857 3296 2951 3351 sed
2981 3312 3082 3369 ego
3106 3317 3249 3371 pono

2856 3380 2977 3421 eam
3000 3386 3027 3422 a
3054 3388 3140 3426 me
3170 3374 3309 3443 ipso,

2019 3430 2427 3506 mercennarius
2856 3446 3177 3506 potestatem
3192 3430 3267 3499 'Ita
3278 3430 3377 3504 beo

2017 3506 2099 3552 est
2122 3515 2143 3576 _:
2175 3507 2229 3553 et
2255 3500 2415 3576 lupus
2856 3500 3091 3576 ponendi
3117 3529 3236 3569 eam
3264 3536 3277 3571 :

2016 3569 2181 3637 rapit,
2212 3580 2267 3624 et
2287 3570 2395 3625 dis-
2854 3569 2907 3634 ἐι
2930 3592 3253 3651 potestatem

1630 3658 1865 3717 CODEX
1902 3658 2183 3716 BRIXIAN
2193 3659 2293 3717 US.

311 3770 433 3811 rum
488 3755 666 3810 Iesus.
718 3755 892 3811 Amen
950 3768 1109 3826 amen
1175 3755 1298 3811 dico
1356 3756 1533 3811 vobis.
1612 3756 1735 3826 quia
1804 3769 1905 3825 ego

308 3842 429 3883 sum
460 3829 657 3882 ostium
690 3830 893 3881 ovium.
951 3825 1154 3899 Omnes
1196 3837 1459 3899 quotquot
1490 3825 1775 3883 venerunt.
1823 3828 1905 3881 fu-

312 3914 405 3955 res
426 3908 553 3981 sun_t
573 3910 629 3954 et
657 3902 894 3954 latrones
925 3898 1022 3981 .(b)
1078 3899 1175 3981 sed
1226 3898 1267 3970 ᾧ
1316 3898 1434 3981 non
1465 3900 1770 3981 autlierunt_
1808 3914 1904 3981 eos

307 3986 460 4025 oves.
515 3971 625 4040 Ego
668 3985 785 4025 sum
834 3971 1054 4024 ostium.
1114 3970 1215 4025 Per
1266 3986 1350 4025 me
1392 3971 1562 4039 siqnis
1608 3970 1898 4025 introierit.

304 4042 627 4097 salvabitur.
671 4052 726 4097 et
776 4041 1128 4111 ingredietur.
1183 4049 1238 4096 et
1282 4043 1607 4111 egredietur.
1664 4051 1719 4096 et
1777 4057 1901 4111 pas-

306 4127 407 4169 cua
461 4113 720 4167 inveniet.
774 4114 881 4167 Fur
933 4126 1039 4166 non
1093 4115 1260 4168 venit.
1318 4115 1420 4168 nisi
1466 4125 1519 4167 ut
1567 4114 1793 4167 foretur.
1846 4122 1903 4169 et

305 4184 539 4239 occidat.
561 4195 613 4239 et
628 4185 834 4253 perdat.
854 4184 963 4255 Ego
979 4184 1099 4239 veni
1122 4185 1355 4238 utvitam
1375 4184 1627 4239 habeant.
1654 4193 1710 4239 et
1732 4186 1897 4239 abun-

303 4256 522 4310 dantius
540 4256 793 4310 habeant.
812 4257 923 4325 Ego
950 4271 1067 4310 sum
1083 4257 1475 4326 pastorhonus.
1491 4256 1682 4311 Pastor
1702 4256 1896 4311 bonus.

302 4328 541 4381 animam
567 4342 719 4381 suam
744 4330 893 4397 ponit
924 4342 1022 4396 pro
1054 4328 1266 4408 ovibus.
1287 4327 1693 4383 Mercennarius
1713 4340 1899 4408 autem

302 4407 361 4454 et
376 4399 476 4480 _qni
504 4414 609 4453 non
642 4406 726 4454 est
754 4405 958 4480 pastor.
1002 4398 1155 4468 cujus
1178 4407 1441 4480 {tonsum
1463 4414 1592 4453 oves
1622 4399 1895 4480 propriae.

301 4470 450 4527 videt
490 4471 677 4541 lupum
730 4471 1037 4527 venientem
1080 4480 1135 4524 et
1168 4469 1389 4525 dimittit
1419 4486 1549 4527 oves
1576 4479 1629 4525 et
1658 4470 1817 4539 fugit.
1848 4480 1904 4524 et

304 4591 355 4607 ‘-

2008 3752 2171 3841 lupus
2188 3754 2330 3841 rapit
2356 3769 2472 3838 eas.
2508 3766 2563 3811 et
2595 3757 2863 3841 dispargit
2888 3778 3043 3821 oves.
3081 3780 3493 3837 mercennarius
3521 3800 3616 3841 an-

2009 3832 2115 3914 tjem
2147 3824 2302 3914 fugit.
2336 3829 2461 3914 quia
2493 3824 2873 3914 conduétitﬁrs_
2888 3847 2974 3891 est
3014 3847 3069 3893 et

2008 3895 2076 3950 de
2100 3898 2317 3987 ovibus.
2356 3900 2465 3969 Ego
2497 3915 2616 3987 sum
2653 3913 2839 3971 pastor
2862 3906 3056 3987 bonus.
3093 3922 3150 3966 et
3181 3895 3452 3987 cognosco
3481 3895 3615 3986 5272;;

2007 3981 2176 4022 meas.
2210 3979 2264 4022 et
2282 3981 2617 4055 cog-noscunt
2642 3990 2746 4029 tne.
2776 3992 2950 4055 meae.
2978 3982 3127 4037 Sicut
3149 3979 3297 4043 ιιονῖι
3320 4008 3406 4047 me
3428 3979 3608 4055 p519}:

2006 4049 2062 4131 et
2091 4054 2191 4108 ego
2218 4044 2605 4131 novinPutt-em.
2636 4054 2691 4099 et
2716 4051 2950 4131 animam
2986 4070 3159 4109 meam
3186 4074 3328 4126 potio
3362 4044 3612 4131 prodov-i:

2006 4111 2394 4198 bu_s_.meis:”Et
2416 4115 2549 4168 alias
2577 4132 2705 4171 oves
2738 4120 2933 4198 habeo.
2961 4140 3100 4192 quae
3128 4111 3233 4183 non
3262 4111 3474 4193 suntt-er
3490 4111 3607 4198 ‘h'o-e

2005 4181 2154 4268 ovili.
2195 4192 2247 4236 et
2276 4182 2402 4268 illas
2441 4196 2658 4255 oportet
2689 4205 2773 4243 me
2802 4181 3091 4251 adducere.
3130 4181 3397 4260 et

2007 4252 2249 4352 audit-rm.
2363 4252 2671 4352 9‘8"}.3085
2699 4276 2852 4343 grex.
2879 4273 2934 4318 et
2964 4282 3099 4322 unus
3126 4252 3605 4352 pastor:

2008 4337 2211 4411 eamme
2260 4325 2419 4381 Pater
2461 4328 2661 4399 diligit.
2703 4325 2834 4411 quia
2857 4350 2957 4404 ego
2987 4325 3602 4411 pono'aniniani'

2009 4404 2066 4447 ut
2092 4402 2289 4450 iterum
2339 4413 2548 4453 sumam
2595 4416 2737 4481 eam.
2792 4402 2964 4460 Nemo
2988 4402 3134 4464 tollit
3160 4429 3277 4469 eam
3308 4433 3339 4471 a
3368 4402 3605 4481 méL'géii

2008 4480 2110 4562 ego
2141 4482 2294 4562 pqu
2467 4485 2611 4562 aAme
2640 4473 2776 4542 ipso.
2812 4486 3137 4545 potestatem
3164 4482 3338 4545 habeo
3370 4473 3603 4562 ponendi

2008 4551 2150 4591 eam.
2178 4545 2235 4590 et
2262 4547 2586 4609 potestatem

1587 4626 1822 4683 CODEX
1856 4625 2327 4686 COBBEIENSIS.

372 4722 426 4777 7.
469 4722 583 4792 Ego
609 4735 728 4776 sum
750 4718 914 4789 janua
938 4718 1142 4792 ovium.
1414 4756 1416 4758 τ

369 4794 423 4848 8.
469 4789 575 4849 non
616 4792 905 4863 audierunt
946 4805 1067 4843 eum
1102 4789 1247 4845 l'ures
1276 4803 1408 4845 oves
1456 4804 1624 4846 meas.
1676 4790 1898 4863 (vitiose)

298 4867 543 4931 correxit,
576 4879 681 4917 non
707 4860 996 4917 audierunt
1026 4876 1121 4915 eos
1151 4877 1300 4917 oves.

374 4938 429 4991 9.
472 4938 491 4965 δ
516 4936 629 5005 Ego
655 4949 773 4988 sum
806 4934 825 4963 ⁸
850 4933 1015 5003 janua
1045 4931 1179 5003 1n...
1212 4943 1266 4989 et
1291 4933 1553 5005 introibit,
1578 4941 1633 4988 et
1659 4934 1823 4988 exiet.

373 5008 460 5062 10.
501 5004 809 5072 ut’furetur,
837 5016 891 5059 et
916 5005 1148 5070 occidat,
1180 5014 1234 5059 et
1264 5005 1473 5075 perdat.
1501 5004 1521 5035 ⁶
1546 5005 1730 5059 omittit
1753 5006 1896 5075 prior

297 5094 506 5146 manus,
534 5090 587 5136 et
616 5078 975 5133 abundantius
1000 5075 1252 5131 habeant.

2196 4722 2578 4807 (mereenarius
2602 4728 3128 4807 .autemjugit,'quia
3152 4742 3452 4800 conductus
3489 4761 3596 4807 est.

2196 4792 2640 4878 Sticutcognoscit
2676 4815 2762 4878 me
2792 4792 2975 4878 Pater,
2995 4792 3042 4861 ei
3070 4810 3089 4839 "
3109 4792 3593 4878 agnas‘éb'eiiréiiii

2078 4863 2440 4962 i‘§.n§ht.alias
2463 4869 2704 4925 oviculas
2735 4863 2978 4931 habeo...
3007 4887 3063 4932 et
3084 4863 3177 4935 1ὶεῖ
3201 4863 3337 4939 unus

2004 4950 2143 4989 unus
2177 4947 2382 5005 pastor.

2078 5008 2786 5106 3§:mP9E‘E-°:E“imn3.’1‘ib°°
2815 5018 3066 5074 ευιηθηάί
3097 5037 3217 5080 eam
3252 5045 3265 5080 =
3298 5027 3412 5089 Hoc
3436 5050 3595 5106 prae-

2000 5089 2217 5150 ceptum
2243 5083 2425 5152 accepi
2453 5098 2483 5136 a
2512 5082 2697 5139 Patre.

1544 5168 1941 5226 VARIANTES
1979 5169 2272 5227 LECTION
2280 5174 2385 5228 ES.

364 5275 381 5304 ι
421 5273 524 5323 Gat.
555 5277 798 5321 venerunt
813 5276 929 5319 ante
949 5282 1050 5332 me,
1074 5268 1209 5319 fures
1229 5273 1402 5320 sunt...
1424 5269 1514 5319 sed
1540 5283 1633 5320 non
1660 5270 1893 5319 exaudie‘

293 5343 415 5385 runt
434 5350 534 5386 eos.
568 5333 713 5400 Vulg.
752 5341 1017 5393 venerunt,
1051 5332 1188 5382 fures
1224 5340 1393 5384 sunt...
1423 5338 1475 5383 et
1503 5346 1600 5382 non
1631 5334 1893 5382 audierunt

288 5412 532 5527 Leagnlm.
558 5460 718 5527 tradat
740 5471 846 5523 pro.
878 5456 1023 5527 Vulg.
1049 5457 1132 5527 ρει
1154 5470 1259 5520 PFO-

358 5524 382 5557 ³
419 5523 523 5574 Gat.
549 5518 779 5587 accipiam
804 5533 929 5572 earn.
963 5518 1107 5585 Vulg.
1134 5518 1321 5570 sumam
1344 5532 1470 5571 eam.

2064 5270 2085 5337 ξ
2119 5274 2240 5337 igni.
2267 5272 2404 5322 vobis
2429 5286 2523 5335 ego
2541 5286 2648 5323 sum
2665 5276 2831 5337 janua.

2062 5333 2084 5411 ξ
2120 5334 2225 5411 ﬁat.
2253 5333 2778 5411 osteum‘ovium:'Per
2797 5355 2879 5393 me
2901 5345 2942 5394 si
2968 5351 3078 5411 quis
3102 5352 3376 5409 intraverit,

2064 5394 2085 5459 εξ
2117 5398 2238 5447 Μιη.
2268 5404 2320 5447 et
2343 5397 2549 5459 amplius
2571 5401 2801 5454 habeant.

2065 5458 2085 5529 ζ
2122 5459 2228 5529 gat.
2254 5458 2494 5529 cognosco
2514 5462 2731 5529 Patrem.
2761 5470 2878 5519 Mm.
2901 5474 3014 5524 novi
3036 5473 3253 5529 Patrem.

2064 5520 2085 5551 ⁸
2118 5523 2239 5572 Mm.
2260 5520 2413 5574 habes
2435 5527 2703 5588 accipiendi
2722 5543 2846 5581 eam.

1612 5605 1980 5665 BLANCHINI
2016 5605 2247 5663 NOTAE.

362 5703 445 5779 (a)
478 5705 616 5761 Ante
640 5712 902 5776 quotquot,
927 5702 1083 5759 deest
1106 5720 1299 5773 omnes,
1326 5704 1380 5761 in
1407 5704 1531 5762 eod.
1563 5718 1779 5778 quoque
1805 5706 1963 5764 Cant.
2002 5703 2169 5777 -(b)
2190 5704 2268 5761 Ita
2293 5714 2348 5762 et
2374 5715 2481 5764 tex.
2511 5706 2604 5764 Gr.
2636 5709 2780 5766 ἀλλὰ.

734 5799 1010 5862 Parnm“
1059 5797 1208 5860 XII.

3042 5809 3119 5873 11t-
