2021 3096
217 117 271 146 427
478 118 613 148 EUSEBII
633 117 805 147 VERCELL.
827 116 1054 147 EVANGELIUM
1073 118 1147 148 CUM
1168 117 1283 148 VARIIS
1301 118 1381 147 COD.
1400 115 1598 146 COLLATUM.
1622 145 1625 151 ‘
1818 114 1870 144 418

1285 173 1401 203 CODEX
1419 172 1650 201 VERUNENSIS.

414 174 531 205 CODEX
553 172 823 203 VERCELLENSIS.

217 222 307 250 habeo
322 222 420 250 iterum
636 222 710 249 mine
723 221 811 249 Patris

217 258 341 286 sumendi
356 266 427 286 eam.
636 257 700 289 mei,
717 257 773 292 ipsa
787 261 842 285 tes-

217 293 274 322 Hoc
288 295 358 322 enim
371 302 446 321 man—
635 293 778 320 tim0iiium

219 329 312 357 butum
326 330 418 364 accepi
634 328 727 356 dicunt
738 329 772 355 de

216 373 230 402 a
246 366 284 402 (α)
298 366 377 402 Patre
391 365 423 401 1-.
436 401 441 402 γ
634 364 680 391 26.
691 372 739 402 _me
753 373 759 390 ;
776 363 824 391 sed
837 370 885 392 vos
897 370 951 396 non

217 400 260 429 19⁷.
285 401 422 429 Dissensio
436 401 484 429 ite-
634 400 758 432 creditis,
773 407 826 427 non

215 444 275 463 rum
291 436 359 464 facta
372 441 414 465 est
634 436 707 463 enim
720 435 787 463 estis

215 471 288 500 inter
299 472 419 500 Jndiieos
634 471 668 499 de
683 472 778 499 ovibus
798 478 854 500 me-

215 513 326 542 propter
339 508 389 535 hos

216 551 369 571 sermones.

215 579 261 607 20.
282 580 316 606 Et
327 578 454 607 dicebant

217 614 295 641 multi
308 623 342 642 ex
354 615 406 642 illis
425 623 431 641 :

217 649 361 678 Daemoni—

216 693 262 712 um
280 686 371 719 habet,
385 689 413 714 et

216 722 317 748 insanit
333 732 339 749 :
354 721 418 756 quid

217 756 294 784 illum
307 757 386 784 audi-

215 791 261 819 21.
284 792 338 820 tis?
353 792 406 820 Alii

215 828 343 856 dicebant
357 837 363 854 :
383 828 455 856 Haec

217 881 225 889 .
248 882 255 889 .
275 864 324 891 rba
340 871 394 891 non

216 903 280 927 sunt
290 899 400 928 daemo-

217 935 291 962 nium
305 935 406 963 baben-

216 975 257 1006 ties
274 980 280 998 :
296 970 425 1006 numquid

635 506 669 538 is,
686 508 756 534 sicut
767 507 822 541 dixi

633 542 679 569 27.
700 543 787 570 vobis.
804 542 854 576 Qui
867 549 917 570 sun
937 561 943 569 .
975 561 980 568 .

634 585 668 605 ex
679 578 776 605 ovibus
788 586 844 605 me-

635 613 668 647 is,
684 621 779 641 vocem
795 621 850 642 me-

634 657 678 676 am
694 650 805 678 audiunt
819 658 826 676 :

635 689 663 712 et
675 693 724 720 ego
735 693 851 720 cognos—

635 728 667 748 co
682 721 751 754 illas,
767 727 795 748 et
809 728 852 748 se-

634 761 731 784 cuntur
747 764 791 784 me
806 765 812 784 :

633 791 679 819 28.
700 796 728 820 et
739 800 788 827 ego
799 791 882 819 vitam

634 832 774 855 aeternam

635 863 816 891 doilliszetn
834 883 841 889 .
865 882 872 890 .

635 903 751 933 pereunt
766 899 791 926 iu
806 906 869 933 per-

635 939 757 969 petuum,
772 939 798 962 et
813 942 860 962 ue-

636 978 682 997 mo
696 971 765 1005 rapit
777 970 836 997 illas

215 1005 389 1034 daemonium
634 1006 642 1021 ¹
654 1006 688 1033 de
703 1014 782 1033 manu
796 1013 853 1033 me-

216 1046 305 1076 potest
320 1049 416 1070 caeco-
633 1041 679 1069 29.
689 1050 725 1078 Va.
741 1042 820 1078 Pater
833 1040 906 1078 quod

214 1084 274 1104 rum
288 1078 380 1106 oculos
633 1077 708 1105 dedit
724 1077 800 1110 inihi,

215 1113 343 1148 aperire?
633 1113 720 1148 majus
733 1118 776 1140 est
790 1120 848 1139 om—

215 1147 259 1175 22.
283 1148 364 1176 Facta
375 1154 438 1177 sunt
453 1148 505 1177 En-
633 1148 712 1176 nibus
729 1154 775 1176 :et
787 1156 833 1176 ne-

215 1184 290 1211 cenia
307 1184 335 1211 in
350 1185 412 1213 liie—
633 1192 679 1212 mo
692 1189 782 1219 potest
796 1192 838 1211 ra-

214 1220 360 1262 rosolymis
373 1225 420 1262 :et

214 1254 313 1283 hiemis
326 1261 395 1284 erat.

213 1290 259 1318 25.
281 1291 313 1319 Et
328 1291 485 1320 ambulabat

213 1325 293 1354 Jesus
303 1328 330 1354 in
345 1328 457 1362 templo,

213 1362 239 1388 in
257 1363 362 1397 porticu

216 1398 381 1425 Solomonis.

214 1433 259 1460 2.5.
279 1433 452 1461 Circuierunt

214 1477 278 1503 ergo
290 1469 365 1495 illiilli
379 1470 428 1497 Ju—

214 1504 286 1537 daei,
301 1510 328 1532 et
340 1504 414 1533 dice-

214 1540 279 1567 bant
291 1541 328 1567 illi
346 1550 353 1567 :
369 1540 420 1569 Us-

213 1583 322 1610 quequo
335 1577 394 1603 ani-

634 1227 699 1255 pere
713 1220 779 1247 illud
792 1220 826 1247 de

632 1263 713 1283 manu
725 1255 812 1282 Patris

632 1291 677 1320 50.
699 1293 762 1319 mei.
780 1291 848 1326 Ego,
863 1294 889 1319 et
900 1290 950 1319 Pa-

633 1331 674 1354 ter
689 1335 772 1354 unum
792 1335 840 1354 su-

632 1362 678 1390 51.
699 1370 769 1389 inus.
783 1362 917 1391 Tulerunt

630 1397 816 1462 ξ
821 1441 866 1460 um

630 1468 792 1504 lapidarent.

631 1504 677 1532 52.
699 1504 849 1537 Respondit
871 1505 911 1534 eis

631 1539 710 1568 Jesus
723 1549 729 1568 :
746 1540 827 1568 Multa
839 1548 869 1569 o—

632 1583 696 1611 pera
712 1576 782 1603 bona

214 1619 286 1638 mam
300 1617 420 1640 nostram
632 1612 737 1639 ostendi
751 1619 798 1639 vo-

215 1647 316 1674 tolles?
330 1649 352 1674 si
367 1653 394 1675 tu
405 1654 435 1675 es
633 1646 676 1674 bis
690 1655 722 1675 ex
739 1647 819 1675 Patre

184 1704 189 1710 .
213 1682 404 1716 Cbristus,di_c
421 1683 474 1711 nob
495 1701 502 1708 .
525 1701 531 1708 .
633 1702 639 1708 .
663 1702 672 1710 .
693 1703 699 1709 .
722 1688 833 1718 propter

213 1723 318 1752 aperte.
632 1737 640 1745 .
663 1739 669 1745 .
690 1718 724 1746 od
739 1726 805 1746 eoru
827 1739 833 1745 .
856 1737 864 1745 .
887 1738 894 1744 .
919 1739 925 1746 .
952 1738 958 1745 .

214 1754 261 1790 gs.
283 1754 431 1790 Respondit
446 1754 499 1783 illis

211 1788 292 1817 Jesus
307 1799 313 1816 :
331 1788 390 1818 Dixi
403 1790 490 1825 vobis,

211 1830 240 1853 et
250 1833 302 1853 non
318 1827 406 1853 credi-

212 1862 247 1888 tis
262 1870 271 1898 ε
281 1869 363 1896 opera
375 1869 444 1898 quae
458 1869 487 1893 e-

211 1903 246 1932 go
260 1896 330 1929 facio
346 1898 374 1925 in
383 1896 438 1929 ἰλοα

632 1762 675 1781 me
691 1754 815 1789 lapidatis
824 1754 837 1780 τ

631 1789 676 1817 55.
699 1790 909 1824 Responderunt

632 1825 671 1853 illi
682 1825 778 1853 Judaei
794 1835 800 1853 :
816 1826 853 1854 De

632 1861 705 1889 bono
719 1869 802 1896 opere

633 1904 688 1925 non
702 1902 728 1925 te
740 1896 845 1932 lapida-

1072 222 1159 250 habeo
1174 222 1272 250 iterum

1071 258 1194 286 sumendi
1209 266 1269 286 eam
1285 267 1291 285 :

1072 294 1128 321 Hoc
1143 302 1253 329 praece-

1072 334 1147 365 ptum
1161 330 1253 365 accepi
1269 337 1284 357 a

1072 338 1147 365 ptum
1161 338 1225 358 acce

1072 366 1111 399 (α)
1124 366 1204 393 Patre

1073 401 1117 429 t9.
1139 401 1276 429 Dissensio
1290 401 1388 435 iterum

1072 438 1141 464 facta
1156 441 1197 467 est
1213 437 1284 465 inter

1072 473 1189 501 Iudaeos
1204 477 1315 509 propter

1072 517 1214 537 sermones
1230 509 1288 537 lios.

1072 544 1118 572 20.
1139 544 1174 572 Et
1185 544 1311 572 dicebant

1073 580 1150 607 multi
1164 589 1196 607 ex
1211 580 1264 608 illis
1279 588 1286 607 :

1073 615 1251 643 Daemonium

1073 651 1167 684 habet,
1180 655 1209 679 et

1073 687 1175 714 insanit
1192 696 1199 713 ε
1211 687 1276 722 quid

1073 730 1136 750 eum
1151 722 1228 750 audi-

1074 758 1120 785 21.
1143 758 1199 786 tis?
1214 758 1265 786 Alii
1281 757 1321 786 di-

1074 794 1173 821 cebant
1186 802 1192 820 :
1207 794 1280 822 Haec

1072 830 1154 857 verba
1170 837 1224 857 non

1072 871 1136 893 sunt
1150 865 1261 899 daemo-

1072 902 1146 928 nium
1159 901 1285 929 habentis
1301 909 1308 928 :

1072 938 1202 972 numquid
1215 937 1279 964 dae—

1072 974 1192 1000 monium
1206 977 1294 1007 potest

1072 1016 1185 1036 caecoru
1190 1017 1214 1036 m
1227 1016 1292 1036 ocu—

1072 1044 1114 1071 los
1127 1045 1235 1077 aperire
1245 1044 1257 1071 ?

1071 1079 1116 1107 22.
1139 1080 1220 1107 Facta
1236 1083 1299 1108 sunt

1072 1116 1191 1143 Eueenia
1204 1116 1265 1143 Hie—

1071 1151 1117 1180 25.
1136 1151 1305 1187 rosolyinis..
1322 1149 1358 1187 Et

1072 1187 1227 1215 ambulabat
1237 1187 1282 1214 Je-

1071 1231 1118 1264 sus
1131 1223 1158 1250 in
1176 1223 1288 1264 templo,

1071 1267 1098 1285 in
1114 1264 1219 1293 porticu

1070 1294 1237 1322 Salomonis.

1068 1330 1113 1357 24.
1136 1329 1327 1362 Circumdede-

1069 1370 1134 1402 ljunl
1148 1375 1213 1402 ergo
1225 1374 1289 1394 eum

1069 1401 1175 1435 Judaei,
1185 1401 1219 1429 et

1070 1438 1162 1465 dicunt
1177 1439 1200 1465 ei
1216 1446 1223 1465 :
1239 1437 1289 1467 Us-

1069 1481 1177 1508 queque
1188 1473 1246 1502 ani—

1069 1516 1141 1536 mam
1154 1514 1274 1537 nostram

1068 1545 1159 1572 tollis?
1174 1546 1196 1572 si
1211 1551 1238 1574 lu

1068 1587 1098 1607 es
1113 1579 1248 1612 Christus.
1262 1579 1306 1614 dit;

1069 1616 1148 1643 nobis
1168 1617 1267 1650 palam.

1068 1651 1114 1679 25.
1136 1652 1286 1687 Respondit

1069 1688 1110 1714 eis
1121 1686 1202 1715 Jesus
1214 1698 1219 1715 :
1238 1689 1288 1716 L0-

1069 1730 1138 1758 quor
1153 1724 1242 1758 vobis,

1069 1762 1097 1785 et
1109 1766 1160 1786 non
1173 1760 1262 1787 credi-

1068 1793 1133 1826 ditis
1143 1804 1152 1826 _:
1167 1803 1250 1831 opera

1068 1837 1139 1870 quae
1155 1838 1205 1870 ego
1220 1831 1292 1859 facio

1070 1868 1097 1892 in
1113 1868 1224 1895 nomine

1070 1900 1159 1930 Patris
1173 1903 1239 1936 mei,

886 1965 1004 1994 (‘DDEX
1022 1966 1223 1999 BRIXIANUS.

1488 221 1554 248 haec
1565 220 1688 247 testimo-

1487 257 1561 284 nium
1575 255 1719 291 perhibent

1486 292 1532 319 26.
1552 290 1587 319 de
1601 299 1644 318 me
1660 301 1666 319 :
1683 290 1732 319 sed

1487 335 1535 355 VOS
1550 335 1601 355 non
1614 334 1677 355 cre-

1487 363 1562 395 ditis.
1574 363 1636 397 quia

1488 407 1543 426 non
1558 400 1625 426 estis
1639 406 1673 426 ex

1487 435 1582 463 ovibus
1599 435 1679 468 meis,

1488 471 1559 498 sicut
1574 470 1629 497 dixi

1487 506 1533 533 27.
1554 505 1642 533 vobis.
1657 505 1711 540 Qui

1488 547 1551 570 sunt
1565 549 1598 569 ex
1613 541 1672 569 ovi-

1488 577 1539 605 bus
1551 578 1619 605 meis
1634 585 1682 605 vo-

1489 620 1548 641 cem
1564 621 1652 641 meam

1490 649 1602 676 audiunt
1618 657 1625 674 :
1641 653 1668 677 et

1490 692 1541 720 ego
1555 691 1692 720 cognosco

1491 727 1548 753 eas,
1564 725 1592 748 et
1605 728 1649 748 se-

1490 760 1589 783 cuntur
1606 764 1649 784 me
1664 764 1670 782 :

1489 791 1536 819 28.
1556 798 1583 820 et
1596 799 1647 827 ego
1662 791 1747 821 vitam

1489 833 1628 856 aeternam
1642 828 1678 856 do

1488 864 1545 891 eis:
1560 867 1588 891 et
1602 871 1657 891 non

1490 900 1619 933 peribunt
1631 899 1658 926 in

1489 939 1629 962 aeternum
1638 955 1646 969 ,
1663 939 1692 968 et

1488 977 1542 998 non
1557 972 1700 1006 quisquam

1488 1006 1576 1040 rapiet
1590 1015 1636 1034 eas
1652 1006 1685 1038 de

1488 1050 1570 1069 manu
1588 1050 1658 1070 mea.

1487 1077 1533 1113 29.
1550 1078 1631 1105 Pater
1644 1077 1716 1113 quod

1488 1112 1562 1141 dedit
1579 1112 1661 1146 milii;

1489 1149 1577 1184 majus
1592 1149 1680 1183 omni—

1490 1184 1540 1213 bus
1555 1190 1597 1212 est
1609 1194 1615 1212 :
1631 1190 1659 1212 et

1488 1228 1567 1248 nemo
1581 1224 1668 1255 pelest

1488 1264 1582 1290 rapere
1597 1256 1631 1283 de

1487 1299 1567 1319 manu
1583 1291 1669 1319 Patris

1487 1327 1532 1355 50.
1553 1327 1616 1355 mei.
1633 1327 1705 1362 Ego,
1722 1331 1750 1354 et

1487 1362 1568 1391 Pater
1583 1370 1665 1390 unum
1692 1369 1800 1396 sumus.

1486 1399 1532 1427 5|.
1554 1399 1729 1427 Sustulerunt

1487 1442 1552 1470 ergo
1569 1435 1673 1470 lapides

1486 1470 1581 1499 Judaei
1593 1491 1600 1504 ,
1618 1474 1647 1497 ut

1486 1506 1640 1542 lapidarent
1652 1513 1727 1542 eum.

1486 1540 1531 1570 32.
1554 1543 1586 1569 Et
1607 1540 1749 1577 respondit

1485 1579 1527 1607 eis
1541 1578 1621 1606 Jesus
1634 1587 1641 1605 :
1659 1577 1741 1611 Multa

1486 1621 1569 1649 opera
1585 1613 1692 1641 ostendi

1486 1650 1563 1678 vobis
1578 1657 1614 1676 ex
1628 1649 1711 1682 Patre

1487 1693 1549 1713 meo
1559 1706 1566 1717 .
1580 1688 1692 1721 propter

1486 1721 1560 1757 quod
1578 1729 1673 1748 eorum

1487 1753 1556 1790 opus
1571 1764 1615 1784 me
1631 1753 1779 1790 lapidatis!

1487 1793 1532 1821 33.
1554 1791 1767 1826 Responderunt

1488 1829 1513 1857 ei
1528 1828 1623 1855 Judaei
1637 1835 1644 1854 :
1662 1827 1699 1854 De

1489 1864 1563 1893 bono
1577 1871 1662 1898 opere

1491 1907 1545 1929 non
1560 1899 1719 1935 lapidamus

213 2012 301 2041 habeo
315 2012 413 2041 iterum
427 2011 551 2040 sumendi
565 2019 626 2039 eam
640 2011 697 2038 Hoc
710 2015 885 2045 praeceptum
901 2020 915 2037 :i
931 2013 1011 2040 Patre

211 2056 274 2077 meo
284 2049 376 2083 accepi
390 2049 527 2075 Dissensio
539 2048 635 2074 iterum
650 2047 719 2074 facta
731 2051 772 2074 est
784 2047 854 2073 inter
879 2047 1008 2075 Judaeos.

213 2089 323 2118 propter
337 2092 476 2112 sermones
498 2085 557 2110 bos.
573 2083 606 2110 Et
625 2083 754 2110 dicebant
774 2083 850 2109 multi
873 2091 905 2109 ex
931 2084 1009 2118 ip.is.

213 2120 390 2148 Daemoniuni
408 2120 489 2147 habet
502 2124 530 2146 et
553 2119 662 2146 insanit.
678 2118 741 2152 quid
754 2126 817 2146 eum
833 2119 942 2145 :iuilitis.
957 2118 1010 2146 Alii

212 2156 349 2184 dicebant.
364 2156 434 2184 Ilaec
448 2156 529 2183 verba
544 2163 597 2182 non
610 2159 670 2181 sunt
685 2155 857 2181 daemonium
871 2154 1007 2182 habentis.

214 2192 522 2227 numqitidiiaeinooiuoi
532 2196 619 2221 potest
627 2191 722 2227 oculos
736 2197 877 2216 caecorum
890 2192 1008 2227 :ipi-rire.

213 2227 294 2255 Facta
305 2232 349 2255 est
359 2231 448 2255 autem
465 2227 604 2254 Dedicatio
617 2227 642 2253 in
656 2226 863 2261 Hierosolymis.
879 2231 906 2252 et
921 2226 1009 2254 liieins

213 2268 272 2290 eral
290 2264 323 2290 Et
338 2263 494 2290 ambulabat
506 2263 584 2290 Jesus
599 2262 624 2289 iu
640 2261 741 2296 templo
755 2262 780 2288 in
800 2262 904 2296 porticu
927 2262 1007 2288 Solo-

215 2299 303 2326 monis
313 2298 557 2326 Circunidederuut
571 2306 635 2332 ergo
650 2306 711 2325 eum
726 2297 830 2324 Judaei.
844 2297 1009 2326 etdicebant

215 2335 250 2370 ei.
267 2336 412 2370 Quousque
433 2334 691 2370 aniinaininostram
715 2333 869 2370 suspendis.
894 2334 916 2360 si
936 2339 967 2370 tu
979 2341 1010 2361 es

214 2369 350 2398 Christus.
370 2368 413 2397 die
427 2370 504 2396 nobis
521 2369 620 2404 palam.
638 2369 788 2401 Respondit
807 2369 846 2396 eis
858 2368 938 2399 Jesus
958 2369 1010 2398 Lo-

214 2413 284 2440 quor
295 2406 371 2433 vobis
382 2411 409 2434 et
424 2414 477 2433 non
490 2403 641 2432 crediditiS.
654 2412 735 2439 opera
750 2412 818 2439 quae
832 2412 881 2440 ego
897 2405 967 2432 facio
982 2406 1010 2433 in

214 2441 324 2470 nomine
340 2442 427 2470 Patris
448 2441 511 2469 mei.
527 2440 594 2468 liaec
613 2440 799 2468 testiinonium
814 2441 958 2475 perhibent
977 2441 1012 2471 de

1065 2023 1118 2044 me.
1134 2017 1182 2044 sed
1199 2024 1247 2044 vos
1264 2025 1319 2044 non
1334 2016 1457 2044 creditis.
1471 2015 1536 2051 quia
1558 2022 1612 2043 non
1633 2014 1715 2042 estis.
1731 2021 1763 2041 ex
1778 2010 1881 2040 ovibus

1065 2052 1143 2079 meis.
1156 2054 1226 2080 sicut
1239 2053 1295 2080 dixi
1310 2054 1397 2080 vobis.
1416 2051 1487 2080 Oves
1510 2059 1588 2079 meae
1601 2058 1698 2078 vocem
1719 2056 1806 2077 meam
1829 2055 1882 2076 au-

1065 2087 1152 2115 diunt.
1174 2095 1201 2116 et
1220 2096 1271 2124 ego
1292 2095 1429 2124 cognosco
1447 2095 1504 2125 eas.
1517 2123 1523 2125 _
1535 2092 1565 2115 et
1591 2092 1745 2122 sequuntur
1758 2092 1817 2125 huic.
1850 2088 1881 2124 et

1064 2130 1116 2157 ego
1149 2123 1246 2151 vitain’
1266 2123 1408 2152 aeternam
1439 2124 1476 2151 do
1499 2123 1550 2151 eis.
1576 2128 1604 2150 et
1630 2131 1684 2149 non
1707 2123 1825 2157 perierit.
1850 2127 1880 2147 in

1066 2164 1219 2196 aeternum.
1243 2169 1293 2188 nec
1308 2161 1452 2196 quisquam
1469 2160 1558 2196 rapiet
1577 2166 1625 2196 eas
1647 2158 1682 2187 de
1704 2163 1784 2196 manu
1803 2162 1880 2196 mea.

1069 2194 1151 2222 Pater
1177 2204 1252 2223 meus
1278 2193 1350 2230 quod
1376 2196 1451 2223 dedit
1474 2195 1539 2232 inihi
1563 2195 1651 2232 majus
1670 2193 1804 2232 omnibus
1822 2195 1879 2232 est.

1070 2235 1097 2257 et
1123 2240 1204 2258 nemo
1235 2227 1323 2265 pote~t
1351 2239 1446 2265 rapere
1471 2231 1537 2258 illud
1559 2227 1752 2258 de'manibus
1785 2227 1880 2254 Patris

1068 2267 1134 2294 mei.
1159 2268 1213 2301 Ego
1233 2274 1259 2294 et
1279 2268 1359 2295 Pater
1379 2275 1462 2294 unum
1483 2274 1589 2294 sumus.
1612 2266 1790 2302 Sustulernnt
1809 2269 1881 2302 ergo
1913 2293 1915 2295 .

1070 2303 1168 2338 iterum
1180 2298 1277 2331 judaei
1294 2303 1397 2338 lapides
1414 2308 1441 2329 iit
1459 2303 1612 2336 lapidarent
1625 2309 1703 2338 eum.
1717 2298 1880 2338 Respondit

1069 2337 1111 2365 eis
1126 2339 1216 2366 Jesus.
1238 2334 1422 2374 Multa'opera
1438 2334 1509 2366 bona
1530 2337 1638 2366 ostendi
1654 2335 1739 2374 vobis
1759 2344 1772 2361 ιι
1795 2334 1881 2374 Patre

1070 2381 1142 2402 meo.
1163 2380 1270 2410 propter
1290 2370 1365 2410 quod
1383 2382 1478 2406 eorum
1499 2381 1568 2408 opus
1585 2373 1716 2408 lapidatis
1734 2379 1788 2398 me.
1806 2370 1882 2410 lies-

1069 2405 1226 2445 pOIldei‘lllti.
1240 2411 1264 2439 ei
1278 2405 1383 2438 Judaei.
1400 2410 1456 2439 Pro
1473 2405 1547 2442 bono
1567 2405 1663 2444 ope're.
1684 2415 1738 2437 non
1760 2411 1787 2434 te
1806 2405 1881 2440 lapi-

863 2508 981 2541 CODEX
1000 2508 1234 2545 CORBEIENSIS.

250 2574 297 2601 22.
318 2574 328 2589 ¹
343 2572 424 2601 Facta
436 2577 477 2600 est
488 2576 577 2600 autem
590 2572 727 2600 Dedicatio
742 2571 768 2599 in
782 2571 980 2608 Jerosolyinls.

249 2611 295 2640 2‘5.
315 2610 343 2638 in
355 2609 459 2645 porticu
472 2609 633 2644 Salamonis,
650 2608 678 2637 in
691 2608 806 2644 templo.

1108 2574 1154 2602 5|.
1174 2575 1352 2604 Sustulerunt
1364 2576 1469 2613 lapides
1482 2575 1590 2605 Judaei.

838 2677 1036 2711 VABIANTES
1055 2676 1260 2707 LECTIONES.

247 2750 255 2766 ι
276 2751 335 2776 Mm.
347 2750 380 2775 de
392 2754 466 2774 manu
477 2746 558 2774 Patris
569 2746 630 2776 mei.
643 2744 718 2779 Vulg.
729 2747 762 2772 de
773 2752 847 2772 manu
858 2753 925 2773 mea.

1101 2747 1111 2762 ²
1129 2747 1184 2772 σαι.
1196 2746 1269 2773 Facta
1281 2751 1364 2774 alim
1373 2751 1436 2774 ω
1445 2749 1503 2778 sunt
1512 2746 1648 2776 Encbm.

876 2807 1061 2838 BLANCRIM
1079 2808 1197 2838 NOTAE.

252 2880 289 2918 (a)
309 2881 373 2911 Post
386 2879 480 2916 Patre,
494 2879 571 2913 deest
588 2887 655 2915 meo,
671 2877 753 2911 etiam
770 2877 798 2908 in
810 2875 871 2908 cod.
884 2877 964 2907 Cant.
