4042 6192
430 256 533 313 4⁵51
934 240 1204 304 EUSEBII
1246 234 1583 297 VERCELL.
1624 224 2080 290 EVANGELlUM
2116 222 2259 283 CUM
2299 221 2531 281 VARUS
2567 220 2727 279 COD.
2763 214 3159 276 COLLATUM.
3632 208 3735 265 4⁸52

827 362 1062 420 CODEX
1099 350 1636 416 VERCELLENSIS.
1726 441 1733 445 1

439 462 601 517 mitas
637 458 774 514 haec

439 549 549 587 non
581 540 666 585 est
695 529 759 584 ad
792 543 937 584 mor—

440 613 550 659 tem
575 644 588 667 ,
622 601 718 656 sed
747 616 845 671 pro
873 600 986 669 glo-

442 676 523 730 ria
552 674 683 740 Dei,
717 683 773 726 ut
802 687 953 742 mag-

440 745 691 801 niﬁcetur
728 743 814 797 Fi-

441 817 547 871 lius
575 816 667 870 Dei
701 815 753 868 in
778 815 892 870 illo.

442 889 496 943 5.
542 887 771 941 Amabat
796 889 940 940 enim

440 958 601 1014 Jesus
633 958 893 1012 Lazarum
913 998 926 1023 ,

440 1039 497 1085 ει
525 1044 741 1085 sorores
769 1043 826 1083 e-

441 1102 553 1170 jus.

441 1171 495 1226 6.
537 1171 673 1227 Cum
705 1183 834 1240 ergo
863 1182 956 1223 au-

440 1243 537 1298 diit
564 1284 578 1307 ,
614 1244 631 1272 ¹
663 1243 919 1312 quoniam

440 1311 520 1385 (a)
543 1311 848 1385 infirmatur
866 1311 933 1382 1-,

442 1384 571 1440 tunc
603 1384 800 1438 mansit

441 1457 499 1511 in
526 1456 718 1511 eodem
747 1455 825 1509 lo-

443 1527 496 1580 7.
537 1542 605 1583 co
629 1527 814 1583 biduo.
849 1525 1012 1581 Dein-

441 1599 511 1655 de
542 1610 663 1668 pOSt
693 1599 825 1652 haec

441 1670 516 1724 ait
543 1670 823 1738 discipulis
850 1686 862 1720 :

441 1740 646 1796 Eamus
672 1743 868 1795 iterum

446 1854 459 1866 .
505 1854 519 1868 .
562 1812 841 1867 Judaeam.

441 1883 498 1939 8.
541 1884 738 1939 Dicunt
761 1883 834 1937 illi
867 1881 981 1937 dis-

440 1955 604 2025 cipuli
636 1956 753 2024 ejus
778 1972 790 2006 :
820 1952 1007 2007 Rbab-

440 2026 496 2081 bi
514 2068 527 2089 ,
553 2028 574 2057 ³
596 2026 756 2080 modo
783 2040 949 2094 quae-

439 2098 636 2153 rebant
662 2105 716 2151 te
741 2097 874 2165 lapi-

441 2168 572 2223 dare
598 2167 820 2231 Judaei,

441 2249 497 2295 et
519 2241 709 2295 iterum
738 2254 831 2293 va-

442 2310 527 2365 dis
548 2310 700 2375 illic?

441 2383 494 2437 9.
538 2380 839 2450 ReSpondit
866 2378 978 2434 illis

439 2453 597 2509 Jesus
622 2471 635 2506 :
666 2452 859 2507 Nonne

439 2540 516 2580 xu
550 2526 714 2579 horae
738 2531 865 2579 sunt

443 2596 589 2650 diei?
619 2596 676 2650 Si
703 2595 823 2664 quis

443 2667 755 2721 ambulave-

440 2739 515 2791 rit
541 2736 800 2798 interdie,

442 2822 552 2862 non
579 2806 817 2861 oﬁ'endet
836 2846 850 2870 ,

444 2880 571 2949 quia
602 2880 785 2934 lumen

441 2951 607 3019 hujus
636 2964 794 3003 mun-

444 3016 533 3075 1οζ
575 3020 630 3076 di
661 3019 842 3076 videt:
867 3016 1013 3091 quod

442 3092 489 3146 si
518 3092 638 3160 quis
666 3090 855 3145 ambu-

440 3162 638 3218 laverit
662 3164 713 3216 in
744 3176 873 3216 noc—

441 3243 549 3289 tem
574 3274 590 3301 ,
614 3232 853 3290 olfendet
871 3273 886 3298 ,

440 3308 565 3375 quia
598 3306 688 3359 lux
716 3320 825 3358 non

442 3387 527 3431 est
556 3377 611 3431 in
643 3376 756 3431 illo.

442 3448 531 3504 ll.
577 3448 720 3502 Haec
741 3446 988 3514 dixit,et
1008 3458 1078 3514 po
1111 3484 1124 3497 .
1162 3482 1175 3496 .

443 3520 577 3574 haec
604 3518 684 3592 (ά)
707 3519 841 3588 ait-j
882 3557 896 3571 .
942 3556 955 3571 .
1001 3555 1016 3569 .
1060 3553 1076 3570 .

442 3592 678 3648 Lazarus
707 3606 739 3645 a
782 3632 793 3643 .
840 3629 854 3644 .
896 3619 921 3629 -

446 3870 619 3925 Filius
632 3870 726 3924 Dei
742 3884 834 3937 per
854 3883 999 3922 eum.
1026 3860 1288 3937 Diligebat
1306 3860 1666 3937 autemJesus
1689 3862 1973 3937 Martinam.
1999 3867 2054 3937 et

450 3957 694 3997 sororem
708 3930 826 4009 ejus
848 3938 1067 3991 Mariam
1093 3930 1151 3990 ei
1170 3936 1450 4009 Lazarum.
1472 3932 1679 4009 Utergo
1700 3930 2051 4009 audivitquia

449 4011 527 4084 (a)
554 4001 933 4084 inﬁrmatur-1°.
961 4021 1089 4084 tunc
1132 4004 1348 4084 quidem
1382 4004 1579 4084 mansit
1612 4002 1664 4084 in
1687 4002 1883 4084 eodem
1909 4001 2049 4084 loco.

447 4070 660 4137 duobus
713 4070 923 4136 diebus.
979 4070 1182 4131 Deinde
1230 4084 1349 4143 post
1398 4075 1551 4127 haec.
1592 4072 1725 4126 dicit
1771 4070 2053 4140 discipulis

450 4155 584 4209 suis.
616 4153 818 4208 Eamus
850 4152 901 4205 iu
928 4148 1187 4204 Judaeum
1220 4147 1435 4199 iterum.
1475 4145 1666 4197 Dicunt
1695 4144 1746 4197 ei
1776 4143 2048 4211 discipuli.

849 4220 1181 4291 quaerebant
1214 4227 1273 4291 te
1316 4213 1802 4291 Judaei_l_apidare.
1847 4224 1900 4291 et
1942 4213 2046 4291 itc-

452 4312 571 4352 rum
612 4296 761 4350 vadis
794 4284 938 4348 illuc.
975 4290 1268 4356 Respondit
1312 4287 1487 4342 Jesus.
1520 4284 1711 4339 Nonne
1756 4286 2043 4356 duodecim

452 4370 621 4423 horae
656 4377 780 4421 sunt
824 4365 952 4420 diei.
986 4355 1168 4431 Siquis
1195 4359 1551 4431 ambulaverit
1581 4359 1631 4410 in
1679 4357 1784 4431 die.
1816 4373 1923 4411 non
1963 4355 2045 4410 of-

449 4440 652 4494 fendet.
685 4439 810 4508 quia
842 4441 1015 4490 lucem
1050 4428 1425 4508 liujusmundi
1458 4428 1619 4508 videt.
1654 4428 1821 4497 siquis
1863 4436 2040 4508 autem

451 4503 808 4566 ambulaverit
836 4517 1015 4562 nocte.
1055 4503 1289 4558 offendet

454 4583 600 4638 Haec
645 4580 737 4636 ait.
788 4587 845 4634 et
901 4585 1021 4648 post
1069 4575 1202 4631 haec
1253 4570 1348 4645 (di
1374 4573 1506 4629 dicit
1546 4572 1584 4642 οἱ·
1642 4571 1744 4627 eis.
1803 4570 2042 4626 Lazarus

449 4226 622 4281 [{abbi
667 4239 807 4278 nunc

522 4867 576 4923 1.
620 4866 715 4925 sed
738 4866 758 4897 ³
788 4878 885 4936 pro
924 4859 1096 4934 gloria
1124 4856 1250 4925 Dei,
1279 4863 1339 4912 ut
1375 4855 1704 4912 clariﬁcetur
1739 4855 1910 4911 Filius
1948 4854 2043 4909 Dei

448 4943 506 4998 in
538 4942 672 5007 ipso.

524 4998 578 5066 5'.
621 5008 886 5079 Diligebat
912 5006 1073 5063 Jesus
1105 5003 1369 5061 Lazarum
1390 5042 1405 5070 ,
1431 5009 1486 5056 et
1521 4998 1778 5067 Mariam,
1814 5006 1869 5054 et
1893 5011 2045 5053 soro-

450 5099 568 5142 rem
598 5080 736 5152 ejus.

514 5302 529 5330 ¹
568 5297 674 5347 Gal.
704 5295 840 5358 quia.
856 5290 1085 5358 Latzarus
1122 5287 1405 5337 inﬁrmatur.
1456 5286 1573 5335 Mm.
1609 5285 1722 5346 quia
1753 5280 2040 5332 inﬁrmatur.

458 5353 1185 5480 ":“t.i°i:‘.a“'i:a;wa..

1279 464 1374 505 cus
1402 449 1605 502 noster?

1278 519 1550 576 obdormit
1578 535 1590 571 :
1623 515 1717 571 sed

1278 592 1418 646 vado
1444 599 1502 644 ut
1528 603 1647 643 sus-

1278 665 1386 718 cito
1419 663 1590 716 illum.

1280 734 1368 791 12.
1413 734 1673 787 Dixerunt
1701 745 1760 785 er
1775 759 1789 769 -

1279 821 1348 876 go
1375 804 1427 859 ei
1456 805 1683 876 discipuj

1281 873 1315 931 li
1345 877 1462 943 ejus
1492 897 1505 932 :
1535 873 1796 939 Domine,

1279 950 1325 1003 si
1356 948 1591 1011 dormit,
1623 945 1732 999 sal-

1284 1020 1372 1074 l5.
1415 1032 1515 1073 vus
1545 1017 1668 1072 erit.
1695 1014 1853 1073 Dixe-

1281 1100 1364 1145 rat
1391 1100 1572 1143 autem

1280 1161 1439 1217 Jesus
1466 1161 1532 1215 de
1561 1167 1735 1214 morte

1280 1230 1537 1302 ejuszad
1568 1230 1644 1285 illi
1687 1270 1699 1285 .
1748 1267 1762 1282 .
1806 1228 1875 1283 is-

1283 1306 1611 1359 timaverunt

1281 1375 1427 1446 quod
1454 1374 1521 1429 de
1547 1372 1673 1428 dor—

1281 1447 1506 1501 mitione
1537 1459 1682 1499 Som—

1281 1521 1372 1573 14.
1414 1534 1513 1571 nus
1543 1515 1695 1570 dicit.
1724 1514 1875 1569 Tunc

1280 1588 1564 1643 manifeste

1278 1661 1356 1714 ait
1380 1678 1392 1714 :
1422 1658 1659 1713 Lazarus

1278 1738 1526 1786 mortuus
1554 1738 1638 1784 est
1663 1747 1674 1780 :

1282 1803 1368 1857 15.
1412 1812 1464 1857 et
1493 1800 1703 1870 gaudeo
1747 1838 1759 1853 .
1807 1836 1819 1850 .
1861 1811 1914 1852 s-

1278 1874 1346 1927 tri
1384 1887 1514 1929 caus
1554 1914 1567 1926 .
1616 1911 1628 1923 .
1674 1913 1687 1925 .
1733 1908 1807 1925 ..

1278 1945 1351 2000 ibi
1385 1959 1491 1999 non
1537 1984 1550 1997 .
1597 1981 1611 1997 .
1657 1983 1671 1997 .
1720 1984 1733 1997 .

1285 2057 1296 2069 ο
1380 2057 1392 2069 ο
1476 2057 1486 2068 ι
1569 2054 1580 2066 ο
1666 2054 1679 2067 ο
1760 2053 1774 2067 ο
1860 2051 1872 2062 ο
1960 2049 1971 2060 ο

1280 2173 1429 2215 eram
1459 2157 1533 2212 ibi
1576 2195 1591 2209 .
1633 2155 1742 2210 Sed
1770 2169 1827 2210 c-

1280 2245 1436 2285 amus
1462 2229 1528 2283 ad
1556 2228 1729 2282 illum.

1283 2301 1370 2357 16.
1412 2300 1501 2354 Ait
1526 2299 1764 2354 Thomas
1784 2338 1798 2363 ,
1828 2296 1920 2367 qui

1279 2372 1476 2428 dicitur
1508 2370 1673 2441 Didy-

1280 2459 1401 2499 mus
1418 2484 1433 2506 .
1464 2442 1529 2495 ad
1560 2457 1691 2496 con~

1280 2514 1578 2583 discipulos
1603 2529 1617 2565 ;
1652 2512 1753 2566 Ea-

1280 2602 1402 2641 mus
1426 2593 1481 2641 et
1508 2599 1607 2639 nos
1628 2625 1643 2652 ,
1673 2591 1729 2637 ut

1282 2658 1580 2712 moriamur

1282 2743 1404 2783 cum
1440 2727 1555 2780 illo.

1285 2800 1371 2852 17.
1418 2797 1577 2851 Venit
1603 2808 1733 2865 ergo
1757 2794 1914 2850 Jesus
1940 2808 1952 2844 :

1284 2880 1339 2924 et
1366 2869 1575 2923 invenit
1604 2866 1669 2920 il-

1285 2941 1395 2995 lum
1413 2940 1525 3007 ja’m
1551 2952 1682 3007 qua-

1280 3011 1531 3066 driduum
1569 3011 1665 3063 ba-

1282 3083 1497 3138 bentem
1529 3083 1583 3134 in

1282 3167 1601 3207 monumen-

1283 3225 1372 3280 18.
1416 3234 1489 3278 ιο.
1524 3223 1655 3278 Erat
1683 3229 1865 3278 autem

1281 3296 1539 3350 Bethania
1573 3309 1700 3363 pro—

1281 3381 1349 3436 pe
1384 3366 1695 3437 Hierosoly-

1280 3454 1367 3492 ma
1397 3439 1506 3492 lere
1540 3438 1705 3493 stadi—

1280 3511 1328 3565 is
1353 3508 1683 3579 quindecim.

1286 3581 1371 3637 19.
1415 3580 1565 3635 Multi
1592 3589 1774 3637 autem

2050 2419 2057 2425 ’
2156 2419 2353 2490 iterum
2382 2432 2534 2487 vadis
2564 2419 2735 2487 illuc?

2570 335 2806 394 CODEX
2844 326 3298 390 VERONENSIS.

2145 439 2288 494 llaec
2316 432 2601 492 inﬁrmitas
2977 427 3212 483 Lazarus
3243 421 3380 477 ami-

2143 525 2251 565 uon
2280 517 2363 564 est
2388 508 2451 561 ad
2478 520 2620 560 mor-
2979 514 3074 553 cus
3105 505 3306 565 noster.

2146 564 2252 637 tem
2275 623 2290 645 ,
2322 577 2416 635 sed
2450 593 2549 647 pro
2978 569 3215 647 dormit:
3248 564 3344 621 sed

2144 640 2389 707 claritate
2421 640 2553 715 Dei,
2644 694 2647 699 .
2980 640 3118 715 vado
3145 648 3202 693 ut
3226 653 3317 693 su-

2146 732 2205 779 ut
2232 712 2557 779 clariﬁcetur
2980 712 3171 767 scitcm
3202 724 3344 764 eum.

2148 778 2317 850 Filius
2348 792 2443 848 Dei
2981 784 3071 840 η.
3114 781 3379 835 Dixerunt
3406 778 3460 835 ei

2146 881 2243 937 per
2268 867 2469 937 ipsum.
2981 852 3230 937 discipuli
3256 869 3268 905 :
3306 850 3483 937 Domi-

2149 938 2201 993 5.
2245 936 2510 1003 Diligebat
2535 938 2713 987 autem

2147 1008 2305 1065 Jesus
2335 1006 2415 1061 Ma
2425 1006 2598 1060 rtham
2615 1046 2629 1070 ,
2658 1010 2715 1058 et

2149 1094 2394 1135 sororem
2426 1077 2543 1146 ejus

2151 1151 2402 1213 Mariam,
2428 1157 2484 1204 et

2150 1222 2438 1277 Lazarum.

2150 1294 2204 1349 6.
2246 1291 2316 1348 Ut
2345 1305 2476 1359 ergo
2501 1288 2744 1353 audivit,

2152 1365 2272 1435 quia
2302 1364 2379 1435 (a)
2412 1364 2651 1435 inﬁrma-

2152 1431 2237 1491 tur
2255 1431 2323 1506 ’ξιξ
2358 1431 2727 1506 tunc_quidem

2152 1503 2350 1578 mansit
2375 1504 2450 1578 (ὁ)
2476 1503 2567 1578 Je-

2151 1596 2245 1634 sus
2270 1578 2309 1648 ~j-
2336 1575 2395 1631 iu'
2413 1575 2606 1648 eodem

2150 1651 2273 1705 loco
2286 1644 2433 1703 'duos
2455 1647 2529 1717 (c)
2559 1645 2678 1701 dies
2705 1644 2763 1714 ᾧ.

2154 1723 2207 1777 7.
2252 1720 2458 1775 Deinde
2488 1727 2608 1777 post

2156 1794 2291 1847 haec
2316 1791 2445 1846 dicit
2469 1789 2633 1843 disci—

2156 1864 2298 1933 pulis
2322 1862 2433 1917 suis
2462 1877 2474 1914 :
2508 1861 2707 1915 Eamus

2156 1938 2209 1991 in
2241 1934 2501 1990 Judaeam

2162 2010 2382 2061 iterum.

2156 2078 2189 2133 8
2252 2078 2450 2132 Dicunt
2473 2076 2523 2131 ei

2155 2149 2445 2218 discipuli:
2478 2148 2621 2202 Rab-

2156 2222 2209 2277 bi
2237 2262 2251 2286 ,
2282 2234 2425 2275 nunc
2448 2233 2612 2288 quae-

2156 2295 2350 2347 rebaut
2379 2299 2430 2344 te
2459 2291 2538 2344 la-

2158 2364 2342 2431 pidare
2370 2360 2594 2425 Judaei,
2625 2368 2679 2415 et

2983 940 3083 988 ne,
3116 922 3162 978 si
3190 922 3429 990 dormit,

2984 996 3169 1052 salvus
3194 997 3319 1051 erit.

2988 1069 3073 1123 15.
3122 1068 3341 1122 Dixerat
3368 1072 3549 1120 autem

2986 1138 3144 1195 Jesus
3168 1138 3236 1194 de
3268 1146 3443 1193 morte

2988 1215 3106 1280 ejus
3132 1227 3145 1263 :

2986 1283 3064 1338 illi
3094 1290 3277 1336 autem
3304 1288 3462 1350 puta-

2987 1362 3193 1423 verunt
3209 1352 3353 1423 quod
3379 1352 3447 1406 de

2987 1422 3311 1480 dormitione
3337 1437 3421 1478 so-

2987 1511 3145 1552 mnus
3172 1495 3379 1551 diceret
3407 1495 3508 1550 eis.

2988 1567 3077 1623 14.
3120 1567 3273 1622 Tunc
3303 1581 3432 1636 ergo
3456 1565 3536 1622 eis

2988 1639 3124 1695 dixit
3151 1638 3309 1694 Jesus
3340 1653 3455 1692 ma-

2988 1710 3181 1767 nifeste
3207 1728 3220 1763 :
3251 1709 3424 1764 Lazar

2991 1794 3238 1837 mortuus
3261 1791 3346 1837 est
3374 1797 3388 1833 ε

2995 1854 3081 1910 15.
3126 1862 3209 1908 set
3237 1850 3449 1923 gaudeo
3479 1865 3576 1922 pro

2993 1936 3112 1995 pter
3141 1939 3238 1979 vos
3261 1966 3275 1990 ,
3306 1932 3367 1979 ut

2992 1996 3249 2061 credatis,
3282 2009 3415 2066 quo-

2992 2070 3136 2123 niam
3167 2082 3271 2122 non
3303 2080 3450 2122 eram

2994 2140 3092 2195 ibi.
3122 2138 3229 2194 Sed
3258 2153 3346 2194 ea-

2996 2227 3118 2266 mus
3146 2210 3212 2264 ad
3234 2224 3375 2265 eum.

2998 2282 3086 2337 16.
3130 2282 3277 2336 Dixit
3309 2294 3437 2351 ergo

2992 2353 3231 2409 Thomas
3252 2395 3265 2413 .
3294 2353 3386 2422 qui

2992 2425 3190 2480 dicitur
3220 2424 3485 2490 Didymus
3512 2460 3528 2486 ,

2992 2496 3059 2552 ad
3086 2495 3435 2562 condiscipu-

2994 2569 3078 2623 los
3102 2584 3114 2620 :
3145 2568 3343 2621 Eamus
3369 2572 3428 2620 et

2995 2654 3094 2694 nos
3120 2680 3135 2705 ,
3167 2646 3226 2693 ut
3247 2634 3447 2691 moria-

2996 2726 3116 2765 mur
3153 2724 3277 2765 cum
3314 2707 3431 2761 illo.

2159 2506 2212 2560 9.
2259 2504 2560 2573 ReSpondit

2157 2577 2318 2633 Jesus
2345 2594 2359 2628 :
2389 2575 2581 2630 Nonne
2611 2589 2689 2629 xu

2156 2652 2327 2703 horae
2353 2656 2477 2702 sunt
2506 2646 2653 2702 diei?

2159 2720 2215 2776 Si
2247 2719 2367 2790 quis
2397 2719 2586 2773 ambu-

2159 2791 2353 2845 laverit
2380 2790 2459 2844 iu-

2158 2862 2366 2917 terdius
2381 2903 2395 2925 ,
2432 2875 2538 2914 non

2158 2932 2384 2988 offendit
2409 2973 2423 2998 ,
2457 2931 2586 3000 quia

2158 3004 2335 3059 lucem
2368 3001 2557 3057 mundi

2160 3075 2321 3145 hujus
2348 3073 2491 3128 videt
2517 3090 2530 3124 :

2160 3143 2251 3203 10.
2290 3147 2336 3200 si
2364 3147 2483 3214 quis
2517 3143 2705 3199 ambu-

2154 3219 2348 3273 laberit
2380 3226 2538 3272 nocte
2562 3258 2575 3282 ,

2155 3288 2394 3345 offendet
2414 3328 2428 3351 ,
2461 3289 2585 3358 quia

2994 2783 3083 2836 17.
3126 2780 3286 2836 Venit
3311 2791 3444 2848 ergo

2991 2852 3152 2909 Jesus
3184 2868 3199 2913 ;
3224 2859 3279 2907 et
3323 2852 3474 2906 inve-

2992 2926 3073 2980 nit
3100 2938 3222 2980 eum
3248 2931 3408 2994 quat-

2992 3004 3116 3051 tuor
3141 2995 3259 3050 dies
3282 2995 3395 3062 jam

2992 3069 3048 3123 in
3079 3072 3434 3122 monumento

2995 3139 3310 3195 habentem.

2995 3211 3086 3267 18.
3130 3210 3261 3263 Erat
3288 3216 3469 3263 autem

2993 3280 3259 3337 Bethania
3287 3280 3441 3350 juxta

2154 3361 2247 3416 lux
2278 3376 2385 3415 nou
2416 3352 2497 3415 esi
2528 3361 2580 3413 in
2609 3370 2697 3413 eo.
2995 3352 3375 3422 HieroSolyma

2160 3432 2246 3486 11.
2291 3431 2434 3487 Haec
2464 3431 2573 3495 ait,
2606 3436 2662 3484 et
2991 3423 3144 3495 quasi
3170 3438 3200 3476 a
3226 3433 3337 3479 sta-

2156 3514 2279 3574 post
2305 3504 2439 3558 haec
2522 3572 2530 3574 Λ
2562 3494 2567 3495 ί
2714 3558 2718 3562 Α
2992 3494 3096 3574 diis
3118 3510 3206 3574 εγ.

2161 3564 2243 3647 ζα)
2271 3575 2403 3630 dicit
2421 3574 2459 3646 j—
2486 3572 2567 3629 eis
2593 3589 2606 3626 :
2995 3567 3083 3623 19.
3126 3564 3279 3621 Multi
3305 3570 3482 3620 autem

1768 3692 2003 3749 CODEX
2042 3690 2325 3749 BRIXIAN
2336 3693 2435 3749 US.

446 3810 531 3854 est
560 3800 626 3854 ad
650 3794 1011 3852 mortem.sed
1028 3790 1486 3864 proptergloriam
1508 3789 1622 3864 Dei.
1650 3787 2053 3864 utgloriﬁcetur
2155 3791 2363 3864 amicus
2397 3796 2583 3844 uoster
2616 3785 2855 3864 d_ori_nit_._
2881 3782 2979 3864 sed
3022 3780 3270 3864 πρόσχω
3316 3779 3757 3864 suscitemeun}.

1316 4503 1440 4573 quia
1483 4500 1572 4573 lu;
1606 4515 1709 4573 non
1754 4510 1835 4573 est
1867 4500 1920 4553 in
1953 4514 2038 4553 eo.

2158 3860 2422 3914 Dixerunt
2450 3876 2577 3930 ergo
2608 3857 2856 3926 discipuli
2886 3855 3022 3930 ejus.
3052 3853 3302 3930 Domine.
3333 3852 3380 3907 si
3419 3848 3763 3930 dormitml-

2156 3947 2254 3985 vus
2281 3934 2402 3986 erit.
2434 3921 2662 3986 Diierat
2702 3921 2844 3984 enim
2876 3921 3035 3983 Jesus
3077 3925 3145 3980 de
3186 3932 3359 3979 morte
3387 3926 3524 3991 ejus.
3556 3921 3633 3975 illi
3665 3934 3764 3973 au-

2157 4012 2265 4058 tem
2299 4012 2640 4072 pulaverunt.
2666 4002 2793 4072 quia
2822 3999 2895 4072 de
2934 3997 3261 4072 dormitione
3287 3994 3480 4072 somnii
3522 3994 3761 4047 diceret.

2156 4068 2310 4129 Tunc
2348 4090 2478 4144 ergo
2516 4074 2650 4127 dixit
2683 4068 2770 4127 eis
2810 4071 2988 4125 Jesus.
3023 4068 3306 4123 manifeste
3338 4068 3573 4144 Lazarus
3606 4078 3761 4117 mor-

2158 4157 2281 4200 tuus
2310 4138 2498 4201 estfet
2535 4144 2747 4215 gaudeo
2774 4151 3022 4215 propter
3052 4155 3184 4215 vos._
3218 4146 3278 4193 ut
3331 4138 3569 4215 credatis
3621 4147 3765 4215 quo-

2157 4218 2297 4271 niam
2331 4232 2436 4271 non
2469 4208 2620 4271 eram
2668 4216 2739 4269 ibi
2762 4208 2870 4269 sed
2902 4208 3089 4268 eamus
3120 4210 3186 4265 ad
3224 4225 3371 4266 eum.
3403 4208 3761 4262 Dixitautem

2155 4288 2413 4343 Thomas.
2447 4290 2537 4359 qui
2589 4287 2787 4342 dicitur
2847 4285 3125 4359 Didymus.
3181 4277 3568 4359 condiscipulis
3614 4274 3759 4359 suis.

2154 4360 2354 4414 Eamus
2412 4349 2476 4413 ρι’
2522 4375 2618 4413 nos
2684 4370 2741 4412 ut
2796 4349 3095 4412 moriamur
3160 4368 3283 4408 cum
3357 4349 3444 4406 eo.
3513 4349 3763 4405 Veniens

2151 4446 2281 4502 ergo
2305 4431 2482 4486 Jesus.
2520 4431 2726 4485 invenit
2752 4444 2875 4484 eum
2907 4440 3142 4502 qua_Iuor
3163 4424 3281 4502 dies
3307 4423 3417 4502 jam
3458 4422 3761 4502 habentem

2151 4492 2609 4558 in'monumento.
2641 4501 2771 4555 Erat
2792 4492 2974 4553 autem
2998 4496 3284 4551 Bethania.
3310 4492 3460 4562 juxta
3495 4492 3766 4547 Hieroso-

2150 4575 2372 4646 lymam.
2400 4574 2556 4644 quasi
2583 4573 2652 4629 ab
2677 4572 2869 4628 stadiis
2895 4568 3228 4641 quindecim.
3258 4566 3329 4622 Et
3365 4564 3522 4621 multi
3551 4578 3622 4619 ex
3664 4562 3767 4618 Ju-

1757 4756 1990 4816 CODEX
2026 4753 2494 4814 CORBEIENSIS.

2222 4850 2279 4906 6.
2319 4849 2340 4879 ίδ
2373 4850 2425 4904 in
2447 4847 2638 4905 eodem
2662 4847 2784 4902 loco
2804 4843 2989 4901 biduo.

2226 4924 2316 4978 11.
2350 4932 2409 4977 ut
2437 4937 2466 4975 a
2496 4933 2708 4976 sommo
2730 4918 2751 4949 '
2780 4917 3037 4974 suscitem
3066 4928 3213 4970 eum.

2226 4994 2316 5049 17.
2346 4994 2366 5023 θ
2396 4989 2774 5064 (μιαιῑίόιιρλίη
2805 4997 3157 5064 monumento
3203 4981 3512 5041 habentem.

2228 5065 2314 5121 18.
2347 5060 2459 5119 fere
2489 5079 2519 5118 a
2547 5060 2735 5118 stadiis
2764 5060 3094 5132 quindecim.

1698 5183 2097 5244 VARIANTES
2136 5179 2537 5239 LECTIONES.

510 5488 532 5519 ³
566 5470 672 5536 bat.
701 5470 788 5547 pro
811 5470 1104 5545 gloria'Dei.
1127 5477 1246 5525 Mm.
1269 5478 1470 5537 prepter
1494 5470 1699 5536 gloriam
1720 5470 1835 5521 Dei.
1879 5476 1890 5531 ἲ

1790 5574 2161 5633 BLANCHINI
2197 5572 2426 5630 NOTAE.

521 5689 597 5762 (a)
628 5690 705 5745 Ita
722 5697 778 5745 et
799 5696 916 5762 ter.
933 5678 1464 5762 Gr._a‘zaeavei‘.-—(b)
1491 5674 1655 5734 Addit
1677 5670 2043 5737 Jesus,etiam
2080 5668 2203 5728 cod.
2252 5667 2409 5725 Cant.
2447 5663 2715 5728 ὁῚησὸῦς.
2747 5692 2818 5706 -—
2842 5658 2919 5736 (c)
2963 5659 3043 5717 Ita
3072 5665 3128 5716 et
3173 5666 3283 5715 tex.
3318 5656 3414 5713 Gr.
3460 5655 3757 5733 ἡμέρας-,ρ-

446 5758 629 5838 (dilta
655 5771 709 5819 et
737 5771 843 5817 tex.
877 5758 972 5813 Gr.
997 5759 1147 5830 λέγει.

2212 5275 2233 5307 ὀ
2268 5275 2373 5324 ϐαι.
2402 5275 2451 5323 in
2474 5286 2535 5323 eo
2558 5272 2666 5322 loco
2686 5272 2908 5322 biduum.

2212 5341 2232 5371 ³
2270 5339 2375 5387 Gut.
2399 5337 2695 5386 exsuscitem
2715 5348 2845 5385 eum.

2216 5401 2237 5431 θ
2272 5403 2388 5451 Mm.
2406 5401 2504 5463 jam
2527 5405 2756 5462 quartum
2775 5398 2926 5449 diem.
2959 5462 2963 5466 .
