4042 6192
395 348 501 406 455

787 467 1017 526 CODEX
1062 466 1604 525 VERCELLENSIS.

393 573 461 616 ex
484 559 706 616 Judaeis
735 575 824 617 ve-
1233 560 1376 627 quod
1408 571 1460 616 tu
1495 576 1554 618 es
1580 561 1829 617 Christus

457 670 473 685 .
514 641 669 686 erant
692 631 759 686 ad
1232 634 1401 689 Filius
1431 632 1509 705 (a)
1541 633 1561 663 ³
1588 634 1683 689 Dei
1703 633 1761 705 1‘,
1788 632 1879 705 qui
1906 632 1959 689 in

396 712 962 758 .....a...t
1232 705 1713 760 huncmund...

393 773 650 839 Mariam,
684 785 742 828 ut
1232 777 1327 830 28.
1368 793 1490 831 ven.
1538 818 1550 831 .
1598 818 1609 830 .
1659 818 1672 832 .
1719 819 1731 831 .
1775 776 1922 834 llaec

392 860 481 900 eas
506 846 759 900 consola-
1231 847 1448 913 dicens,
1478 848 1645 914 abiit,

390 927 578 971 rentur
603 917 673 972 de
1231 929 1285 974 et
1310 922 1521 974 voravit
1545 919 1655 974 Ma-

390 986 555 1042 fratre
586 1003 707 1043 suo.
1231 992 1364 1045 riam
1390 1006 1636 1046 sororem

388 1058 479 1114 20.
520 1060 733 1132 Martha
764 1074 893 1132 ergo

391 1138 447 1183 ut
476 1131 681 1185 audivit

387 1201 507 1271 quia
539 1202 702 1259 Jesus
731 1217 823 1257 ve—

390 1274 499 1339 nit,
531 1289 666 1329 occu
712 1315 724 1327 .
770 1311 786 1328 .
826 1274 899 1329 rit

1230 1077 1381 1117 suam
1406 1063 1625 1116 silentio
1652 1103 1669 1127 ,

1230 1132 1415 1189 dicens
1445 1152 1457 1188 :
1485 1134 1505 1163 ⁵
1532 1133 1726 1204 Magis-

1230 1212 1314 1259 ter
1343 1207 1525 1269 venit,
1556 1215 1611 1260 et

1229 1286 1385 1331 V003!
1410 1286 1482 1330 te.

1229 1346 1320 1404 29.
1361 1346 1456 1401 llla
1480 1357 1538 1402 ut
1567 1347 1772 1403 audivit
1797 1389 1811 1416 ,

1228 1420 1467 1473 surrexit
1490 1419 1567 1472 ci-

1231 1497 1285 1543 to
1304 1532 1318 1555 ,
1344 1500 1400 1544 et
1430 1490 1615 1546 venie-

1229 1560 1319 1614 bat
1343 1561 1409 1615 ad
1442 1560 1590 1615 illum
1624 1580 1636 1615 :

1226 1631 1315 1688 30.
1360 1632 1595 1688 nondum
1626 1648 1684 1689 e-

1225 1703 1338 1758 nim
1368 1713 1591 1758 venerat
1660 1766 1667 1769 _

1225 1774 1382 1829 Jesus
1414 1775 1465 1829 in
1497 1776 1692 1832 castel-

1225 1846 1335 1900 lum
1366 1865 1377 1899 :
1407 1846 1501 1902 sed
1541 1848 1635 1904 ad-

1226 1918 1329 1972 huc
1361 1926 1479 1973 erat
1506 1919 1557 1972 in

1224 1989 1343 2043 loco
1371 1990 1465 2043 illo
1490 2031 1503 2053 ,
1539 1990 1591 2043 in

1223 2076 1329 2130 quo
1357 2076 1613 2116 occurre-

1224 2140 1307 2187 rat
1334 2132 1410 2186 illi
1440 2132 1576 2187 Mar-

1223 2204 1335 2258 tlia.

390 1344 464 1398 illi
489 1361 503 1397 :
533 1345 700 1401 Maria
726 1359 823 1400 au-

390 1422 493 1471 tem
519 1416 662 1471 domi
693 1432 780 1472 se—

388 1488 475 1540 21.
516 1488 699 1543 deliat.
734 1488 823 1544 Ait
853 1502 939 1545 er-

387 1575 452 1628 go
480 1558 690 1614 Martha

385 1630 447 1684 ad
475 1629 658 1685 Jesum
694 1650 706 1685 :
741 1630 1002 1699 Domine,

384 1702 426 1755 si
449 1700 535 1756 hic
566 1703 757 1757 fuisses
775 1744 791 1769 ,

386 1788 487 1827 non
514 1784 663 1828 esset
689 1789 834 1829 mor-

384 1854 501 1899 tuus
530 1843 706 1900 frater

381 1915 467 1969 22.
511 1932 666 1971 meus
692 1934 705 1970 :
734 1925 791 1973 et
825 1931 969 1973 nunc

380 1988 492 2042 scio
519 1990 777 2056 quoniam

380 2072 669 2127 quaecum-

380 2146 481 2201 que
506 2134 519 2160 ¹
549 2132 772 2201 petieris

380 2216 407 2254 a
432 2201 545 2256 Deo
562 2244 578 2267 ,
605 2202 755 2258 dabit
783 2202 849 2258 ti-

382 2272 431 2326 bi
466 2274 630 2329 Deus.
1222 2276 1312 2330 51.
1352 2274 1541 2331 Judaei
1564 2286 1767 2342 autem,

380 2344 467 2399 25.
503 2383 518 2397 .
565 2387 579 2399 .
627 2387 639 2399 .
681 2347 722 2400 11
742 2345 819 2400 1111
841 2344 1151 2404 Jesus:Re—
1222 2348 1313 2418 qui
1343 2359 1651 2403 erantcum

383 2426 919 2471 .....t..a-
1222 2419 1670 2474 il..indom..

379 2497 631 2543 tertuus.
1227 2528 1906 2546 ........

376 2557 464 2614 24.
506 2560 601 2614 Ait
626 2559 834 2616 Martha
860 2579 873 2615 :
906 2560 1020 2618 Sci—
1221 2561 1476 2616 labanlur
1498 2576 1618 2615 eam
1645 2604 1659 2629 ,

376 2645 409 2686 ο
436 2630 578 2701 quod
602 2646 785 2686 resur-
1220 2631 1472 2687 videntes
1500 2632 1611 2685 Ma-

374 2712 465 2770 get
498 2703 549 2756 in
573 2717 757 2758 resur-
1221 2704 1360 2757 riam
1389 2702 1533 2772 quod
1574 2718 1665 2757 ve-

376 2773 677 2830 rectionem
1220 2774 1414 2829 lociter
1441 2789 1562 2827 sur-

376 2846 429 2899 in
462 2846 693 2900 novissi-
1219 2846 1399 2909 rexit,
1434 2847 1454 2876 ⁵
1485 2855 1537 2901 et
1571 2846 1734 2911 exiit,

376 2932 461 2970 ma
492 2917 600 2971 die.
1219 2918 1393 2973 secuti
1412 2926 1538 2972 sunt

1222 2989 1368 3043 illam
1392 2989 1578 3045 dicen-

1224 3070 1305 3115 tes
1331 3078 1343 3113 :
1377 3060 1511 3129 Quia
1542 3059 1692 3115 vadit

1220 3132 1287 3186 ad
1318 3147 1642 3187 monumen-

1224 3212 1335 3257 tum
1361 3245 1375 3270 ,
1409 3212 1468 3258 ut
1500 3204 1678 3272 ploret

1221 3275 1311 3329 52.
1356 3275 1449 3329 ibi.
1484 3275 1652 3330 Maria

1222 3360 1351 3428 ergo
1372 3388 1385 3409 ,
1415 3354 1473 3400 ut
1492 3347 1647 3428 _venit

1221 3417 1313 3472 ubi
1343 3427 1459 3472 erat
1484 3417 1641 3471 Jesus
1668 3459 1682 3483 ,

376 2987 463 3043 25.
509 2988 656 3044 Dixit
677 2987 757 3043 illi
783 2986 975 3046 Jesus:
1003 2988 1078 3044 E-

377 3073 583 3129 gosum
608 3069 883 3116 resurrect
952 3101 966 3115 .
1010 3102 1023 3115 .
1093 3060 1145 3116 ui

378 3131 552 3185 credit
580 3131 636 3186 in
663 3146 781 3195 me,
812 3142 867 3188 et
894 3132 941 3189 si

379 3212 625 3257 mortuus
670 3204 784 3258 fue-

377 3272 470 3328 26.
512 3276 613 3341 rit,
644 3275 826 3331 vivet:
856 3277 875 3307 ²
905 3284 962 3332 et

377 3346 555 3399 omnis
576 3387 591 3410 ,
622 3346 715 3416 qui
746 3347 824 3401 vi-

377 3416 499 3483 det,
535 3427 589 3470 et
618 3416 807 3473 credet

382 3487 437 3541 in
468 3503 572 3547 me.
607 3504 719 3543 non
1222 3497 1277 3545 et
1304 3488 1439 3543 vidit
1474 3489 1622 3542 illum
1645 3528 1661 3554 ,

380 3559 646 3614 morietur
672 3560 729 3614 in
1220 3558 1417 3615 cecidit
1460 3560 1525 3614 ad
1554 3574 1651 3627 pe-

381 3638 693 3685 aeternum.
1222 3630 1319 3686 des
1347 3630 1486 3697 ejus,
1518 3630 1711 3684 dicens
1742 3647 1755 3682 :

381 3699 573 3755 Credis
595 3703 648 3756 in
677 3701 828 3757 hoc?

382 3772 473 3825 27.
514 3772 607 3827 Ait
640 3773 720 3827 illi
754 3772 960 3828 Martha
991 3790 1003 3826 :

383 3842 580 3913 L'tique
608 3844 869 3913 Domine,

382 3929 484 3986 ego
511 3915 725 3973 credidi

1222 3702 1449 3756 Domine
1472 3743 1485 3767 ,
1512 3701 1557 3755 si
1589 3701 1677 3757 hic
1714 3701 1843 3756 fuis-

1223 3788 1311 3829 ses
1337 3814 1351 3839 ,
1388 3788 1494 3826 non
1518 3782 1665 3835 esset

1222 3855 1468 3899 mortuus
1491 3844 1595 3899 fra—

1226 3924 1307 3971 ter
1349 3930 1521 3971 meus.

1404 348 1855 409 EVANGELIUM
1893 348 2265 408 SECUNDUM
2304 350 2697 427 JOllANNEM.

3597 353 3703 409 454

2533 466 2765 525 CODEX
2806 467 3263 528 VERONENSIS.

2098 580 2166 621 ex
2195 563 2416 619 Judaeis
2442 580 2536 620 ve-
2935 570 3058 621 auia
3083 576 3135 620 tu
3163 583 3222 621 es

2098 645 2292 691 nerant
2318 636 2383 690 ad
2408 636 2545 691 Mar-
2691 636 2698 639 ⁷
2934 636 3177 692 Christus
3199 637 3371 692 Filius

2099 709 2282 780 than),
2312 719 2365 761 et
2397 708 2504 762 Ma—
2936 710 3013 780 (a)
3040 712 3129 763 Dei
3154 709 3215 779 ἡ,
3246 710 3337 776 qui

2097 778 2258 845 riam,
2283 790 2339 833 ut
2372 794 2502 833 cou-
2934 778 3001 836 in
3022 778 3340 834 huncinun-

2096 850 2404 905 solarentur
2428 865 2521 906 cas
2933 853 3060 907 dum
3093 851 3307 905 venisti.

2097 922 2166 975 de
2192 921 2361 976 fratre
2392 938 2509 976 suo.
2932 923 3021 977 28.
3053 923 3119 977 Et
3145 938 3264 977 cum
3301 922 3436 976 haec

2098 992 2187 1051 20.
2232 992 2435 1065 Martha
2461 1009 2591 1065 ergo
2931 995 3178 1059 dixisset,
3203 994 3352 1059 abiit,

2099 1072 2155 1119 ut
2175 1064 2383 1118 audivit
2536 1064 2541 1065 ⁷
2930 1076 2986 1121 et
3003 1067 3212 1119 vocavit

2095 1135 2221 1205 quia
2249 1135 2277 1190 J
2284 1151 2409 1189 esus
2444 1152 2537 1191 ve-
2930 1138 3152 1192 Mariam
3174 1151 3327 1191 soro-

2096 1216 2279 1269 nerat,
2308 1208 2542 1262 occurrit
2929 1225 3043 1264 rem
3069 1224 3223 1263 suam

2095 1278 2175 1333 illi
2204 1296 2215 1330 :
2246 1278 2408 1331 Maria
2929 1280 3170 1342 silentio,
3194 1279 3417 1333 dicens:

2094 1359 2275 1404 autem
2303 1350 2449 1403 domi
2931 1352 3185 1420 Magister
3212 1350 3386 1420 adest,

2093 1421 2337 1475 sedebat.
2931 1423 2973 1489 -1-
2998 1419 3052 1477 et
3066 1430 3222 1477 vocat
3253 1432 3321 1474 te.
3356 1419 3398 1489 -1-

2968 1495 3019 1549 9.
3054 1494 3120 1547 Et
3149 1494 3235 1547 illa
3260 1502 3317 1545 ut
3343 1488 3470 1544 audi

2929 1566 3025 1629 vit,
3046 1564 3284 1620 surrexit

2928 1638 3057 1703 cito,
3088 1646 3140 1690 et
3169 1636 3354 1689 venie-

2928 1707 3023 1761 bat
3043 1707 3110 1761 ad
3140 1722 3261 1760 eum
3294 1724 3307 1758 :

2928 1779 3017 1834 ’50.
3048 1780 3282 1834 nondum
3305 1778 3449 1832 enim

2929 1859 3152 1905 venerat
3167 1850 3324 1905 Jesus

2928 1923 2982 1976 in
3004 1922 3285 1976 castellum
3311 1938 3325 1974 :

2929 1994 3021 2047 sed
3052 2002 3169 2047 erat
3196 1992 3374 2047 adhuc

2093 1491 2184 1545 2t.
2231 1492 2373 1545 Dixit
2400 1492 2581 1562 itaque

2092 1563 2298 1617 Martha
2331 1563 2395 1616 ad
2424 1562 2515 1617 Je-

2093 1649 2211 1688 sum
2248 1653 2259 1686 :
2296 1635 2519 1688 Domine
2546 1677 2558 1699 ,

2092 1708 2139 1759 si
2168 1706 2254 1760 hic
2283 1705 2480 1761 fuisses
2500 1747 2514 1773 ,

2094 1776 2263 1831 frater
2289 1792 2443 1831 meus

2094 1864 2201 1903 11011
2235 1858 2381 1903 esset
2411 1863 2557 1901 mor-

2092 1920 2183 1973 22.
2229 1930 2349 1974 tuus
2378 1938 2389 1971 :
2422 1918 2518 1973 sed
2547 1934 2691 1974 nunc

2091 1993 2207 2046 scio
2239 1992 2362 2061 quia
2391 2005 2556 2059 quae-

2089 2076 2323 2131 cumque
2348 2062 2569 2131 petieris
2928 2065 3022 2119 illo
3049 2064 3187 2124 lnco.
3213 2064 3303 2117 ubi

2090 2148 2118 2186 a
2148 2135 2259 2189 Deo
2287 2176 2300 2198 ,
2330 2133 2479 2189 dabit
2928 2143 3237 2189 occurrerat
3257 2133 3310 2187 ei

2092 2207 2186 2259 tibi
2218 2207 2379 2259 Deus.
2928 2206 3160 2260 Martha.

2929 2279 3019 2332 51.
3048 2277 3236 2332 Judaei
3265 2283 3448 2331 autem

2928 2351 3017 2419 qui
3045 2357 3200 2403 erant
3230 2363 3351 2402 cum

2928 2435 2989 2474 ea
3018 2419 3091 2489 (ὁ)
3123 2420 3174 2472 in
3203 2419 3387 2483 domo,

2928 2491 3019 2560 qui
3041 2490 3408 2559 adloqueban-

2928 2570 3015 2615 tur
3040 2562 3078 2631 ’ξ-
3105 2576 3226 2615 cum
3246 2575 3390 2624 eam,

2926 2647 3048 2686 cum
3080 2631 3346 2687 vidissent

2927 2704 3091 2758 Maria
3125 2704 3248 2773 quia

2927 2775 3038 2829 cito
3056 2774 3314 2839 surrexit,

2927 2855 2981 2900 et
3001 2846 3189 2911 exivit,
3222 2861 3307 2900 se-

2928 2918 3038 2971 cuti
3069 2927 3195 2971 sunt
3224 2932 3367 2979 eam,

2926 2988 3170 3043 dicentes
3204 3006 3216 3041 :
3247 2988 3382 3055 Quia

2926 3060 3072 3114 vadit
3092 3061 3157 3113 ad
3190 3076 3306 3114 mo-

2926 3140 3264 3197 numentum,
3298 3138 3357 3183 ut

2925 3201 3052 3258 ﬂeat
3076 3203 3169 3256 ibi.

2925 3275 3015 3329 '52.
3050 3274 3212 3328 Maria
3236 3281 3440 3333 autem,

2927 3355 2983 3399 ut
3008 3347 3158 3399 venit
3179 3346 3267 3399 ubi

2924 3426 3040 3471 erat
3068 3416 3247 3481 Jesus,
3279 3424 3336 3469 et

2089 2275 2182 2331 25.
2226 2276 2361 2331 Dicit
2390 2276 2437 2329 ei
2473 2276 2673 2332 Jesus:

2090 2347 2362 2417 Itesurget
2389 2348 2560 2401 frater
2582 2355 2727 2402 tuus.

2089 2419 2182 2473 2t.
2226 2420 2364 2472 Dicit
2393 2421 2439 2472 ei
2467 2418 2607 2471 Mar-

2093 2491 2182 2543 tha
2218 2508 2231 2543 :
2264 2490 2389 2544 Scio
2416 2489 2540 2558 quia

2092 2569 2342 2628 resurget
2371 2561 2421 2612 in
2456 2573 2540 2613 re-

2091 2632 2431 2685 surrectione
2457 2628 2513 2682 in

2091 2703 2387 2757 nobissimo
2418 2701 2525 2754 die.

2087 2772 2176 2826 25.
2219 2773 2364 2827 Dixit
2398 2780 2580 2826 autem
2612 2770 2661 2826 ei

2088 2843 2250 2899 Jesus
2280 2862 2293 2899 ε
2328 2846 2442 2914 Ego
2468 2856 2587 2897 sum

2089 2917 2419 2971 resurrectio
2444 2954 2461 2978 ,

2089 2996 2144 3041 et
2174 2992 2280 3041 vita
2308 3031 2321 3053 ,
2355 2985 2448 3056 qui

2089 3059 2261 3113 credit
2286 3058 2339 3114 in
2371 3072 2456 3112 me
2480 3097 2494 3121 ,

2090 3132 2251 3185 etiam
2286 3132 2329 3185 si
2372 3144 2518 3183 mor-

2092 3210 2215 3256 tuus
2240 3201 2435 3268 fuerit,

2088 3274 2219 3328 vivit
2246 3292 2257 3326 :

2086 3346 2177 3400 26.
2219 3354 2272 3401 et
2302 3344 2511 3410 omnis,
2561 3340 2653 3412 qui
2685 3339 2763 3395 vi-

2088 3417 2186 3479 vit,
2204 3427 2257 3470 et
2279 3415 2454 3471 credit

2090 3488 2143 3541 in
2173 3502 2278 3551 me,
2306 3502 2414 3541 non
2924 3487 3059 3540 vidit
3088 3503 3235 3551 eum,
3267 3500 3359 3540 ce—

2088 3560 2349 3613 morietur
2378 3559 2433 3612 in
2925 3557 3055 3612 cidit
3079 3559 3144 3610 ad
3178 3556 3342 3627 pedes

2088 3638 2389 3684 aeternum.
2926 3628 3067 3698 eius,
3090 3639 3142 3683 et
3175 3627 3311 3681 dixit

2926 3700 2973 3754 ei
3000 3716 3012 3750 :
3048 3698 3291 3762 Domine,

2926 3771 2971 3824 si
2996 3770 3083 3824 hic
3108 3771 3322 3837 fuisses,

2928 3857 3037 3897 DOII
3067 3850 3213 3895 8858!
3234 3856 3379 3895 mor—

2930 3924 3052 3967 tuus
3079 3912 3245 3969 frater
3273 3928 3446 3969 meus.

2088 3698 2277 3755 Credis
2305 3700 2441 3753 hoc?

2088 3772 2179 3825 27.
2208 3770 2363 3826 Aitei
2388 3769 2593 3825 Martha
2621 3788 2632 3823 :

2090 3842 2288 3913 Utique
2318 3842 2565 3908 Domine,

2091 3929 2191 3985 ego
2221 3913 2425 3971 credidi

1713 4030 1946 4089 CODEX
1984 4031 2383 4088 BRIXIANUS.

384 4141 534 4196 daeis
580 4148 951 4195 convenerant
981 4138 1045 4192 ad
1075 4137 1361 4193 Martinam.
1392 4146 1445 4192 et
1476 4137 1719 4191 Mariam.
1764 4146 1822 4190 ut
1853 4152 1983 4189 ron-

382 4214 694 4267 Solarentur
718 4227 811 4267 eas
832 4212 899 4266 de
932 4212 1095 4265 fratre
1118 4225 1238 4264 suo.
1275 4209 1481 4263 Martha
1512 4224 1661 4278 ergo.
1700 4217 1754 4260 ut
1778 4207 1983 4261 audivit

387 4286 506 4343 quia
558 4284 722 4339 Jesus
771 4284 939 4336 venit.
986 4283 1221 4335 occurrit
1280 4282 1376 4335 illi.
1420 4280 1582 4333 Maria
1626 4290 1807 4333 autem
1836 4279 1983 4333 domi

386 4356 634 4409 sedebat.
672 4356 817 4408 Dixit
844 4370 975 4422 ergo
998 4353 1203 4407 Martha
1232 4352 1296 4406 ad
1326 4350 1529 4405 Jesuin.
1564 4351 1791 4404 Domine
1821 4351 1863 4402 si
1896 4350 1983 4403 hic

385 4426 585 4481 fuisses
615 4426 783 4480 frater
816 4441 966 4479 meus
994 4440 1102 4478 11011
1134 4431 1283 4478 esset
1318 4433 1563 4477 mortuus
1610 4422 1705 4477 sed
1735 4432 1788 4474 el
1841 4436 1984 4475 nunc

386 4500 524 4552 scio.
556 4499 680 4566 quia
728 4511 1101 4566 quaecumque
1133 4496 1446 4563 poposceris
1478 4509 1505 4546 a
1538 4494 1644 4547 Deo
1687 4493 1837 4566 dabit
1870 4493 1983 4566 tibi

387 4570 550 4623 Deus.
577 4563 807 4622 Dixit'ci
839 4563 1022 4621 Jesus.
1062 4567 1327 4635 ltesurget
1373 4566 1536 4619 frater
1577 4575 1718 4617 tuus.
1768 4564 1906 4617 Dicit
1936 4563 1985 4617 ei

388 4641 593 4693 Martha
626 4640 753 4695 Scio
780 4641 899 4707 quia
938 4648 1203 4706 resurget.
1251 4639 1304 4692 in
1346 4637 1768 4691 resurrectione.
1808 4637 1858 4686 in
1893 4649 1988 4688 no-

388 4711 614 4764 vi~sinio
646 4712 754 4765 die.
803 4711 948 4764 Dixit
977 4712 1024 4763 ei
1055 4709 1236 4763 Jesus.
1285 4707 1398 4776 Ego
1430 4722 1547 4761 sum
1577 4707 1908 4761 resurrectio
1939 4716 1993 4760 et

387 4784 519 4836 vita.
550 4784 640 4851 qui
671 4782 843 4837 credit
872 4781 924 4834 in
966 4797 1072 4835 me.
1115 4781 1215 4836 etsi
1249 4787 1496 4833 mortuus
1525 4778 1691 4851 fuerit
1727 4778 1886 4851 vivet.
1936 4785 1991 4831 et

388 4849 672 4921 omnisqui
694 4853 823 4906 vivit
845 4852 1087 4906 etcredit
1120 4854 1171 4905 in
1202 4866 1308 4904 me.
1334 4866 1440 4903 non
1462 4849 1790 4902 morieturin
1814 4856 1991 4921 aeter-

390 4940 521 4980 num
548 4918 741 4979 Credis
768 4923 892 4979 hoc.
914 4924 1003 4977 Ait
1030 4923 1127 4977 illi.
1148 4921 1345 4992 Utique
1368 4921 1613 4976 Domine.
1633 4934 1734 4990 ego
1755 4918 1987 4973 credidi.

2088 4133 2214 4213 quia
2240 4144 2295 4188 tu
2331 4150 2391 4213 es
2414 4133 2664 4213 Christus
2696 4130 2966 4213 ξ’ἱΙὶιιειςα)
2981 4131 3078 4213 Dei
3105 4127 3271 4213 J(utqui
3300 4128 3353 4213 in
3377 4126 3701 4213 huncin‘un-

2063 4196 2216 4268 dum
2242 4207 2457 4261 veni~ti.
2476 4206 2687 4260 Etcum
2712 4204 2826 4258 hare
2849 4196 3072 4257 dixisset
3098 4196 3250 4255 abiit.
3281 4197 3566 4252 etvocavit
3587 4196 3699 4249 Ma-

2089 4279 2244 4333 riam.
2270 4294 2513 4331 sororem
2542 4294 2695 4331 suam
2713 4277 2929 4330 occulte
2952 4271 3421 4339 dicensMagister
3447 4268 3617 4321 adest.
3648 4275 3704 4339 et

2090 4359 2250 4404 vocat
2275 4360 2346 4402 te.
2374 4348 2466 4402 Illa
2488 4364 2620 4402 vero
2651 4348 2947 4402 utaudivit.
2973 4344 3207 4397 surrexit
3233 4337 3361 4394 cito.
3387 4348 3441 4392 et
3455 4340 3601 4392 venit
3630 4337 3702 4391 ad

2090 4438 2233 4476 eum.
2267 4421 2506 4473 nondum
2537 4422 2679 4473 enim
2718 4426 2941 4472 venerat
2968 4415 3123 4469 Jesus
3157 4414 3207 4465 iu
3256 4412 3563 4465 castellum.
3600 4408 3697 4462 sed

2089 4502 2207 4547 erat
2254 4490 2430 4544 adhuc
2482 4492 2531 4543 111
2581 4491 2675 4543 illo
2709 4490 2848 4541 luco.
2898 4488 2987 4540 ubi
3014 4492 3337 4537 'occurrerat
3371 4483 3417 4535 ei
3466 4480 3697 4535 Martha.

2091 4562 2278 4617 Judaei
2308 4570 2509 4615 autem.
2535 4564 2624 4631 qui
2650 4570 2804 4631 erant
2828 4574 2947 4631 cum
2978 4572 3049 4631 ea
3068 4556 3120 4608 in
3139 4556 3325 4609 domo.
3350 4553 3700 4631 consolantes

2093 4651 2234 4689 eam.
2282 4633 2531 4686 videntes
2554 4627 2809 4685 ‘Mariam.
2843 4630 2963 4698 quia
3006 4629 3112 4681 cito
3154 4627 3408 4698 surrexit.
3451 4632 3503 4677 et
3540 4627 3695 4674 exiit.

2093 4705 2262 4759 secuti
2305 4713 2432 4756 sunt
2459 4719 2576 4757 eam
2611 4697 2876 4756 dicentes.
2913 4700 3046 4768 Quia
3096 4698 3244 4751 vadit
3284 4697 3348 4771 ad
3378 4706 3703 4771 iiioiiutnen-f

2096 4786 2225 4829 tum.
2264 4784 2314 4828 ul
2350 4775 2519 4843 ploret
2553 4775 2648 4829 ibi.
2683 4773 2847 4826 Maria
2874 4764 3003 4841 ergo
3027 4786 3146 4843 cum
3180 4764 3552 4843 venisset..nbi
3581 4769 3703 4842 erat

2094 4847 2273 4901 Jesus.
2307 4834 2497 4907 videns
2528 4862 2670 4900 eum.
2725 4834 2965 4914 procidif
3001 4843 3047 4895 ei
3084 4840 3145 4891 illi
3179 4837 3362 4914 pedes:
3407 4834 3596 4888 dicens
3622 4834 3701 4886 ei.

2100 4920 2326 4974 Domine
2351 4906 2397 4972 si
2427 4918 2623 4973 fuisses
2650 4904 2757 4971 hic.
2778 4931 2883 4970 non
2904 4921 3049 4968 esset
3070 4904 3316 4965 mortuus
3338 4904 3506 4961 frater
3524 4919 3696 4959 meus.

1681 5030 1917 5088 CODEX
1953 5029 2423 5090 CORBEIENSIS.

464 5138 554 5192 23.
588 5137 717 5191 licet
750 5135 1040 5203 moriatur,
1074 5132 1224 5189 vivit.

464 5209 556 5265 29.
596 5218 652 5265 et
676 5207 926 5264 veniebat
951 5206 1019 5261 ad
1046 5221 1191 5262 eum.

2173 5131 2262 5187 32.
2305 5141 2362 5185 ut
2400 5131 2552 5186 venit
2612 5129 2701 5184 ubi
2750 5128 2771 5158 °
2830 5135 2949 5183 erat
2987 5125 3183 5196 Jesus,
3237 5132 3294 5182 et
3356 5122 3492 5179 vidit
3532 5134 3655 5176 eum
3686 5156 3704 5186 ,

2100 5211 2205 5258 etc.
2254 5245 2264 5257 .
2313 5245 2325 5255 .
2375 5245 2387 5257 .
2429 5202 2476 5257 si
2500 5214 2653 5256 esses
2684 5199 2792 5265 hic,
2841 5213 2948 5254 non
2977 5208 3146 5255 esset.

1616 5314 2015 5372 VARIANTES
2054 5313 2458 5371 LECTIONES.

460 5422 475 5452 ι
514 5418 617 5469 Gal.
642 5417 896 5480 petierisa
916 5414 1041 5480 Deo.
1076 5410 1722 5480 Vulgapoposceris-aDeo.

460 5485 481 5517 ³
518 5473 717 5531 Μιη.ἐι
734 5479 911 5540 omnis,
936 5478 1022 5540 qui
1042 5473 1203 5526 credit
1234 5473 1283 5524 iu
1315 5488 1414 5524 me.
1446 5473 1592 5541 Vulg.
1618 5481 1668 5524 et
1696 5473 1883 5534 omnis,
1908 5473 1991 5533 qui

398 5546 536 5597 vivit.
566 5552 617 5593 et
635 5543 795 5593 credit
816 5542 864 5589 in
897 5554 997 5589 me.

463 5609 484 5640 ³
518 5606 623 5657 Gal.
650 5604 775 5669 Dei,
796 5605 897 5667 qui.
944 5600 1089 5663 Vulg.
1117 5598 1211 5652 Dei
1237 5600 1361 5663 vivi,
1393 5599 1497 5663 qui.

2161 5409 2182 5483 ξ
2218 5409 2324 5483 {Eat-
2350 5410 2583 5483 διέλωμεν
2608 5411 2760 5483 venit,
2782 5417 2851 5459 ει·
2882 5402 3555 5483 Ψίλακωξςίεςὲςθτξάἓξξιθι·
3578 5460 3660 5483 η...

2161 5472 2324 5543 δηθαζ.
2363 5460 2626 5523 εινδῠὶἱῐ...
2664 5460 2787 5532 Quia
2813 5473 2959 5523 vadet
2988 5460 3066 5520 ad.
3110 5460 3255 5530 Vulg.
3281 5474 3333 5517 et
3367 5464 3547 5515 exiit...
3578 5460 3705 5522 Quia

2103 5534 2340 5648 “93%.
2367 5605 2473 5648 erat
2491 5598 2517 5648 J
2526 5611 2658 5660 esus,
2686 5596 2887 5648 cecidit.
2909 5592 3092 5646 Omittit
3117 5598 3170 5643 et
3193 5591 3313 5643 vidit
3348 5604 3481 5643 eum.

1742 5700 2108 5761 BLANCHINI
2144 5702 2376 5759 ΝΟΤΔΕ.

480 5828 557 5901 (a)
579 5829 708 5885 Post
750 5826 868 5895 Dei,
908 5826 1064 5884 deest
1112 5823 1233 5892 vivi,
1262 5822 1426 5878 etiam
1452 5820 1507 5876 in
1535 5828 1644 5877 tex.
1677 5820 1770 5876 Gr.
1801 5849 1872 5861 -—-
1894 5818 1973 5889 (b)
2007 5818 2168 5875 Juxta
2190 5816 2353 5873 Goth.
2381 5818 2429 5870 ἐν
2448 5815 2599 5886 οἰκίᾳ,
2627 5812 3090 5890 παραμυθούμενοι.
