4042 6192
326 340 436 399 457

724 446 954 506 CODEX
993 444 1539 506 VERCELLENSIS.

1167 542 1282 606 vit,
1319 539 1462 611 quod
1487 538 1645 595 Jesus

1170 623 1471 669 moriturus

1169 692 1287 740 erat
1312 698 1411 754 pro
1437 698 1568 753 gen-

1169 754 1257 809 52.
1302 764 1383 820 te,
1410 767 1463 809 et
1492 769 1599 809 non
1626 766 1718 809 so-

331 544 402 602 ad
429 543 721 601 Pharisae-

327 632 393 673 os
412 660 429 682 ,
459 627 517 672 et
544 616 793 671 dixerunt

325 689 440 745 illis
464 703 605 757 quae
630 689 703 742 le-

330 761 405 815 eit
428 758 613 815 Jesus.

329 830 423 903 47.
465 830 842 903 Congregave-
1172 827 1280 881 lum
1310 840 1409 903 pro
1430 841 1563 903 gen:-

331 898 458 958 runt
485 896 617 973 ergo
642 896 739 956 Sa-
1174 906 1226 954 te
1244 940 1259 962 ,
1291 896 1386 952 sed
1420 905 1477 950 ut
1502 896 1618 951 dis-

330 974 582 1029 eerdotes
607 982 662 1029 et
1173 984 1364 1038 persos
1395 982 1611 1038 quoque

1174 1039 1345 1095 Filius
1380 1039 1471 1092 Dei
1502 1040 1554 1093 in

1173 1128 1339 1167 unum
1370 1125 1597 1181 congre-

1172 1192 1344 1255 geret:

1172 1253 1262 1311 55.
1305 1253 1387 1307 Ex
1418 1253 1507 1307 illa
1540 1253 1721 1324 itaque

1174 1327 1261 1381 die
1288 1325 1573 1380 consilium

1172 1397 1421 1453 fecerunt
1446 1404 1506 1450 ut

1173 1468 1326 1523 illum
1355 1467 1571 1522 occide-

330 1044 611 1101 Pharisaei
638 1057 769 1100 con-

330 1117 514 1172 cilium
538 1158 553 1182 ,
583 1124 637 1169 et
663 1115 743 1168 di-

328 1198 529 1244 xerunt
554 1206 567 1241 :
602 1185 744 1252 Quid

327 1259 587 1315 faciemus
605 1300 620 1324 ,
654 1256 797 1328 quod

330 1332 417 1387 hic
445 1333 609 1384 homo
638 1330 777 1384 mul-

330 1412 381 1457 ta
409 1402 563 1471 signa
592 1400 772 1455 facit?

330 1474 418 1529 48.
462 1474 519 1528 Si
551 1472 820 1531 dimiseri—

330 1560 451 1600 mus
477 1545 628 1599 illum
660 1544 738 1600 sic
756 1585 771 1611 ,

329 1630 517 1672 omnes
542 1631 663 1669 cre-
757 1609 765 1611 ’
1172 1610 1263 1667 54.
1305 1609 1463 1665 Jesus
1491 1623 1621 1680 ergo
1642 1609 1753 1681 jam

332 1688 455 1743 dent
487 1688 542 1741 in
570 1701 696 1742 eum
722 1708 733 1740 :
1171 1683 1347 1753 palam
1373 1696 1480 1753 non

332 1769 384 1815 et
410 1760 627 1813 venient
1169 1752 1483 1807 ambulabat

332 1831 587 1896 Romani,
619 1838 674 1884 et
1168 1824 1310 1879 inter
1339 1823 1540 1896 Judaef

333 1903 523 1956 tollent
554 1894 650 1956 no—
1168 1910 1230 1951 os
1254 1937 1269 1962 ,
1302 1895 1397 1949 sed
1428 1894 1559 1949 abiit

1168 1967 1222 2021 in
1254 1965 1530 2036 regionem
1584 2016 1593 2023 ,.

1166 2053 1334 2121 prope
1361 2037 1551 2119 deser-

1173 2120 1283 2165 tum
1317 2125 1369 2163 tn
1396 2124 1529 2161 (Ίνιο

334 1973 414 2029 bis
440 1974 617 2028 locum
646 1985 766 2026 nos-

331 2055 468 2100 trum
491 2089 506 2112 ,
539 2054 593 2100 et
629 2058 753 2115 gen-

334 2126 460 2172 tem.

332 2188 420 2243 49.
461 2186 615 2244 Unus
642 2192 823 2243 autem

334 2274 400 2315 ex
429 2260 537 2314 illis
564 2260 738 2313 nomi-

333 2348 399 2385 ne
425 2330 657 2397 Caipltas
682 2370 697 2393 ,

334 2402 423 2473 qui
450 2409 570 2456 erat
593 2417 690 2454 an-

1172 2190 1337 2236 tatem
1371 2195 1510 2248 quae
1546 2242 1547 2245 η

1171 2252 1411 2333 diciturf
1438 2249 1599 2335 .Eph-

1170 2339 1316 2378 raem
1349 2334 1541 2378 emtas
1556 2364 1570 2390 ,

1171 2404 1225 2450 et
1251 2395 1321 2449 ibi
1352 2410 1527 2449 mora-

332 2466 403 2530 no
428 2474 524 2528 illo
549 2473 707 2527 Prin—
825 2528 830 2533 ,
1171 2466 1329 2521 batur
1356 2479 1478 2519 cum

332 2560 460 2613 ceps
487 2542 753 2617 Sacerdo-
1174 2537 1457 2617 discipulis

332 2612 479 2681 tum,
507 2615 643 2668 dixit
669 2612 739 2669 il-
1173 2612 1307 2681 suis.

1174 2678 1262 2733 55.
1305 2678 1360 2731 ln
1389 2676 1484 2731 illo
1510 2683 1721 2748 tempo-

1174 2764 1234 2803 re
1263 2748 1441 2802 futura
1470 2763 1529 2802 e-

1174 2828 1261 2875 rat
1288 2817 1495 2873 Pascha
1522 2815 1615 2873 Ju-

332 2688 397 2743 lis
422 2706 433 2739 :
468 2686 575 2742 Vos

331 2758 557 2814 nescitis
584 2754 717 2809 nihil
741 2797 755 2821 ,

333 2830 425 2886 50.
467 2842 647 2897 neque
684 2826 831 2897 cogi-

336 2902 463 2956 tatis
488 2891 632 2968 quod
660 2891 779 2953 ex:
1176 2891 1435 2968 daeorum
1464 2907 1477 2944 :
1502 2898 1559 2945 et

337 2972 488 3043 pedit
509 2961 672 3043 hubis
1178 2961 1542 3043 ascenderunt

332 3032 393 3098 ut
418 3057 557 3097 unus
584 3040 676 3094 bo-
1179 3036 1331 3088 multi
1363 3034 1413 3087 in
1441 3032 1567 3088 Hie-

1176 3105 1470 3176 rosolymis
1501 3104 1567 3159 de

1178 3176 1267 3230 illa
1294 3178 1511 3244 regione

1177 3257 1301 3301 ante
1330 3246 1531 3300 Pascha
1559 3288 1573 3310 ,

1177 3328 1234 3373 ut
1256 3317 1530 3387 sepurili-

1172 3400 1382 3445 carent.

337 3130 429 3169 mo
455 3114 725 3168 moriatur

336 3200 437 3254 pro
464 3183 724 3265 plebem,

334 3267 389 3311 et
413 3273 521 3311 non
549 3268 731 3308 omnts

370 3343 467 3382 ens
495 3334 702 3397 pereat,

333 3343 467 3453 gens
495 3343 702 3397 pereat,

378 3402 429 3455 ι.
469 3399 584 3454 Hoc
608 3405 788 3451 autem
818 3393 887 3452 ab

334 3484 395 3524 se
423 3485 530 3524 non
572 3467 738 3521 dixit:
1175 3461 1263 3516 56.
1306 3458 1649 3529 Quaerebam

338 3541 435 3596 sed
462 3542 584 3609 quia
612 3538 770 3593 Prin-
1175 3532 1514 3609 ergo‘Jesum
1544 3570 1559 3597 ,
1592 3536 1647 3584 et

337 3626 467 3682 ceps
481 3604 613 3667 erat
647 3609 747 3665 Sa-
1176 3604 1430 3682 dicebant
1461 3604 1541 3682 in-

337 3674 619 3738 eerdotum
1177 3685 1261 3731 ter
1287 3690 1373 3739 se,
1407 3674 1457 3727 in
1492 3681 1628 3728 tem—

336 3756 464 3809 anni
490 3756 670 3820 illius,
1176 3746 1265 3820 pio
1286 3754 1525 3820 stantes.
1551 3752 1615 3820 et

332 3814 667 3899 prophaetai
1175 3814 1421 3873 dicentes
1452 3835 1467 3871 :
1501 3816 1521 3845 ²
1551 3814 1659 3871 Ριι-

1321 332 1769 393 EVANGELIUM
1808 329 2177 393 SECUNDUM
2212 332 2604 393 JOHANNEM.

3530 338 3638 397 458

2460 441 2693 502 CODEX
2731 444 3188 505 VERONENSIS.

2037 532 2362 611 Pharisaeos
2385 575 2402 603 ,
2872 539 2995 611 quia
3018 539 3209 611 incipit

2037 616 2092 660 et
2117 605 2371 660 dixerunt
2873 605 3029 665 Iesus
3062 605 3204 667 mori

2037 677 2223 803 cista}
2256 677 2307 730 id
2336 676 2478 747 qtfod
2504 677 2542 749 -ι-
2875 696 2975 750 pro
2999 691 3188 751 gente,

2040 747 2169 802 fecit
2223 762 2367 802 esus.
2876 753 2965 803 52.
3006 765 3188 803 etnon

2040 747 2169 802 fecit
2190 747 2367 803 Jesus.
2520 747 2526 749 ⁷
2876 747 2965 808 52.
3003 747 3060 807 ἐι
3091 747 3197 809 non
3227 764 3438 813 tantum

2041 817 2132 873 47.
2174 818 2524 889 Collegerunt

2043 905 2173 960 ergo
2205 890 2485 961 Principes

2040 962 2399 1016 Sacerdotum

2876 839 2975 894 pro
3001 835 3215 893 gentem
3233 870 3249 895 ,

2873 896 2967 949 sed
2998 903 3056 949 ut
3082 896 3246 954 Filios

2876 966 3003 1030 Dei,
3046 969 3135 1034 qui

2038 1042 2093 1088 et
2126 1032 2405 1109 Pharisaei
2434 1081 2443 1089 .
2876 1047 3001 1109 sunt
3027 1032 3259 1109 dispersi
3277 1082 3293 1109 ,

2038 1106 2325 1179 concilium
2356 1146 2369 1169 ,
2382 1111 2469 1179 _et_
2494 1175 2508 1179 Α
2876 1108 3095 1179 colligat
3113 1106 3176 1168 in

2038 1174 2291 1230 dicebant
2328 1193 2340 1227 :
2370 1175 2510 1243 Quid
2873 1174 3063 1234 unum.

2038 1248 2334 1327 iaciemus,
2875 1251 2967 1327 55.
3008 1251 3093 1306 Ah
3110 1253 3216 1317 illo
3244 1268 3373 1327 ergo

2040 1320 2165 1394 quia
2195 1318 2281 1394 hic
2309 1320 2471 1373 homo
2876 1322 2963 1376 die
2986 1328 3263 1394 cogitave-

2043 1390 2170 1443 talia
2198 1390 2350 1454 signa
2875 1404 3001 1448 runt
3028 1390 3083 1448 ui
3110 1397 3195 1449 in-

2038 1461 2128 1516 48.
2172 1459 2342 1513 facit?
2370 1459 2424 1515 Si
2458 1474 2549 1514 re-
2878 1466 3191 1521 terlicerent

2041 1532 2349 1601 linquamus
2378 1546 2503 1587 eum
2877 1550 3023 1589 eum.

2041 1604 2121 1657 sic
2136 1644 2151 1667 ,
2183 1615 2371 1656 omnes

2042 1674 2267 1729 credent
2294 1675 2347 1727 in
2375 1688 2500 1729 eum
2531 1690 2543 1728 :

2040 1755 2093 1800 et
2117 1746 2334 1798 venient

2034 1815 2296 1879 Romani,
2332 1824 2387 1869 et

2037 1888 2231 1941 tollent
2262 1893 2509 1942 nostrum

2037 1958 2215 2014 locum
2241 1998 2255 2023 ,
2286 1966 2341 2012 et

2071 2039 2273 2084 entem.

2074 2101 2127 2156 9.
2171 2098 2321 2154 Unus
2350 2107 2529 2155 autem

2040 2187 2105 2227 ex
2138 2173 2268 2241 ipsis
2294 2186 2392 2226 no-

2039 2240 2185 2297 mine
2212 2240 2422 2312 Cail‘as,

2038 2328 2161 2368 cum
2195 2324 2341 2369 CSSCI.

2037 2384 2297 2453 Princeps

2045 2454 2241 2511 Sacer-

2039 2528 2225 2580 dotum
2255 2525 2384 2579 anni

2038 2596 2183 2650 illius
2203 2637 2219 2663 ,
2250 2596 2391 2650 dixit

2043 2668 2123 2722 eis
2152 2685 2164 2721 :
2204 2668 2306 2720 Vos
2332 2681 2426 2721 ne-

2041 2739 2191 2793 scitis
2222 2737 2374 2807 quic-

2039 2809 2131 2865 50.
2163 2825 2347 2879 quam,
2377 2823 2554 2880 neque

2041 2884 2292 2951 cogitatis

2040 2957 2165 3022 quia
2194 2951 2412 3022 expedit

2043 3024 2197 3077 Vobis
2232 3035 2283 3076 ut
2320 3035 2460 3078 unus

2044 3094 2209 3149 homo
2240 3097 2442 3148 moria-

2044 3176 2133 3221 tur
2158 3181 2257 3235 pro
2287 3180 2459 3236 pupli-

2047 3238 2100 3291 lo
2122 3278 2137 3303 ,
2170 3246 2226 3291 et
2254 3253 2359 3290 non
2386 3245 2471 3291 to-

2876 1606 2967 1687 54.
3010 1607 3169 1687 Jesus
3189 1624 3319 1683 ergo

2872 1680 2985 1746 jam
3019 1696 3124 1733 non
3153 1680 3209 1736 in

2876 1750 3053 1817 palam
3090 1754 3281 1809 ambu-

2874 1820 3019 1874 labat
3046 1832 3174 1889 aput

2873 1888 3108 1947 Judaeus
3124 1934 3140 1960 ,
3173 1896 3269 1952 sed

2873 1963 3004 2017 abiit
3032 1964 3088 2037 in
3118 1969 3297 2037 regio-

2869 2048 2992 2109 nem
3038 2036 3386 2109 longinquam

2864 2103 3016 2187 juxta
3043 2103 3318 2186 desErtum
3339 2152 3355 2178 ,

2871 2180 2924 2228 in
2957 2180 3231 2249 civitatem
3250 2222 3265 2249 ,

2871 2261 3009 2315 quae
3037 2247 3235 2307 dicitur

2874 2318 3055 2372 Efrein
3080 2362 3095 2385 ,
3127 2334 3181 2377 et
3213 2315 3288 2380 ibi

2874 2392 3191 2448 morabatur

2872 2473 2995 2534 cum
3035 2460 3276 2534 discipu—

2874 2529 2940 2582 lis
2966 2532 3097 2585 suis.

2874 2599 2963 2655 55.
3005 2601 3317 2662 Proximum

2879 2682 3058 2726 autem
3091 2688 3208 2733 erat

2788 2798 2789 2801 η
2876 2742 3081 2799 Pascha
3112 2748 3211 2803 Ju-

2879 2814 3164 2874 daeorum.

2882 2884 3257 2948 Ascenderunt

2881 2956 3388 3037 tbﬂmimWi

2878 3027 3259 3105 ilieros'ulyina

2876 3098 2944 3152 de
2966 3098 3185 3172 regione

2878 3180 3004 3225 ante
3044 3174 3248 3232 Pascha
3272 3220 3286 3245 ,

2879 3249 2939 3294 ut
2970 3246 3375 3304 sanctilicarent
3606 3282 3609 3287 ί

2881 3312 2970 3392 56_.
3019 3323 3076 3379 ὦ
3109 3334 3167 3374 se
3196 3321 3363 3392 ipsos.
3391 3323 3449 3384 ὦ
3474 3316 3643 3386 Quae-

2880 3386 3074 3459 rebam
3101 3386 3231 3459 ergo

2875 3454 3059 3510 Jesum
3097 3478 3109 3513 :
3151 3454 3206 3517 ἐι

2877 3528 3343 3598 conloquebantur

2877 3597 2943 3670 ad
2966 3597 3069 3652 alis
3087 3605 3251 3659 alium
3268 3644 3285 3670 ,

2879 3669 2933 3723 in
2960 3672 3165 3741 templo

2878 3747 3086 3796 stantes
3103 3784 3117 3808 ,
3148 3759 3205 3804 et

2880 3817 3124 3877 dicentes
3158 3842 3171 3878 :
3200 3824 3305 3881 Pu-

2050 3319 2099 3362 ta
2126 3323 2258 3377 gens
2285 3317 2486 3377 pereat.

2047 3380 2135 3434 51.
2183 3380 2294 3432 Hoc
2321 3391 2499 3436 autem
2530 3397 2562 3439 a

2044 3465 2103 3505 se
2134 3451 2250 3517 ipso
2279 3465 2383 3503 ιιοιι
2412 3452 2493 3506 di-

2043 3520 2199 3576 cebat
2224 3538 2238 3572 :
2264 3524 2361 3574 sed
2390 3536 2513 3580 cum

2044 3604 2187 3647 esset
2220 3592 2479 3664 Princeps

2044 3662 2399 3722 Saeerdotum

2044 3735 2171 3796 anni
2199 3735 2342 3789 illius
2364 3778 2380 3803 ,

2045 3803 2388 3886 prophetavi;
2408 3867 2424 3896 ν

1652 3964 1886 4023 CODEX
1916 3966 2308 4030 BRIXIANUS.

332 4066 688 4124 Pharisaeos.
714 4072 769 4119 et
794 4061 1049 4119 dixerunt
1071 4060 1170 4115 eis.
1194 4075 1331 4131 quae
1353 4059 1935 4131 fecitJesus.Cullege-

332 4147 467 4194 runt
485 4147 543 4192 et
570 4136 848 4205 Principes
861 4133 1218 4189 Sacerdotum
1242 4132 1603 4205 etPliarisaei.
1620 4133 1933 4189 concilium.

334 4210 619 4265 dicebant.
667 4204 804 4275 Quid
851 4207 1141 4261 faciemus.
1182 4205 1305 4274 quia
1354 4204 1440 4259 hic
1512 4204 1693 4258 homo.
1761 4207 1936 4259 multa

338 4282 491 4350 signa
524 4280 670 4333 facit.
701 4278 757 4333 Si
784 4277 1109 4350 dimittimus
1131 4291 1251 4329 eum
1283 4275 1381 4350 sic.
1416 4292 1607 4350 omnes
1631 4276 1852 4330 credent
1884 4277 1937 4330 in

337 4346 488 4408 etim.
523 4360 578 4403 et
621 4353 841 4404 venient
884 4348 1132 4401 Romani.
1163 4357 1216 4399 et
1247 4346 1439 4400 tollent
1481 4349 1657 4400 locum
1692 4359 1936 4401 nostrum

335 4434 397 4481 et
429 4432 664 4491 gentem.
708 4420 859 4477 Unus
905 4430 1081 4473 autem
1132 4418 1655 4491 exrripsis.pnorninc
1679 4416 1936 4491 Quiplias.

337 4488 605 4562 I’rinCeps
631 4493 973 4547 sacerdotum
1013 4491 1139 4543 anui
1179 4490 1346 4562 illius.
1372 4488 1511 4562 dixit
1538 4494 1638 4543 eis.
1663 4489 1783 4562 VVOS
1824 4506 1940 4544 nes-

336 4566 467 4621 citis
518 4560 828 4633 q'uicquam.
882 4576 982 4616 nec
1023 4560 1289 4631 cogitatis.
1340 4561 1462 4628 quia
1502 4561 1721 4630 expedit
1767 4562 1942 4615 nobis.

338 4648 403 4691 ut
450 4652 586 4689 unus
627 4634 789 4689 homo
836 4633 1098 4686 moriatur
1153 4646 1249 4699 pro
1310 4634 1530 4699 populo.
1584 4641 1636 4685 et
1682 4648 1788 4685 non
1840 4642 1946 4686 tota

338 4722 479 4779 gens
540 4714 741 4776 pereat.
805 4704 931 4779 Hoc
968 4712 1146 4756 autem
1172 4718 1225 4779 _a
1280 4706 1573 4779 semetipso
1626 4720 1730 4779 non
1782 4704 1944 4779 dixit.

338 4773 447 4836 Sed
502 4773 623 4847 quia
684 4788 801 4831 erat
847 4775 1104 4847 Princeps
1168 4773 1525 4847 sacerdotum
1595 4774 1721 4827 anni
1781 4773 1946 4827 illius.

338 4844 696 4921 prophetarit
731 4848 861 4918 quia
888 4844 1049 4901 Iesus
1075 4846 1375 4900 moriturus
1403 4854 1521 4899 erat
1555 4860 1653 4915 pro
1682 4855 1863 4914 gente.
1897 4855 1952 4900 ct

2042 4081 2149 4122 non
2183 4070 2359 4124 solum
2394 4083 2494 4141 pro
2530 4077 2713 4141 gente.
2743 4068 2841 4125 sed
2868 4077 2929 4124 ut
2953 4066 3121 4141 Filios
3153 4064 3271 4120 Dei.
3297 4061 3388 4141 qui
3418 4060 3652 4141 dispersi

2040 4149 2217 4196 erant.
2247 4132 2609 4212 congregaret
2641 4143 2695 4196 in
2725 4156 2914 4196 unum.
2942 4138 3024 4195 Ab
3050 4132 3424 4212 illo_ergo'dle
3450 4132 3654 4212 cogita-

2042 4224 2240 4267 verunt
2265 4205 2544 4269 Jud'aui'ut
2580 4215 2951 4269 iuterlicerent
2976 4226 3122 4266 eum.
3152 4205 3311 4262 Iesus
3337 4214 3515 4258 autem
3540 4205 3653 4273 jam

2045 4299 2151 4336 non
2186 4286 2501 4339 ambulabat
2542 4286 2722 4353 palam
2768 4284 2912 4337 inter
2940 4281 3194 4337 Judaeos.
3231 4276 3325 4353 sed
3358 4276 3491 4353 abiit
3527 4275 3653 4330 inde

2044 4357 2098 4411 in
2150 4360 2376 4425 regione
2419 4348 2683 4425 prox-ima.
2728 4356 2881 4424 juxta
2934 4353 3209 4425 desertum
3262 4349 3318 4402 in
3373 4348 3649 4425 civitatein

2046 4442 2185 4497 quae
2214 4418 2648 4481 dicitur'Efrem.
2693 4418 2746 4481 et
2782 4426 2851 4480 ibi
2886 4424 3199 4497 morabatur
3222 4434 3343 4497 curn
3372 4418 3656 4497 discipulis

2051 4491 2186 4553 suis.
2220 4499 2352 4552 Erat
2378 4509 2561 4551 autem
2593 4501 2644 4552 in
2688 4497 2934 4567 proximo
2960 4494 3181 4567 Pascha
3217 4491 3569 4567 Judaeorum.
3603 4496 3659 4542 et

2052 4572 2419 4623 ascenderunt
2461 4570 2611 4622 inulti
2644 4563 2705 4622 in
2729 4566 3100 4636 Hierosiilyma
3147 4563 3213 4617 de
3257 4564 3498 4636 regione.
3529 4567 3655 4613 ante

2056 4641 2283 4693 Pascha.
2337 4650 2395 4693 ιιι
2443 4641 2790 4708 purillcarent
2834 4653 2893 4693 se
2937 4631 3106 4706 ipsus.
3149 4631 3497 4708 Quaerebam
3525 4643 3655 4708 ergo

2054 4711 2261 4765 Jesum.
2306 4719 2361 4766 et
2405 4703 2877 4781 conloquebanlur
2927 4703 2996 4763 ad
3055 4708 3285 4763 invicem
3342 4704 3397 4757 in
3451 4703 3655 4768 templo

2054 4791 2282 4836 stantes.
2314 4782 2455 4850 Quid
2485 4784 2638 4837 vobis
2665 4782 2883 4837 videtur
2971 4820 2980 4832 .
3169 4801 3172 4805 ’

1654 4980 1890 5036 CODEX
1914 4982 2382 5042 CORBEIENSIS.

424 5109 511 5163 47.
541 5105 997 5189 Quodhic'homo
1026 5101 1149 5159 talia
1193 5103 1347 5175 signa
1386 5094 1548 5159 facit?
1590 5103 1646 5161 Si
1690 5105 1953 5177 relinqui-

351 5194 477 5235 mus
502 5195 623 5234 eum
663 5192 763 5233 SIC.

427 5250 517 5306 49.
546 5252 681 5317 Qum
712 5257 856 5303 esset
882 5246 1141 5317 Princeps
1168 5246 1524 5303 Sacerdotum
1554 5248 1680 5303 anni
1711 5248 1877 5303 illius.

430 5319 516 5379 5οι
548 5313 735 5393 Neque
760 5320 1010 5391 cogitatis
1040 5313 1167 5390 quia
1193 5320 1212 5350 ³
1238 5319 1461 5390 expedit
1488 5318 1659 5375 vobis.

2135 5112 2223 5167 5i.
2256 5113 2396 5186 quod
2431 5114 2619 5185 incipit
2647 5113 2809 5168 Jesus
2834 5113 3074 5186 moriens
3102 5127 3200 5183 pro
3225 5120 3393 5184 gente
3421 5113 3576 5168 mori.

2136 5186 2220 5240 5‘2.
2258 5186 2347 5252 qui
2378 5194 2504 5239 sunt
2534 5186 2793 5254 dispersi,
2826 5185 3085 5254 colligant
3114 5188 3167 5239 in
3194 5202 3379 5241 unum.

2132 5255 2222 5311 55.
2256 5256 2555 5327 Propterea
2581 5265 2760 5311 autem
2787 5262 2904 5311 erat
2928 5255 3161 5312 Pascha.

1574 5433 1970 5495 VARIANTES
2009 5436 2419 5496 LECTIONES.

424 5560 441 5591 ι
481 5558 585 5609 Gat.
612 5556 853 5619 Eﬂ‘reem,
873 5559 926 5606 et
944 5555 1043 5605 illic
1076 5556 1378 5607 morabatur.
1406 5556 1527 5606 Mm.
1558 5558 1789 5605 moratur.
1819 5553 1965 5619 Vulg.

356 5622 596 5685 Ephrem,
624 5628 676 5673 et
696 5622 763 5671 ibi
782 5619 1078 5670 morabatur.

2133 5556 2153 5620 ξ
2191 5554 2295 5620 Gal.
2323 5555 2414 5615 Qui
2436 5556 2634 5620 putatis.
2669 5551 2815 5620 Vulg.
2836 5552 2961 5615 Quid
2984 5553 3183 5618 putatis.

2135 5618 2157 5649 ³
2189 5618 2295 5668 θαι.
2325 5618 2527 5685 expedit.
2544 5619 2700 5669 nobis.

1697 5721 2071 5779 BLANCHINI
2097 5721 2327 5780 NOTIE.

364 5850 383 5903 ἶ
445 5844 527 5925 (ιι)
555 5842 632 5919 Ita
666 5853 733 5921 et
751 5848 860 5904 te‘x.
891 5843 983 5902 cr.
1014 5840 1061 5899 ὅ.
1102 5840 1253 5919 -(b)
1296 5837 1377 5912 Ita
1414 5847 1468 5900 et
1503 5839 1625 5905 cod.
1653 5836 1809 5897 Cant.
1841 5832 1950 5900 οὖν.
