  <div class='ocr_page' id='page_1' title='image "/cluster/home/n/w/nwhite01/storage/ocr_20150623/12/hvd.32044096580410/225.png"; bbox 0 0 4042 6192; ppageno 0'>
   <div class='ocr_carea' id='block_1_1' title="bbox 385 325 493 384">
    <p class='ocr_par' dir='ltr' id='par_1_1' title="bbox 385 325 493 384">
     <span class='ocr_line' id='line_1_1' title="bbox 385 325 493 384; baseline 0.019 -2"><span class='ocrx_word' id='word_1_1' title='bbox 385 325 493 384; x_wconf 73' lang='grc'><strong>459</strong></span> 
     </span>
    </p>
   </div>
   <div class='ocr_carea' id='block_1_2' title="bbox 775 433 1596 497">
    <p class='ocr_par' dir='ltr' id='par_1_2' title="bbox 775 433 1596 497">
     <span class='ocr_line' id='line_1_2' title="bbox 775 433 1596 497; baseline -0.009 -1"><span class='ocrx_word' id='word_1_2' title='bbox 775 437 1012 497; x_wconf 80' lang='lat' dir='ltr'><strong>CODEX</strong></span> <span class='ocrx_word' id='word_1_3' title='bbox 1052 433 1596 493; x_wconf 83' lang='lat' dir='ltr'><strong>VERCELLENSIS.</strong></span> 
     </span>
    </p>
   </div>
   <div class='ocr_carea' id='block_1_3' title="bbox 391 524 1769 604">
    <p class='ocr_par' dir='ltr' id='par_1_3' title="bbox 391 524 1769 604">
     <span class='ocr_line' id='line_1_3' title="bbox 391 524 1769 604; baseline -0.009 -12"><span class='ocrx_word' id='word_1_4' title='bbox 391 536 550 602; x_wconf 87' lang='lat' dir='ltr'><strong>tatis,</strong></span> <span class='ocrx_word' id='word_1_5' title='bbox 581 533 726 604; x_wconf 89' lang='lat' dir='ltr'><strong>quod</strong></span> <span class='ocrx_word' id='word_1_6' title='bbox 755 548 861 588; x_wconf 92' lang='lat' dir='ltr'><strong>non</strong></span> <span class='ocrx_word' id='word_1_7' title='bbox 942 539 946 542; x_wconf 87' lang='grc'><em>’</em></span> <span class='ocrx_word' id='word_1_8' title='bbox 1225 530 1367 598; x_wconf 87' lang='lat' dir='ltr'><strong>pulis</strong></span> <span class='ocrx_word' id='word_1_9' title='bbox 1393 524 1650 604; x_wconf 39' lang='lat' dir='ltr'><strong>ejus,.(d)</strong></span> <span class='ocrx_word' id='word_1_10' title='bbox 1683 524 1769 581; x_wconf 89' lang='lat' dir='ltr'><strong>Si-</strong></span> 
     </span>
    </p>
   </div>
   <div class='ocr_carea' id='block_1_4' title="bbox 393 596 1729 678">
    <p class='ocr_par' dir='ltr' id='par_1_4' title="bbox 393 596 1729 678">
     <span class='ocr_line' id='line_1_4' title="bbox 393 596 1729 678; baseline -0.01 -16"><span class='ocrx_word' id='word_1_11' title='bbox 393 596 630 664; x_wconf 50' lang='lat' dir='ltr'><strong>veuit&#39;ad</strong></span> <span class='ocrx_word' id='word_1_12' title='bbox 658 605 802 660; x_wconf 92' lang='lat' dir='ltr'><strong>diem</strong></span> <span class='ocrx_word' id='word_1_13' title='bbox 909 661 924 677; x_wconf 63' lang='grc'><em>,</em></span> <span class='ocrx_word' id='word_1_14' title='bbox 1225 596 1426 678; x_wconf 36' lang='lat' dir='ltr'><strong>mou-1-</strong></span> <span class='ocrx_word' id='word_1_15' title='bbox 1453 596 1646 678; x_wconf 61' lang='grc' dir='ltr'><strong>1Ιιηὶιιε.</strong></span> <span class='ocrx_word' id='word_1_16' title='bbox 1717 667 1729 678; x_wconf 39' lang='lat'><strong>.</strong></span> 
     </span>
    </p>
   </div>
   <div class='ocr_carea' id='block_1_5' title="bbox 394 669 1807 737">
    <p class='ocr_par' dir='ltr' id='par_1_5' title="bbox 394 669 1807 737">
     <span class='ocr_line' id='line_1_5' title="bbox 394 669 1807 737; baseline -0.01 -4"><span class='ocrx_word' id='word_1_17' title='bbox 394 680 595 735; x_wconf 84' lang='lat' dir='ltr'><strong>solem-</strong></span> <span class='ocrx_word' id='word_1_18' title='bbox 909 669 924 677; x_wconf 65' lang='grc'>⁷</span> <span class='ocrx_word' id='word_1_19' title='bbox 1229 669 1520 737; x_wconf 77' lang='lat' dir='ltr'><strong>Scarioth,</strong></span> <span class='ocrx_word' id='word_1_20' title='bbox 1568 714 1580 723; x_wconf 94' lang='lat'><strong>.</strong></span> <span class='ocrx_word' id='word_1_21' title='bbox 1627 708 1640 722; x_wconf 95' lang='lat'><strong>.</strong></span> <span class='ocrx_word' id='word_1_22' title='bbox 1678 669 1732 722; x_wconf 92' lang='lat' dir='ltr'><strong>ui</strong></span> <span class='ocrx_word' id='word_1_23' title='bbox 1805 701 1807 703; x_wconf 94' lang='lat'><strong><em>-</em></strong></span> 
     </span>
    </p>
   </div>
   <div class='ocr_carea' id='block_1_6' title="bbox 395 739 1832 805">
    <p class='ocr_par' dir='ltr' id='par_1_6' title="bbox 395 739 1832 805">
     <span class='ocr_line' id='line_1_6' title="bbox 395 739 1832 805; baseline -0.008 0"><span class='ocrx_word' id='word_1_24' title='bbox 395 749 560 805; x_wconf 82' lang='lat' dir='ltr'><strong>nem?</strong></span> <span class='ocrx_word' id='word_1_25' title='bbox 661 789 664 792; x_wconf 43' lang='grc' dir='ltr'>λ</span> <span class='ocrx_word' id='word_1_26' title='bbox 1227 739 1832 798; x_wconf 88' lang='lat' dir='ltr'><strong>e..m...ditu-</strong></span> 
     </span>
    </p>
   </div>
   <div class='ocr_carea' id='block_1_7' title="bbox 1227 811 1875 879">
    <p class='ocr_par' dir='ltr' id='par_1_7' title="bbox 1227 811 1875 879">
     <span class='ocr_line' id='line_1_7' title="bbox 1227 811 1875 879; baseline -0.003 -9"><span class='ocrx_word' id='word_1_27' title='bbox 1227 815 1284 870; x_wconf 82' lang='lat'><strong>5.</strong></span> <span class='ocrx_word' id='word_1_28' title='bbox 1341 827 1535 866; x_wconf 90' lang='lat' dir='ltr'><strong>ruse.</strong></span> <span class='ocrx_word' id='word_1_29' title='bbox 1581 852 1594 865; x_wconf 95' lang='lat'><strong>.</strong></span> <span class='ocrx_word' id='word_1_30' title='bbox 1642 850 1656 865; x_wconf 98' lang='lat'><strong>.</strong></span> <span class='ocrx_word' id='word_1_31' title='bbox 1691 811 1875 879; x_wconf 87' lang='lat' dir='ltr'><strong>.Qua-</strong></span> 
     </span>
    </p>
   </div>
   <div class='ocr_carea' id='block_1_8' title="bbox 1231 883 1629 952">
    <p class='ocr_par' dir='ltr' id='par_1_8' title="bbox 1231 883 1629 952">
     <span class='ocr_line' id='line_1_8' title="bbox 1231 883 1629 952; baseline -0.01 -11"><span class='ocrx_word' id='word_1_32' title='bbox 1231 901 1290 941; x_wconf 94' lang='lat' dir='ltr'><strong>re</strong></span> <span class='ocrx_word' id='word_1_33' title='bbox 1321 883 1427 940; x_wconf 90' lang='lat' dir='ltr'><strong>hoc</strong></span> <span class='ocrx_word' id='word_1_34' title='bbox 1457 898 1629 952; x_wconf 81' lang='lat' dir='ltr'><strong>ungu-</strong></span> 
     </span>
    </p>
   </div>
   <div class='ocr_carea' id='block_1_9' title="bbox 1229 956 1614 1012">
    <p class='ocr_par' dir='ltr' id='par_1_9' title="bbox 1229 956 1614 1012">
     <span class='ocr_line' id='line_1_9' title="bbox 1229 956 1614 1012; baseline -0.008 0"><span class='ocrx_word' id='word_1_35' title='bbox 1229 965 1412 1012; x_wconf 91' lang='lat' dir='ltr'><strong>entum</strong></span> <span class='ocrx_word' id='word_1_36' title='bbox 1455 956 1475 984; x_wconf 82' lang='lat'><strong>’</strong></span> <span class='ocrx_word' id='word_1_37' title='bbox 1508 970 1614 1009; x_wconf 92' lang='lat' dir='ltr'><strong>non</strong></span> 
     </span>
    </p>
   </div>
   <div class='ocr_carea' id='block_1_10' title="bbox 1228 1026 1570 1083">
    <p class='ocr_par' dir='ltr' id='par_1_10' title="bbox 1228 1026 1570 1083">
     <span class='ocr_line' id='line_1_10' title="bbox 1228 1026 1570 1083; baseline -0.018 0"><span class='ocrx_word' id='word_1_38' title='bbox 1228 1027 1377 1083; x_wconf 90' lang='lat' dir='ltr'><strong>venit</strong></span> <span class='ocrx_word' id='word_1_39' title='bbox 1403 1026 1570 1079; x_wconf 90' lang='lat' dir='ltr'><strong>dena-</strong></span> 
     </span>
    </p>
   </div>
   <div class='ocr_carea' id='block_1_11' title="bbox 1230 1096 1676 1155">
    <p class='ocr_par' dir='ltr' id='par_1_11' title="bbox 1230 1096 1676 1155">
     <span class='ocr_line' id='line_1_11' title="bbox 1230 1096 1676 1155; baseline -0.011 0"><span class='ocrx_word' id='word_1_40' title='bbox 1230 1100 1330 1155; x_wconf 83' lang='lat' dir='ltr'><strong>riis</strong></span> <span class='ocrx_word' id='word_1_41' title='bbox 1352 1112 1471 1152; x_wconf 91' lang='lat' dir='ltr'><strong>ccc.</strong></span> <span class='ocrx_word' id='word_1_42' title='bbox 1497 1107 1550 1150; x_wconf 91' lang='lat' dir='ltr'><strong>et</strong></span> <span class='ocrx_word' id='word_1_43' title='bbox 1583 1096 1676 1151; x_wconf 89' lang='lat' dir='ltr'><strong>da-</strong></span> 
     </span>
    </p>
   </div>
   <div class='ocr_carea' id='block_1_12' title="bbox 1237 1177 1620 1235">
    <p class='ocr_par' dir='ltr' id='par_1_12' title="bbox 1237 1177 1620 1235">
     <span class='ocr_line' id='line_1_12' title="bbox 1237 1177 1620 1235; baseline -0.01 -9"><span class='ocrx_word' id='word_1_44' title='bbox 1237 1181 1347 1226; x_wconf 88' lang='lat' dir='ltr'><strong>tum</strong></span> <span class='ocrx_word' id='word_1_45' title='bbox 1375 1177 1459 1224; x_wconf 89' lang='lat' dir='ltr'><strong>est</strong></span> <span class='ocrx_word' id='word_1_46' title='bbox 1487 1183 1546 1235; x_wconf 85' lang='lat' dir='ltr'><strong>pa</strong></span> <span class='ocrx_word' id='word_1_47' title='bbox 1556 1184 1620 1222; x_wconf 86' lang='lat' dir='ltr'><strong>u-</strong></span> 
     </span>
    </p>
   </div>
   <div class='ocr_carea' id='block_1_13' title="bbox 1234 1240 1497 1313">
    <p class='ocr_par' dir='ltr' id='par_1_13' title="bbox 1234 1240 1497 1313">
     <span class='ocr_line' id='line_1_13' title="bbox 1234 1240 1497 1313; baseline -0.015 -17"><span class='ocrx_word' id='word_1_48' title='bbox 1234 1240 1497 1313; x_wconf 50' lang='lat' dir='ltr'><strong>peritius?</strong></span> 
     </span>
    </p>
   </div>
   <div class='ocr_carea' id='block_1_14' title="bbox 398 821 793 875">
    <p class='ocr_par' dir='ltr' id='par_1_14' title="bbox 398 821 793 875">
     <span class='ocr_line' id='line_1_14' title="bbox 398 821 793 875; baseline -0.01 0"><span class='ocrx_word' id='word_1_49' title='bbox 398 821 672 875; x_wconf 88' lang='lat' dir='ltr'><strong>Dederunt</strong></span> <span class='ocrx_word' id='word_1_50' title='bbox 697 831 793 871; x_wconf 90' lang='lat' dir='ltr'><strong>au-</strong></span> 
     </span>
    </p>
   </div>
   <div class='ocr_carea' id='block_1_15' title="bbox 393 887 815 958">
    <p class='ocr_par' dir='ltr' id='par_1_15' title="bbox 393 887 815 958">
     <span class='ocr_line' id='line_1_15' title="bbox 393 887 815 958; baseline -0.007 -14"><span class='ocrx_word' id='word_1_51' title='bbox 393 901 501 946; x_wconf 90' lang='lat' dir='ltr'><strong>tem</strong></span> <span class='ocrx_word' id='word_1_52' title='bbox 533 887 815 958; x_wconf 87' lang='lat' dir='ltr'><strong>Principes</strong></span> 
     </span>
    </p>
   </div>
   <div class='ocr_carea' id='block_1_16' title="bbox 396 961 787 1025">
    <p class='ocr_par' dir='ltr' id='par_1_16' title="bbox 396 961 787 1025">
     <span class='ocr_line' id='line_1_16' title="bbox 396 961 787 1025; baseline -0.02 -6"><span class='ocrx_word' id='word_1_53' title='bbox 396 961 749 1019; x_wconf 89' lang='lat' dir='ltr'><strong>Sacerdotum</strong></span> <span class='ocrx_word' id='word_1_54' title='bbox 770 1000 787 1025; x_wconf 90' lang='lat'><strong>,</strong></span> 
     </span>
    </p>
   </div>
   <div class='ocr_carea' id='block_1_17' title="bbox 395 1030 759 1090">
    <p class='ocr_par' dir='ltr' id='par_1_17' title="bbox 395 1030 759 1090">
     <span class='ocr_line' id='line_1_17' title="bbox 395 1030 759 1090; baseline -0.014 0"><span class='ocrx_word' id='word_1_55' title='bbox 395 1045 451 1090; x_wconf 89' lang='lat' dir='ltr'><strong>et</strong></span> <span class='ocrx_word' id='word_1_56' title='bbox 483 1030 759 1087; x_wconf 78' lang='lat' dir='ltr'><strong>Pharisaei</strong></span> 
     </span>
    </p>
   </div>
   <div class='ocr_carea' id='block_1_18' title="bbox 397 1104 746 1164">
    <p class='ocr_par' dir='ltr' id='par_1_18' title="bbox 397 1104 746 1164">
     <span class='ocr_line' id='line_1_18' title="bbox 397 1104 746 1164; baseline -0.017 -6"><span class='ocrx_word' id='word_1_57' title='bbox 397 1104 707 1158; x_wconf 88' lang='lat' dir='ltr'><strong>mandatum</strong></span> <span class='ocrx_word' id='word_1_58' title='bbox 732 1142 746 1164; x_wconf 91' lang='lat'><strong>,</strong></span> 
     </span>
    </p>
   </div>
   <div class='ocr_carea' id='block_1_19' title="bbox 397 1172 836 1241">
    <p class='ocr_par' dir='ltr' id='par_1_19' title="bbox 397 1172 836 1241">
     <span class='ocr_line' id='line_1_19' title="bbox 397 1172 836 1241; baseline -0.016 -11"><span class='ocrx_word' id='word_1_59' title='bbox 397 1186 454 1230; x_wconf 91' lang='lat' dir='ltr'><strong>ut</strong></span> <span class='ocrx_word' id='word_1_60' title='bbox 483 1180 525 1228; x_wconf 90' lang='lat' dir='ltr'><strong>si</strong></span> <span class='ocrx_word' id='word_1_61' title='bbox 558 1172 679 1241; x_wconf 88' lang='lat' dir='ltr'><strong>quis</strong></span> <span class='ocrx_word' id='word_1_62' title='bbox 707 1187 836 1241; x_wconf 80' lang='lat' dir='ltr'><strong>cog-</strong></span> 
     </span>
    </p>
   </div>
   <div class='ocr_carea' id='block_1_20' title="bbox 404 1244 765 1301">
    <p class='ocr_par' dir='ltr' id='par_1_20' title="bbox 404 1244 765 1301">
     <span class='ocr_line' id='line_1_20' title="bbox 404 1244 765 1301; baseline -0.017 0"><span class='ocrx_word' id='word_1_63' title='bbox 404 1263 504 1301; x_wconf 70' lang='lat' dir='ltr'><strong>nov</strong></span> <span class='ocrx_word' id='word_1_64' title='bbox 517 1246 647 1300; x_wconf 89' lang='lat' dir='ltr'><strong>isset</strong></span> <span class='ocrx_word' id='word_1_65' title='bbox 677 1244 765 1296; x_wconf 83' lang='lat' dir='ltr'><strong>tibi</strong></span> 
     </span>
    </p>
   </div>
   <div class='ocr_carea' id='block_1_21' title="bbox 401 1309 1874 1380">
    <p class='ocr_par' dir='ltr' id='par_1_21' title="bbox 401 1309 1874 1380">
     <span class='ocr_line' id='line_1_21' title="bbox 401 1309 1874 1380; baseline -0.005 -9"><span class='ocrx_word' id='word_1_66' title='bbox 401 1360 413 1371; x_wconf 94' lang='lat'><strong>.</strong></span> <span class='ocrx_word' id='word_1_67' title='bbox 465 1359 476 1370; x_wconf 93' lang='lat'><strong>.</strong></span> <span class='ocrx_word' id='word_1_68' title='bbox 525 1357 537 1368; x_wconf 96' lang='lat'><strong>.</strong></span> <span class='ocrx_word' id='word_1_69' title='bbox 572 1326 664 1380; x_wconf 90' lang='lat' dir='ltr'><strong>et,</strong></span> <span class='ocrx_word' id='word_1_70' title='bbox 697 1314 904 1367; x_wconf 86' lang='lat' dir='ltr'><strong>indica—</strong></span> <span class='ocrx_word' id='word_1_71' title='bbox 1234 1309 1288 1367; x_wconf 70' lang='grc' dir='ltr'><strong>Β.</strong></span> <span class='ocrx_word' id='word_1_72' title='bbox 1347 1310 1461 1365; x_wconf 89' lang='lat' dir='ltr'><strong>Hoc</strong></span> <span class='ocrx_word' id='word_1_73' title='bbox 1487 1317 1670 1366; x_wconf 87' lang='lat' dir='ltr'><strong>autem</strong></span> <span class='ocrx_word' id='word_1_74' title='bbox 1701 1309 1874 1374; x_wconf 85' lang='lat' dir='ltr'><strong>dixit,</strong></span> 
     </span>
    </p>
   </div>
   <div class='ocr_carea' id='block_1_22' title="bbox 402 1381 1616 1455">
    <p class='ocr_par' dir='ltr' id='par_1_22' title="bbox 402 1381 1616 1455">
     <span class='ocr_line' id='line_1_22' title="bbox 402 1381 1616 1455; baseline -0.006 -11"><span class='ocrx_word' id='word_1_75' title='bbox 402 1398 520 1449; x_wconf 91' lang='lat' dir='ltr'><strong>ret,</strong></span> <span class='ocrx_word' id='word_1_76' title='bbox 551 1396 609 1440; x_wconf 91' lang='lat' dir='ltr'><strong>ut</strong></span> <span class='ocrx_word' id='word_1_77' title='bbox 635 1385 832 1455; x_wconf 86' lang='lat' dir='ltr'><strong>adpre-</strong></span> <span class='ocrx_word' id='word_1_78' title='bbox 1238 1398 1344 1438; x_wconf 90' lang='lat' dir='ltr'><strong>non</strong></span> <span class='ocrx_word' id='word_1_79' title='bbox 1373 1381 1516 1455; x_wconf 88' lang='lat' dir='ltr'><strong>quod</strong></span> <span class='ocrx_word' id='word_1_80' title='bbox 1544 1381 1616 1437; x_wconf 91' lang='lat' dir='ltr'><strong>de</strong></span> 
     </span>
    </p>
   </div>
   <div class='ocr_carea' id='block_1_23' title="bbox 403 1454 1566 1524">
    <p class='ocr_par' dir='ltr' id='par_1_23' title="bbox 403 1454 1566 1524">
     <span class='ocr_line' id='line_1_23' title="bbox 403 1454 1566 1524; baseline -0.004 -12"><span class='ocrx_word' id='word_1_81' title='bbox 403 1459 702 1513; x_wconf 90' lang='lat' dir='ltr'><strong>henderent</strong></span> <span class='ocrx_word' id='word_1_82' title='bbox 1239 1454 1566 1524; x_wconf 80' lang='lat' dir='ltr'><strong>pauperibus</strong></span> 
     </span>
    </p>
   </div>
   <div class='ocr_carea' id='block_1_24' title="bbox 403 1524 1683 1605">
    <p class='ocr_par' dir='ltr' id='par_1_24' title="bbox 403 1524 1683 1605">
     <span class='ocr_line' id='line_1_24' title="bbox 403 1524 1683 1605; baseline -0.007 -20"><span class='ocrx_word' id='word_1_83' title='bbox 403 1531 577 1585; x_wconf 89' lang='lat' dir='ltr'><strong>illum.</strong></span> <span class='ocrx_word' id='word_1_84' title='bbox 1238 1539 1368 1605; x_wconf 76' lang='lat' dir='ltr'><strong>cura</strong></span> <span class='ocrx_word' id='word_1_85' title='bbox 1401 1524 1476 1605; x_wconf 75' lang='lat' dir='ltr'><strong>iiii</strong></span> <span class='ocrx_word' id='word_1_86' title='bbox 1504 1532 1652 1605; x_wconf 67' lang='lat' dir='ltr'><strong>esset</strong></span> <span class='ocrx_word' id='word_1_87' title='bbox 1669 1568 1683 1592; x_wconf 93' lang='lat'><strong>,</strong></span> 
     </span>
    </p>
   </div>
   <div class='ocr_carea' id='block_1_25' title="bbox 583 1594 1743 1722">
    <p class='ocr_par' dir='ltr' id='par_1_25' title="bbox 583 1594 1743 1722">
     <span class='ocr_line' id='line_1_25' title="bbox 583 1594 1743 1722; baseline 0.013 -15"><span class='ocrx_word' id='word_1_88' title='bbox 583 1642 814 1699; x_wconf 63' lang='lat' dir='ltr'><strong>eam</strong></span> <span class='ocrx_word' id='word_1_89' title='bbox 866 1641 982 1697; x_wconf 69' lang='lat' dir='ltr'><strong>xu.</strong></span> <span class='ocrx_word' id='word_1_90' title='bbox 1240 1594 1743 1722; x_wconf 65' lang='grc' dir='ltr'><strong>ἒϊ⁶.ί¹ἷ¹¹ῗ¹εξέ¹¹ἰοου-</strong></span> 
     </span>
    </p>
   </div>
   <div class='ocr_carea' id='block_1_26' title="bbox 409 1737 1898 1809">
    <p class='ocr_par' dir='ltr' id='par_1_26' title="bbox 409 1737 1898 1809">
     <span class='ocr_line' id='line_1_26' title="bbox 409 1737 1898 1809; baseline -0.003 -15"><span class='ocrx_word' id='word_1_91' title='bbox 409 1742 462 1794; x_wconf 94' lang='grc'><strong>1.</strong></span> <span class='ocrx_word' id='word_1_92' title='bbox 504 1738 663 1794; x_wconf 86' lang='lat' dir='ltr'><strong>Jesus</strong></span> <span class='ocrx_word' id='word_1_93' title='bbox 689 1745 870 1790; x_wconf 90' lang='lat' dir='ltr'><strong>autem</strong></span> <span class='ocrx_word' id='word_1_94' title='bbox 903 1752 999 1790; x_wconf 87' lang='lat' dir='ltr'><strong>an-</strong></span> <span class='ocrx_word' id='word_1_95' title='bbox 1244 1741 1326 1793; x_wconf 89' lang='lat' dir='ltr'><strong>los</strong></span> <span class='ocrx_word' id='word_1_96' title='bbox 1349 1737 1419 1809; x_wconf 87' lang='lat' dir='ltr'><strong>(e)</strong></span> <span class='ocrx_word' id='word_1_97' title='bbox 1450 1737 1470 1767; x_wconf 82' lang='grc'><strong>³</strong></span> <span class='ocrx_word' id='word_1_98' title='bbox 1505 1780 1518 1792; x_wconf 95' lang='grc'><strong>.</strong></span> <span class='ocrx_word' id='word_1_99' title='bbox 1563 1777 1576 1791; x_wconf 95' lang='grc'><strong>.</strong></span> <span class='ocrx_word' id='word_1_100' title='bbox 1621 1777 1634 1790; x_wconf 98' lang='grc'><strong>.</strong></span> <span class='ocrx_word' id='word_1_101' title='bbox 1681 1777 1694 1791; x_wconf 94' lang='grc'><strong>.</strong></span> <span class='ocrx_word' id='word_1_102' title='bbox 1738 1775 1753 1790; x_wconf 92' lang='grc'><strong>.</strong></span> <span class='ocrx_word' id='word_1_103' title='bbox 1784 1737 1898 1806; x_wconf 59' lang='lat' dir='ltr'><strong>t-j,</strong></span> 
     </span>
    </p>
   </div>
   <div class='ocr_carea' id='block_1_27' title="bbox 407 1809 865 1866">
    <p class='ocr_par' dir='ltr' id='par_1_27' title="bbox 407 1809 865 1866">
     <span class='ocr_line' id='line_1_27' title="bbox 407 1809 865 1866; baseline -0.011 0"><span class='ocrx_word' id='word_1_104' title='bbox 407 1823 460 1866; x_wconf 91' lang='lat' dir='ltr'><strong>te</strong></span> <span class='ocrx_word' id='word_1_105' title='bbox 482 1826 576 1866; x_wconf 84' lang='lat' dir='ltr'><strong>sex</strong></span> <span class='ocrx_word' id='word_1_106' title='bbox 599 1810 714 1864; x_wconf 90' lang='lat' dir='ltr'><strong>dies</strong></span> <span class='ocrx_word' id='word_1_107' title='bbox 737 1809 865 1862; x_wconf 88' lang='lat' dir='ltr'><strong>Pas-</strong></span> 
     </span>
    </p>
   </div>
   <div class='ocr_carea' id='block_1_28' title="bbox 405 1881 761 1937">
    <p class='ocr_par' dir='ltr' id='par_1_28' title="bbox 405 1881 761 1937">
     <span class='ocr_line' id='line_1_28' title="bbox 405 1881 761 1937; baseline -0.011 0"><span class='ocrx_word' id='word_1_108' title='bbox 405 1898 502 1937; x_wconf 89' lang='lat' dir='ltr'><strong>cae</strong></span> <span class='ocrx_word' id='word_1_109' title='bbox 531 1883 681 1935; x_wconf 91' lang='lat' dir='ltr'><strong>venit</strong></span> <span class='ocrx_word' id='word_1_110' title='bbox 709 1881 761 1933; x_wconf 93' lang='lat' dir='ltr'><strong>in</strong></span> 
     </span>
    </p>
   </div>
   <div class='ocr_carea' id='block_1_29' title="bbox 408 1952 762 2016">
    <p class='ocr_par' dir='ltr' id='par_1_29' title="bbox 408 1952 762 2016">
     <span class='ocr_line' id='line_1_29' title="bbox 408 1952 762 2016; baseline -0.006 -9"><span class='ocrx_word' id='word_1_111' title='bbox 408 1952 726 2007; x_wconf 89' lang='lat' dir='ltr'><strong>Bethaniam</strong></span> <span class='ocrx_word' id='word_1_112' title='bbox 748 1994 762 2016; x_wconf 93' lang='lat'><strong>,</strong></span> 
     </span>
    </p>
   </div>
   <div class='ocr_carea' id='block_1_30' title="bbox 407 2022 933 2097">
    <p class='ocr_par' dir='ltr' id='par_1_30' title="bbox 407 2022 933 2097">
     <span class='ocr_line' id='line_1_30' title="bbox 407 2022 933 2097; baseline -0.006 -18"><span class='ocrx_word' id='word_1_113' title='bbox 407 2024 500 2080; x_wconf 90' lang='lat' dir='ltr'><strong>ubi</strong></span> <span class='ocrx_word' id='word_1_114' title='bbox 521 2024 600 2097; x_wconf 88' lang='lat' dir='ltr'><strong>(a)</strong></span> <span class='ocrx_word' id='word_1_115' title='bbox 630 2033 748 2079; x_wconf 89' lang='lat' dir='ltr'><strong>erat</strong></span> <span class='ocrx_word' id='word_1_116' title='bbox 775 2022 933 2077; x_wconf 84' lang='lat' dir='ltr'><strong>Laza-</strong></span> 
     </span>
    </p>
   </div>
   <div class='ocr_carea' id='block_1_31' title="bbox 407 2111 913 2160">
    <p class='ocr_par' dir='ltr' id='par_1_31' title="bbox 407 2111 913 2160">
     <span class='ocr_line' id='line_1_31' title="bbox 407 2111 913 2160; baseline -0.01 -8"><span class='ocrx_word' id='word_1_117' title='bbox 407 2114 499 2152; x_wconf 68' lang='grc' dir='ltr'><strong>ΓΗΒ</strong></span> <span class='ocrx_word' id='word_1_118' title='bbox 521 2139 558 2160; x_wconf 82' lang='lat'><strong>,.</strong></span> <span class='ocrx_word' id='word_1_119' title='bbox 593 2137 606 2152; x_wconf 84' lang='lat'><strong>.</strong></span> <span class='ocrx_word' id='word_1_120' title='bbox 639 2111 759 2150; x_wconf 91' lang='lat' dir='ltr'><strong>uem</strong></span> <span class='ocrx_word' id='word_1_121' title='bbox 792 2111 913 2149; x_wconf 79' lang='lat' dir='ltr'><strong>SUS-</strong></span> 
     </span>
    </p>
   </div>
   <div class='ocr_carea' id='block_1_32' title="bbox 406 2169 896 2224">
    <p class='ocr_par' dir='ltr' id='par_1_32' title="bbox 406 2169 896 2224">
     <span class='ocr_line' id='line_1_32' title="bbox 406 2169 896 2224; baseline -0.008 0"><span class='ocrx_word' id='word_1_122' title='bbox 406 2169 512 2224; x_wconf 89' lang='lat' dir='ltr'><strong>cita</strong></span> <span class='ocrx_word' id='word_1_123' title='bbox 547 2206 560 2219; x_wconf 93' lang='lat'><strong>.</strong></span> <span class='ocrx_word' id='word_1_124' title='bbox 593 2209 612 2224; x_wconf 89' lang='lat'><strong>.</strong></span> <span class='ocrx_word' id='word_1_125' title='bbox 647 2209 658 2220; x_wconf 94' lang='lat'><strong>.</strong></span> <span class='ocrx_word' id='word_1_126' title='bbox 692 2182 722 2220; x_wconf 90' lang='lat' dir='ltr'><strong>a</strong></span> <span class='ocrx_word' id='word_1_127' title='bbox 752 2181 896 2221; x_wconf 80' lang='lat' dir='ltr'><strong>mor-</strong></span> 
     </span>
    </p>
   </div>
   <div class='ocr_carea' id='block_1_33' title="bbox 409 2240 1022 2293">
    <p class='ocr_par' dir='ltr' id='par_1_33' title="bbox 409 2240 1022 2293">
     <span class='ocr_line' id='line_1_33' title="bbox 409 2240 1022 2293; baseline -0.007 0"><span class='ocrx_word' id='word_1_128' title='bbox 409 2240 463 2293; x_wconf 65' lang='lat'><strong>“2.</strong></span> <span class='ocrx_word' id='word_1_129' title='bbox 510 2240 615 2293; x_wconf 85' lang='lat' dir='ltr'><strong>luis</strong></span> <span class='ocrx_word' id='word_1_130' title='bbox 647 2241 696 2290; x_wconf 72' lang='grc'><strong>³.</strong></span> <span class='ocrx_word' id='word_1_131' title='bbox 735 2279 747 2290; x_wconf 97' lang='grc'><strong>.</strong></span> <span class='ocrx_word' id='word_1_132' title='bbox 790 2279 802 2290; x_wconf 97' lang='grc'><strong>.</strong></span> <span class='ocrx_word' id='word_1_133' title='bbox 830 2244 1022 2293; x_wconf 89' lang='lat' dir='ltr'><strong>cerunt</strong></span> 
     </span>
    </p>
   </div>
   <div class='ocr_carea' id='block_1_34' title="bbox 408 2312 833 2366">
    <p class='ocr_par' dir='ltr' id='par_1_34' title="bbox 408 2312 833 2366">
     <span class='ocr_line' id='line_1_34' title="bbox 408 2312 833 2366; baseline -0.005 -1"><span class='ocrx_word' id='word_1_134' title='bbox 408 2312 486 2366; x_wconf 86' lang='lat' dir='ltr'><strong>illi</strong></span> <span class='ocrx_word' id='word_1_135' title='bbox 514 2325 705 2364; x_wconf 92' lang='lat' dir='ltr'><strong>cenam</strong></span> <span class='ocrx_word' id='word_1_136' title='bbox 733 2326 746 2364; x_wconf 92' lang='lat'><strong>:</strong></span> <span class='ocrx_word' id='word_1_137' title='bbox 778 2318 833 2363; x_wconf 91' lang='lat' dir='ltr'><strong>et</strong></span> 
     </span>
    </p>
   </div>
   <div class='ocr_carea' id='block_1_35' title="bbox 412 2380 844 2438">
    <p class='ocr_par' dir='ltr' id='par_1_35' title="bbox 412 2380 844 2438">
     <span class='ocr_line' id='line_1_35' title="bbox 412 2380 844 2438; baseline -0.007 0"><span class='ocrx_word' id='word_1_138' title='bbox 412 2381 621 2438; x_wconf 82' lang='lat' dir='ltr'><strong>Martha</strong></span> <span class='ocrx_word' id='word_1_139' title='bbox 655 2380 844 2436; x_wconf 92' lang='lat' dir='ltr'><strong>minis-</strong></span> 
     </span>
    </p>
   </div>
   <div class='ocr_carea' id='block_1_36' title="bbox 412 2452 812 2512">
    <p class='ocr_par' dir='ltr' id='par_1_36' title="bbox 412 2452 812 2512">
     <span class='ocr_line' id='line_1_36' title="bbox 412 2452 812 2512; baseline -0.008 -3"><span class='ocrx_word' id='word_1_140' title='bbox 412 2455 610 2512; x_wconf 90' lang='lat' dir='ltr'><strong>trabat,</strong></span> <span class='ocrx_word' id='word_1_141' title='bbox 641 2452 812 2506; x_wconf 85' lang='lat' dir='ltr'><strong>Laza-</strong></span> 
     </span>
    </p>
   </div>
   <div class='ocr_carea' id='block_1_37' title="bbox 415 2537 817 2580">
    <p class='ocr_par' dir='ltr' id='par_1_37' title="bbox 415 2537 817 2580">
     <span class='ocr_line' id='line_1_37' title="bbox 415 2537 817 2580; baseline -0.002 0"><span class='ocrx_word' id='word_1_142' title='bbox 415 2542 508 2580; x_wconf 82' lang='lat' dir='ltr'><strong>I&#39;IIS</strong></span> <span class='ocrx_word' id='word_1_143' title='bbox 543 2537 724 2578; x_wconf 88' lang='lat' dir='ltr'><strong>autem</strong></span> <span class='ocrx_word' id='word_1_144' title='bbox 755 2540 817 2579; x_wconf 82' lang='grc' dir='ltr'><strong>ιι-</strong></span> 
     </span>
    </p>
   </div>
   <div class='ocr_carea' id='block_1_38' title="bbox 415 2595 751 2651">
    <p class='ocr_par' dir='ltr' id='par_1_38' title="bbox 415 2595 751 2651">
     <span class='ocr_line' id='line_1_38' title="bbox 415 2595 751 2651; baseline -0.009 0"><span class='ocrx_word' id='word_1_145' title='bbox 415 2612 517 2651; x_wconf 88' lang='lat' dir='ltr'><strong>nus</strong></span> <span class='ocrx_word' id='word_1_146' title='bbox 544 2604 662 2650; x_wconf 89' lang='lat' dir='ltr'><strong>erat</strong></span> <span class='ocrx_word' id='word_1_147' title='bbox 682 2595 751 2649; x_wconf 89' lang='lat' dir='ltr'><strong>de</strong></span> 
     </span>
    </p>
   </div>
   <div class='ocr_carea' id='block_1_39' title="bbox 1245 1809 1739 1878">
    <p class='ocr_par' dir='ltr' id='par_1_39' title="bbox 1245 1809 1739 1878">
     <span class='ocr_line' id='line_1_39' title="bbox 1245 1809 1739 1878; baseline -0.002 -14"><span class='ocrx_word' id='word_1_148' title='bbox 1245 1819 1300 1865; x_wconf 84' lang='lat' dir='ltr'><strong>et</strong></span> <span class='ocrx_word' id='word_1_149' title='bbox 1325 1825 1384 1864; x_wconf 75' lang='lat' dir='ltr'><strong>ea</strong></span> <span class='ocrx_word' id='word_1_150' title='bbox 1406 1851 1420 1876; x_wconf 95' lang='lat'><strong>,</strong></span> <span class='ocrx_word' id='word_1_151' title='bbox 1446 1823 1584 1878; x_wconf 90' lang='lat' dir='ltr'><strong>quae</strong></span> <span class='ocrx_word' id='word_1_152' title='bbox 1617 1809 1739 1863; x_wconf 91' lang='lat' dir='ltr'><strong>mit-</strong></span> 
     </span>
    </p>
   </div>
   <div class='ocr_carea' id='block_1_40' title="bbox 1248 1883 1652 1944">
    <p class='ocr_par' dir='ltr' id='par_1_40' title="bbox 1248 1883 1652 1944">
     <span class='ocr_line' id='line_1_40' title="bbox 1248 1883 1652 1944; baseline -0.005 -8"><span class='ocrx_word' id='word_1_153' title='bbox 1248 1883 1522 1944; x_wconf 90' lang='lat' dir='ltr'><strong>tebantur,</strong></span> <span class='ocrx_word' id='word_1_154' title='bbox 1557 1894 1652 1934; x_wconf 88' lang='lat' dir='ltr'><strong>au-</strong></span> 
     </span>
    </p>
   </div>
   <div class='ocr_carea' id='block_1_41' title="bbox 1250 1952 1478 2007">
    <p class='ocr_par' dir='ltr' id='par_1_41' title="bbox 1250 1952 1478 2007">
     <span class='ocr_line' id='line_1_41' title="bbox 1250 1952 1478 2007; baseline -0.018 0"><span class='ocrx_word' id='word_1_155' title='bbox 1250 1952 1478 2007; x_wconf 80' lang='lat' dir='ltr'><strong>ferebat.</strong></span> 
     </span>
    </p>
   </div>
   <div class='ocr_carea' id='block_1_42' title="bbox 1251 2020 2019 2094">
    <p class='ocr_par' dir='ltr' id='par_1_42' title="bbox 1251 2020 2019 2094">
     <span class='ocr_line' id='line_1_42' title="bbox 1251 2020 2019 2094; baseline 0 -17"><span class='ocrx_word' id='word_1_156' title='bbox 1251 2026 1304 2078; x_wconf 91' lang='lat'><strong>7.</strong></span> <span class='ocrx_word' id='word_1_157' title='bbox 1320 2022 1578 2079; x_wconf 87' lang='lat' dir='ltr'><strong>AitJesus</strong></span> <span class='ocrx_word' id='word_1_158' title='bbox 1596 2040 1609 2080; x_wconf 91' lang='lat'><strong>:</strong></span> <span class='ocrx_word' id='word_1_159' title='bbox 1629 2020 2019 2094; x_wconf 82' lang='lat' dir='ltr'><strong>Dim..(f)&quot;.tite</strong></span> 
     </span>
    </p>
   </div>
   <div class='ocr_carea' id='block_1_43' title="bbox 1254 2095 1575 2150">
    <p class='ocr_par' dir='ltr' id='par_1_43' title="bbox 1254 2095 1575 2150">
     <span class='ocr_line' id='line_1_43' title="bbox 1254 2095 1575 2150; baseline 0 0"><span class='ocrx_word' id='word_1_160' title='bbox 1254 2097 1399 2150; x_wconf 85' lang='lat' dir='ltr'><strong>illam</strong></span> <span class='ocrx_word' id='word_1_161' title='bbox 1432 2104 1490 2149; x_wconf 91' lang='lat' dir='ltr'><strong>ut</strong></span> <span class='ocrx_word' id='word_1_162' title='bbox 1517 2095 1575 2150; x_wconf 91' lang='lat' dir='ltr'><strong>in</strong></span> 
     </span>
    </p>
   </div>
   <div class='ocr_carea' id='block_1_44' title="bbox 1253 2167 1662 2236">
    <p class='ocr_par' dir='ltr' id='par_1_44' title="bbox 1253 2167 1662 2236">
     <span class='ocr_line' id='line_1_44' title="bbox 1253 2167 1662 2236; baseline -0.01 -12"><span class='ocrx_word' id='word_1_163' title='bbox 1253 2167 1396 2224; x_wconf 90' lang='lat' dir='ltr'><strong>diem</strong></span> <span class='ocrx_word' id='word_1_164' title='bbox 1425 2168 1662 2236; x_wconf 88' lang='lat' dir='ltr'><strong>sepultu-</strong></span> 
     </span>
    </p>
   </div>
   <div class='ocr_carea' id='block_1_45' title="bbox 1254 2253 1674 2294">
    <p class='ocr_par' dir='ltr' id='par_1_45' title="bbox 1254 2253 1674 2294">
     <span class='ocr_line' id='line_1_45' title="bbox 1254 2253 1674 2294; baseline -0.005 0"><span class='ocrx_word' id='word_1_165' title='bbox 1254 2254 1348 2294; x_wconf 87' lang='lat' dir='ltr'><strong>rae</strong></span> <span class='ocrx_word' id='word_1_166' title='bbox 1375 2254 1527 2293; x_wconf 91' lang='lat' dir='ltr'><strong>meae</strong></span> <span class='ocrx_word' id='word_1_167' title='bbox 1557 2253 1674 2293; x_wconf 88' lang='lat' dir='ltr'><strong>ser-</strong></span> 
     </span>
    </p>
   </div>
   <div class='ocr_carea' id='block_1_46' title="bbox 1255 2309 1787 2366">
    <p class='ocr_par' dir='ltr' id='par_1_46' title="bbox 1255 2309 1787 2366">
     <span class='ocr_line' id='line_1_46' title="bbox 1255 2309 1787 2366; baseline -0.008 0"><span class='ocrx_word' id='word_1_168' title='bbox 1255 2313 1311 2366; x_wconf 92' lang='lat'><strong>8.</strong></span> <span class='ocrx_word' id='word_1_169' title='bbox 1368 2321 1456 2365; x_wconf 90' lang='lat' dir='ltr'><strong>vet</strong></span> <span class='ocrx_word' id='word_1_170' title='bbox 1483 2311 1620 2364; x_wconf 91' lang='lat' dir='ltr'><strong>illut.</strong></span> <span class='ocrx_word' id='word_1_171' title='bbox 1649 2309 1787 2363; x_wconf 86' lang='lat' dir='ltr'><strong>Pau-</strong></span> 
     </span>
    </p>
   </div>
   <div class='ocr_carea' id='block_1_47' title="bbox 1258 2385 1589 2453">
    <p class='ocr_par' dir='ltr' id='par_1_47' title="bbox 1258 2385 1589 2453">
     <span class='ocr_line' id='line_1_47' title="bbox 1258 2385 1589 2453; baseline -0.009 -15"><span class='ocrx_word' id='word_1_172' title='bbox 1258 2397 1417 2453; x_wconf 92' lang='lat' dir='ltr'><strong>peres</strong></span> <span class='ocrx_word' id='word_1_173' title='bbox 1444 2385 1589 2437; x_wconf 92' lang='lat' dir='ltr'><strong>enim</strong></span> 
     </span>
    </p>
   </div>
   <div class='ocr_carea' id='block_1_48' title="bbox 1253 2451 1712 2522">
    <p class='ocr_par' dir='ltr' id='par_1_48' title="bbox 1253 2451 1712 2522">
     <span class='ocr_line' id='line_1_48' title="bbox 1253 2451 1712 2522; baseline -0.002 -13"><span class='ocrx_word' id='word_1_174' title='bbox 1253 2451 1472 2522; x_wconf 84' lang='lat' dir='ltr'><strong>semper</strong></span> <span class='ocrx_word' id='word_1_175' title='bbox 1494 2454 1514 2484; x_wconf 81' lang='grc'>⁸</span> <span class='ocrx_word' id='word_1_176' title='bbox 1546 2451 1712 2508; x_wconf 88' lang='lat' dir='ltr'><strong>habe-</strong></span> 
     </span>
    </p>
   </div>
   <div class='ocr_carea' id='block_1_49' title="bbox 1257 2525 1677 2580">
    <p class='ocr_par' dir='ltr' id='par_1_49' title="bbox 1257 2525 1677 2580">
     <span class='ocr_line' id='line_1_49' title="bbox 1257 2525 1677 2580; baseline -0.005 -1"><span class='ocrx_word' id='word_1_177' title='bbox 1257 2526 1323 2580; x_wconf 91' lang='lat' dir='ltr'><strong>tis</strong></span> <span class='ocrx_word' id='word_1_178' title='bbox 1353 2525 1632 2580; x_wconf 82' lang='lat' dir='ltr'><strong>vobiscum</strong></span> <span class='ocrx_word' id='word_1_179' title='bbox 1665 2542 1677 2577; x_wconf 93' lang='lat'><strong>:</strong></span> 
     </span>
    </p>
   </div>
   <div class='ocr_carea' id='block_1_50' title="bbox 1256 2607 1549 2652">
    <p class='ocr_par' dir='ltr' id='par_1_50' title="bbox 1256 2607 1549 2652">
     <span class='ocr_line' id='line_1_50' title="bbox 1256 2607 1549 2652; baseline 0 -2"><span class='ocrx_word' id='word_1_180' title='bbox 1256 2612 1343 2652; x_wconf 90' lang='lat' dir='ltr'><strong>me</strong></span> <span class='ocrx_word' id='word_1_181' title='bbox 1368 2607 1549 2651; x_wconf 88' lang='lat' dir='ltr'><strong>autem</strong></span> 
     </span>
    </p>
   </div>
   <div class='ocr_carea' id='block_1_51' title="bbox 412 2669 1616 2738">
    <p class='ocr_par' dir='ltr' id='par_1_51' title="bbox 412 2669 1616 2738">
     <span class='ocr_line' id='line_1_51' title="bbox 412 2669 1616 2738; baseline -0.002 -14"><span class='ocrx_word' id='word_1_182' title='bbox 412 2669 763 2724; x_wconf 89' lang='lat' dir='ltr'><strong>discumben-</strong></span> <span class='ocrx_word' id='word_1_183' title='bbox 1259 2686 1364 2722; x_wconf 85' lang='lat' dir='ltr'><strong>non</strong></span> <span class='ocrx_word' id='word_1_184' title='bbox 1397 2683 1616 2738; x_wconf 84' lang='lat' dir='ltr'><strong>semper</strong></span> 
     </span>
    </p>
   </div>
   <div class='ocr_carea' id='block_1_52' title="bbox 414 2739 1545 2795">
    <p class='ocr_par' dir='ltr' id='par_1_52' title="bbox 414 2739 1545 2795">
     <span class='ocr_line' id='line_1_52' title="bbox 414 2739 1545 2795; baseline -0.001 -1"><span class='ocrx_word' id='word_1_185' title='bbox 414 2741 581 2795; x_wconf 88' lang='lat' dir='ltr'><strong>tibus.</strong></span> <span class='ocrx_word' id='word_1_186' title='bbox 1259 2739 1545 2794; x_wconf 91' lang='lat' dir='ltr'><strong>habebitis.</strong></span> 
     </span>
    </p>
   </div>
   <div class='ocr_carea' id='block_1_53' title="bbox 415 2809 1762 2867">
    <p class='ocr_par' dir='ltr' id='par_1_53' title="bbox 415 2809 1762 2867">
     <span class='ocr_line' id='line_1_53' title="bbox 415 2809 1762 2867; baseline -0.001 -1"><span class='ocrx_word' id='word_1_187' title='bbox 415 2813 468 2867; x_wconf 79' lang='grc'><strong>5.</strong></span> <span class='ocrx_word' id='word_1_188' title='bbox 514 2809 680 2865; x_wconf 87' lang='lat' dir='ltr'><strong>Maria</strong></span> <span class='ocrx_word' id='word_1_189' title='bbox 709 2817 889 2864; x_wconf 90' lang='lat' dir='ltr'><strong>autem</strong></span> <span class='ocrx_word' id='word_1_190' title='bbox 1257 2810 1311 2864; x_wconf 91' lang='lat'><strong>9.</strong></span> <span class='ocrx_word' id='word_1_191' title='bbox 1373 2810 1552 2866; x_wconf 88' lang='lat' dir='ltr'><strong>Turba</strong></span> <span class='ocrx_word' id='word_1_192' title='bbox 1582 2818 1762 2865; x_wconf 89' lang='lat' dir='ltr'><strong>autem</strong></span> 
     </span>
    </p>
   </div>
   <div class='ocr_carea' id='block_1_54' title="bbox 419 2880 1639 2952">
    <p class='ocr_par' dir='ltr' id='par_1_54' title="bbox 419 2880 1639 2952">
     <span class='ocr_line' id='line_1_54' title="bbox 419 2880 1639 2952; baseline -0.002 -16"><span class='ocrx_word' id='word_1_193' title='bbox 419 2883 635 2952; x_wconf 85' lang='lat' dir='ltr'><strong>accepit</strong></span> <span class='ocrx_word' id='word_1_194' title='bbox 663 2881 860 2936; x_wconf 90' lang='lat' dir='ltr'><strong>libram</strong></span> <span class='ocrx_word' id='word_1_195' title='bbox 1258 2881 1425 2935; x_wconf 89' lang='lat' dir='ltr'><strong>multa</strong></span> <span class='ocrx_word' id='word_1_196' title='bbox 1455 2896 1519 2952; x_wconf 71' lang='lat' dir='ltr'><strong>ex</strong></span> <span class='ocrx_word' id='word_1_197' title='bbox 1547 2880 1639 2936; x_wconf 88' lang='lat' dir='ltr'><strong>Ju-</strong></span> 
     </span>
    </p>
   </div>
   <div class='ocr_carea' id='block_1_55' title="bbox 415 2951 1777 3022">
    <p class='ocr_par' dir='ltr' id='par_1_55' title="bbox 415 2951 1777 3022">
     <span class='ocr_line' id='line_1_55' title="bbox 415 2951 1777 3022; baseline -0.001 -14"><span class='ocrx_word' id='word_1_198' title='bbox 415 2951 572 3009; x_wconf 87' lang='lat' dir='ltr'><strong>nardi</strong></span> <span class='ocrx_word' id='word_1_199' title='bbox 606 2968 782 3022; x_wconf 81' lang='lat' dir='ltr'><strong>ungu—</strong></span> <span class='ocrx_word' id='word_1_200' title='bbox 1258 2952 1412 3007; x_wconf 84' lang='lat' dir='ltr'><strong>dacis</strong></span> <span class='ocrx_word' id='word_1_201' title='bbox 1437 2951 1514 3022; x_wconf 87' lang='lat' dir='ltr'><strong>(g)</strong></span> <span class='ocrx_word' id='word_1_202' title='bbox 1541 2952 1713 3006; x_wconf 88' lang='lat' dir='ltr'><strong>audiit</strong></span> <span class='ocrx_word' id='word_1_203' title='bbox 1737 2951 1777 3022; x_wconf 68' lang='grc' dir='ltr'><strong>’ξ-</strong></span> 
     </span>
    </p>
   </div>
   <div class='ocr_carea' id='block_1_56' title="bbox 417 3023 1739 3091">
    <p class='ocr_par' dir='ltr' id='par_1_56' title="bbox 417 3023 1739 3091">
     <span class='ocr_line' id='line_1_56' title="bbox 417 3023 1739 3091; baseline -0.004 -10"><span class='ocrx_word' id='word_1_204' title='bbox 417 3025 562 3090; x_wconf 92' lang='lat' dir='ltr'><strong>enti,</strong></span> <span class='ocrx_word' id='word_1_205' title='bbox 599 3034 654 3078; x_wconf 90' lang='lat' dir='ltr'><strong>et</strong></span> <span class='ocrx_word' id='word_1_206' title='bbox 681 3025 835 3079; x_wconf 82' lang='lat' dir='ltr'><strong>unxit</strong></span> <span class='ocrx_word' id='word_1_207' title='bbox 1258 3027 1381 3091; x_wconf 88' lang='lat' dir='ltr'><strong>quia</strong></span> <span class='ocrx_word' id='word_1_208' title='bbox 1423 3023 1496 3078; x_wconf 86' lang='lat' dir='ltr'><strong>ibi</strong></span> <span class='ocrx_word' id='word_1_209' title='bbox 1527 3033 1611 3078; x_wconf 91' lang='lat' dir='ltr'><strong>est</strong></span> <span class='ocrx_word' id='word_1_210' title='bbox 1640 3041 1653 3078; x_wconf 89' lang='lat'>:</span> <span class='ocrx_word' id='word_1_211' title='bbox 1685 3032 1739 3078; x_wconf 90' lang='lat' dir='ltr'><strong>et</strong></span> 
     </span>
    </p>
   </div>
   <div class='ocr_carea' id='block_1_57' title="bbox 419 3095 1557 3168">
    <p class='ocr_par' dir='ltr' id='par_1_57' title="bbox 419 3095 1557 3168">
     <span class='ocr_line' id='line_1_57' title="bbox 419 3095 1557 3168; baseline -0.002 -17"><span class='ocrx_word' id='word_1_212' title='bbox 419 3097 586 3168; x_wconf 90' lang='lat' dir='ltr'><strong>pedes</strong></span> <span class='ocrx_word' id='word_1_213' title='bbox 607 3095 734 3151; x_wconf 84' lang='lat' dir='ltr'><strong>Jesu</strong></span> <span class='ocrx_word' id='word_1_214' title='bbox 757 3137 770 3158; x_wconf 90' lang='lat'><strong>,</strong></span> <span class='ocrx_word' id='word_1_215' title='bbox 804 3105 936 3168; x_wconf 41' lang='lat' dir='ltr'><strong>et-</strong></span> <span class='ocrx_word' id='word_1_216' title='bbox 1257 3103 1557 3158; x_wconf 87' lang='lat' dir='ltr'><strong>venerunt,</strong></span> 
     </span>
    </p>
   </div>
   <div class='ocr_carea' id='block_1_58' title="bbox 419 3166 970 3236">
    <p class='ocr_par' dir='ltr' id='par_1_58' title="bbox 419 3166 970 3236">
     <span class='ocr_line' id='line_1_58' title="bbox 419 3166 970 3236; baseline -0.005 -14"><span class='ocrx_word' id='word_1_217' title='bbox 419 3166 504 3224; x_wconf 78' lang='lat' dir='ltr'><strong>ter</strong></span> <span class='ocrx_word' id='word_1_218' title='bbox 547 3209 559 3221; x_wconf 96' lang='lat'><strong>.</strong></span> <span class='ocrx_word' id='word_1_219' title='bbox 605 3207 617 3220; x_wconf 95' lang='lat'><strong>.</strong></span> <span class='ocrx_word' id='word_1_220' title='bbox 657 3177 674 3220; x_wconf 90' lang='lat' dir='ltr'><strong>t</strong></span> <span class='ocrx_word' id='word_1_221' title='bbox 719 3208 730 3219; x_wconf 97' lang='lat'><strong>.</strong></span> <span class='ocrx_word' id='word_1_222' title='bbox 777 3207 790 3220; x_wconf 98' lang='lat'><strong>.</strong></span> <span class='ocrx_word' id='word_1_223' title='bbox 823 3166 970 3236; x_wconf 91' lang='lat' dir='ltr'><strong>pillis</strong></span> 
     </span>
    </p>
   </div>
   <div class='ocr_carea' id='block_1_59' title="bbox 419 3238 918 3308">
    <p class='ocr_par' dir='ltr' id='par_1_59' title="bbox 419 3238 918 3308">
     <span class='ocr_line' id='line_1_59' title="bbox 419 3238 918 3308; baseline -0.008 -14"><span class='ocrx_word' id='word_1_224' title='bbox 419 3240 532 3294; x_wconf 87' lang='lat' dir='ltr'><strong>suis</strong></span> <span class='ocrx_word' id='word_1_225' title='bbox 560 3239 726 3308; x_wconf 88' lang='lat' dir='ltr'><strong>pedes</strong></span> <span class='ocrx_word' id='word_1_226' title='bbox 757 3238 876 3306; x_wconf 89' lang='lat' dir='ltr'><strong>ejus</strong></span> <span class='ocrx_word' id='word_1_227' title='bbox 905 3255 918 3290; x_wconf 91' lang='lat'><strong>:</strong></span> 
     </span>
    </p>
   </div>
   <div class='ocr_carea' id='block_1_60' title="bbox 418 3309 831 3366">
    <p class='ocr_par' dir='ltr' id='par_1_60' title="bbox 418 3309 831 3366">
     <span class='ocr_line' id='line_1_60' title="bbox 418 3309 831 3366; baseline -0.01 0"><span class='ocrx_word' id='word_1_228' title='bbox 418 3321 474 3366; x_wconf 90' lang='lat' dir='ltr'><strong>et</strong></span> <span class='ocrx_word' id='word_1_229' title='bbox 504 3309 698 3365; x_wconf 88' lang='lat' dir='ltr'><strong>domus</strong></span> <span class='ocrx_word' id='word_1_230' title='bbox 724 3311 831 3362; x_wconf 86' lang='lat' dir='ltr'><strong>im-</strong></span> 
     </span>
    </p>
   </div>
   <div class='ocr_carea' id='block_1_61' title="bbox 423 3380 833 3452">
    <p class='ocr_par' dir='ltr' id='par_1_61' title="bbox 423 3380 833 3452">
     <span class='ocr_line' id='line_1_61' title="bbox 423 3380 833 3452; baseline 0 -17"><span class='ocrx_word' id='word_1_231' title='bbox 423 3382 569 3452; x_wconf 90' lang='lat' dir='ltr'><strong>pleta</strong></span> <span class='ocrx_word' id='word_1_232' title='bbox 595 3390 678 3435; x_wconf 90' lang='lat' dir='ltr'><strong>est</strong></span> <span class='ocrx_word' id='word_1_233' title='bbox 697 3380 833 3435; x_wconf 85' lang='lat' dir='ltr'><strong>odo-</strong></span> 
     </span>
    </p>
   </div>
   <div class='ocr_carea' id='block_1_62' title="bbox 422 3467 760 3522">
    <p class='ocr_par' dir='ltr' id='par_1_62' title="bbox 422 3467 760 3522">
     <span class='ocr_line' id='line_1_62' title="bbox 422 3467 760 3522; baseline -0.003 -15"><span class='ocrx_word' id='word_1_234' title='bbox 422 3468 482 3507; x_wconf 90' lang='lat' dir='ltr'><strong>re</strong></span> <span class='ocrx_word' id='word_1_235' title='bbox 502 3467 760 3522; x_wconf 77' lang='lat' dir='ltr'><strong>unguen-</strong></span> 
     </span>
    </p>
   </div>
   <div class='ocr_carea' id='block_1_63' title="bbox 419 3523 862 3579">
    <p class='ocr_par' dir='ltr' id='par_1_63' title="bbox 419 3523 862 3579">
     <span class='ocr_line' id='line_1_63' title="bbox 419 3523 862 3579; baseline 0 -1"><span class='ocrx_word' id='word_1_236' title='bbox 419 3523 476 3578; x_wconf 76' lang='grc'><strong>4.</strong></span> <span class='ocrx_word' id='word_1_237' title='bbox 535 3525 594 3579; x_wconf 91' lang='lat' dir='ltr'><strong>ti.</strong></span> <span class='ocrx_word' id='word_1_238' title='bbox 629 3525 769 3579; x_wconf 89' lang='lat' dir='ltr'><strong>Dicit</strong></span> <span class='ocrx_word' id='word_1_239' title='bbox 797 3541 862 3578; x_wconf 90' lang='lat' dir='ltr'><strong>u-</strong></span> 
     </span>
    </p>
   </div>
   <div class='ocr_carea' id='block_1_64' title="bbox 423 3596 818 3653">
    <p class='ocr_par' dir='ltr' id='par_1_64' title="bbox 423 3596 818 3653">
     <span class='ocr_line' id='line_1_64' title="bbox 423 3596 818 3653; baseline 0 -2"><span class='ocrx_word' id='word_1_240' title='bbox 423 3612 527 3653; x_wconf 91' lang='lat' dir='ltr'><strong>nus</strong></span> <span class='ocrx_word' id='word_1_241' title='bbox 555 3612 622 3652; x_wconf 84' lang='lat' dir='ltr'><strong>ex</strong></span> <span class='ocrx_word' id='word_1_242' title='bbox 653 3596 818 3652; x_wconf 90' lang='lat' dir='ltr'><strong>disci-</strong></span> 
     </span>
    </p>
   </div>
   <div class='ocr_carea' id='block_1_65' title="bbox 1259 3177 1616 3235">
    <p class='ocr_par' dir='ltr' id='par_1_65' title="bbox 1259 3177 1616 3235">
     <span class='ocr_line' id='line_1_65' title="bbox 1259 3177 1616 3235; baseline 0 -15"><span class='ocrx_word' id='word_1_243' title='bbox 1259 3179 1365 3220; x_wconf 91' lang='lat' dir='ltr'><strong>non</strong></span> <span class='ocrx_word' id='word_1_244' title='bbox 1397 3177 1616 3235; x_wconf 87' lang='lat' dir='ltr'><strong>propter</strong></span> 
     </span>
    </p>
   </div>
   <div class='ocr_carea' id='block_1_66' title="bbox 1260 3236 1679 3302">
    <p class='ocr_par' dir='ltr' id='par_1_66' title="bbox 1260 3236 1679 3302">
     <span class='ocr_line' id='line_1_66' title="bbox 1260 3236 1679 3302; baseline 0 -11"><span class='ocrx_word' id='word_1_245' title='bbox 1260 3236 1445 3291; x_wconf 85' lang='lat' dir='ltr'><strong>Jesum</strong></span> <span class='ocrx_word' id='word_1_246' title='bbox 1477 3237 1679 3302; x_wconf 87' lang='lat' dir='ltr'><strong>solum,</strong></span> 
     </span>
    </p>
   </div>
   <div class='ocr_carea' id='block_1_67' title="bbox 1264 3307 1724 3363">
    <p class='ocr_par' dir='ltr' id='par_1_67' title="bbox 1264 3307 1724 3363">
     <span class='ocr_line' id='line_1_67' title="bbox 1264 3307 1724 3363; baseline 0 -1"><span class='ocrx_word' id='word_1_247' title='bbox 1264 3307 1360 3362; x_wconf 90' lang='lat' dir='ltr'><strong>sed</strong></span> <span class='ocrx_word' id='word_1_248' title='bbox 1391 3319 1447 3362; x_wconf 89' lang='lat' dir='ltr'><strong>ut</strong></span> <span class='ocrx_word' id='word_1_249' title='bbox 1474 3307 1666 3363; x_wconf 85' lang='lat' dir='ltr'><strong>Lazar.</strong></span> <span class='ocrx_word' id='word_1_250' title='bbox 1711 3348 1724 3362; x_wconf 93' lang='lat'><strong>.</strong></span> 
     </span>
    </p>
   </div>
   <div class='ocr_carea' id='block_1_68' title="bbox 1263 3379 1737 3450">
    <p class='ocr_par' dir='ltr' id='par_1_68' title="bbox 1263 3379 1737 3450">
     <span class='ocr_line' id='line_1_68' title="bbox 1263 3379 1737 3450; baseline -0.004 -16"><span class='ocrx_word' id='word_1_251' title='bbox 1263 3379 1536 3445; x_wconf 84' lang='lat' dir='ltr'><strong>viderent,</strong></span> <span class='ocrx_word' id='word_1_252' title='bbox 1565 3395 1621 3450; x_wconf 93' lang='lat' dir='ltr'><strong>q.</strong></span> <span class='ocrx_word' id='word_1_253' title='bbox 1666 3420 1678 3433; x_wconf 96' lang='lat'><strong>.</strong></span> <span class='ocrx_word' id='word_1_254' title='bbox 1725 3418 1737 3432; x_wconf 96' lang='lat'><strong>.</strong></span> 
     </span>
    </p>
   </div>
   <div class='ocr_carea' id='block_1_69' title="bbox 1263 3451 1577 3506">
    <p class='ocr_par' dir='ltr' id='par_1_69' title="bbox 1263 3451 1577 3506">
     <span class='ocr_line' id='line_1_69' title="bbox 1263 3451 1577 3506; baseline -0.01 0"><span class='ocrx_word' id='word_1_255' title='bbox 1263 3451 1519 3506; x_wconf 89' lang='lat' dir='ltr'><strong>suscitav.</strong></span> <span class='ocrx_word' id='word_1_256' title='bbox 1566 3491 1577 3503; x_wconf 94' lang='lat'><strong>.</strong></span> 
     </span>
    </p>
   </div>
   <div class='ocr_carea' id='block_1_70' title="bbox 1265 3522 1565 3577">
    <p class='ocr_par' dir='ltr' id='par_1_70' title="bbox 1265 3522 1565 3577">
     <span class='ocr_line' id='line_1_70' title="bbox 1265 3522 1565 3577; baseline -0.007 0"><span class='ocrx_word' id='word_1_257' title='bbox 1265 3538 1294 3576; x_wconf 90' lang='lat' dir='ltr'><strong>a</strong></span> <span class='ocrx_word' id='word_1_258' title='bbox 1320 3522 1565 3577; x_wconf 89' lang='lat' dir='ltr'><strong>mortuis.</strong></span> 
     </span>
    </p>
   </div>
   <div class='ocr_carea' id='block_1_71' title="bbox 1268 3591 1784 3666">
    <p class='ocr_par' dir='ltr' id='par_1_71' title="bbox 1268 3591 1784 3666">
     <span class='ocr_line' id='line_1_71' title="bbox 1268 3591 1784 3666; baseline -0.004 -17"><span class='ocrx_word' id='word_1_259' title='bbox 1268 3593 1354 3650; x_wconf 90' lang='grc'><strong>10.</strong></span> <span class='ocrx_word' id='word_1_260' title='bbox 1393 3591 1784 3666; x_wconf 84' lang='lat' dir='ltr'><strong>Cogitaverunt</strong></span> 
     </span>
    </p>
   </div>
   <div class='ocr_carea' id='block_1_72' title="bbox 931 315 3140 380">
    <p class='ocr_par' dir='ltr' id='par_1_72' title="bbox 931 315 3140 380">
     <span class='ocr_line' id='line_1_72' title="bbox 931 315 3140 380; baseline -0.002 0"><span class='ocrx_word' id='word_1_261' title='bbox 931 320 1197 380; x_wconf 85' lang='lat' dir='ltr'><strong>EUSEBII</strong></span> <span class='ocrx_word' id='word_1_262' title='bbox 1238 318 1572 376; x_wconf 82' lang='lat' dir='ltr'><strong>VERCELL.</strong></span> <span class='ocrx_word' id='word_1_263' title='bbox 1618 317 2066 377; x_wconf 73' lang='lat' dir='ltr'><strong>EVANGEIJUM</strong></span> <span class='ocrx_word' id='word_1_264' title='bbox 2104 318 2247 378; x_wconf 84' lang='lat' dir='ltr'><strong>CUM</strong></span> <span class='ocrx_word' id='word_1_265' title='bbox 2284 319 2516 378; x_wconf 77' lang='lat' dir='ltr'><strong>VARIIS</strong></span> <span class='ocrx_word' id='word_1_266' title='bbox 2552 317 2709 375; x_wconf 89' lang='lat' dir='ltr'><strong>COD.</strong></span> <span class='ocrx_word' id='word_1_267' title='bbox 2749 315 3140 377; x_wconf 80' lang='lat' dir='ltr'><strong>COLLATUM.</strong></span> 
     </span>
    </p>
   </div>
   <div class='ocr_carea' id='block_1_73' title="bbox 3589 317 3702 375">
    <p class='ocr_par' dir='ltr' id='par_1_73' title="bbox 3589 317 3702 375">
     <span class='ocr_line' id='line_1_73' title="bbox 3589 317 3702 375; baseline -0.009 0"><span class='ocrx_word' id='word_1_268' title='bbox 3589 317 3702 375; x_wconf 74' lang='grc'><strong>440</strong></span> 
     </span>
    </p>
   </div>
   <div class='ocr_carea' id='block_1_74' title="bbox 2532 433 3255 492">
    <p class='ocr_par' dir='ltr' id='par_1_74' title="bbox 2532 433 3255 492">
     <span class='ocr_line' id='line_1_74' title="bbox 2532 433 3255 492; baseline 0 -2"><span class='ocrx_word' id='word_1_269' title='bbox 2532 433 2765 490; x_wconf 81' lang='lat' dir='ltr'><strong>CODEX</strong></span> <span class='ocrx_word' id='word_1_270' title='bbox 2805 433 3255 492; x_wconf 83' lang='lat' dir='ltr'><strong>VERONENSIS.</strong></span> 
     </span>
    </p>
   </div>
   <div class='ocr_carea' id='block_1_75' title="bbox 2937 529 3216 599">
    <p class='ocr_par' dir='ltr' id='par_1_75' title="bbox 2937 529 3216 599">
     <span class='ocr_line' id='line_1_75' title="bbox 2937 529 3216 599; baseline -0.004 -17"><span class='ocrx_word' id='word_1_271' title='bbox 2937 529 3216 599; x_wconf 80' lang='lat' dir='ltr'><strong>unguenti.</strong></span> 
     </span>
    </p>
   </div>
   <div class='ocr_carea' id='block_1_76' title="bbox 2936 598 3420 656">
    <p class='ocr_par' dir='ltr' id='par_1_76' title="bbox 2936 598 3420 656">
     <span class='ocr_line' id='line_1_76' title="bbox 2936 598 3420 656; baseline 0.01 -5"><span class='ocrx_word' id='word_1_272' title='bbox 2936 598 2994 652; x_wconf 76' lang='grc'><strong>4.</strong></span> <span class='ocrx_word' id='word_1_273' title='bbox 3022 598 3102 654; x_wconf 80' lang='lat' dir='ltr'><strong>Et</strong></span> <span class='ocrx_word' id='word_1_274' title='bbox 3130 600 3259 656; x_wconf 85' lang='lat' dir='ltr'><strong>dicit</strong></span> <span class='ocrx_word' id='word_1_275' title='bbox 3281 615 3420 656; x_wconf 90' lang='lat' dir='ltr'><strong>unus</strong></span> 
     </span>
    </p>
   </div>
   <div class='ocr_carea' id='block_1_77' title="bbox 2939 670 3316 739">
    <p class='ocr_par' dir='ltr' id='par_1_77' title="bbox 2939 670 3316 739">
     <span class='ocr_line' id='line_1_77' title="bbox 2939 670 3316 739; baseline -0.003 -14"><span class='ocrx_word' id='word_1_276' title='bbox 2939 685 3005 725; x_wconf 71' lang='lat' dir='ltr'><strong>ex</strong></span> <span class='ocrx_word' id='word_1_277' title='bbox 3037 670 3316 739; x_wconf 88' lang='lat' dir='ltr'><strong>discipulis</strong></span> 
     </span>
    </p>
   </div>
   <div class='ocr_carea' id='block_1_78' title="bbox 2940 741 3492 813">
    <p class='ocr_par' dir='ltr' id='par_1_78' title="bbox 2940 741 3492 813">
     <span class='ocr_line' id='line_1_78' title="bbox 2940 741 3492 813; baseline 0.002 -16"><span class='ocrx_word' id='word_1_278' title='bbox 2940 742 3081 812; x_wconf 86' lang='lat' dir='ltr'><strong>ejus,</strong></span> <span class='ocrx_word' id='word_1_279' title='bbox 3113 741 3278 796; x_wconf 77' lang='lat' dir='ltr'><strong>ludas</strong></span> <span class='ocrx_word' id='word_1_280' title='bbox 3302 741 3381 813; x_wconf 74' lang='grc' dir='ltr'><strong>(ιι)</strong></span> <span class='ocrx_word' id='word_1_281' title='bbox 3405 741 3492 798; x_wconf 82' lang='lat' dir='ltr'><strong>Si-</strong></span> 
     </span>
    </p>
   </div>
   <div class='ocr_carea' id='block_1_79' title="bbox 2941 813 3463 884">
    <p class='ocr_par' dir='ltr' id='par_1_79' title="bbox 2941 813 3463 884">
     <span class='ocr_line' id='line_1_79' title="bbox 2941 813 3463 884; baseline 0.002 -17"><span class='ocrx_word' id='word_1_282' title='bbox 2941 830 3065 867; x_wconf 88' lang='lat' dir='ltr'><strong>mon</strong></span> <span class='ocrx_word' id='word_1_283' title='bbox 3099 813 3139 884; x_wconf 74' lang='grc' dir='ltr'><strong>-ι·</strong></span> <span class='ocrx_word' id='word_1_284' title='bbox 3171 815 3463 880; x_wconf 86' lang='lat' dir='ltr'><strong>Scariotes,</strong></span> 
     </span>
    </p>
   </div>
   <div class='ocr_carea' id='block_1_80' title="bbox 2941 885 3356 955">
    <p class='ocr_par' dir='ltr' id='par_1_80' title="bbox 2941 885 3356 955">
     <span class='ocr_line' id='line_1_80' title="bbox 2941 885 3356 955; baseline 0 -17"><span class='ocrx_word' id='word_1_285' title='bbox 2941 885 3032 951; x_wconf 91' lang='lat' dir='ltr'><strong>qui</strong></span> <span class='ocrx_word' id='word_1_286' title='bbox 3062 885 3356 955; x_wconf 88' lang='lat' dir='ltr'><strong>incipiebat</strong></span> 
     </span>
    </p>
   </div>
   <div class='ocr_carea' id='block_1_81' title="bbox 2942 957 3343 1011">
    <p class='ocr_par' dir='ltr' id='par_1_81' title="bbox 2942 957 3343 1011">
     <span class='ocr_line' id='line_1_81' title="bbox 2942 957 3343 1011; baseline -0.002 -2"><span class='ocrx_word' id='word_1_287' title='bbox 2942 971 3064 1009; x_wconf 91' lang='lat' dir='ltr'><strong>eum</strong></span> <span class='ocrx_word' id='word_1_288' title='bbox 3090 957 3302 1011; x_wconf 82' lang='lat' dir='ltr'><strong>tradere</strong></span> <span class='ocrx_word' id='word_1_289' title='bbox 3331 974 3343 1008; x_wconf 90' lang='lat'><strong>:</strong></span> 
     </span>
    </p>
   </div>
   <div class='ocr_carea' id='block_1_82' title="bbox 2944 1027 3473 1094">
    <p class='ocr_par' dir='ltr' id='par_1_82' title="bbox 2944 1027 3473 1094">
     <span class='ocr_line' id='line_1_82' title="bbox 2944 1027 3473 1094; baseline 0.002 -12"><span class='ocrx_word' id='word_1_290' title='bbox 2944 1029 2998 1082; x_wconf 86' lang='lat'><strong>5.</strong></span> <span class='ocrx_word' id='word_1_291' title='bbox 3041 1027 3220 1094; x_wconf 82' lang='lat' dir='ltr'><strong>Quare</strong></span> <span class='ocrx_word' id='word_1_292' title='bbox 3246 1027 3349 1083; x_wconf 91' lang='lat' dir='ltr'><strong>hoc</strong></span> <span class='ocrx_word' id='word_1_293' title='bbox 3371 1043 3473 1083; x_wconf 91' lang='lat' dir='ltr'><strong>un-</strong></span> 
     </span>
    </p>
   </div>
   <div class='ocr_carea' id='block_1_83' title="bbox 2942 1108 3514 1167">
    <p class='ocr_par' dir='ltr' id='par_1_83' title="bbox 2942 1108 3514 1167">
     <span class='ocr_line' id='line_1_83' title="bbox 2942 1108 3514 1167; baseline 0.003 -16"><span class='ocrx_word' id='word_1_294' title='bbox 2942 1108 3202 1167; x_wconf 80' lang='lat' dir='ltr'><strong>guentum</strong></span> <span class='ocrx_word' id='word_1_295' title='bbox 3228 1115 3336 1152; x_wconf 89' lang='lat' dir='ltr'><strong>non</strong></span> <span class='ocrx_word' id='word_1_296' title='bbox 3511 1116 3514 1118; x_wconf 93' lang='grc'><strong>·</strong></span> 
     </span>
    </p>
   </div>
   <div class='ocr_carea' id='block_1_84' title="bbox 2949 1169 3384 1226">
    <p class='ocr_par' dir='ltr' id='par_1_84' title="bbox 2949 1169 3384 1226">
     <span class='ocr_line' id='line_1_84' title="bbox 2949 1169 3384 1226; baseline 0.007 -3"><span class='ocrx_word' id='word_1_297' title='bbox 2949 1171 3118 1224; x_wconf 87' lang='lat' dir='ltr'><strong>veniit</strong></span> <span class='ocrx_word' id='word_1_298' title='bbox 3143 1169 3384 1226; x_wconf 90' lang='lat' dir='ltr'><strong>denariis</strong></span> 
     </span>
    </p>
   </div>
   <div class='ocr_carea' id='block_1_85' title="bbox 2951 1241 3368 1296">
    <p class='ocr_par' dir='ltr' id='par_1_85' title="bbox 2951 1241 3368 1296">
     <span class='ocr_line' id='line_1_85' title="bbox 2951 1241 3368 1296; baseline -0.005 0"><span class='ocrx_word' id='word_1_299' title='bbox 2951 1256 3070 1296; x_wconf 88' lang='lat' dir='ltr'><strong>ccc.</strong></span> <span class='ocrx_word' id='word_1_300' title='bbox 3111 1252 3163 1296; x_wconf 91' lang='lat' dir='ltr'><strong>et</strong></span> <span class='ocrx_word' id='word_1_301' title='bbox 3185 1241 3368 1296; x_wconf 89' lang='lat' dir='ltr'><strong>datum</strong></span> 
     </span>
    </p>
   </div>
   <div class='ocr_carea' id='block_1_86' title="bbox 2946 1312 3430 1381">
    <p class='ocr_par' dir='ltr' id='par_1_86' title="bbox 2946 1312 3430 1381">
     <span class='ocr_line' id='line_1_86' title="bbox 2946 1312 3430 1381; baseline -0.004 -13"><span class='ocrx_word' id='word_1_302' title='bbox 2946 1322 3030 1368; x_wconf 89' lang='lat' dir='ltr'><strong>est</strong></span> <span class='ocrx_word' id='word_1_303' title='bbox 3063 1312 3430 1381; x_wconf 85' lang='lat' dir='ltr'><strong>pauperibus?</strong></span> 
     </span>
    </p>
   </div>
   <div class='ocr_carea' id='block_1_87' title="bbox 2946 1384 3397 1439">
    <p class='ocr_par' dir='ltr' id='par_1_87' title="bbox 2946 1384 3397 1439">
     <span class='ocr_line' id='line_1_87' title="bbox 2946 1384 3397 1439; baseline -0.002 0"><span class='ocrx_word' id='word_1_304' title='bbox 2946 1387 2997 1439; x_wconf 83' lang='lat'><strong>6.</strong></span> <span class='ocrx_word' id='word_1_305' title='bbox 3044 1384 3188 1438; x_wconf 78' lang='lat' dir='ltr'><strong>Dixit</strong></span> <span class='ocrx_word' id='word_1_306' title='bbox 3217 1393 3397 1438; x_wconf 90' lang='lat' dir='ltr'><strong>autem</strong></span> 
     </span>
    </p>
   </div>
   <div class='ocr_carea' id='block_1_88' title="bbox 2101 529 2412 599">
    <p class='ocr_par' dir='ltr' id='par_1_88' title="bbox 2101 529 2412 599">
     <span class='ocr_line' id='line_1_88' title="bbox 2101 529 2412 599; baseline 0 -16"><span class='ocrx_word' id='word_1_307' title='bbox 2101 529 2228 586; x_wconf 89' lang='lat' dir='ltr'><strong>tatis</strong></span> <span class='ocrx_word' id='word_1_308' title='bbox 2243 571 2258 595; x_wconf 94' lang='lat'><strong>,</strong></span> <span class='ocrx_word' id='word_1_309' title='bbox 2287 531 2412 599; x_wconf 88' lang='lat' dir='ltr'><strong>quia</strong></span> 
     </span>
    </p>
   </div>
   <div class='ocr_carea' id='block_1_89' title="bbox 2102 601 2390 656">
    <p class='ocr_par' dir='ltr' id='par_1_89' title="bbox 2102 601 2390 656">
     <span class='ocr_line' id='line_1_89' title="bbox 2102 601 2390 656; baseline -0.007 0"><span class='ocrx_word' id='word_1_310' title='bbox 2102 618 2207 656; x_wconf 90' lang='lat' dir='ltr'><strong>non</strong></span> <span class='ocrx_word' id='word_1_311' title='bbox 2241 601 2390 656; x_wconf 81' lang='lat' dir='ltr'><strong>venit</strong></span> 
     </span>
    </p>
   </div>
   <div class='ocr_carea' id='block_1_90' title="bbox 2101 671 2445 727">
    <p class='ocr_par' dir='ltr' id='par_1_90' title="bbox 2101 671 2445 727">
     <span class='ocr_line' id='line_1_90' title="bbox 2101 671 2445 727; baseline -0.003 0"><span class='ocrx_word' id='word_1_312' title='bbox 2101 673 2166 727; x_wconf 89' lang='lat' dir='ltr'><strong>ad</strong></span> <span class='ocrx_word' id='word_1_313' title='bbox 2197 671 2337 726; x_wconf 90' lang='lat' dir='ltr'><strong>diem</strong></span> <span class='ocrx_word' id='word_1_314' title='bbox 2369 671 2445 726; x_wconf 79' lang='lat' dir='ltr'><strong>fe-</strong></span> 
     </span>
    </p>
   </div>
   <div class='ocr_carea' id='block_1_91' title="bbox 2102 742 2484 800">
    <p class='ocr_par' dir='ltr' id='par_1_91' title="bbox 2102 742 2484 800">
     <span class='ocr_line' id='line_1_91' title="bbox 2102 742 2484 800; baseline -0.005 0"><span class='ocrx_word' id='word_1_315' title='bbox 2102 755 2243 800; x_wconf 84' lang='lat' dir='ltr'><strong>smm</strong></span> <span class='ocrx_word' id='word_1_316' title='bbox 2264 743 2287 796; x_wconf 91' lang='lat'><strong>?</strong></span> <span class='ocrx_word' id='word_1_317' title='bbox 2308 742 2484 798; x_wconf 91' lang='lat' dir='ltr'><strong>Dede-</strong></span> 
     </span>
    </p>
   </div>
   <div class='ocr_carea' id='block_1_92' title="bbox 2101 821 2431 869">
    <p class='ocr_par' dir='ltr' id='par_1_92' title="bbox 2101 821 2431 869">
     <span class='ocr_line' id='line_1_92' title="bbox 2101 821 2431 869; baseline -0.003 -1"><span class='ocrx_word' id='word_1_318' title='bbox 2101 825 2223 869; x_wconf 87' lang='lat' dir='ltr'><strong>rant</strong></span> <span class='ocrx_word' id='word_1_319' title='bbox 2253 821 2431 869; x_wconf 90' lang='lat' dir='ltr'><strong>autem</strong></span> 
     </span>
    </p>
   </div>
   <div class='ocr_carea' id='block_1_93' title="bbox 2103 885 2387 953">
    <p class='ocr_par' dir='ltr' id='par_1_93' title="bbox 2103 885 2387 953">
     <span class='ocr_line' id='line_1_93' title="bbox 2103 885 2387 953; baseline -0.007 -13"><span class='ocrx_word' id='word_1_320' title='bbox 2103 885 2387 953; x_wconf 87' lang='lat' dir='ltr'><strong>Principes</strong></span> 
     </span>
    </p>
   </div>
   <div class='ocr_carea' id='block_1_94' title="bbox 2105 957 2491 1021">
    <p class='ocr_par' dir='ltr' id='par_1_94' title="bbox 2105 957 2491 1021">
     <span class='ocr_line' id='line_1_94' title="bbox 2105 957 2491 1021; baseline -0.008 -10"><span class='ocrx_word' id='word_1_321' title='bbox 2105 957 2456 1011; x_wconf 84' lang='lat' dir='ltr'><strong>Sacerdotum</strong></span> <span class='ocrx_word' id='word_1_322' title='bbox 2476 997 2491 1021; x_wconf 90' lang='lat'><strong>,</strong></span> 
     </span>
    </p>
   </div>
   <div class='ocr_carea' id='block_1_95' title="bbox 2105 1028 2473 1082">
    <p class='ocr_par' dir='ltr' id='par_1_95' title="bbox 2105 1028 2473 1082">
     <span class='ocr_line' id='line_1_95' title="bbox 2105 1028 2473 1082; baseline -0.003 0"><span class='ocrx_word' id='word_1_323' title='bbox 2105 1039 2158 1082; x_wconf 87' lang='lat' dir='ltr'><strong>et</strong></span> <span class='ocrx_word' id='word_1_324' title='bbox 2198 1028 2473 1081; x_wconf 87' lang='lat' dir='ltr'><strong>Pharisaei</strong></span> 
     </span>
    </p>
   </div>
   <div class='ocr_carea' id='block_1_96' title="bbox 2106 1105 2494 1169">
    <p class='ocr_par' dir='ltr' id='par_1_96' title="bbox 2106 1105 2494 1169">
     <span class='ocr_line' id='line_1_96' title="bbox 2106 1105 2494 1169; baseline 0.003 -17"><span class='ocrx_word' id='word_1_325' title='bbox 2106 1105 2455 1169; x_wconf 88' lang='lat' dir='ltr'><strong>praeceptum</strong></span> <span class='ocrx_word' id='word_1_326' title='bbox 2480 1141 2494 1166; x_wconf 95' lang='lat'><strong>,</strong></span> 
     </span>
    </p>
   </div>
   <div class='ocr_carea' id='block_1_97' title="bbox 2109 1170 2411 1239">
    <p class='ocr_par' dir='ltr' id='par_1_97' title="bbox 2109 1170 2411 1239">
     <span class='ocr_line' id='line_1_97' title="bbox 2109 1170 2411 1239; baseline -0.003 -15"><span class='ocrx_word' id='word_1_327' title='bbox 2109 1180 2166 1224; x_wconf 91' lang='lat' dir='ltr'><strong>ut</strong></span> <span class='ocrx_word' id='word_1_328' title='bbox 2210 1171 2253 1223; x_wconf 91' lang='lat' dir='ltr'><strong>si</strong></span> <span class='ocrx_word' id='word_1_329' title='bbox 2285 1170 2411 1239; x_wconf 86' lang='lat' dir='ltr'><strong>quis</strong></span> 
     </span>
    </p>
   </div>
   <div class='ocr_carea' id='block_1_98' title="bbox 2106 1241 2422 1312">
    <p class='ocr_par' dir='ltr' id='par_1_98' title="bbox 2106 1241 2422 1312">
     <span class='ocr_line' id='line_1_98' title="bbox 2106 1241 2422 1312; baseline -0.006 -15"><span class='ocrx_word' id='word_1_330' title='bbox 2106 1241 2422 1312; x_wconf 84' lang='lat' dir='ltr'><strong>cognoverit</strong></span> 
     </span>
    </p>
   </div>
   <div class='ocr_carea' id='block_1_99' title="bbox 2109 1313 2418 1378">
    <p class='ocr_par' dir='ltr' id='par_1_99' title="bbox 2109 1313 2418 1378">
     <span class='ocr_line' id='line_1_99' title="bbox 2109 1313 2418 1378; baseline -0.006 -11"><span class='ocrx_word' id='word_1_331' title='bbox 2109 1314 2198 1366; x_wconf 86' lang='lat' dir='ltr'><strong>ubi</strong></span> <span class='ocrx_word' id='word_1_332' title='bbox 2230 1313 2327 1378; x_wconf 85' lang='lat' dir='ltr'><strong>sit,</strong></span> <span class='ocrx_word' id='word_1_333' title='bbox 2359 1321 2418 1365; x_wconf 88' lang='lat' dir='ltr'><strong>nt</strong></span> 
     </span>
    </p>
   </div>
   <div class='ocr_carea' id='block_1_100' title="bbox 2112 1383 2426 1447">
    <p class='ocr_par' dir='ltr' id='par_1_100' title="bbox 2112 1383 2426 1447">
     <span class='ocr_line' id='line_1_100' title="bbox 2112 1383 2426 1447; baseline 0 -9"><span class='ocrx_word' id='word_1_334' title='bbox 2112 1383 2312 1438; x_wconf 82' lang='lat' dir='ltr'><strong>indicet</strong></span> <span class='ocrx_word' id='word_1_335' title='bbox 2329 1425 2343 1447; x_wconf 89' lang='lat'><strong>,</strong></span> <span class='ocrx_word' id='word_1_336' title='bbox 2370 1394 2426 1438; x_wconf 86' lang='lat' dir='ltr'><strong>et.</strong></span> 
     </span>
    </p>
   </div>
   <div class='ocr_carea' id='block_1_101' title="bbox 2111 1455 3362 1524">
    <p class='ocr_par' dir='ltr' id='par_1_101' title="bbox 2111 1455 3362 1524">
     <span class='ocr_line' id='line_1_101' title="bbox 2111 1455 3362 1524; baseline 0.001 -15"><span class='ocrx_word' id='word_1_337' title='bbox 2111 1455 2419 1524; x_wconf 90' lang='lat' dir='ltr'><strong>adprehen-</strong></span> <span class='ocrx_word' id='word_1_338' title='bbox 2951 1456 3076 1516; x_wconf 84' lang='lat' dir='ltr'><strong>hoc.</strong></span> <span class='ocrx_word' id='word_1_339' title='bbox 3108 1471 3213 1510; x_wconf 92' lang='lat' dir='ltr'><strong>non</strong></span> <span class='ocrx_word' id='word_1_340' title='bbox 3237 1456 3362 1523; x_wconf 84' lang='lat' dir='ltr'><strong>quia</strong></span> 
     </span>
    </p>
   </div>
   <div class='ocr_carea' id='block_1_102' title="bbox 2111 1527 3380 1596">
    <p class='ocr_par' dir='ltr' id='par_1_102' title="bbox 2111 1527 3380 1596">
     <span class='ocr_line' id='line_1_102' title="bbox 2111 1527 3380 1596; baseline -0.001 -14"><span class='ocrx_word' id='word_1_341' title='bbox 2111 1527 2263 1582; x_wconf 84' lang='lat' dir='ltr'><strong>dant.</strong></span> <span class='ocrx_word' id='word_1_342' title='bbox 2951 1527 3020 1581; x_wconf 90' lang='lat' dir='ltr'><strong>de</strong></span> <span class='ocrx_word' id='word_1_343' title='bbox 3049 1527 3380 1596; x_wconf 84' lang='lat' dir='ltr'><strong>pauperibus</strong></span> 
     </span>
    </p>
   </div>
   <div class='ocr_carea' id='block_1_103' title="bbox 2307 1598 3359 1679">
    <p class='ocr_par' dir='ltr' id='par_1_103' title="bbox 2307 1598 3359 1679">
     <span class='ocr_line' id='line_1_103' title="bbox 2307 1598 3359 1679; baseline -0.006 -5"><span class='ocrx_word' id='word_1_344' title='bbox 2307 1617 2534 1675; x_wconf 86' lang='lat' dir='ltr'><strong>CAPUT</strong></span> <span class='ocrx_word' id='word_1_345' title='bbox 2577 1615 2688 1672; x_wconf 83' lang='lat' dir='ltr'><strong>xu.</strong></span> <span class='ocrx_word' id='word_1_346' title='bbox 2953 1599 3258 1679; x_wconf 60' lang='lat' dir='ltr'><strong>pertinebat</strong></span> <span class='ocrx_word' id='word_1_347' title='bbox 3291 1598 3359 1679; x_wconf 57' lang='lat' dir='ltr'><strong>as!</strong></span> 
     </span>
    </p>
   </div>
   <div class='ocr_carea' id='block_1_104' title="bbox 2120 1668 3370 1817">
    <p class='ocr_par' dir='ltr' id='par_1_104' title="bbox 2120 1668 3370 1817">
     <span class='ocr_line' id='line_1_104' title="bbox 2315 1668 3370 1738; baseline 0.001 -16"><span class='ocrx_word' id='word_1_348' title='bbox 2315 1668 2421 1674; x_wconf 75' lang='grc'><strong>”“”</strong></span> <span class='ocrx_word' id='word_1_349' title='bbox 2451 1668 2480 1675; x_wconf 67' lang='grc'>⁷</span> <span class='ocrx_word' id='word_1_350' title='bbox 2501 1668 2526 1674; x_wconf 80' lang='grc'><strong><em>“</em></strong></span> <span class='ocrx_word' id='word_1_351' title='bbox 2577 1668 2685 1672; x_wconf 62' lang='grc'><strong>”“”</strong></span> <span class='ocrx_word' id='word_1_352' title='bbox 2955 1685 3101 1736; x_wconf 91' lang='lat' dir='ltr'><strong>eum,</strong></span> <span class='ocrx_word' id='word_1_353' title='bbox 3122 1668 3219 1724; x_wconf 91' lang='lat' dir='ltr'><strong>sed</strong></span> <span class='ocrx_word' id='word_1_354' title='bbox 3247 1668 3370 1738; x_wconf 87' lang='lat' dir='ltr'><strong>quia</strong></span> 
     </span>
     <span class='ocr_line' id='line_1_105' title="bbox 2120 1735 3315 1817; baseline 0 -27"><span class='ocrx_word' id='word_1_355' title='bbox 2120 1737 2172 1790; x_wconf 89' lang='grc'><strong>1.</strong></span> <span class='ocrx_word' id='word_1_356' title='bbox 2213 1735 2376 1817; x_wconf 37' lang='lat' dir='ltr'><strong>.Iesus.</strong></span> <span class='ocrx_word' id='word_1_357' title='bbox 2397 1748 2526 1804; x_wconf 80' lang='lat' dir='ltr'><strong>ergo</strong></span> <span class='ocrx_word' id='word_1_358' title='bbox 2553 1749 2648 1814; x_wconf 56' lang='lat' dir='ltr'><strong>an;</strong></span> <span class='ocrx_word' id='word_1_359' title='bbox 2957 1740 3040 1817; x_wconf 66' lang='lat' dir='ltr'><strong>fur</strong></span> <span class='ocrx_word' id='word_1_360' title='bbox 3063 1751 3273 1817; x_wconf 49' lang='lat' dir='ltr'><strong>erant»;</strong></span> <span class='ocrx_word' id='word_1_361' title='bbox 3304 1811 3315 1817; x_wconf 84' lang='lat'><em>_</em></span> 
     </span>
    </p>
   </div>
   <div class='ocr_carea' id='block_1_105' title="bbox 2120 1809 3401 1888">
    <p class='ocr_par' dir='ltr' id='par_1_105' title="bbox 2120 1809 3401 1888">
     <span class='ocr_line' id='line_1_106' title="bbox 2120 1809 3401 1888; baseline 0.004 -27"><span class='ocrx_word' id='word_1_362' title='bbox 2120 1818 2174 1888; x_wconf 63' lang='lat' dir='ltr'><strong>te</strong></span> <span class='ocrx_word' id='word_1_363' title='bbox 2202 1822 2296 1888; x_wconf 60' lang='lat' dir='ltr'><strong>se}</strong></span> <span class='ocrx_word' id='word_1_364' title='bbox 2328 1809 2445 1861; x_wconf 89' lang='lat' dir='ltr'><strong>dies</strong></span> <span class='ocrx_word' id='word_1_365' title='bbox 2502 1877 2512 1888; x_wconf 46' lang='lat'>.</span> <span class='ocrx_word' id='word_1_366' title='bbox 2617 1809 2627 1814; x_wconf 85' lang='grc'><em>’</em></span> <span class='ocrx_word' id='word_1_367' title='bbox 2959 1812 3174 1888; x_wconf 70' lang='lat' dir='ltr'><strong>loculos</strong></span> <span class='ocrx_word' id='word_1_368' title='bbox 3200 1810 3271 1883; x_wconf 70' lang='grc' dir='ltr'><strong>(ρ)</strong></span> <span class='ocrx_word' id='word_1_369' title='bbox 3304 1811 3401 1866; x_wconf 80' lang='lat' dir='ltr'><strong>ha-</strong></span> 
     </span>
    </p>
   </div>
   <div class='ocr_carea' id='block_1_106' title="bbox 2122 1877 3292 1953">
    <p class='ocr_par' dir='ltr' id='par_1_106' title="bbox 2122 1877 3292 1953">
     <span class='ocr_line' id='line_1_107' title="bbox 2122 1877 3292 1953; baseline 0.004 -23"><span class='ocrx_word' id='word_1_370' title='bbox 2122 1877 2363 1953; x_wconf 74' lang='lat' dir='ltr'><strong>Paschae</strong></span> <span class='ocrx_word' id='word_1_371' title='bbox 2392 1877 2542 1933; x_wconf 89' lang='lat' dir='ltr'><strong>venit</strong></span> <span class='ocrx_word' id='word_1_372' title='bbox 2959 1883 3122 1938; x_wconf 88' lang='lat' dir='ltr'><strong>bebat</strong></span> <span class='ocrx_word' id='word_1_373' title='bbox 3149 1877 3217 1953; x_wconf 60' lang='lat'><strong>1-,</strong></span> <span class='ocrx_word' id='word_1_374' title='bbox 3238 1877 3292 1935; x_wconf 84' lang='lat' dir='ltr'><strong>et</strong></span> 
     </span>
    </p>
   </div>
   <div class='ocr_carea' id='block_1_107' title="bbox 2129 1949 3411 2025">
    <p class='ocr_par' dir='ltr' id='par_1_107' title="bbox 2129 1949 3411 2025">
     <span class='ocr_line' id='line_1_108' title="bbox 2129 1949 3411 2025; baseline 0.002 -21"><span class='ocrx_word' id='word_1_375' title='bbox 2129 1949 2467 2025; x_wconf 81' lang='lat' dir='ltr'><strong>Bethaniam,</strong></span> <span class='ocrx_word' id='word_1_376' title='bbox 2960 1969 3099 2025; x_wconf 88' lang='lat' dir='ltr'><strong>quae</strong></span> <span class='ocrx_word' id='word_1_377' title='bbox 3123 1949 3411 2008; x_wconf 88' lang='lat' dir='ltr'><strong>mitteban-</strong></span> 
     </span>
    </p>
   </div>
   <div class='ocr_carea' id='block_1_108' title="bbox 2128 2020 2462 2093">
    <p class='ocr_par' dir='ltr' id='par_1_108' title="bbox 2128 2020 2462 2093">
     <span class='ocr_line' id='line_1_109' title="bbox 2128 2020 2462 2093; baseline -0.003 -19"><span class='ocrx_word' id='word_1_378' title='bbox 2128 2022 2217 2074; x_wconf 89' lang='lat' dir='ltr'><strong>ubi</strong></span> <span class='ocrx_word' id='word_1_379' title='bbox 2243 2020 2319 2093; x_wconf 91' lang='lat' dir='ltr'><strong>(a)</strong></span> <span class='ocrx_word' id='word_1_380' title='bbox 2345 2029 2462 2074; x_wconf 90' lang='lat' dir='ltr'><strong>erat</strong></span> 
     </span>
    </p>
   </div>
   <div class='ocr_carea' id='block_1_109' title="bbox 2129 2091 2505 2160">
    <p class='ocr_par' dir='ltr' id='par_1_109' title="bbox 2129 2091 2505 2160">
     <span class='ocr_line' id='line_1_110' title="bbox 2129 2091 2505 2160; baseline -0.008 -13"><span class='ocrx_word' id='word_1_381' title='bbox 2129 2091 2382 2159; x_wconf 81' lang='lat' dir='ltr'><strong>Lazarus,</strong></span> <span class='ocrx_word' id='word_1_382' title='bbox 2415 2091 2505 2160; x_wconf 87' lang='lat' dir='ltr'><strong>qui</strong></span> 
     </span>
    </p>
   </div>
   <div class='ocr_carea' id='block_1_110' title="bbox 2107 2162 2598 2244">
    <p class='ocr_par' dir='ltr' id='par_1_110' title="bbox 2107 2162 2598 2244">
     <span class='ocr_line' id='line_1_111' title="bbox 2107 2162 2598 2244; baseline 0 -27"><span class='ocrx_word' id='word_1_383' title='bbox 2107 2163 2231 2217; x_wconf 79' lang='lat' dir='ltr'><strong>‘fuit</strong></span> <span class='ocrx_word' id='word_1_384' title='bbox 2258 2173 2504 2244; x_wconf 75' lang='lat' dir='ltr'><strong>mortuus</strong></span> <span class='ocrx_word' id='word_1_385' title='bbox 2533 2162 2598 2244; x_wconf 50' lang='grc' dir='ltr'><strong>ἧς,</strong></span> 
     </span>
    </p>
   </div>
   <div class='ocr_carea' id='block_1_111' title="bbox 2121 2235 2618 2299">
    <p class='ocr_par' dir='ltr' id='par_1_111' title="bbox 2121 2235 2618 2299">
     <span class='ocr_line' id='line_1_112' title="bbox 2121 2235 2618 2299; baseline 0.006 -11"><span class='ocrx_word' id='word_1_386' title='bbox 2121 2249 2284 2299; x_wconf 87' lang='lat' dir='ltr'><strong>quem</strong></span> <span class='ocrx_word' id='word_1_387' title='bbox 2314 2235 2618 2291; x_wconf 89' lang='lat' dir='ltr'><strong>suscitavit.</strong></span> 
     </span>
    </p>
   </div>
   <div class='ocr_carea' id='block_1_112' title="bbox 2124 2304 2496 2360">
    <p class='ocr_par' dir='ltr' id='par_1_112' title="bbox 2124 2304 2496 2360">
     <span class='ocr_line' id='line_1_113' title="bbox 2124 2304 2496 2360; baseline 0 0"><span class='ocrx_word' id='word_1_388' title='bbox 2124 2306 2179 2360; x_wconf 69' lang='lat'><strong>2.</strong></span> <span class='ocrx_word' id='word_1_389' title='bbox 2223 2304 2496 2360; x_wconf 89' lang='lat' dir='ltr'><strong>Fecerunt</strong></span> 
     </span>
    </p>
   </div>
   <div class='ocr_carea' id='block_1_113' title="bbox 2126 2375 2506 2449">
    <p class='ocr_par' dir='ltr' id='par_1_113' title="bbox 2126 2375 2506 2449">
     <span class='ocr_line' id='line_1_114' title="bbox 2126 2375 2506 2449; baseline 0.005 -19"><span class='ocrx_word' id='word_1_390' title='bbox 2126 2375 2202 2449; x_wconf 88' lang='lat' dir='ltr'><strong>(b)</strong></span> <span class='ocrx_word' id='word_1_391' title='bbox 2233 2392 2362 2446; x_wconf 79' lang='lat' dir='ltr'><strong>ergo</strong></span> <span class='ocrx_word' id='word_1_392' title='bbox 2387 2375 2428 2447; x_wconf 74' lang='grc' dir='ltr'><strong>ἰ·</strong></span> <span class='ocrx_word' id='word_1_393' title='bbox 2455 2377 2506 2433; x_wconf 86' lang='lat' dir='ltr'><strong>ei</strong></span> 
     </span>
    </p>
   </div>
   <div class='ocr_carea' id='block_1_114' title="bbox 2125 2449 2449 2504">
    <p class='ocr_par' dir='ltr' id='par_1_114' title="bbox 2125 2449 2449 2504">
     <span class='ocr_line' id='line_1_115' title="bbox 2125 2449 2449 2504; baseline -0.012 0"><span class='ocrx_word' id='word_1_394' title='bbox 2125 2463 2316 2504; x_wconf 91' lang='lat' dir='ltr'><strong>cenam</strong></span> <span class='ocrx_word' id='word_1_395' title='bbox 2341 2449 2410 2502; x_wconf 90' lang='lat' dir='ltr'><strong>ibi</strong></span> <span class='ocrx_word' id='word_1_396' title='bbox 2437 2466 2449 2500; x_wconf 90' lang='lat'>:</span> 
     </span>
    </p>
   </div>
   <div class='ocr_carea' id='block_1_115' title="bbox 2126 2519 2413 2575">
    <p class='ocr_par' dir='ltr' id='par_1_115' title="bbox 2126 2519 2413 2575">
     <span class='ocr_line' id='line_1_116' title="bbox 2126 2519 2413 2575; baseline -0.007 0"><span class='ocrx_word' id='word_1_397' title='bbox 2126 2527 2181 2575; x_wconf 90' lang='lat' dir='ltr'><strong>et</strong></span> <span class='ocrx_word' id='word_1_398' title='bbox 2208 2519 2413 2573; x_wconf 83' lang='lat' dir='ltr'><strong>Martha</strong></span> 
     </span>
    </p>
   </div>
   <div class='ocr_carea' id='block_1_116' title="bbox 2963 2026 3440 2092">
    <p class='ocr_par' dir='ltr' id='par_1_116' title="bbox 2963 2026 3440 2092">
     <span class='ocr_line' id='line_1_117' title="bbox 2963 2026 3440 2092; baseline -0.004 -14"><span class='ocrx_word' id='word_1_399' title='bbox 2963 2036 3074 2088; x_wconf 89' lang='lat' dir='ltr'><strong>tur,</strong></span> <span class='ocrx_word' id='word_1_400' title='bbox 3107 2026 3440 2092; x_wconf 81' lang='lat' dir='ltr'><strong>exportabat.</strong></span> 
     </span>
    </p>
   </div>
   <div class='ocr_carea' id='block_1_117' title="bbox 2965 2096 3359 2164">
    <p class='ocr_par' dir='ltr' id='par_1_117' title="bbox 2965 2096 3359 2164">
     <span class='ocr_line' id='line_1_118' title="bbox 2965 2096 3359 2164; baseline -0.005 -14"><span class='ocrx_word' id='word_1_401' title='bbox 2965 2098 3017 2150; x_wconf 93' lang='lat'><strong>7.</strong></span> <span class='ocrx_word' id='word_1_402' title='bbox 3065 2096 3203 2150; x_wconf 85' lang='lat' dir='ltr'><strong>Dixit</strong></span> <span class='ocrx_word' id='word_1_403' title='bbox 3231 2109 3359 2164; x_wconf 78' lang='lat' dir='ltr'><strong>ergo</strong></span> 
     </span>
    </p>
   </div>
   <div class='ocr_carea' id='block_1_118' title="bbox 2964 2165 3556 2238">
    <p class='ocr_par' dir='ltr' id='par_1_118' title="bbox 2964 2165 3556 2238">
     <span class='ocr_line' id='line_1_119' title="bbox 2964 2165 3556 2238; baseline -0.002 -16"><span class='ocrx_word' id='word_1_404' title='bbox 2964 2167 3017 2222; x_wconf 89' lang='lat' dir='ltr'><strong>ei</strong></span> <span class='ocrx_word' id='word_1_405' title='bbox 3038 2167 3229 2223; x_wconf 81' lang='lat' dir='ltr'><strong>lesus:</strong></span> <span class='ocrx_word' id='word_1_406' title='bbox 3266 2165 3333 2238; x_wconf 73' lang='lat' dir='ltr'><strong>(f)</strong></span> <span class='ocrx_word' id='word_1_407' title='bbox 3363 2165 3491 2222; x_wconf 84' lang='lat' dir='ltr'><strong>Sine</strong></span> <span class='ocrx_word' id='word_1_408' title='bbox 3518 2166 3556 2236; x_wconf 58' lang='grc' dir='ltr'><strong>ἦε</strong></span> 
     </span>
    </p>
   </div>
   <div class='ocr_carea' id='block_1_119' title="bbox 2963 2239 3274 2294">
    <p class='ocr_par' dir='ltr' id='par_1_119' title="bbox 2963 2239 3274 2294">
     <span class='ocr_line' id='line_1_120' title="bbox 2963 2239 3274 2294; baseline -0.006 -1"><span class='ocrx_word' id='word_1_409' title='bbox 2963 2240 3111 2294; x_wconf 86' lang='lat' dir='ltr'><strong>illam</strong></span> <span class='ocrx_word' id='word_1_410' title='bbox 3137 2239 3274 2292; x_wconf 91' lang='lat' dir='ltr'><strong>utin</strong></span> 
     </span>
    </p>
   </div>
   <div class='ocr_carea' id='block_1_120' title="bbox 2960 2309 3450 2380">
    <p class='ocr_par' dir='ltr' id='par_1_120' title="bbox 2960 2309 3450 2380">
     <span class='ocr_line' id='line_1_121' title="bbox 2960 2309 3450 2380; baseline -0.006 -15"><span class='ocrx_word' id='word_1_411' title='bbox 2960 2311 3104 2366; x_wconf 91' lang='lat' dir='ltr'><strong>diem</strong></span> <span class='ocrx_word' id='word_1_412' title='bbox 3134 2309 3450 2380; x_wconf 89' lang='lat' dir='ltr'><strong>sepulturae</strong></span> 
     </span>
    </p>
   </div>
   <div class='ocr_carea' id='block_1_121' title="bbox 2965 2390 3334 2437">
    <p class='ocr_par' dir='ltr' id='par_1_121' title="bbox 2965 2390 3334 2437">
     <span class='ocr_line' id='line_1_122' title="bbox 2965 2390 3334 2437; baseline -0.008 0"><span class='ocrx_word' id='word_1_413' title='bbox 2965 2395 3118 2437; x_wconf 89' lang='lat' dir='ltr'><strong>meae</strong></span> <span class='ocrx_word' id='word_1_414' title='bbox 3147 2390 3334 2435; x_wconf 87' lang='lat' dir='ltr'><strong>servet</strong></span> 
     </span>
    </p>
   </div>
   <div class='ocr_carea' id='block_1_122' title="bbox 2964 2451 3510 2520">
    <p class='ocr_par' dir='ltr' id='par_1_122' title="bbox 2964 2451 3510 2520">
     <span class='ocr_line' id='line_1_123' title="bbox 2964 2451 3510 2520; baseline -0.007 -10"><span class='ocrx_word' id='word_1_415' title='bbox 2964 2455 3016 2510; x_wconf 88' lang='lat'><strong>8.</strong></span> <span class='ocrx_word' id='word_1_416' title='bbox 3060 2452 3200 2506; x_wconf 87' lang='lat' dir='ltr'><strong>illut.</strong></span> <span class='ocrx_word' id='word_1_417' title='bbox 3234 2451 3510 2520; x_wconf 86' lang='lat' dir='ltr'><strong>Paupercs</strong></span> 
     </span>
    </p>
   </div>
   <div class='ocr_carea' id='block_1_123' title="bbox 2965 2525 3359 2590">
    <p class='ocr_par' dir='ltr' id='par_1_123' title="bbox 2965 2525 3359 2590">
     <span class='ocr_line' id='line_1_124' title="bbox 2965 2525 3359 2590; baseline -0.008 -10"><span class='ocrx_word' id='word_1_418' title='bbox 2965 2525 3112 2580; x_wconf 91' lang='lat' dir='ltr'><strong>enim</strong></span> <span class='ocrx_word' id='word_1_419' title='bbox 3139 2537 3359 2590; x_wconf 87' lang='lat' dir='ltr'><strong>semper</strong></span> 
     </span>
    </p>
   </div>
   <div class='ocr_carea' id='block_1_124' title="bbox 2129 2590 3356 2658">
    <p class='ocr_par' dir='ltr' id='par_1_124' title="bbox 2129 2590 3356 2658">
     <span class='ocr_line' id='line_1_125' title="bbox 2129 2590 3356 2658; baseline 0.002 -12"><span class='ocrx_word' id='word_1_420' title='bbox 2129 2590 2493 2658; x_wconf 84' lang='lat' dir='ltr'><strong>ministrabat,</strong></span> <span class='ocrx_word' id='word_1_421' title='bbox 2965 2594 3234 2649; x_wconf 89' lang='lat' dir='ltr'><strong>habebitis</strong></span> <span class='ocrx_word' id='word_1_422' title='bbox 3259 2608 3356 2648; x_wconf 94' lang='lat' dir='ltr'><strong>vo-</strong></span> 
     </span>
    </p>
   </div>
   <div class='ocr_carea' id='block_1_125' title="bbox 2128 2663 3335 2722">
    <p class='ocr_par' dir='ltr' id='par_1_125' title="bbox 2128 2663 3335 2722">
     <span class='ocr_line' id='line_1_126' title="bbox 2128 2663 3335 2722; baseline 0.001 -3"><span class='ocrx_word' id='word_1_423' title='bbox 2128 2673 2182 2719; x_wconf 92' lang='lat' dir='ltr'><strong>et</strong></span> <span class='ocrx_word' id='word_1_424' title='bbox 2213 2663 2453 2720; x_wconf 86' lang='lat' dir='ltr'><strong>Lazarus</strong></span> <span class='ocrx_word' id='word_1_425' title='bbox 2963 2667 3174 2722; x_wconf 89' lang='lat' dir='ltr'><strong>biscum</strong></span> <span class='ocrx_word' id='word_1_426' title='bbox 3205 2682 3217 2717; x_wconf 90' lang='lat'>:</span> <span class='ocrx_word' id='word_1_427' title='bbox 3247 2679 3335 2720; x_wconf 91' lang='lat' dir='ltr'><strong>me</strong></span> 
     </span>
    </p>
   </div>
   <div class='ocr_carea' id='block_1_126' title="bbox 2130 2745 3282 2793">
    <p class='ocr_par' dir='ltr' id='par_1_126' title="bbox 2130 2745 3282 2793">
     <span class='ocr_line' id='line_1_127' title="bbox 2130 2745 3282 2793; baseline -0.001 -3"><span class='ocrx_word' id='word_1_428' title='bbox 2130 2751 2269 2790; x_wconf 90' lang='lat' dir='ltr'><strong>unus</strong></span> <span class='ocrx_word' id='word_1_429' title='bbox 2298 2745 2418 2790; x_wconf 88' lang='lat' dir='ltr'><strong>erat</strong></span> <span class='ocrx_word' id='word_1_430' title='bbox 2447 2753 2516 2792; x_wconf 80' lang='lat' dir='ltr'><strong>ex</strong></span> <span class='ocrx_word' id='word_1_431' title='bbox 2963 2747 3142 2793; x_wconf 90' lang='lat' dir='ltr'><strong>autem</strong></span> <span class='ocrx_word' id='word_1_432' title='bbox 3174 2752 3282 2790; x_wconf 89' lang='lat' dir='ltr'><strong>non</strong></span> 
     </span>
    </p>
   </div>
   <div class='ocr_carea' id='block_1_127' title="bbox 2127 2806 3202 2878">
    <p class='ocr_par' dir='ltr' id='par_1_127' title="bbox 2127 2806 3202 2878">
     <span class='ocr_line' id='line_1_128' title="bbox 2127 2806 3202 2878; baseline 0.002 -19"><span class='ocrx_word' id='word_1_433' title='bbox 2127 2806 2595 2863; x_wconf 88' lang='lat' dir='ltr'><strong>diseumbentibus</strong></span> <span class='ocrx_word' id='word_1_434' title='bbox 2963 2824 3202 2878; x_wconf 89' lang='lat' dir='ltr'><strong>semper.</strong></span> 
     </span>
    </p>
   </div>
   <div class='ocr_carea' id='block_1_128' title="bbox 2963 2877 3473 2938">
    <p class='ocr_par' dir='ltr' id='par_1_128' title="bbox 2963 2877 3473 2938">
     <span class='ocr_line' id='line_1_129' title="bbox 2963 2877 3473 2938; baseline -0.014 -1"><span class='ocrx_word' id='word_1_435' title='bbox 2963 2881 3018 2938; x_wconf 89' lang='lat'><strong>9.</strong></span> <span class='ocrx_word' id='word_1_436' title='bbox 3060 2877 3129 2934; x_wconf 84' lang='lat' dir='ltr'><strong>Et</strong></span> <span class='ocrx_word' id='word_1_437' title='bbox 3153 2877 3308 2933; x_wconf 90' lang='lat' dir='ltr'><strong>turba</strong></span> <span class='ocrx_word' id='word_1_438' title='bbox 3331 2877 3473 2931; x_wconf 87' lang='lat' dir='ltr'><strong>mul-</strong></span> 
     </span>
    </p>
   </div>
   <div class='ocr_carea' id='block_1_129' title="bbox 2970 2948 3372 3007">
    <p class='ocr_par' dir='ltr' id='par_1_129' title="bbox 2970 2948 3372 3007">
     <span class='ocr_line' id='line_1_130' title="bbox 2970 2948 3372 3007; baseline -0.012 0"><span class='ocrx_word' id='word_1_439' title='bbox 2970 2964 3020 3007; x_wconf 88' lang='lat' dir='ltr'><strong>ta</strong></span> <span class='ocrx_word' id='word_1_440' title='bbox 3052 2968 3115 3006; x_wconf 81' lang='lat' dir='ltr'><strong>ex</strong></span> <span class='ocrx_word' id='word_1_441' title='bbox 3148 2948 3372 3005; x_wconf 84' lang='lat' dir='ltr'><strong>Judaeis</strong></span> 
     </span>
    </p>
   </div>
   <div class='ocr_carea' id='block_1_130' title="bbox 2968 3018 3503 3150">
    <p class='ocr_par' dir='ltr' id='par_1_130' title="bbox 2968 3018 3503 3150">
     <span class='ocr_line' id='line_1_131' title="bbox 2968 3018 3503 3150; baseline -0.007 0"><span class='ocrx_word' id='word_1_442' title='bbox 2968 3018 3503 3150; x_wconf 56' lang='grc' dir='ltr'><strong>ξιῗὲἐὲἓιίῖίὲιῖἑξῗέῗ</strong></span> 
     </span>
    </p>
   </div>
   <div class='ocr_carea' id='block_1_131' title="bbox 2969 3133 3508 3232">
    <p class='ocr_par' dir='ltr' id='par_1_131' title="bbox 2969 3133 3508 3232">
     <span class='ocr_line' id='line_1_132' title="bbox 2969 3133 3508 3232; baseline -0.013 -11"><span class='ocrx_word' id='word_1_443' title='bbox 2969 3133 3118 3228; x_wconf 65' lang='lat' dir='ltr'><strong>i&#39;iiiit,</strong></span> <span class='ocrx_word' id='word_1_444' title='bbox 3139 3180 3247 3218; x_wconf 89' lang='lat' dir='ltr'><strong>non</strong></span> <span class='ocrx_word' id='word_1_445' title='bbox 3283 3173 3508 3232; x_wconf 89' lang='lat' dir='ltr'><strong>propter</strong></span> 
     </span>
    </p>
   </div>
   <div class='ocr_carea' id='block_1_132' title="bbox 2968 3233 3479 3307">
    <p class='ocr_par' dir='ltr' id='par_1_132' title="bbox 2968 3233 3479 3307">
     <span class='ocr_line' id='line_1_133' title="bbox 2968 3233 3479 3307; baseline -0.004 -17"><span class='ocrx_word' id='word_1_446' title='bbox 2968 3238 3048 3307; x_wconf 83' lang='grc' dir='ltr'><strong>(Ιι)</strong></span> <span class='ocrx_word' id='word_1_447' title='bbox 3080 3236 3264 3292; x_wconf 85' lang='lat' dir='ltr'><strong>Jesum</strong></span> <span class='ocrx_word' id='word_1_448' title='bbox 3292 3234 3350 3304; x_wconf 64' lang='grc' dir='ltr'><strong>οἷο,</strong></span> <span class='ocrx_word' id='word_1_449' title='bbox 3383 3233 3479 3289; x_wconf 87' lang='lat' dir='ltr'><strong>sed</strong></span> 
     </span>
    </p>
   </div>
   <div class='ocr_carea' id='block_1_133' title="bbox 2969 3308 3314 3363">
    <p class='ocr_par' dir='ltr' id='par_1_133' title="bbox 2969 3308 3314 3363">
     <span class='ocr_line' id='line_1_134' title="bbox 2969 3308 3314 3363; baseline -0.006 0"><span class='ocrx_word' id='word_1_450' title='bbox 2969 3319 3027 3363; x_wconf 89' lang='lat' dir='ltr'><strong>ut</strong></span> <span class='ocrx_word' id='word_1_451' title='bbox 3052 3308 3314 3362; x_wconf 86' lang='lat' dir='ltr'><strong>Lazarum</strong></span> 
     </span>
    </p>
   </div>
   <div class='ocr_carea' id='block_1_134' title="bbox 2129 2879 2596 2935">
    <p class='ocr_par' dir='ltr' id='par_1_134' title="bbox 2129 2879 2596 2935">
     <span class='ocr_line' id='line_1_135' title="bbox 2129 2879 2596 2935; baseline 0.004 -2"><span class='ocrx_word' id='word_1_452' title='bbox 2129 2879 2183 2933; x_wconf 85' lang='lat'><strong>&#39;5.</strong></span> <span class='ocrx_word' id='word_1_453' title='bbox 2225 2893 2350 2934; x_wconf 92' lang='lat' dir='ltr'><strong>cum</strong></span> <span class='ocrx_word' id='word_1_454' title='bbox 2381 2893 2468 2933; x_wconf 86' lang='lat' dir='ltr'><strong>eo.</strong></span> <span class='ocrx_word' id='word_1_455' title='bbox 2488 2879 2596 2935; x_wconf 82' lang='lat' dir='ltr'><strong>Ma-</strong></span> 
     </span>
    </p>
   </div>
   <div class='ocr_carea' id='block_1_135' title="bbox 2129 2951 2540 3015">
    <p class='ocr_par' dir='ltr' id='par_1_135' title="bbox 2129 2951 2540 3015">
     <span class='ocr_line' id='line_1_136' title="bbox 2129 2951 2540 3015; baseline 0.002 -11"><span class='ocrx_word' id='word_1_456' title='bbox 2129 2951 2207 3004; x_wconf 90' lang='lat' dir='ltr'><strong>ria</strong></span> <span class='ocrx_word' id='word_1_457' title='bbox 2237 2951 2418 3015; x_wconf 90' lang='lat' dir='ltr'><strong>itaque</strong></span> <span class='ocrx_word' id='word_1_458' title='bbox 2444 2965 2540 3005; x_wconf 86' lang='lat' dir='ltr'><strong>ac-</strong></span> 
     </span>
    </p>
   </div>
   <div class='ocr_carea' id='block_1_136' title="bbox 2129 3020 2495 3090">
    <p class='ocr_par' dir='ltr' id='par_1_136' title="bbox 2129 3020 2495 3090">
     <span class='ocr_line' id='line_1_137' title="bbox 2129 3020 2495 3090; baseline 0.005 -16"><span class='ocrx_word' id='word_1_459' title='bbox 2129 3022 2272 3090; x_wconf 87' lang='lat' dir='ltr'><strong>cepit</strong></span> <span class='ocrx_word' id='word_1_460' title='bbox 2305 3020 2495 3076; x_wconf 89' lang='lat' dir='ltr'><strong>libram</strong></span> 
     </span>
    </p>
   </div>
   <div class='ocr_carea' id='block_1_137' title="bbox 2131 3091 2589 3163">
    <p class='ocr_par' dir='ltr' id='par_1_137' title="bbox 2131 3091 2589 3163">
     <span class='ocr_line' id='line_1_138' title="bbox 2131 3091 2589 3163; baseline 0.007 -19"><span class='ocrx_word' id='word_1_461' title='bbox 2131 3091 2390 3161; x_wconf 85' lang='lat' dir='ltr'><strong>unguenti</strong></span> <span class='ocrx_word' id='word_1_462' title='bbox 2415 3091 2486 3163; x_wconf 79' lang='grc' dir='ltr'><strong>(ε)</strong></span> <span class='ocrx_word' id='word_1_463' title='bbox 2512 3093 2589 3163; x_wconf 86' lang='lat' dir='ltr'><strong>pi-</strong></span> 
     </span>
    </p>
   </div>
   <div class='ocr_carea' id='block_1_138' title="bbox 2131 3163 2602 3234">
    <p class='ocr_par' dir='ltr' id='par_1_138' title="bbox 2131 3163 2602 3234">
     <span class='ocr_line' id='line_1_139' title="bbox 2131 3163 2602 3234; baseline 0.008 -18"><span class='ocrx_word' id='word_1_464' title='bbox 2131 3164 2251 3217; x_wconf 92' lang='lat' dir='ltr'><strong>stici</strong></span> <span class='ocrx_word' id='word_1_465' title='bbox 2277 3163 2336 3234; x_wconf 71' lang='lat' dir='ltr'><strong>~j-,</strong></span> <span class='ocrx_word' id='word_1_466' title='bbox 2360 3171 2418 3218; x_wconf 90' lang='lat' dir='ltr'><strong>et</strong></span> <span class='ocrx_word' id='word_1_467' title='bbox 2444 3166 2602 3220; x_wconf 83' lang='lat' dir='ltr'><strong>unxit</strong></span> 
     </span>
    </p>
   </div>
   <div class='ocr_carea' id='block_1_139' title="bbox 2131 3234 2499 3304">
    <p class='ocr_par' dir='ltr' id='par_1_139' title="bbox 2131 3234 2499 3304">
     <span class='ocr_line' id='line_1_140' title="bbox 2131 3234 2499 3304; baseline -0.014 -12"><span class='ocrx_word' id='word_1_468' title='bbox 2131 3234 2300 3304; x_wconf 88' lang='lat' dir='ltr'><strong>pedes</strong></span> <span class='ocrx_word' id='word_1_469' title='bbox 2331 3235 2454 3290; x_wconf 85' lang='lat' dir='ltr'><strong>Jesu</strong></span> <span class='ocrx_word' id='word_1_470' title='bbox 2485 3279 2499 3302; x_wconf 89' lang='lat'><strong>,</strong></span> 
     </span>
    </p>
   </div>
   <div class='ocr_carea' id='block_1_140' title="bbox 2131 3307 2442 3362">
    <p class='ocr_par' dir='ltr' id='par_1_140' title="bbox 2131 3307 2442 3362">
     <span class='ocr_line' id='line_1_141' title="bbox 2131 3307 2442 3362; baseline -0.003 -1"><span class='ocrx_word' id='word_1_471' title='bbox 2131 3314 2186 3361; x_wconf 92' lang='lat' dir='ltr'><strong>et</strong></span> <span class='ocrx_word' id='word_1_472' title='bbox 2211 3307 2442 3362; x_wconf 85' lang='lat' dir='ltr'><strong>extersit</strong></span> 
     </span>
    </p>
   </div>
   <div class='ocr_carea' id='block_1_141' title="bbox 2130 3377 3426 3448">
    <p class='ocr_par' dir='ltr' id='par_1_141' title="bbox 2130 3377 3426 3448">
     <span class='ocr_line' id='line_1_142' title="bbox 2130 3377 3426 3448; baseline 0.002 -18"><span class='ocrx_word' id='word_1_473' title='bbox 2130 3377 2342 3446; x_wconf 89' lang='lat' dir='ltr'><strong>capillis</strong></span> <span class='ocrx_word' id='word_1_474' title='bbox 2381 3379 2496 3435; x_wconf 88' lang='lat' dir='ltr'><strong>suis</strong></span> <span class='ocrx_word' id='word_1_475' title='bbox 2967 3380 3235 3443; x_wconf 88' lang='lat' dir='ltr'><strong>viderent,</strong></span> <span class='ocrx_word' id='word_1_476' title='bbox 3265 3391 3426 3448; x_wconf 88' lang='lat' dir='ltr'><strong>quem</strong></span> 
     </span>
    </p>
   </div>
   <div class='ocr_carea' id='block_1_142' title="bbox 2132 3449 3254 3518">
    <p class='ocr_par' dir='ltr' id='par_1_142' title="bbox 2132 3449 3254 3518">
     <span class='ocr_line' id='line_1_143' title="bbox 2132 3449 3254 3518; baseline 0 -14"><span class='ocrx_word' id='word_1_477' title='bbox 2132 3449 2300 3518; x_wconf 89' lang='lat' dir='ltr'><strong>pedes</strong></span> <span class='ocrx_word' id='word_1_478' title='bbox 2326 3451 2478 3518; x_wconf 87' lang='lat' dir='ltr'><strong>ejus:</strong></span> <span class='ocrx_word' id='word_1_479' title='bbox 2971 3450 3254 3506; x_wconf 86' lang='lat' dir='ltr'><strong>suscitavit</strong></span> 
     </span>
    </p>
   </div>
   <div class='ocr_carea' id='block_1_143' title="bbox 2132 3520 3280 3592">
    <p class='ocr_par' dir='ltr' id='par_1_143' title="bbox 2132 3520 3280 3592">
     <span class='ocr_line' id='line_1_144' title="bbox 2132 3520 3280 3592; baseline -0.001 -17"><span class='ocrx_word' id='word_1_480' title='bbox 2132 3530 2189 3575; x_wconf 89' lang='lat' dir='ltr'><strong>et</strong></span> <span class='ocrx_word' id='word_1_481' title='bbox 2216 3520 2410 3576; x_wconf 92' lang='lat' dir='ltr'><strong>domus</strong></span> <span class='ocrx_word' id='word_1_482' title='bbox 2443 3522 2666 3592; x_wconf 89' lang='lat' dir='ltr'><strong>impleta</strong></span> <span class='ocrx_word' id='word_1_483' title='bbox 2970 3537 3001 3576; x_wconf 86' lang='lat' dir='ltr'><strong>a</strong></span> <span class='ocrx_word' id='word_1_484' title='bbox 3030 3522 3280 3592; x_wconf 69' lang='lat' dir='ltr'><strong>mortuis.</strong></span> 
     </span>
    </p>
   </div>
   <div class='ocr_carea' id='block_1_144' title="bbox 2132 3591 3471 3664">
    <p class='ocr_par' dir='ltr' id='par_1_144' title="bbox 2132 3591 3471 3664">
     <span class='ocr_line' id='line_1_145' title="bbox 2132 3591 3471 3664; baseline 0 -18"><span class='ocrx_word' id='word_1_485' title='bbox 2132 3603 2216 3647; x_wconf 91' lang='lat' dir='ltr'><strong>est</strong></span> <span class='ocrx_word' id='word_1_486' title='bbox 2245 3608 2312 3648; x_wconf 84' lang='lat' dir='ltr'><strong>ex</strong></span> <span class='ocrx_word' id='word_1_487' title='bbox 2335 3592 2506 3650; x_wconf 92' lang='lat' dir='ltr'><strong>odore</strong></span> <span class='ocrx_word' id='word_1_488' title='bbox 2524 3591 2534 3592; x_wconf 18' lang='lat'><em>7</em></span> <span class='ocrx_word' id='word_1_489' title='bbox 2612 3646 2627 3661; x_wconf 86' lang='grc'><em>,</em></span> <span class='ocrx_word' id='word_1_490' title='bbox 2972 3595 3060 3651; x_wconf 86' lang='grc'><strong>10.</strong></span> <span class='ocrx_word' id='word_1_491' title='bbox 3089 3591 3471 3664; x_wconf 80' lang='lat' dir='ltr'><strong>Cogitaverunt</strong></span> 
     </span>
    </p>
   </div>
   <div class='ocr_carea' id='block_1_145' title="bbox 1747 3709 2410 3769">
    <p class='ocr_par' dir='ltr' id='par_1_145' title="bbox 1747 3709 2410 3769">
     <span class='ocr_line' id='line_1_146' title="bbox 1747 3709 2410 3769; baseline 0.002 -3"><span class='ocrx_word' id='word_1_492' title='bbox 1747 3710 1981 3767; x_wconf 81' lang='lat' dir='ltr'><strong>CODEX</strong></span> <span class='ocrx_word' id='word_1_493' title='bbox 2019 3709 2410 3769; x_wconf 79' lang='lat' dir='ltr'><strong>BRIXIANUS.</strong></span> 
     </span>
    </p>
   </div>
   <div class='ocr_carea' id='block_1_146' title="bbox 463 3807 2026 3864">
    <p class='ocr_par' dir='ltr' id='par_1_146' title="bbox 463 3807 2026 3864">
     <span class='ocr_line' id='line_1_147' title="bbox 463 3807 2026 3864; baseline -0.001 -2"><span class='ocrx_word' id='word_1_494' title='bbox 463 3810 548 3862; x_wconf 90' lang='lat' dir='ltr'><strong>uia</strong></span> <span class='ocrx_word' id='word_1_495' title='bbox 606 3823 710 3862; x_wconf 93' lang='lat' dir='ltr'><strong>non</strong></span> <span class='ocrx_word' id='word_1_496' title='bbox 743 3809 928 3862; x_wconf 86' lang='lat' dir='ltr'><strong>veniet</strong></span> <span class='ocrx_word' id='word_1_497' title='bbox 969 3809 1034 3861; x_wconf 91' lang='lat' dir='ltr'><strong>ad</strong></span> <span class='ocrx_word' id='word_1_498' title='bbox 1071 3809 1216 3864; x_wconf 88' lang='lat' dir='ltr'><strong>diem</strong></span> <span class='ocrx_word' id='word_1_499' title='bbox 1257 3809 1474 3862; x_wconf 78' lang='lat' dir='ltr'><strong>festum.</strong></span> <span class='ocrx_word' id='word_1_500' title='bbox 1532 3807 1806 3861; x_wconf 89' lang='lat' dir='ltr'><strong>Dederant</strong></span> <span class='ocrx_word' id='word_1_501' title='bbox 1845 3816 2026 3862; x_wconf 87' lang='lat' dir='ltr'><strong>autem</strong></span> 
     </span>
    </p>
   </div>
   <div class='ocr_carea' id='block_1_147' title="bbox 470 3877 2031 3948">
    <p class='ocr_par' dir='ltr' id='par_1_147' title="bbox 470 3877 2031 3948">
     <span class='ocr_line' id='line_1_148' title="bbox 470 3877 2031 3948; baseline 0 -16"><span class='ocrx_word' id='word_1_502' title='bbox 470 3880 702 3948; x_wconf 85' lang='lat' dir='ltr'><strong>rincipes</strong></span> <span class='ocrx_word' id='word_1_503' title='bbox 744 3878 1122 3934; x_wconf 89' lang='lat' dir='ltr'><strong>Sacerdotum.</strong></span> <span class='ocrx_word' id='word_1_504' title='bbox 1165 3891 1219 3933; x_wconf 91' lang='lat' dir='ltr'><strong>et</strong></span> <span class='ocrx_word' id='word_1_505' title='bbox 1253 3877 1530 3932; x_wconf 87' lang='lat' dir='ltr'><strong>Pharisaei</strong></span> <span class='ocrx_word' id='word_1_506' title='bbox 1574 3879 1906 3932; x_wconf 88' lang='lat' dir='ltr'><strong>mandatum.</strong></span> <span class='ocrx_word' id='word_1_507' title='bbox 1973 3889 2031 3932; x_wconf 92' lang='lat' dir='ltr'><strong>ut</strong></span> 
     </span>
    </p>
   </div>
   <div class='ocr_carea' id='block_1_148' title="bbox 421 3948 2028 4020">
    <p class='ocr_par' dir='ltr' id='par_1_148' title="bbox 421 3948 2028 4020">
     <span class='ocr_line' id='line_1_149' title="bbox 421 3948 2028 4020; baseline -0.001 -15"><span class='ocrx_word' id='word_1_508' title='bbox 421 3952 592 4020; x_wconf 91' lang='lat' dir='ltr'><strong>siquis</strong></span> <span class='ocrx_word' id='word_1_509' title='bbox 618 3950 786 4004; x_wconf 90' lang='lat' dir='ltr'><strong>sciret</strong></span> <span class='ocrx_word' id='word_1_510' title='bbox 818 3950 904 4004; x_wconf 84' lang='lat' dir='ltr'><strong>tibi</strong></span> <span class='ocrx_word' id='word_1_511' title='bbox 938 3961 1101 4004; x_wconf 82' lang='lat' dir='ltr'><strong>esset.</strong></span> <span class='ocrx_word' id='word_1_512' title='bbox 1122 3951 1540 4020; x_wconf 86' lang='lat' dir='ltr'><strong>demonstraret.</strong></span> <span class='ocrx_word' id='word_1_513' title='bbox 1575 3960 1630 4002; x_wconf 94' lang='lat' dir='ltr'><strong>ut</strong></span> <span class='ocrx_word' id='word_1_514' title='bbox 1655 3948 2028 4017; x_wconf 83' lang='lat' dir='ltr'><strong>adprehende-</strong></span> 
     </span>
    </p>
   </div>
   <div class='ocr_carea' id='block_1_149' title="bbox 419 4019 2030 4075">
    <p class='ocr_par' dir='ltr' id='par_1_149' title="bbox 419 4019 2030 4075">
     <span class='ocr_line' id='line_1_150' title="bbox 419 4019 2030 4075; baseline 0 -1"><span class='ocrx_word' id='word_1_515' title='bbox 419 4019 544 4075; x_wconf 81' lang='lat' dir='ltr'><strong>rent</strong></span> <span class='ocrx_word' id='word_1_516' title='bbox 565 4035 688 4074; x_wconf 92' lang='lat' dir='ltr'><strong>eum</strong></span> <span class='ocrx_word' id='word_1_517' title='bbox 714 4020 872 4075; x_wconf 83' lang='lat' dir='ltr'><strong>Jesus</strong></span> <span class='ocrx_word' id='word_1_518' title='bbox 894 4030 1074 4074; x_wconf 87' lang='lat' dir='ltr'><strong>autem</strong></span> <span class='ocrx_word' id='word_1_519' title='bbox 1103 4032 1228 4075; x_wconf 84' lang='lat' dir='ltr'><strong>ante</strong></span> <span class='ocrx_word' id='word_1_520' title='bbox 1251 4027 1466 4073; x_wconf 80' lang='lat' dir='ltr'><strong>sextum</strong></span> <span class='ocrx_word' id='word_1_521' title='bbox 1485 4019 1628 4073; x_wconf 90' lang='lat' dir='ltr'><strong>diem</strong></span> <span class='ocrx_word' id='word_1_522' title='bbox 1652 4019 1916 4073; x_wconf 83' lang='lat' dir='ltr'><strong>Pascliae.</strong></span> <span class='ocrx_word' id='word_1_523' title='bbox 1940 4036 2030 4075; x_wconf 90' lang='lat' dir='ltr'><strong>ve-</strong></span> 
     </span>
    </p>
   </div>
   <div class='ocr_carea' id='block_1_150' title="bbox 425 4091 2029 4162">
    <p class='ocr_par' dir='ltr' id='par_1_150' title="bbox 425 4091 2029 4162">
     <span class='ocr_line' id='line_1_151' title="bbox 425 4091 2029 4162; baseline 0 -16"><span class='ocrx_word' id='word_1_524' title='bbox 425 4094 503 4146; x_wconf 89' lang='lat' dir='ltr'><strong>nit</strong></span> <span class='ocrx_word' id='word_1_525' title='bbox 519 4094 569 4145; x_wconf 91' lang='lat' dir='ltr'><strong>in</strong></span> <span class='ocrx_word' id='word_1_526' title='bbox 589 4091 907 4162; x_wconf 79' lang='lat' dir='ltr'><strong>Bethaniain</strong></span> <span class='ocrx_word' id='word_1_527' title='bbox 923 4091 1095 4162; x_wconf 86' lang='lat' dir='ltr'><strong>ubi(a)</strong></span> <span class='ocrx_word' id='word_1_528' title='bbox 1114 4093 1472 4162; x_wconf 67' lang='lat' dir='ltr'><strong>eratLazarns</strong></span> <span class='ocrx_word' id='word_1_529' title='bbox 1485 4092 1571 4159; x_wconf 92' lang='lat' dir='ltr'><strong>qui</strong></span> <span class='ocrx_word' id='word_1_530' title='bbox 1587 4092 1760 4144; x_wconf 86' lang='lat' dir='ltr'><strong>luerat</strong></span> <span class='ocrx_word' id='word_1_531' title='bbox 1782 4101 2029 4146; x_wconf 90' lang='lat' dir='ltr'><strong>mortuus</strong></span> 
     </span>
    </p>
   </div>
   <div class='ocr_carea' id='block_1_151' title="bbox 423 4160 2028 4233">
    <p class='ocr_par' dir='ltr' id='par_1_151' title="bbox 423 4160 2028 4233">
     <span class='ocr_line' id='line_1_152' title="bbox 423 4160 2028 4233; baseline 0 -16"><span class='ocrx_word' id='word_1_532' title='bbox 423 4179 582 4231; x_wconf 86' lang='lat' dir='ltr'><strong>quem</strong></span> <span class='ocrx_word' id='word_1_533' title='bbox 600 4161 908 4216; x_wconf 78' lang='lat' dir='ltr'><strong>suscitavitl</strong></span> <span class='ocrx_word' id='word_1_534' title='bbox 919 4160 1125 4216; x_wconf 78' lang='lat' dir='ltr'><strong>esusex</strong></span> <span class='ocrx_word' id='word_1_535' title='bbox 1139 4160 1672 4216; x_wconf 77' lang='lat' dir='ltr'><strong>mortuis.Fecerunt</strong></span> <span class='ocrx_word' id='word_1_536' title='bbox 1694 4161 1770 4230; x_wconf 84' lang='lat' dir='ltr'><strong>(b)</strong></span> <span class='ocrx_word' id='word_1_537' title='bbox 1786 4177 1914 4231; x_wconf 80' lang='lat' dir='ltr'><strong>ergo</strong></span> <span class='ocrx_word' id='word_1_538' title='bbox 1928 4163 1968 4233; x_wconf 83' lang='lat' dir='ltr'><strong>-j-</strong></span> <span class='ocrx_word' id='word_1_539' title='bbox 1981 4165 2028 4217; x_wconf 91' lang='lat' dir='ltr'><strong>ei</strong></span> 
     </span>
    </p>
   </div>
   <div class='ocr_carea' id='block_1_152' title="bbox 421 4233 2028 4289">
    <p class='ocr_par' dir='ltr' id='par_1_152' title="bbox 421 4233 2028 4289">
     <span class='ocr_line' id='line_1_153' title="bbox 421 4233 2028 4289; baseline -0.001 0"><span class='ocrx_word' id='word_1_540' title='bbox 421 4249 614 4289; x_wconf 89' lang='lat' dir='ltr'><strong>cenam</strong></span> <span class='ocrx_word' id='word_1_541' title='bbox 639 4233 732 4287; x_wconf 88' lang='lat' dir='ltr'><strong>ibi.</strong></span> <span class='ocrx_word' id='word_1_542' title='bbox 749 4233 1022 4287; x_wconf 81' lang='lat' dir='ltr'><strong>etMartba</strong></span> <span class='ocrx_word' id='word_1_543' title='bbox 1040 4233 1403 4288; x_wconf 85' lang='lat' dir='ltr'><strong>ministrabat.</strong></span> <span class='ocrx_word' id='word_1_544' title='bbox 1421 4233 1872 4287; x_wconf 86' lang='lat' dir='ltr'><strong>Lazarusautetn.</strong></span> <span class='ocrx_word' id='word_1_545' title='bbox 1890 4250 2028 4287; x_wconf 91' lang='lat' dir='ltr'><strong>unus</strong></span> 
     </span>
    </p>
   </div>
   <div class='ocr_carea' id='block_1_153' title="bbox 424 4305 2027 4374">
    <p class='ocr_par' dir='ltr' id='par_1_153' title="bbox 424 4305 2027 4374">
     <span class='ocr_line' id='line_1_154' title="bbox 424 4305 2027 4374; baseline -0.001 -13"><span class='ocrx_word' id='word_1_546' title='bbox 424 4316 543 4361; x_wconf 90' lang='lat' dir='ltr'><strong>erat</strong></span> <span class='ocrx_word' id='word_1_547' title='bbox 573 4321 636 4360; x_wconf 73' lang='lat' dir='ltr'><strong>ex</strong></span> <span class='ocrx_word' id='word_1_548' title='bbox 657 4305 1148 4360; x_wconf 84' lang='lat' dir='ltr'><strong>discmnbentibus.</strong></span> <span class='ocrx_word' id='word_1_549' title='bbox 1165 4321 1285 4359; x_wconf 87' lang='lat' dir='ltr'><strong>cum</strong></span> <span class='ocrx_word' id='word_1_550' title='bbox 1309 4320 1376 4359; x_wconf 91' lang='lat' dir='ltr'><strong>eo</strong></span> <span class='ocrx_word' id='word_1_551' title='bbox 1407 4305 1568 4359; x_wconf 83' lang='lat' dir='ltr'><strong>Maria</strong></span> <span class='ocrx_word' id='word_1_552' title='bbox 1591 4306 1774 4374; x_wconf 88' lang='lat' dir='ltr'><strong>itaque</strong></span> <span class='ocrx_word' id='word_1_553' title='bbox 1795 4307 2027 4373; x_wconf 85' lang='lat' dir='ltr'><strong>sumpsit</strong></span> 
     </span>
    </p>
   </div>
   <div class='ocr_carea' id='block_1_154' title="bbox 424 4377 2023 4447">
    <p class='ocr_par' dir='ltr' id='par_1_154' title="bbox 424 4377 2023 4447">
     <span class='ocr_line' id='line_1_155' title="bbox 424 4377 2023 4447; baseline 0 -16"><span class='ocrx_word' id='word_1_554' title='bbox 424 4377 618 4431; x_wconf 87' lang='lat' dir='ltr'><strong>libram</strong></span> <span class='ocrx_word' id='word_1_555' title='bbox 652 4378 911 4447; x_wconf 81' lang='lat' dir='ltr'><strong>unguenti</strong></span> <span class='ocrx_word' id='word_1_556' title='bbox 941 4377 1095 4430; x_wconf 89' lang='lat' dir='ltr'><strong>nardi</strong></span> <span class='ocrx_word' id='word_1_557' title='bbox 1121 4378 1300 4446; x_wconf 86' lang='lat' dir='ltr'><strong>pistici</strong></span> <span class='ocrx_word' id='word_1_558' title='bbox 1332 4377 1649 4445; x_wconf 83' lang='lat' dir='ltr'><strong>pretiosi.et</strong></span> <span class='ocrx_word' id='word_1_559' title='bbox 1681 4377 1835 4430; x_wconf 81' lang='lat' dir='ltr'><strong>unxit</strong></span> <span class='ocrx_word' id='word_1_560' title='bbox 1859 4377 2023 4444; x_wconf 87' lang='lat' dir='ltr'><strong>pedes</strong></span> 
     </span>
    </p>
   </div>
   <div class='ocr_carea' id='block_1_155' title="bbox 419 4447 2024 4517">
    <p class='ocr_par' dir='ltr' id='par_1_155' title="bbox 419 4447 2024 4517">
     <span class='ocr_line' id='line_1_156' title="bbox 419 4447 2024 4517; baseline -0.001 -14"><span class='ocrx_word' id='word_1_561' title='bbox 419 4449 600 4504; x_wconf 81' lang='lat' dir='ltr'><strong>Jesus.</strong></span> <span class='ocrx_word' id='word_1_562' title='bbox 651 4459 706 4503; x_wconf 91' lang='lat' dir='ltr'><strong>et</strong></span> <span class='ocrx_word' id='word_1_563' title='bbox 753 4451 984 4502; x_wconf 80' lang='lat' dir='ltr'><strong>extersit</strong></span> <span class='ocrx_word' id='word_1_564' title='bbox 1013 4448 1227 4517; x_wconf 79' lang='lat' dir='ltr'><strong>Capillis</strong></span> <span class='ocrx_word' id='word_1_565' title='bbox 1258 4451 1372 4503; x_wconf 86' lang='lat' dir='ltr'><strong>suis</strong></span> <span class='ocrx_word' id='word_1_566' title='bbox 1414 4447 1584 4517; x_wconf 80' lang='lat' dir='ltr'><strong>pedes</strong></span> <span class='ocrx_word' id='word_1_567' title='bbox 1631 4448 1770 4517; x_wconf 91' lang='lat' dir='ltr'><strong>ejus.</strong></span> <span class='ocrx_word' id='word_1_568' title='bbox 1827 4448 2024 4501; x_wconf 90' lang='lat' dir='ltr'><strong>domus</strong></span> 
     </span>
    </p>
   </div>
   <div class='ocr_carea' id='block_1_156' title="bbox 422 4518 2022 4590">
    <p class='ocr_par' dir='ltr' id='par_1_156' title="bbox 422 4518 2022 4590">
     <span class='ocr_line' id='line_1_157' title="bbox 422 4518 2022 4590; baseline -0.001 -16"><span class='ocrx_word' id='word_1_569' title='bbox 422 4529 605 4575; x_wconf 88' lang='lat' dir='ltr'><strong>autem</strong></span> <span class='ocrx_word' id='word_1_570' title='bbox 661 4521 864 4588; x_wconf 82' lang='lat' dir='ltr'><strong>repleta</strong></span> <span class='ocrx_word' id='word_1_571' title='bbox 923 4529 1008 4572; x_wconf 89' lang='lat' dir='ltr'><strong>est</strong></span> <span class='ocrx_word' id='word_1_572' title='bbox 1053 4535 1117 4573; x_wconf 78' lang='lat' dir='ltr'><strong>ex</strong></span> <span class='ocrx_word' id='word_1_573' title='bbox 1175 4518 1346 4574; x_wconf 89' lang='lat' dir='ltr'><strong>odore</strong></span> <span class='ocrx_word' id='word_1_574' title='bbox 1379 4521 1664 4590; x_wconf 78' lang='lat' dir='ltr'><strong>unguenti.</strong></span> <span class='ocrx_word' id='word_1_575' title='bbox 1698 4519 1842 4574; x_wconf 83' lang='lat' dir='ltr'><strong>Dixit</strong></span> <span class='ocrx_word' id='word_1_576' title='bbox 1891 4533 2022 4588; x_wconf 80' lang='lat' dir='ltr'><strong>ergo</strong></span> 
     </span>
    </p>
   </div>
   <div class='ocr_carea' id='block_1_157' title="bbox 422 4589 2022 4663">
    <p class='ocr_par' dir='ltr' id='par_1_157' title="bbox 422 4589 2022 4663">
     <span class='ocr_line' id='line_1_158' title="bbox 422 4589 2022 4663; baseline -0.003 -14"><span class='ocrx_word' id='word_1_577' title='bbox 422 4608 561 4649; x_wconf 91' lang='lat' dir='ltr'><strong>unus</strong></span> <span class='ocrx_word' id='word_1_578' title='bbox 591 4605 661 4647; x_wconf 83' lang='lat' dir='ltr'><strong>ex</strong></span> <span class='ocrx_word' id='word_1_579' title='bbox 690 4589 972 4660; x_wconf 85' lang='lat' dir='ltr'><strong>discipulis</strong></span> <span class='ocrx_word' id='word_1_580' title='bbox 1015 4589 1156 4659; x_wconf 89' lang='lat' dir='ltr'><strong>ejus.</strong></span> <span class='ocrx_word' id='word_1_581' title='bbox 1203 4591 1372 4647; x_wconf 75' lang='lat' dir='ltr'><strong>ludas</strong></span> <span class='ocrx_word' id='word_1_582' title='bbox 1400 4589 1478 4663; x_wconf 75' lang='grc' dir='ltr'><strong>(ιι)</strong></span> <span class='ocrx_word' id='word_1_583' title='bbox 1512 4591 1750 4648; x_wconf 89' lang='lat' dir='ltr'><strong>Simonis</strong></span> <span class='ocrx_word' id='word_1_584' title='bbox 1782 4592 1822 4661; x_wconf 66' lang='lat' dir='ltr'><strong>j—</strong></span> <span class='ocrx_word' id='word_1_585' title='bbox 1850 4591 2022 4645; x_wconf 83' lang='lat' dir='ltr'><strong>Scha-</strong></span> 
     </span>
    </p>
   </div>
   <div class='ocr_carea' id='block_1_158' title="bbox 2132 3807 3746 3879">
    <p class='ocr_par' dir='ltr' id='par_1_158' title="bbox 2132 3807 3746 3879">
     <span class='ocr_line' id='line_1_159' title="bbox 2132 3807 3746 3879; baseline 0.001 -19"><span class='ocrx_word' id='word_1_586' title='bbox 2132 3807 2306 3863; x_wconf 86' lang='lat' dir='ltr'><strong>riotes</strong></span> <span class='ocrx_word' id='word_1_587' title='bbox 2355 3810 2445 3879; x_wconf 93' lang='lat' dir='ltr'><strong>qui</strong></span> <span class='ocrx_word' id='word_1_588' title='bbox 2494 3809 2794 3864; x_wconf 87' lang='lat' dir='ltr'><strong>traditurus</strong></span> <span class='ocrx_word' id='word_1_589' title='bbox 2821 3819 2939 3865; x_wconf 90' lang='lat' dir='ltr'><strong>erat</strong></span> <span class='ocrx_word' id='word_1_590' title='bbox 2967 3824 3113 3865; x_wconf 89' lang='lat' dir='ltr'><strong>eum.</strong></span> <span class='ocrx_word' id='word_1_591' title='bbox 3147 3809 3326 3877; x_wconf 88' lang='lat' dir='ltr'><strong>Quare</strong></span> <span class='ocrx_word' id='word_1_592' title='bbox 3357 3808 3462 3863; x_wconf 88' lang='lat' dir='ltr'><strong>hoc</strong></span> <span class='ocrx_word' id='word_1_593' title='bbox 3491 3821 3746 3876; x_wconf 83' lang='lat' dir='ltr'><strong>unguen-</strong></span> 
     </span>
    </p>
   </div>
   <div class='ocr_carea' id='block_1_159' title="bbox 2134 3880 3742 3936">
    <p class='ocr_par' dir='ltr' id='par_1_159' title="bbox 2134 3880 3742 3936">
     <span class='ocr_line' id='line_1_160' title="bbox 2134 3880 3742 3936; baseline 0.001 -4"><span class='ocrx_word' id='word_1_594' title='bbox 2134 3888 2269 3934; x_wconf 93' lang='lat' dir='ltr'><strong>tum.</strong></span> <span class='ocrx_word' id='word_1_595' title='bbox 2327 3897 2433 3934; x_wconf 93' lang='lat' dir='ltr'><strong>non</strong></span> <span class='ocrx_word' id='word_1_596' title='bbox 2467 3881 2854 3936; x_wconf 89' lang='lat' dir='ltr'><strong>venumdatutn</strong></span> <span class='ocrx_word' id='word_1_597' title='bbox 2886 3883 3049 3936; x_wconf 91' lang='lat' dir='ltr'><strong>estin</strong></span> <span class='ocrx_word' id='word_1_598' title='bbox 3085 3882 3347 3936; x_wconf 89' lang='lat' dir='ltr'><strong>trecentis</strong></span> <span class='ocrx_word' id='word_1_599' title='bbox 3374 3880 3641 3935; x_wconf 89' lang='lat' dir='ltr'><strong>denariis.</strong></span> <span class='ocrx_word' id='word_1_600' title='bbox 3681 3889 3742 3934; x_wconf 91' lang='lat' dir='ltr'><strong>et</strong></span> 
     </span>
    </p>
   </div>
   <div class='ocr_carea' id='block_1_160' title="bbox 2133 3950 3742 4022">
    <p class='ocr_par' dir='ltr' id='par_1_160' title="bbox 2133 3950 3742 4022">
     <span class='ocr_line' id='line_1_161' title="bbox 2133 3950 3742 4022; baseline 0.001 -18"><span class='ocrx_word' id='word_1_601' title='bbox 2133 3952 2316 4005; x_wconf 90' lang='lat' dir='ltr'><strong>datum</strong></span> <span class='ocrx_word' id='word_1_602' title='bbox 2349 3964 2434 4006; x_wconf 91' lang='lat' dir='ltr'><strong>est</strong></span> <span class='ocrx_word' id='word_1_603' title='bbox 2465 3953 2818 4022; x_wconf 82' lang='lat' dir='ltr'><strong>pauperibus.</strong></span> <span class='ocrx_word' id='word_1_604' title='bbox 2853 3952 2966 4007; x_wconf 90' lang='lat' dir='ltr'><strong>Hoc</strong></span> <span class='ocrx_word' id='word_1_605' title='bbox 2991 3964 3174 4008; x_wconf 88' lang='lat' dir='ltr'><strong>autem</strong></span> <span class='ocrx_word' id='word_1_606' title='bbox 3194 3952 3352 4007; x_wconf 83' lang='lat' dir='ltr'><strong>dixit.</strong></span> <span class='ocrx_word' id='word_1_607' title='bbox 3379 3966 3486 4007; x_wconf 89' lang='lat' dir='ltr'><strong>non</strong></span> <span class='ocrx_word' id='word_1_608' title='bbox 3514 3950 3641 4022; x_wconf 90' lang='lat' dir='ltr'><strong>quia</strong></span> <span class='ocrx_word' id='word_1_609' title='bbox 3669 3952 3742 4006; x_wconf 91' lang='lat' dir='ltr'><strong>dc</strong></span> 
     </span>
    </p>
   </div>
   <div class='ocr_carea' id='block_1_161' title="bbox 2133 4022 3745 4095">
    <p class='ocr_par' dir='ltr' id='par_1_161' title="bbox 2133 4022 3745 4095">
     <span class='ocr_line' id='line_1_162' title="bbox 2133 4022 3745 4095; baseline 0.001 -20"><span class='ocrx_word' id='word_1_610' title='bbox 2133 4024 2466 4095; x_wconf 83' lang='lat' dir='ltr'><strong>pauperibus</strong></span> <span class='ocrx_word' id='word_1_611' title='bbox 2497 4039 2626 4079; x_wconf 91' lang='lat' dir='ltr'><strong>cura</strong></span> <span class='ocrx_word' id='word_1_612' title='bbox 2658 4025 2705 4095; x_wconf 88' lang='lat' dir='ltr'><strong>ei</strong></span> <span class='ocrx_word' id='word_1_613' title='bbox 2734 4034 2874 4078; x_wconf 85' lang='lat' dir='ltr'><strong>erat.</strong></span> <span class='ocrx_word' id='word_1_614' title='bbox 2929 4024 3022 4078; x_wconf 91' lang='lat' dir='ltr'><strong>sed</strong></span> <span class='ocrx_word' id='word_1_615' title='bbox 3054 4025 3178 4095; x_wconf 88' lang='lat' dir='ltr'><strong>quia</strong></span> <span class='ocrx_word' id='word_1_616' title='bbox 3211 4022 3294 4078; x_wconf 80' lang='lat' dir='ltr'><strong>fur</strong></span> <span class='ocrx_word' id='word_1_617' title='bbox 3322 4032 3460 4078; x_wconf 89' lang='lat' dir='ltr'><strong>erat.</strong></span> <span class='ocrx_word' id='word_1_618' title='bbox 3496 4033 3550 4077; x_wconf 91' lang='lat' dir='ltr'><strong>et</strong></span> <span class='ocrx_word' id='word_1_619' title='bbox 3595 4023 3745 4095; x_wconf 77' lang='lat' dir='ltr'><strong>locu-</strong></span> 
     </span>
    </p>
   </div>
   <div class='ocr_carea' id='block_1_162' title="bbox 2135 4093 3738 4166">
    <p class='ocr_par' dir='ltr' id='par_1_162' title="bbox 2135 4093 3738 4166">
     <span class='ocr_line' id='line_1_163' title="bbox 2135 4093 3738 4166; baseline 0.001 -21"><span class='ocrx_word' id='word_1_620' title='bbox 2135 4093 2241 4166; x_wconf 83' lang='lat' dir='ltr'><strong>lum</strong></span> <span class='ocrx_word' id='word_1_621' title='bbox 2272 4093 2345 4166; x_wconf 80' lang='grc' dir='ltr'><strong>(ε)</strong></span> <span class='ocrx_word' id='word_1_622' title='bbox 2381 4095 2614 4149; x_wconf 86' lang='lat' dir='ltr'><strong>habebat</strong></span> <span class='ocrx_word' id='word_1_623' title='bbox 2641 4094 2706 4165; x_wconf 54' lang='grc' dir='ltr'><strong>ἦε.</strong></span> <span class='ocrx_word' id='word_1_624' title='bbox 2731 4106 2784 4166; x_wconf 87' lang='lat' dir='ltr'><strong>et</strong></span> <span class='ocrx_word' id='word_1_625' title='bbox 2805 4111 2866 4150; x_wconf 86' lang='lat' dir='ltr'><strong>ea</strong></span> <span class='ocrx_word' id='word_1_626' title='bbox 2897 4111 3036 4163; x_wconf 88' lang='lat' dir='ltr'><strong>quae</strong></span> <span class='ocrx_word' id='word_1_627' title='bbox 3073 4093 3438 4150; x_wconf 74' lang='lat' dir='ltr'><strong>mittebantur</strong></span> <span class='ocrx_word' id='word_1_628' title='bbox 3460 4093 3738 4165; x_wconf 84' lang='lat' dir='ltr'><strong>portabat.</strong></span> 
     </span>
    </p>
   </div>
   <div class='ocr_carea' id='block_1_163' title="bbox 2135 4165 3740 4238">
    <p class='ocr_par' dir='ltr' id='par_1_163' title="bbox 2135 4165 3740 4238">
     <span class='ocr_line' id='line_1_164' title="bbox 2135 4165 3740 4238; baseline 0.001 -20"><span class='ocrx_word' id='word_1_629' title='bbox 2135 4165 2289 4219; x_wconf 81' lang='lat' dir='ltr'><strong>Dixit</strong></span> <span class='ocrx_word' id='word_1_630' title='bbox 2314 4181 2446 4235; x_wconf 83' lang='lat' dir='ltr'><strong>ergo</strong></span> <span class='ocrx_word' id='word_1_631' title='bbox 2475 4167 2659 4222; x_wconf 85' lang='lat' dir='ltr'><strong>Jesus.</strong></span> <span class='ocrx_word' id='word_1_632' title='bbox 2691 4165 2759 4238; x_wconf 75' lang='grc' dir='ltr'><strong>(ί)</strong></span> <span class='ocrx_word' id='word_1_633' title='bbox 2785 4167 2934 4237; x_wconf 56' lang='grc' dir='ltr'><strong>⁸ἓίιιεξ</strong></span> <span class='ocrx_word' id='word_1_634' title='bbox 2964 4168 3000 4238; x_wconf 69' lang='grc' dir='ltr'><strong>-ι-</strong></span> <span class='ocrx_word' id='word_1_635' title='bbox 3029 4167 3177 4220; x_wconf 88' lang='lat' dir='ltr'><strong>illam</strong></span> <span class='ocrx_word' id='word_1_636' title='bbox 3209 4167 3262 4220; x_wconf 94' lang='lat' dir='ltr'><strong>in</strong></span> <span class='ocrx_word' id='word_1_637' title='bbox 3290 4167 3380 4222; x_wconf 90' lang='lat' dir='ltr'><strong>die</strong></span> <span class='ocrx_word' id='word_1_638' title='bbox 3418 4167 3740 4238; x_wconf 79' lang='lat' dir='ltr'><strong>sepulturae</strong></span> 
     </span>
    </p>
   </div>
   <div class='ocr_carea' id='block_1_164' title="bbox 2137 4235 3739 4306">
    <p class='ocr_par' dir='ltr' id='par_1_164' title="bbox 2137 4235 3739 4306">
     <span class='ocr_line' id='line_1_165' title="bbox 2137 4235 3739 4306; baseline 0.001 -17"><span class='ocrx_word' id='word_1_639' title='bbox 2137 4252 2294 4292; x_wconf 86' lang='lat' dir='ltr'><strong>meae</strong></span> <span class='ocrx_word' id='word_1_640' title='bbox 2341 4239 2582 4293; x_wconf 88' lang='lat' dir='ltr'><strong>servavit</strong></span> <span class='ocrx_word' id='word_1_641' title='bbox 2624 4235 3085 4306; x_wconf 44' lang='lat' dir='ltr'><strong>illud.&#39;Pauperes</strong></span> <span class='ocrx_word' id='word_1_642' title='bbox 3116 4241 3258 4292; x_wconf 90' lang='lat' dir='ltr'><strong>enim</strong></span> <span class='ocrx_word' id='word_1_643' title='bbox 3289 4253 3508 4305; x_wconf 82' lang='lat' dir='ltr'><strong>semper</strong></span> <span class='ocrx_word' id='word_1_644' title='bbox 3567 4235 3739 4290; x_wconf 86' lang='lat' dir='ltr'><strong>habe-</strong></span> 
     </span>
    </p>
   </div>
   <div class='ocr_carea' id='block_1_165' title="bbox 2137 4307 3744 4377">
    <p class='ocr_par' dir='ltr' id='par_1_165' title="bbox 2137 4307 3744 4377">
     <span class='ocr_line' id='line_1_166' title="bbox 2137 4307 3744 4377; baseline -0.001 -16"><span class='ocrx_word' id='word_1_645' title='bbox 2137 4308 2204 4362; x_wconf 45' lang='lat' dir='ltr'><strong>tis</strong></span> <span class='ocrx_word' id='word_1_646' title='bbox 2221 4310 2497 4364; x_wconf 85' lang='lat' dir='ltr'><strong>vobiscum</strong></span> <span class='ocrx_word' id='word_1_647' title='bbox 2537 4326 2622 4363; x_wconf 90' lang='lat' dir='ltr'><strong>mc</strong></span> <span class='ocrx_word' id='word_1_648' title='bbox 2643 4317 2822 4364; x_wconf 88' lang='lat' dir='ltr'><strong>autem</strong></span> <span class='ocrx_word' id='word_1_649' title='bbox 2848 4327 2952 4362; x_wconf 88' lang='lat' dir='ltr'><strong>non</strong></span> <span class='ocrx_word' id='word_1_650' title='bbox 2976 4324 3194 4377; x_wconf 83' lang='lat' dir='ltr'><strong>semper</strong></span> <span class='ocrx_word' id='word_1_651' title='bbox 3213 4308 3442 4363; x_wconf 72' lang='lat' dir='ltr'><strong>liabet&#39;as.</strong></span> <span class='ocrx_word' id='word_1_652' title='bbox 3465 4307 3744 4376; x_wconf 78' lang='lat' dir='ltr'><strong>Cognovit</strong></span> 
     </span>
    </p>
   </div>
   <div class='ocr_carea' id='block_1_166' title="bbox 2135 4380 3742 4450">
    <p class='ocr_par' dir='ltr' id='par_1_166' title="bbox 2135 4380 3742 4450">
     <span class='ocr_line' id='line_1_167' title="bbox 2135 4380 3742 4450; baseline 0 -17"><span class='ocrx_word' id='word_1_653' title='bbox 2135 4395 2263 4450; x_wconf 81' lang='lat' dir='ltr'><strong>ergo</strong></span> <span class='ocrx_word' id='word_1_654' title='bbox 2275 4382 2427 4434; x_wconf 85' lang='lat' dir='ltr'><strong>turba</strong></span> <span class='ocrx_word' id='word_1_655' title='bbox 2446 4381 2552 4434; x_wconf 89' lang='lat' dir='ltr'><strong>mul</strong></span> <span class='ocrx_word' id='word_1_656' title='bbox 2564 4391 2612 4434; x_wconf 91' lang='lat' dir='ltr'><strong>ta</strong></span> <span class='ocrx_word' id='word_1_657' title='bbox 2627 4395 2692 4435; x_wconf 81' lang='lat' dir='ltr'><strong>ex</strong></span> <span class='ocrx_word' id='word_1_658' title='bbox 2705 4381 2944 4434; x_wconf 87' lang='lat' dir='ltr'><strong>.Iudaeis.</strong></span> <span class='ocrx_word' id='word_1_659' title='bbox 2960 4382 3082 4450; x_wconf 89' lang='lat' dir='ltr'><strong>quia</strong></span> <span class='ocrx_word' id='word_1_660' title='bbox 3098 4380 3254 4436; x_wconf 81' lang='lat' dir='ltr'><strong>Jesus</strong></span> <span class='ocrx_word' id='word_1_661' title='bbox 3269 4380 3379 4433; x_wconf 87' lang='lat' dir='ltr'><strong>illic</strong></span> <span class='ocrx_word' id='word_1_662' title='bbox 3391 4387 3553 4434; x_wconf 88' lang='lat' dir='ltr'><strong>est.et</strong></span> <span class='ocrx_word' id='word_1_663' title='bbox 3569 4394 3742 4450; x_wconf 77' lang='lat' dir='ltr'><strong>vene-</strong></span> 
     </span>
    </p>
   </div>
   <div class='ocr_carea' id='block_1_167' title="bbox 2135 4449 3742 4521">
    <p class='ocr_par' dir='ltr' id='par_1_167' title="bbox 2135 4449 3742 4521">
     <span class='ocr_line' id='line_1_168' title="bbox 2135 4449 3742 4521; baseline 0 -17"><span class='ocrx_word' id='word_1_664' title='bbox 2135 4449 2259 4505; x_wconf 90' lang='lat' dir='ltr'><strong>runt</strong></span> <span class='ocrx_word' id='word_1_665' title='bbox 2291 4467 2394 4506; x_wconf 90' lang='lat' dir='ltr'><strong>non</strong></span> <span class='ocrx_word' id='word_1_666' title='bbox 2430 4461 2636 4506; x_wconf 85' lang='lat' dir='ltr'><strong>tantum</strong></span> <span class='ocrx_word' id='word_1_667' title='bbox 2664 4449 3078 4521; x_wconf 83' lang='lat' dir='ltr'><strong>propterJesum</strong></span> <span class='ocrx_word' id='word_1_668' title='bbox 3094 4454 3289 4506; x_wconf 76' lang='lat' dir='ltr'><strong>solum.</strong></span> <span class='ocrx_word' id='word_1_669' title='bbox 3313 4453 3408 4506; x_wconf 90' lang='lat' dir='ltr'><strong>sed</strong></span> <span class='ocrx_word' id='word_1_670' title='bbox 3431 4449 3742 4505; x_wconf 83' lang='lat' dir='ltr'><strong>etutLaza—</strong></span> 
     </span>
    </p>
   </div>
   <div class='ocr_carea' id='block_1_168' title="bbox 2131 4523 3711 4594">
    <p class='ocr_par' dir='ltr' id='par_1_168' title="bbox 2131 4523 3711 4594">
     <span class='ocr_line' id='line_1_169' title="bbox 2131 4523 3711 4594; baseline 0 -18"><span class='ocrx_word' id='word_1_671' title='bbox 2131 4537 2248 4576; x_wconf 88' lang='lat' dir='ltr'><strong>rum</strong></span> <span class='ocrx_word' id='word_1_672' title='bbox 2267 4523 2512 4579; x_wconf 87' lang='lat' dir='ltr'><strong>viderent</strong></span> <span class='ocrx_word' id='word_1_673' title='bbox 2531 4539 2691 4594; x_wconf 91' lang='lat' dir='ltr'><strong>quem</strong></span> <span class='ocrx_word' id='word_1_674' title='bbox 2721 4525 3038 4579; x_wconf 82' lang='lat' dir='ltr'><strong>suscitavita</strong></span> <span class='ocrx_word' id='word_1_675' title='bbox 3055 4524 3301 4579; x_wconf 89' lang='lat' dir='ltr'><strong>mortuis.</strong></span> <span class='ocrx_word' id='word_1_676' title='bbox 3319 4524 3711 4593; x_wconf 78' lang='lat' dir='ltr'><strong>Cogitaverunt</strong></span> 
     </span>
    </p>
   </div>
   <div class='ocr_carea' id='block_1_169' title="bbox 1709 4700 2438 4760">
    <p class='ocr_par' dir='ltr' id='par_1_169' title="bbox 1709 4700 2438 4760">
     <span class='ocr_line' id='line_1_170' title="bbox 1709 4700 2438 4760; baseline -0.007 0"><span class='ocrx_word' id='word_1_677' title='bbox 1709 4703 1939 4760; x_wconf 74' lang='lat' dir='ltr'><strong>CODEX</strong></span> <span class='ocrx_word' id='word_1_678' title='bbox 1969 4700 2438 4758; x_wconf 81' lang='lat' dir='ltr'><strong>GORBEIENSIS.</strong></span> 
     </span>
    </p>
   </div>
   <div class='ocr_carea' id='block_1_170' title="bbox 494 4796 1689 4866">
    <p class='ocr_par' dir='ltr' id='par_1_170' title="bbox 494 4796 1689 4866">
     <span class='ocr_line' id='line_1_171' title="bbox 494 4796 1689 4866; baseline -0.007 -7"><span class='ocrx_word' id='word_1_679' title='bbox 494 4803 583 4859; x_wconf 81' lang='lat'><strong>56.</strong></span> <span class='ocrx_word' id='word_1_680' title='bbox 621 4803 642 4832; x_wconf 83' lang='lat'><strong>°</strong></span> <span class='ocrx_word' id='word_1_681' title='bbox 671 4801 806 4866; x_wconf 87' lang='lat' dir='ltr'><strong>Quia</strong></span> <span class='ocrx_word' id='word_1_682' title='bbox 837 4813 941 4852; x_wconf 88' lang='lat' dir='ltr'><strong>non</strong></span> <span class='ocrx_word' id='word_1_683' title='bbox 975 4798 1154 4853; x_wconf 88' lang='lat' dir='ltr'><strong>veniet</strong></span> <span class='ocrx_word' id='word_1_684' title='bbox 1180 4799 1246 4852; x_wconf 91' lang='lat' dir='ltr'><strong>ad</strong></span> <span class='ocrx_word' id='word_1_685' title='bbox 1275 4797 1420 4853; x_wconf 89' lang='lat' dir='ltr'><strong>diem</strong></span> <span class='ocrx_word' id='word_1_686' title='bbox 1453 4796 1689 4853; x_wconf 81' lang='lat' dir='ltr'><strong>festum?</strong></span> 
     </span>
    </p>
   </div>
   <div class='ocr_carea' id='block_1_171' title="bbox 493 4869 1658 4938">
    <p class='ocr_par' dir='ltr' id='par_1_171' title="bbox 493 4869 1658 4938">
     <span class='ocr_line' id='line_1_172' title="bbox 493 4869 1658 4938; baseline -0.005 -12"><span class='ocrx_word' id='word_1_687' title='bbox 493 4873 623 4927; x_wconf 67' lang='lat' dir='ltr'><strong>Car.</strong></span> <span class='ocrx_word' id='word_1_688' title='bbox 651 4871 761 4928; x_wconf 80' lang='grc' dir='ltr'><strong>ΧΠ.</strong></span> <span class='ocrx_word' id='word_1_689' title='bbox 793 4872 932 4925; x_wconf 79' lang='lat'><strong>—5.</strong></span> <span class='ocrx_word' id='word_1_690' title='bbox 967 4869 1158 4925; x_wconf 81' lang='lat' dir='ltr'><strong>librant</strong></span> <span class='ocrx_word' id='word_1_691' title='bbox 1190 4871 1445 4938; x_wconf 85' lang='lat' dir='ltr'><strong>unguenti</strong></span> <span class='ocrx_word' id='word_1_692' title='bbox 1463 4869 1658 4937; x_wconf 88' lang='lat' dir='ltr'><strong>pistici.</strong></span> 
     </span>
    </p>
   </div>
   <div class='ocr_carea' id='block_1_172' title="bbox 420 4939 2020 5070">
    <p class='ocr_par' dir='ltr' id='par_1_172' title="bbox 420 4939 2020 5070">
     <span class='ocr_line' id='line_1_173' title="bbox 492 4939 2020 5069; baseline -0.001 -74"><span class='ocrx_word' id='word_1_693' title='bbox 492 4943 548 5069; x_wconf 47' lang='grc' dir='ltr'><strong>ᾗ.</strong></span> <span class='ocrx_word' id='word_1_694' title='bbox 588 4943 752 4998; x_wconf 84' lang='lat' dir='ltr'><strong>Judas</strong></span> <span class='ocrx_word' id='word_1_695' title='bbox 795 4942 1034 4998; x_wconf 88' lang='lat' dir='ltr'><strong>Simonis</strong></span> <span class='ocrx_word' id='word_1_696' title='bbox 1067 4940 1368 5009; x_wconf 89' lang='lat' dir='ltr'><strong>lscariotis,</strong></span> <span class='ocrx_word' id='word_1_697' title='bbox 1420 4939 1512 5010; x_wconf 87' lang='lat' dir='ltr'><strong>qui</strong></span> <span class='ocrx_word' id='word_1_698' title='bbox 1560 4939 1854 5008; x_wconf 82' lang='lat' dir='ltr'><strong>incipiebat</strong></span> <span class='ocrx_word' id='word_1_699' title='bbox 1897 4955 2020 4994; x_wconf 90' lang='lat' dir='ltr'><strong>eum</strong></span> 
     </span>
     <span class='ocr_line' id='line_1_174' title="bbox 420 5024 1318 5070; baseline -0.004 -1"><span class='ocrx_word' id='word_1_700' title='bbox 420 5024 500 5070; x_wconf 93' lang='lat' dir='ltr'><strong>tra</strong></span> <span class='ocrx_word' id='word_1_701' title='bbox 542 5027 656 5070; x_wconf 91' lang='lat' dir='ltr'><strong>ere.</strong></span> <span class='ocrx_word' id='word_1_702' title='bbox 1315 5042 1318 5045; x_wconf 96' lang='lat'><strong><em>-</em></strong></span> 
     </span>
    </p>
   </div>
   <div class='ocr_carea' id='block_1_173' title="bbox 2110 4789 3735 4866">
    <p class='ocr_par' dir='ltr' id='par_1_173' title="bbox 2110 4789 3735 4866">
     <span class='ocr_line' id='line_1_175' title="bbox 2110 4789 3735 4866; baseline -0.004 -16"><span class='ocrx_word' id='word_1_703' title='bbox 2110 4834 2112 4836; x_wconf 91' lang='grc'><strong><em>-</em></strong></span> <span class='ocrx_word' id='word_1_704' title='bbox 2196 4796 2251 4850; x_wconf 88' lang='lat'><strong>6.</strong></span> <span class='ocrx_word' id='word_1_705' title='bbox 2293 4812 2397 4850; x_wconf 89' lang='lat' dir='ltr'><strong>non</strong></span> <span class='ocrx_word' id='word_1_706' title='bbox 2426 4793 2570 4866; x_wconf 90' lang='lat' dir='ltr'><strong>quod</strong></span> <span class='ocrx_word' id='word_1_707' title='bbox 2597 4793 2663 4849; x_wconf 90' lang='lat' dir='ltr'><strong>de</strong></span> <span class='ocrx_word' id='word_1_708' title='bbox 2688 4792 3012 4864; x_wconf 90' lang='lat' dir='ltr'><strong>pauperibus</strong></span> <span class='ocrx_word' id='word_1_709' title='bbox 3037 4805 3166 4848; x_wconf 89' lang='lat' dir='ltr'><strong>cura</strong></span> <span class='ocrx_word' id='word_1_710' title='bbox 3210 4798 3360 4847; x_wconf 89' lang='lat' dir='ltr'><strong>esset</strong></span> <span class='ocrx_word' id='word_1_711' title='bbox 3387 4789 3540 4846; x_wconf 93' lang='lat' dir='ltr'><strong>illi...</strong></span> <span class='ocrx_word' id='word_1_712' title='bbox 3575 4790 3595 4820; x_wconf 86' lang='grc'>⁷</span> <span class='ocrx_word' id='word_1_713' title='bbox 3626 4803 3735 4844; x_wconf 79' lang='lat' dir='ltr'><strong>ex-</strong></span> 
     </span>
    </p>
   </div>
   <div class='ocr_carea' id='block_1_174' title="bbox 2129 4867 2395 4938">
    <p class='ocr_par' dir='ltr' id='par_1_174' title="bbox 2129 4867 2395 4938">
     <span class='ocr_line' id='line_1_176' title="bbox 2129 4867 2395 4938; baseline -0.008 -15"><span class='ocrx_word' id='word_1_714' title='bbox 2129 4867 2395 4938; x_wconf 85' lang='lat' dir='ltr'><strong>portabat.</strong></span> 
     </span>
    </p>
   </div>
   <div class='ocr_carea' id='block_1_175' title="bbox 2202 4933 3067 5006">
    <p class='ocr_par' dir='ltr' id='par_1_175' title="bbox 2202 4933 3067 5006">
     <span class='ocr_line' id='line_1_177' title="bbox 2202 4933 3067 5006; baseline -0.008 -12"><span class='ocrx_word' id='word_1_715' title='bbox 2202 4940 2257 4994; x_wconf 89' lang='lat'><strong>8.</strong></span> <span class='ocrx_word' id='word_1_716' title='bbox 2298 4940 2320 4971; x_wconf 86' lang='grc'>⁸</span> <span class='ocrx_word' id='word_1_717' title='bbox 2347 4953 2452 4994; x_wconf 82' lang='lat' dir='ltr'><strong>nOn</strong></span> <span class='ocrx_word' id='word_1_718' title='bbox 2484 4951 2699 5006; x_wconf 86' lang='lat' dir='ltr'><strong>semper</strong></span> <span class='ocrx_word' id='word_1_719' title='bbox 2716 4934 2986 4991; x_wconf 80' lang='lat' dir='ltr'><strong>habebitis</strong></span> <span class='ocrx_word' id='word_1_720' title='bbox 3013 4933 3067 5006; x_wconf 59' lang='lat' dir='ltr'><strong>fin</strong></span> 
     </span>
    </p>
   </div>
   <div class='ocr_carea' id='block_1_176' title="bbox 2203 5005 3151 5065">
    <p class='ocr_par' dir='ltr' id='par_1_176' title="bbox 2203 5005 3151 5065">
     <span class='ocr_line' id='line_1_178' title="bbox 2203 5005 3151 5065; baseline -0.007 0"><span class='ocrx_word' id='word_1_721' title='bbox 2203 5011 2258 5065; x_wconf 88' lang='lat'><strong>9.</strong></span> <span class='ocrx_word' id='word_1_722' title='bbox 2302 5011 2365 5065; x_wconf 90' lang='lat' dir='ltr'><strong>Et</strong></span> <span class='ocrx_word' id='word_1_723' title='bbox 2392 5010 2550 5065; x_wconf 90' lang='lat' dir='ltr'><strong>turba</strong></span> <span class='ocrx_word' id='word_1_724' title='bbox 2582 5005 2749 5064; x_wconf 88' lang='lat' dir='ltr'><strong>multa</strong></span> <span class='ocrx_word' id='word_1_725' title='bbox 2782 5045 2794 5060; x_wconf 94' lang='lat'><strong>.</strong></span> <span class='ocrx_word' id='word_1_726' title='bbox 2828 5047 2842 5061; x_wconf 97' lang='lat'><strong>.</strong></span> <span class='ocrx_word' id='word_1_727' title='bbox 2880 5045 2892 5060; x_wconf 94' lang='lat'><strong>.</strong></span> <span class='ocrx_word' id='word_1_728' title='bbox 2927 5005 3151 5061; x_wconf 90' lang='lat' dir='ltr'><strong>audivit.</strong></span> 
     </span>
    </p>
   </div>
   <div class='ocr_carea' id='block_1_177' title="bbox 1680 5101 2512 5160">
    <p class='ocr_par' dir='ltr' id='par_1_177' title="bbox 1680 5101 2512 5160">
     <span class='ocr_line' id='line_1_179' title="bbox 1680 5101 2512 5160; baseline -0.001 -2"><span class='ocrx_word' id='word_1_729' title='bbox 1680 5102 2072 5160; x_wconf 77' lang='lat' dir='ltr'><strong>VARIANTES</strong></span> <span class='ocrx_word' id='word_1_730' title='bbox 2110 5101 2512 5159; x_wconf 85' lang='lat' dir='ltr'><strong>LECTlONES.</strong></span> 
     </span>
    </p>
   </div>
   <div class='ocr_carea' id='block_1_178' title="bbox 479 5199 2013 5253">
    <p class='ocr_par' dir='ltr' id='par_1_178' title="bbox 479 5199 2013 5253">
     <span class='ocr_line' id='line_1_180' title="bbox 479 5199 2013 5253; baseline 0.001 -5"><span class='ocrx_word' id='word_1_731' title='bbox 479 5205 496 5232; x_wconf 75' lang='grc' dir='ltr'><strong>ι</strong></span> <span class='ocrx_word' id='word_1_732' title='bbox 525 5202 631 5253; x_wconf 72' lang='grc' dir='ltr'><strong>ϐαι,</strong></span> <span class='ocrx_word' id='word_1_733' title='bbox 659 5199 883 5250; x_wconf 76' lang='lat' dir='ltr'><strong>fecerunt</strong></span> <span class='ocrx_word' id='word_1_734' title='bbox 915 5201 964 5247; x_wconf 91' lang='lat' dir='ltr'><strong>ei</strong></span> <span class='ocrx_word' id='word_1_735' title='bbox 1001 5212 1232 5250; x_wconf 88' lang='lat' dir='ltr'><strong>coenam:</strong></span> <span class='ocrx_word' id='word_1_736' title='bbox 1256 5209 1310 5251; x_wconf 87' lang='lat' dir='ltr'><strong>et</strong></span> <span class='ocrx_word' id='word_1_737' title='bbox 1344 5200 1529 5250; x_wconf 81' lang='lat' dir='ltr'><strong>Martha</strong></span> <span class='ocrx_word' id='word_1_738' title='bbox 1553 5200 1619 5249; x_wconf 92' lang='lat' dir='ltr'><strong>lbi</strong></span> <span class='ocrx_word' id='word_1_739' title='bbox 1652 5199 1972 5248; x_wconf 86' lang='lat' dir='ltr'><strong>ministrabat.</strong></span> <span class='ocrx_word' id='word_1_740' title='bbox 2001 5239 2013 5250; x_wconf 95' lang='lat'><strong>.</strong></span> 
     </span>
    </p>
   </div>
   <div class='ocr_carea' id='block_1_179' title="bbox 417 5258 2018 5327">
    <p class='ocr_par' dir='ltr' id='par_1_179' title="bbox 417 5258 2018 5327">
     <span class='ocr_line' id='line_1_181' title="bbox 417 5258 2018 5327; baseline -0.001 -14"><span class='ocrx_word' id='word_1_741' title='bbox 417 5278 545 5315; x_wconf 91' lang='lat' dir='ltr'><strong>unus</strong></span> <span class='ocrx_word' id='word_1_742' title='bbox 568 5278 651 5313; x_wconf 89' lang='lat' dir='ltr'><strong>ex.</strong></span> <span class='ocrx_word' id='word_1_743' title='bbox 684 5258 828 5327; x_wconf 87' lang='lat' dir='ltr'><strong>Vulg.</strong></span> <span class='ocrx_word' id='word_1_744' title='bbox 854 5259 1104 5310; x_wconf 79' lang='lat' dir='ltr'><strong>Fecerunt</strong></span> <span class='ocrx_word' id='word_1_745' title='bbox 1126 5273 1289 5313; x_wconf 88' lang='lat' dir='ltr'><strong>autem</strong></span> <span class='ocrx_word' id='word_1_746' title='bbox 1317 5263 1362 5311; x_wconf 88' lang='lat' dir='ltr'><strong>ei</strong></span> <span class='ocrx_word' id='word_1_747' title='bbox 1397 5275 1600 5312; x_wconf 86' lang='lat' dir='ltr'><strong>coenam</strong></span> <span class='ocrx_word' id='word_1_748' title='bbox 1629 5263 1694 5312; x_wconf 88' lang='lat' dir='ltr'><strong>ibi</strong></span> <span class='ocrx_word' id='word_1_749' title='bbox 1720 5277 1731 5312; x_wconf 91' lang='lat'>:</span> <span class='ocrx_word' id='word_1_750' title='bbox 1753 5267 1806 5311; x_wconf 76' lang='lat' dir='ltr'><strong>et</strong></span> <span class='ocrx_word' id='word_1_751' title='bbox 1829 5261 2018 5312; x_wconf 81' lang='lat' dir='ltr'><strong>Martha</strong></span> 
     </span>
    </p>
   </div>
   <div class='ocr_carea' id='block_1_180' title="bbox 418 5327 1170 5375">
    <p class='ocr_par' dir='ltr' id='par_1_180' title="bbox 418 5327 1170 5375">
     <span class='ocr_line' id='line_1_182' title="bbox 418 5327 1170 5375; baseline -0.003 -1"><span class='ocrx_word' id='word_1_752' title='bbox 418 5327 776 5375; x_wconf 88' lang='lat' dir='ltr'><strong>ministrabat...</strong></span> <span class='ocrx_word' id='word_1_753' title='bbox 805 5337 931 5372; x_wconf 88' lang='lat' dir='ltr'><strong>unus</strong></span> <span class='ocrx_word' id='word_1_754' title='bbox 957 5331 1063 5371; x_wconf 89' lang='lat' dir='ltr'><strong>erat</strong></span> <span class='ocrx_word' id='word_1_755' title='bbox 1087 5338 1170 5372; x_wconf 85' lang='lat' dir='ltr'><strong>ex.</strong></span> 
     </span>
    </p>
   </div>
   <div class='ocr_carea' id='block_1_181' title="bbox 481 5384 2015 5448">
    <p class='ocr_par' dir='ltr' id='par_1_181' title="bbox 481 5384 2015 5448">
     <span class='ocr_line' id='line_1_183' title="bbox 481 5384 2015 5448; baseline -0.003 -11"><span class='ocrx_word' id='word_1_756' title='bbox 481 5391 501 5418; x_wconf 70' lang='lat'><strong>’</strong></span> <span class='ocrx_word' id='word_1_757' title='bbox 536 5389 643 5437; x_wconf 83' lang='lat' dir='ltr'><strong>Gat.</strong></span> <span class='ocrx_word' id='word_1_758' title='bbox 667 5401 764 5436; x_wconf 89' lang='lat' dir='ltr'><strong>non</strong></span> <span class='ocrx_word' id='word_1_759' title='bbox 783 5387 936 5436; x_wconf 90' lang='lat' dir='ltr'><strong>venit.</strong></span> <span class='ocrx_word' id='word_1_760' title='bbox 965 5387 1083 5434; x_wconf 83' lang='lat' dir='ltr'><strong>Mm.</strong></span> <span class='ocrx_word' id='word_1_761' title='bbox 1122 5399 1216 5434; x_wconf 89' lang='lat' dir='ltr'><strong>non</strong></span> <span class='ocrx_word' id='word_1_762' title='bbox 1254 5386 1488 5448; x_wconf 81' lang='lat' dir='ltr'><strong>vendidit.</strong></span> <span class='ocrx_word' id='word_1_763' title='bbox 1521 5384 1666 5448; x_wconf 84' lang='lat' dir='ltr'><strong>Vulg.</strong></span> <span class='ocrx_word' id='word_1_764' title='bbox 1693 5398 1790 5434; x_wconf 92' lang='lat' dir='ltr'><strong>non</strong></span> <span class='ocrx_word' id='word_1_765' title='bbox 1815 5386 2015 5448; x_wconf 78' lang='lat' dir='ltr'><strong>vaenijt.</strong></span> 
     </span>
    </p>
   </div>
   <div class='ocr_carea' id='block_1_182' title="bbox 480 5444 2019 5510">
    <p class='ocr_par' dir='ltr' id='par_1_182' title="bbox 480 5444 2019 5510">
     <span class='ocr_line' id='line_1_184' title="bbox 480 5444 2019 5510; baseline -0.001 -12"><span class='ocrx_word' id='word_1_766' title='bbox 480 5451 500 5481; x_wconf 76' lang='grc'><strong>³</strong></span> <span class='ocrx_word' id='word_1_767' title='bbox 532 5453 648 5498; x_wconf 84' lang='lat' dir='ltr'><strong>Mm.</strong></span> <span class='ocrx_word' id='word_1_768' title='bbox 676 5451 905 5507; x_wconf 81' lang='lat' dir='ltr'><strong>habebat,</strong></span> <span class='ocrx_word' id='word_1_769' title='bbox 950 5455 1002 5496; x_wconf 76' lang='lat' dir='ltr'><strong>ot</strong></span> <span class='ocrx_word' id='word_1_770' title='bbox 1035 5461 1164 5508; x_wconf 89' lang='lat' dir='ltr'><strong>quae</strong></span> <span class='ocrx_word' id='word_1_771' title='bbox 1187 5447 1522 5510; x_wconf 84' lang='lat' dir='ltr'><strong>mittebantur,</strong></span> <span class='ocrx_word' id='word_1_772' title='bbox 1561 5444 1836 5497; x_wconf 68' lang='lat' dir='ltr'><strong>auferebat.</strong></span> <span class='ocrx_word' id='word_1_773' title='bbox 1871 5444 2019 5510; x_wconf 82' lang='lat' dir='ltr'><strong>Vulg.</strong></span> 
     </span>
    </p>
   </div>
   <div class='ocr_carea' id='block_1_183' title="bbox 416 5509 1506 5575">
    <p class='ocr_par' dir='ltr' id='par_1_183' title="bbox 416 5509 1506 5575">
     <span class='ocr_line' id='line_1_185' title="bbox 416 5509 1506 5575; baseline -0.002 -16"><span class='ocrx_word' id='word_1_774' title='bbox 416 5509 626 5574; x_wconf 81' lang='lat' dir='ltr'><strong>habens,</strong></span> <span class='ocrx_word' id='word_1_775' title='bbox 649 5525 723 5571; x_wconf 87' lang='lat' dir='ltr'><strong>ea,</strong></span> <span class='ocrx_word' id='word_1_776' title='bbox 748 5525 876 5575; x_wconf 89' lang='lat' dir='ltr'><strong>quae</strong></span> <span class='ocrx_word' id='word_1_777' title='bbox 899 5511 1237 5571; x_wconf 87' lang='lat' dir='ltr'><strong>mittebantur,</strong></span> <span class='ocrx_word' id='word_1_778' title='bbox 1271 5509 1506 5571; x_wconf 87' lang='lat' dir='ltr'><strong>portabat.</strong></span> 
     </span>
    </p>
   </div>
   <div class='ocr_carea' id='block_1_184' title="bbox 2184 5192 3378 5268">
    <p class='ocr_par' dir='ltr' id='par_1_184' title="bbox 2184 5192 3378 5268">
     <span class='ocr_line' id='line_1_186' title="bbox 2184 5192 3378 5268; baseline -0.004 -22"><span class='ocrx_word' id='word_1_779' title='bbox 2184 5199 2205 5268; x_wconf 65' lang='grc' dir='ltr'><em>’ς</em></span> <span class='ocrx_word' id='word_1_780' title='bbox 2240 5201 2360 5268; x_wconf 60' lang='lat' dir='ltr'><strong>illm.</strong></span> <span class='ocrx_word' id='word_1_781' title='bbox 2382 5197 2504 5268; x_wconf 77' lang='lat' dir='ltr'><strong>Sine</strong></span> <span class='ocrx_word' id='word_1_782' title='bbox 2529 5196 2680 5268; x_wconf 64' lang='lat' dir='ltr'><strong>illam.</strong></span> <span class='ocrx_word' id='word_1_783' title='bbox 2881 5196 3040 5246; x_wconf 89' lang='lat' dir='ltr'><strong>Sinite</strong></span> <span class='ocrx_word' id='word_1_784' title='bbox 3059 5192 3239 5268; x_wconf 79' lang='lat' dir='ltr'><strong>illam._</strong></span> <span class='ocrx_word' id='word_1_785' title='bbox 3293 5256 3306 5268; x_wconf 43' lang='lat'><strong>‘</strong></span> 
     </span>
    </p>
   </div>
   <div class='ocr_carea' id='block_1_185' title="bbox 2183 5252 3730 5320">
    <p class='ocr_par' dir='ltr' id='par_1_185' title="bbox 2183 5252 3730 5320">
     <span class='ocr_line' id='line_1_187' title="bbox 2183 5252 3730 5320; baseline -0.005 -11"><span class='ocrx_word' id='word_1_786' title='bbox 2183 5261 2203 5292; x_wconf 79' lang='grc'><strong><em>⁵</em></strong></span> <span class='ocrx_word' id='word_1_787' title='bbox 2238 5261 2344 5310; x_wconf 79' lang='lat' dir='ltr'><strong>Gal.</strong></span> <span class='ocrx_word' id='word_1_788' title='bbox 2372 5266 2416 5310; x_wconf 81' lang='lat' dir='ltr'><strong>et</strong></span> <span class='ocrx_word' id='word_1_789' title='bbox 2437 5261 2552 5310; x_wconf 87' lang='lat' dir='ltr'><strong>Mm.</strong></span> <span class='ocrx_word' id='word_1_790' title='bbox 2595 5252 2902 5309; x_wconf 63' lang='lat' dir='ltr'><strong>habebitis...</strong></span> <span class='ocrx_word' id='word_1_791' title='bbox 2933 5270 3132 5320; x_wconf 90' lang='lat' dir='ltr'><strong>semper</strong></span> <span class='ocrx_word' id='word_1_792' title='bbox 3164 5255 3428 5306; x_wconf 83' lang='lat' dir='ltr'><strong>habebitis.</strong></span> <span class='ocrx_word' id='word_1_793' title='bbox 3460 5252 3609 5318; x_wconf 79' lang='lat' dir='ltr'><strong>Vulg.</strong></span> <span class='ocrx_word' id='word_1_794' title='bbox 3637 5254 3730 5303; x_wconf 85' lang='lat' dir='ltr'><strong>ha-</strong></span> 
     </span>
    </p>
   </div>
   <div class='ocr_carea' id='block_1_186' title="bbox 2121 5322 2770 5384">
    <p class='ocr_par' dir='ltr' id='par_1_186' title="bbox 2121 5322 2770 5384">
     <span class='ocr_line' id='line_1_188' title="bbox 2121 5322 2770 5384; baseline -0.002 -12"><span class='ocrx_word' id='word_1_795' title='bbox 2121 5323 2265 5372; x_wconf 83' lang='lat' dir='ltr'><strong>betis.</strong></span> <span class='ocrx_word' id='word_1_796' title='bbox 2283 5362 2309 5372; x_wconf 93' lang='lat'><strong>..</strong></span> <span class='ocrx_word' id='word_1_797' title='bbox 2340 5336 2541 5384; x_wconf 86' lang='lat' dir='ltr'><strong>semper</strong></span> <span class='ocrx_word' id='word_1_798' title='bbox 2560 5322 2770 5371; x_wconf 84' lang='lat' dir='ltr'><strong>habetis.</strong></span> 
     </span>
    </p>
   </div>
   <div class='ocr_carea' id='block_1_187' title="bbox 2188 5378 3728 5445">
    <p class='ocr_par' dir='ltr' id='par_1_187' title="bbox 2188 5378 3728 5445">
     <span class='ocr_line' id='line_1_189' title="bbox 2188 5378 3728 5445; baseline -0.002 -11"><span class='ocrx_word' id='word_1_799' title='bbox 2188 5386 2208 5416; x_wconf 76' lang='grc' dir='ltr'>θ</span> <span class='ocrx_word' id='word_1_800' title='bbox 2235 5388 2356 5434; x_wconf 87' lang='lat' dir='ltr'><strong>Mm.</strong></span> <span class='ocrx_word' id='word_1_801' title='bbox 2377 5378 2499 5442; x_wconf 87' lang='lat' dir='ltr'><strong>Quia</strong></span> <span class='ocrx_word' id='word_1_802' title='bbox 2523 5397 2617 5432; x_wconf 91' lang='lat' dir='ltr'><strong>non</strong></span> <span class='ocrx_word' id='word_1_803' title='bbox 2642 5385 2824 5434; x_wconf 88' lang='lat' dir='ltr'><strong>veniat.</strong></span> <span class='ocrx_word' id='word_1_804' title='bbox 2847 5383 2954 5433; x_wconf 73' lang='lat' dir='ltr'><strong>Gal.</strong></span> <span class='ocrx_word' id='word_1_805' title='bbox 2980 5385 3093 5445; x_wconf 88' lang='lat' dir='ltr'><strong>quia</strong></span> <span class='ocrx_word' id='word_1_806' title='bbox 3113 5394 3208 5431; x_wconf 89' lang='lat' dir='ltr'><strong>non</strong></span> <span class='ocrx_word' id='word_1_807' title='bbox 3234 5381 3388 5441; x_wconf 87' lang='lat' dir='ltr'><strong>venit,</strong></span> <span class='ocrx_word' id='word_1_808' title='bbox 3411 5384 3462 5428; x_wconf 83' lang='lat' dir='ltr'><strong>tu</strong></span> <span class='ocrx_word' id='word_1_809' title='bbox 3493 5378 3728 5444; x_wconf 79' lang='lat' dir='ltr'><strong>Vulgata.</strong></span> 
     </span>
    </p>
   </div>
   <div class='ocr_carea' id='block_1_188' title="bbox 2185 5446 2677 5496">
    <p class='ocr_par' dir='ltr' id='par_1_188' title="bbox 2185 5446 2677 5496">
     <span class='ocr_line' id='line_1_190' title="bbox 2185 5446 2677 5496; baseline -0.006 0"><span class='ocrx_word' id='word_1_810' title='bbox 2185 5448 2205 5478; x_wconf 75' lang='grc'>⁷</span> <span class='ocrx_word' id='word_1_811' title='bbox 2245 5449 2365 5496; x_wconf 82' lang='lat' dir='ltr'><strong>Mm.</strong></span> <span class='ocrx_word' id='word_1_812' title='bbox 2403 5446 2677 5496; x_wconf 81' lang='lat' dir='ltr'><strong>auferebat.</strong></span> 
     </span>
    </p>
   </div>
   <div class='ocr_carea' id='block_1_189' title="bbox 2181 5507 2726 5560">
    <p class='ocr_par' dir='ltr' id='par_1_189' title="bbox 2181 5507 2726 5560">
     <span class='ocr_line' id='line_1_191' title="bbox 2181 5507 2726 5560; baseline -0.002 -3"><span class='ocrx_word' id='word_1_813' title='bbox 2181 5509 2203 5540; x_wconf 79' lang='grc'>⁸</span> <span class='ocrx_word' id='word_1_814' title='bbox 2237 5510 2295 5558; x_wconf 79' lang='lat' dir='ltr'><strong>Et</strong></span> <span class='ocrx_word' id='word_1_815' title='bbox 2318 5507 2387 5559; x_wconf 83' lang='lat' dir='ltr'><strong>ita</strong></span> <span class='ocrx_word' id='word_1_816' title='bbox 2411 5509 2515 5559; x_wconf 76' lang='lat' dir='ltr'><strong>Gal.</strong></span> <span class='ocrx_word' id='word_1_817' title='bbox 2541 5515 2587 5560; x_wconf 79' lang='lat' dir='ltr'><strong>et</strong></span> <span class='ocrx_word' id='word_1_818' title='bbox 2607 5510 2726 5560; x_wconf 80' lang='lat' dir='ltr'><strong>Mm.</strong></span> 
     </span>
    </p>
   </div>
   <div class='ocr_carea' id='block_1_190' title="bbox 1713 5589 2349 5646">
    <p class='ocr_par' dir='ltr' id='par_1_190' title="bbox 1713 5589 2349 5646">
     <span class='ocr_line' id='line_1_192' title="bbox 1713 5589 2349 5646; baseline 0.003 -2"><span class='ocrx_word' id='word_1_819' title='bbox 1713 5589 2080 5646; x_wconf 85' lang='lat' dir='ltr'><strong>BLANCHINI</strong></span> <span class='ocrx_word' id='word_1_820' title='bbox 2118 5590 2349 5646; x_wconf 66' lang='lat' dir='ltr'><strong>NOTAE.</strong></span> 
     </span>
    </p>
   </div>
   <div class='ocr_carea' id='block_1_191' title="bbox 491 5677 3719 5766">
    <p class='ocr_par' dir='ltr' id='par_1_191' title="bbox 491 5677 3719 5766">
     <span class='ocr_line' id='line_1_193' title="bbox 491 5677 3719 5766; baseline -0.001 -26"><span class='ocrx_word' id='word_1_821' title='bbox 491 5687 569 5758; x_wconf 83' lang='lat' dir='ltr'><strong>(rt)</strong></span> <span class='ocrx_word' id='word_1_822' title='bbox 603 5687 676 5743; x_wconf 83' lang='lat' dir='ltr'><strong>Ita</strong></span> <span class='ocrx_word' id='word_1_823' title='bbox 792 5687 1117 5766; x_wconf 81' lang='lat' dir='ltr'><strong>tex_.</strong></span> <span class='ocrx_word' id='word_1_824' title='bbox 1144 5687 1428 5766; x_wconf 79' lang='grc' dir='ltr'><strong>Λάζαροςρ</strong></span> <span class='ocrx_word' id='word_1_825' title='bbox 1451 5687 1722 5766; x_wconf 62' lang='grc' dir='ltr'><strong>’τεθνηκὼςζ</strong></span> <span class='ocrx_word' id='word_1_826' title='bbox 1744 5713 1804 5724; x_wconf 87' lang='lat'><strong><em>-—</em></strong></span> <span class='ocrx_word' id='word_1_827' title='bbox 1936 5681 2010 5737; x_wconf 86' lang='lat' dir='ltr'><strong>Ita</strong></span> <span class='ocrx_word' id='word_1_828' title='bbox 2051 5691 2103 5738; x_wconf 90' lang='lat' dir='ltr'><strong>et</strong></span> <span class='ocrx_word' id='word_1_829' title='bbox 2131 5677 2331 5766; x_wconf 40' lang='lat' dir='ltr'><strong>05&#39;s.?</strong></span> <span class='ocrx_word' id='word_1_830' title='bbox 2456 5684 2598 5738; x_wconf 84' lang='lat' dir='ltr'><strong>Ante</strong></span> <span class='ocrx_word' id='word_1_831' title='bbox 2614 5683 2828 5766; x_wconf 48' lang='lat' dir='ltr'><strong>npisligt&#39;,</strong></span> <span class='ocrx_word' id='word_1_832' title='bbox 2861 5681 3245 5766; x_wconf 24' lang='lat' dir='ltr'><strong>deest‘.ngrdi,</strong></span> <span class='ocrx_word' id='word_1_833' title='bbox 3272 5684 3434 5766; x_wconf 87' lang='lat' dir='ltr'><strong>etiam</strong></span> <span class='ocrx_word' id='word_1_834' title='bbox 3447 5683 3539 5766; x_wconf 44' lang='lat' dir='ltr'><strong>“in</strong></span> <span class='ocrx_word' id='word_1_835' title='bbox 3581 5681 3719 5766; x_wconf 55' lang='lat' dir='ltr'><strong>530d.</strong></span> 
     </span>
    </p>
   </div>
   <div class='ocr_carea' id='block_1_192' title="bbox 415 5758 682 5816">
    <p class='ocr_par' dir='ltr' id='par_1_192' title="bbox 415 5758 682 5816">
     <span class='ocr_line' id='line_1_194' title="bbox 415 5758 682 5816; baseline -0.015 0"><span class='ocrx_word' id='word_1_836' title='bbox 415 5758 576 5816; x_wconf 85' lang='lat' dir='ltr'><strong>Cant.</strong></span> <span class='ocrx_word' id='word_1_837' title='bbox 612 5790 682 5798; x_wconf 89' lang='lat'><strong>——</strong></span> 
     </span>
    </p>
   </div>
   <div class='ocr_carea' id='block_1_193' title="bbox 764 5751 3712 5829">
    <p class='ocr_par' dir='ltr' id='par_1_193' title="bbox 764 5751 3712 5829">
     <span class='ocr_line' id='line_1_195' title="bbox 764 5751 3712 5829; baseline 0 -17"><span class='ocrx_word' id='word_1_838' title='bbox 764 5758 976 5829; x_wconf 77' lang='lat' dir='ltr'><strong>)_Addit</strong></span> <span class='ocrx_word' id='word_1_839' title='bbox 1032 5760 1215 5813; x_wconf 81' lang='lat' dir='ltr'><strong>Simon</strong></span> <span class='ocrx_word' id='word_1_840' title='bbox 1234 5751 1254 5825; x_wconf 44' lang='grc'><strong>⁷,</strong></span> <span class='ocrx_word' id='word_1_841' title='bbox 1291 5751 1500 5829; x_wconf 72' lang='lat' dir='ltr'><strong>pariter</strong></span> <span class='ocrx_word' id='word_1_842' title='bbox 1542 5770 1648 5829; x_wconf 79' lang='lat' dir='ltr'><strong>lex.</strong></span> <span class='ocrx_word' id='word_1_843' title='bbox 1683 5754 1777 5813; x_wconf 87' lang='lat' dir='ltr'><strong>Gr.</strong></span> <span class='ocrx_word' id='word_1_844' title='bbox 1810 5751 2049 5824; x_wconf 67' lang='grc' dir='ltr'><strong>Σίμωνος.</strong></span> <span class='ocrx_word' id='word_1_845' title='bbox 2080 5783 2150 5794; x_wconf 92' lang='grc'><strong><em>-</em></strong></span> <span class='ocrx_word' id='word_1_846' title='bbox 2178 5755 2250 5824; x_wconf 82' lang='lat' dir='ltr'><strong>(e)</strong></span> <span class='ocrx_word' id='word_1_847' title='bbox 2281 5751 2367 5810; x_wconf 49' lang='lat' dir='ltr'><strong>lta&#39;</strong></span> <span class='ocrx_word' id='word_1_848' title='bbox 2389 5751 2445 5811; x_wconf 84' lang='lat' dir='ltr'><strong>el.</strong></span> <span class='ocrx_word' id='word_1_849' title='bbox 2476 5767 2585 5829; x_wconf 78' lang='lat' dir='ltr'><strong>lex.</strong></span> <span class='ocrx_word' id='word_1_850' title='bbox 2609 5751 2876 5829; x_wconf 55' lang='grc' dir='ltr'><strong>(ζῇ-εἶχε.</strong></span> <span class='ocrx_word' id='word_1_851' title='bbox 2907 5783 2978 5795; x_wconf 88' lang='grc'><strong>·-</strong></span> <span class='ocrx_word' id='word_1_852' title='bbox 3001 5756 3070 5828; x_wconf 62' lang='grc' dir='ltr'><strong>(ί)</strong></span> <span class='ocrx_word' id='word_1_853' title='bbox 3101 5755 3176 5811; x_wconf 77' lang='grc' dir='ltr'><strong>ιω</strong></span> <span class='ocrx_word' id='word_1_854' title='bbox 3200 5766 3254 5812; x_wconf 88' lang='lat' dir='ltr'><strong>et</strong></span> <span class='ocrx_word' id='word_1_855' title='bbox 3300 5765 3409 5811; x_wconf 76' lang='lat' dir='ltr'><strong>tex.</strong></span> <span class='ocrx_word' id='word_1_856' title='bbox 3443 5753 3540 5812; x_wconf 73' lang='lat' dir='ltr'><strong>Gr.</strong></span> <span class='ocrx_word' id='word_1_857' title='bbox 3572 5751 3712 5826; x_wconf 73' lang='grc' dir='ltr'><strong>ἄφες-</strong></span> 
     </span>
    </p>
   </div>
   <div class='ocr_carea' id='block_1_194' title="bbox 413 5759 2857 5903">
    <p class='ocr_par' dir='ltr' id='par_1_194' title="bbox 413 5759 2857 5903">
     <span class='ocr_line' id='line_1_196' title="bbox 415 5759 2853 5886; baseline -0.003 -70"><span class='ocrx_word' id='word_1_858' title='bbox 415 5759 576 5816; x_wconf 85' lang='lat' dir='ltr'><strong>Cant.</strong></span> <span class='ocrx_word' id='word_1_859' title='bbox 612 5759 782 5886; x_wconf 51' lang='lat' dir='ltr'><strong>——éd)</strong></span> <span class='ocrx_word' id='word_1_860' title='bbox 813 5760 976 5813; x_wconf 78' lang='lat' dir='ltr'><strong>Addit</strong></span> <span class='ocrx_word' id='word_1_861' title='bbox 1032 5760 1215 5813; x_wconf 81' lang='lat' dir='ltr'><strong>Simon</strong></span> <span class='ocrx_word' id='word_1_862' title='bbox 1241 5801 1254 5825; x_wconf 92' lang='lat'><strong>,</strong></span> <span class='ocrx_word' id='word_1_863' title='bbox 1291 5759 1500 5829; x_wconf 74' lang='lat' dir='ltr'><strong>&#39;pariler</strong></span> <span class='ocrx_word' id='word_1_864' title='bbox 1542 5770 1648 5812; x_wconf 84' lang='lat' dir='ltr'><strong>lex.</strong></span> <span class='ocrx_word' id='word_1_865' title='bbox 1683 5759 1777 5813; x_wconf 86' lang='lat' dir='ltr'><strong>Gr.</strong></span> <span class='ocrx_word' id='word_1_866' title='bbox 1810 5759 2049 5824; x_wconf 84' lang='grc' dir='ltr'><strong>Σίμωνος.</strong></span> <span class='ocrx_word' id='word_1_867' title='bbox 2080 5783 2150 5794; x_wconf 92' lang='grc'><strong><em>-</em></strong></span> <span class='ocrx_word' id='word_1_868' title='bbox 2178 5759 2250 5824; x_wconf 77' lang='grc' dir='ltr'><strong>(ε)</strong></span> <span class='ocrx_word' id='word_1_869' title='bbox 2281 5759 2358 5810; x_wconf 89' lang='lat' dir='ltr'><strong>Ita</strong></span> <span class='ocrx_word' id='word_1_870' title='bbox 2389 5765 2445 5811; x_wconf 88' lang='lat' dir='ltr'><strong>et</strong></span> <span class='ocrx_word' id='word_1_871' title='bbox 2476 5767 2585 5811; x_wconf 82' lang='lat' dir='ltr'><strong>lex.</strong></span> <span class='ocrx_word' id='word_1_872' title='bbox 2609 5759 2704 5811; x_wconf 88' lang='lat' dir='ltr'><strong>Gr.</strong></span> <span class='ocrx_word' id='word_1_873' title='bbox 2739 5759 2853 5827; x_wconf 82' lang='grc' dir='ltr'>εἶχε</span> 
     </span>
     <span class='ocr_line' id='line_1_197' title="bbox 413 5826 2857 5903; baseline -0.004 -15"><span class='ocrx_word' id='word_1_874' title='bbox 413 5859 487 5880; x_wconf 72' lang='grc' dir='ltr'><strong>οι·-</strong></span> <span class='ocrx_word' id='word_1_875' title='bbox 511 5833 584 5903; x_wconf 86' lang='lat' dir='ltr'><strong>(g)</strong></span> <span class='ocrx_word' id='word_1_876' title='bbox 615 5831 688 5888; x_wconf 85' lang='lat' dir='ltr'><strong>Co</strong></span> <span class='ocrx_word' id='word_1_877' title='bbox 735 5871 745 5882; x_wconf 96' lang='lat'><strong>.</strong></span> <span class='ocrx_word' id='word_1_878' title='bbox 779 5827 938 5886; x_wconf 79' lang='lat' dir='ltr'><strong>Cant.</strong></span> <span class='ocrx_word' id='word_1_879' title='bbox 976 5830 1221 5887; x_wconf 71' lang='grc' dir='ltr'><strong>ἥκουσαν.</strong></span> <span class='ocrx_word' id='word_1_880' title='bbox 1254 5859 1324 5871; x_wconf 86' lang='lat'><strong>—-</strong></span> <span class='ocrx_word' id='word_1_881' title='bbox 1364 5829 1443 5901; x_wconf 83' lang='lat' dir='ltr'><strong>(Ii)</strong></span> <span class='ocrx_word' id='word_1_882' title='bbox 1472 5828 1989 5894; x_wconf 79' lang='lat' dir='ltr'><strong>Pusthsunt,decst</strong></span> <span class='ocrx_word' id='word_1_883' title='bbox 2013 5836 2213 5882; x_wconf 80' lang='lat' dir='ltr'><strong>tantum</strong></span> <span class='ocrx_word' id='word_1_884' title='bbox 2238 5867 2253 5896; x_wconf 88' lang='lat'><strong>,</strong></span> <span class='ocrx_word' id='word_1_885' title='bbox 2284 5829 2446 5884; x_wconf 86' lang='lat' dir='ltr'><strong>etiam</strong></span> <span class='ocrx_word' id='word_1_886' title='bbox 2474 5827 2526 5883; x_wconf 88' lang='lat' dir='ltr'><strong>in</strong></span> <span class='ocrx_word' id='word_1_887' title='bbox 2549 5826 2671 5882; x_wconf 88' lang='lat' dir='ltr'><strong>cod.</strong></span> <span class='ocrx_word' id='word_1_888' title='bbox 2701 5827 2857 5883; x_wconf 86' lang='lat' dir='ltr'><strong>Cant.</strong></span> 
     </span>
    </p>
   </div>
  </div>
