4042 6192
269 369 367 425 Ml
1243 367 1693 427 EVANGELIUM
1733 365 2102 426 SECUNDUM
2142 366 2530 424 JOHANNEM.

664 484 890 543 CODEX
933 484 1471 546 VERCELLENSIS.

1105 581 1140 634 ti
1166 589 1294 634 sunt
1319 577 1460 648 quod

1103 652 1238 706 haec
1258 660 1416 706 erant

1102 724 1300 793 scripta
1319 721 1400 793 Vde
1428 720 1492 793 il:

1103 795 1155 849 lo
1187 791 1290 848 {et
1316 792 1445 847 haec
1463 791 1540 847 fe-

1103 874 1293 920 cerunt
1315 863 1414 918 illi.

1105 937 1190 991 17.
1223 933 1620 990 Testimonium

1103 1007 1283 1077 itaque
1304 1006 1498 1061 redde-

1105 1078 1232 1133 bant
1260 1080 1280 1109 ³
1309 1077 1523 1142 turbae,

1104 1164 1240 1219 quae
1262 1158 1417 1203 erant

1105 1235 1224 1275 cum
1259 1221 1350 1274 illo
1375 1234 1510 1289 quo-

1109 1293 1249 1344 niam
1286 1291 1543 1345 Lazarum

1106 1364 1345 1417 evocavil
1369 1362 1436 1417 de

1106 1449 1422 1488 monumen-

1108 1516 1183 1573 to,
1207 1516 1260 1560 et
1291 1504 1520 1560 suscita-

1105 1577 1181 1631 vit
1209 1592 1331 1630 eum
1359 1591 1387 1630 a
1418 1590 1560 1630 mor—

1107 1648 1192 1703 18.
1225 1650 1349 1701 tuis.
1384 1646 1507 1702 Ideo
1534 1660 1724 1703 occur—

1107 1719 1177 1773 rit
1200 1719 1278 1772 illi
1312 1719 1505 1773 turba:

1106 1791 1359 1856 quoniam
1391 1805 1484 1845 au-

268 583 449 630 antem
493 575 654 631 Prin-

271 649 418 716 eipes
443 646 705 702 Sacerdo-

279 726 382 772 tztm
417 728 475 772 ut
499 728 554 771 et
577 719 742 773 Laza-

276 803 383 842 rtm
407 788 623 844 occide-

279 858 350 912 11,
394 871 514 914 rent
547 860 708 930 :quia
738 863 875 919 mul-

277 931 311 983 ti
338 929 402 998 (ει)
437 929 772 1006 Judaeorum
796 935 835 1006 οξ-

279 1010 487 1070 βτυμει·
514 1003 673 1058 illum

275 1071 492 1128 ibantet
513 1075 704 1130 crede-

275 1143 396 1198 bant
426 1145 480 1198 in
501 1144 710 1200 Jesum.

278 1213 361 1269 12.
402 1215 584 1270 Altera
624 1217 715 1274 die
746 1227 860 1274 tur-

276 1285 375 1342 bae
401 1287 626 1353 multae,

272 1371 407 1426 quae
435 1373 603 1414 vene-

273 1437 390 1482 rant
418 1429 487 1483 ad
517 1429 658 1485 diem

273 1497 489 1562 festum,
518 1502 673 1555 audi-

275 1579 352 1625 tes
381 1571 526 1641 quod
543 1571 700 1628 Jesus

276 1644 416 1696 venit
443 1645 498 1696 in
527 1643 655 1698 Hie-

277 1713 359 1768 15.
399 1716 698 1784 rosolyma,
722 1728 814 1769 ac-

277 1794 530 1855 ceperunt
554 1786 655 1840 ﬂo-

278 1870 358 1911 res
387 1857 719 1926 palmarum,
1106 1861 1320 1916 dierunt
1339 1861 1481 1930 quod

276 1939 327 1982 et
349 1930 630 2004 exierunr
1106 1932 1210 1987 hoc
1239 1933 1362 1989 fecit
1385 1934 1491 2004 sig-

282 2038 292 2050 .
334 2041 347 2054 .
390 2039 402 2052 .
445 2000 483 2053 li
511 2000 744 2065 obviam,
1105 2019 1253 2058 num.

379 2104 402 2125 ν.
444 2071 743 2145 lamabant,
1108 2075 1192 2131 19.
1220 2075 1459 2130 Farisaei
1487 2088 1616 2145 ergo

279 2140 509 2196 dicentes
535 2160 547 2195 :
581 2142 684 2198 Os~
1105 2145 1359 2202 dixerunt
1376 2147 1441 2200 ad

283 2227 440 2266 sanna
467 2213 613 2268 ﬁlius

281 2283 458 2350 David,
491 2285 657 2341 bene—

280 2353 465 2420 dictus,
495 2357 586 2424 qui
619 2370 709 2410 vc-

281 2427 353 2480 nit
377 2426 428 2480 in
459 2427 637 2482 nomi-

1107 2219 1260 2272 illos:
1290 2218 1500 2273 Videtis

1107 2289 1252 2358 qttod
1280 2290 1413 2344 nihil

1107 2361 1180 2431 (b)
1215 2360 1476 2430 proﬁcitis
1499 2359 1522 2412 ?
1554 2359 1592 2429 ’ξ-
1618 2372 1703 2414 ec-

1088 2432 1168 2486 'ce
1198 2442 1318 2498 post
1345 2431 1496 2485 illum

1105 2505 1392 2557 universus

1106 2574 1341 2628 mundus
1370 2573 1521 2628 abiit.

1105 2644 1198 2700 20.
1230 2646 1296 2699 Et
1325 2653 1477 2698 erant
1498 2642 1619 2713 qui-

1105 2716 1230 2771 dam
1262 2715 1454 2769 Graeci

1105 2802 1169 2841 ex
1201 2788 1302 2851 eis,
1336 2786 1426 2855 qui
1463 2799 1550 2840 as—

1105 2859 1406 2912 cenderunt

1105 2938 1164 2984 ut
1189 2930 1478 2984 adorarent

281 2511 343 2550 ne
365 2497 603 2564 Domini,
636 2498 752 2554 Rex

281 2565 399 2622 Istra
411 2569 493 2624 hel
505 2609 517 2622 .

281 2640 360 2694 H.
399 2639 467 2694 Et
495 2641 704 2696 invenit
725 2639 885 2696 Jesus

281 2711 505 2777 asinum,
531 2723 584 2766 et
609 2727 698 2767 se-

281 2780 353 2861 dit
376 2797 541 2861 super
565 2785 744 2849 illum,

281 2856 410 2924 sicut
438 2856 614 2924 scrip-

285 2923 363 2978 15.
402 2923 599 2980 Notum
633 2934 717 2982 est
736 2941 749 2978 :
778 2923 884 2980 No-

349 2996 380 3048 li
404 2998 596 3052 timere

350 3067 452 3122 ﬁlia
476 3067 611 3124 Sion
645 3087 658 3123 :

347 3154 468 3193 ecce
492 3141 607 3194 ltex

1107 3001 1160 3054 in
1191 3002 1330 3054 diem
1367 3000 1478 3053 sol-

1105 3072 1196 3127 21.
1223 3073 1477 3126 letnnem.
1510 3068 1573 3124 Hi
1604 3084 1692 3126 ac-

1109 3153 1391 3198 οθεεθιπιιιιι

349 3216 464 3264 tuus
492 3213 505 3242 ¹
537 3210 688 3266 venit
1108 3215 1174 3268 ad
1200 3214 1533 3283 Philippum,

349 3296 597 3337 mansue—
1108 3287 1198 3352 qui
1223 3296 1338 3339 erat
1360 3303 1385 3338 a
1417 3285 1554 3339 Bed-
1653 3291 1656 3294 ’

349 3360 426 3406 tus
448 3355 653 3408 sedens
1109 3357 1258 3411 saida
1289 3356 1532 3412 Galileae

347 3439 504 3497 super
533 3425 655 3492 pul-
1107 3437 1161 3482 et
1189 3428 1452 3497 rogabant

347 3493 451 3548 lunt
471 3497 684 3550 asinae.

1108 3499 1280 3562 illum,
1309 3499 1496 3554 dicen-

288 3563 363 3618 16.
403 3566 542 3622 Haec
573 3577 754 3622 autem
783 3581 892 3622 non

1110 3580 1191 3624 tes
1224 3588 1236 3623 :
1272 3569 1518 3634 Domine,
1551 3583 1644 3623 vo-

285 3647 643 3706 eagnoverunt
1108 3642 1289 3694 Iunius
1315 3640 1426 3695 Jes.
1458 3681 1469 3692 .

287 3711 422 3779 prius
439 3710 675 3779 diseipu-
1103 3711 1195 3766 22.
1227 3712 1431 3766 videre.
1469 3710 1627 3765 Venit

287 3778 329 3852 li
345 3779 492 3849 ejus:
528 3778 626 3836 sed
656 3795 779 3836 cum
1034 3800 1046 3812 ί
1106 3783 1406 3852 Philippus,
1440 3791 1493 3837 et
1522 3782 1603 3837 di-

287 3848 601 3917 gloriﬁcatus
1105 3857 1176 3908 cit
1203 3848 1450 3908 Andreae
1477 3871 1488 3906 :

285 3931 412 3975 esset
429 3922 613 3991 Jesus,
644 3931 772 3979 tunc
1111 3925 1264 3980 Venit
1285 3925 1493 3980 Andre-

284 4005 600 4051 rentemora-
1103 4011 1185 4063 as,
1216 4005 1270 4052 et
1298 3996 1601 4067 Philippus,

3359 374 3366 382 '
3453 370 3560 425 149.

2402 482 2634 540 CODEX
2674 483 3127 543 VERONENSIS.

1967 578 2454 650 autemiPrineipes
2800 586 2931 635 sunt
2953 579 3077 650 quia

1967 649 2320 704 Sacerdotum
2803 651 2935 705 haec
2962 649 3117 708 erant

1968 731 2025 774 ut
2047 730 2100 775 et
2125 720 2386 776 Lazarum
2801 723 3036 791 scripta:
3068 733 3124 776 et

1969 792 2332 846 interﬁcerent
2360 810 2372 845 :
2803 793 2936 848 haec
2963 795 3203 847 fecerunt
3235 793 3304 847 ei.

1969 863 2058 916 11.
2090 863 2212 930 quia
2243 863 2394 918 multi
2805 865 2892 919 17.
2917 864 3306 919 Testimonium

1971 945 2190 1003 propter
2221 935 2373 989 illum
2628 970 2631 972 -
2803 951 2934 1004 ergo
2965 935 3213 1004 perbibe-

1968 1005 2187 1060 abibant
2212 1003 2286 1077 (α)
2315 1007 2409 1062 .lu-
2802 1003 2893 1062 bat
2921 1003 3100 1073 turba,

1968 1077 2225 1148 daeorum
2256 1078 2314 1148 1-,
2802 1093 2939 1147 quae
2964 1087 3080 1132 erat

1969 1154 2024 1201 et
2049 1147 2344 1203 credebant
2801 1164 2922 1203 eum
2946 1165 3010 1203 eo
3033 1150 3154 1218 quia

1971 1218 2024 1272 in
2052 1218 2281 1273 Jesum.‘
2802 1220 3060 1275 Lazarum
3089 1235 3182 1275 vo-

1978 1289 2058 1344 l‘2.
2093 1291 2145 1343 In
2171 1290 2460 1346 crastinum
2803 1295 2944 1346 cavit
2969 1291 3037 1347 de
3061 1307 3178 1346 mo—

1970 1371 2146 1416 autem
2182 1362 2355 1430 turba,
2805 1374 3087 1427 numento,
3118 1373 3169 1416 et

1970 1447 2109 1502 quae
2135 1435 2282 1488 venit
2803 1435 3082 1489 suscitavit
3109 1449 3234 1489 eum

1969 1506 2034 1556 ad
2067 1504 2211 1558 diem
2804 1521 2832 1558 ι]
2859 1505 3102 1559 mortuis.
3325 1506 3331 1511 ’

1969 1574 2188 1639 festum,
2213 1590 2334 1631 cum

1971 1646 2246 1701 audissent

1971 1719 2094 1786 quia
2128 1720 2274 1772 venit

1973 1788 2129 1844 Jesus
2162 1790 2349 1844 Hiero-

2806 1578 2890 1631 18.
2927 1576 3219 1646 Propterea
3244 1575 3338 1630 ob-

2802 1647 2945 1703 viam
2975 1649 3023 1704 ei
3052 1649 3201 1704 venit

2805 1720 2962 1774 turba
2987 1738 3000 1773 :
3026 1735 3160 1788 quo-

2807 1791 2950 1845 niam
2983 1791 3167 1846 audie-

1976 1861 2062 1914 15.
2103 1863 2331 1931 solynta,
2365 1874 2518 1916 acce-
2806 1873 2931 1916 runt
2956 1862 3080 1931 quia

1975 1943 2171 2001 perunt
2201 1933 2364 1988 liores
2807 1933 2911 1987 hoc
2937 1933 3063 1989 fecit

1975 2005 2294 2072 palmarum,
2806 2006 3039 2072 signum.

2811 2077 2895 2132 19.
2929 2076 3206 2132 Pharisaei
3233 2091 3319 2131 er-

2807 2163 2877 2217 go
2907 2147 3160 2203 dixerunt

2808 2219 2875 2274 ad
2901 2219 3221 2287 semetipsos
3246 2235 3259 2271 :

2812 2290 3020 2346 Videtis
3046 2290 3171 2359 quia

2810 2377 2915 2415 non
2949 2361 3020 2432 (b)
3045 2361 3238 2428 prode-

2810 2433 2940 2486 estis
2955 2433 2991 2502 ῒ
3016 2433 3167 2500 quic-

2809 2519 2970 2572 quam
2993 2503 3016 2556 ?
3046 2516 3176 2557 ecce

2811 2575 2986 2628 omnis
3019 2573 3249 2628 mundus

2809 2654 2932 2715 post
2955 2660 3078 2699 eum

2809 2712 3065 2772 90.nbiit.
3103 2721 3161 2779 >14
3193 2712 3570 2771 ErantGracci

2807 2788 3022 2858 quidam
3063 2793 3120 2850 >3
3150 2805 3212 2842 ex
3245 2787 3349 2854 his,
3375 2787 3464 2858 qui

1974 2087 2027 2128 et
2059 2083 2440 2143 processerunt

1973 2145 2184 2201 obviam
2213 2147 2287 2213 ei,

1975 2229 2029 2270 et
2055 2219 2398 2272 clamabant:

1974 2288 2238 2352 Ossanua,
2273 2289 2366 2343 be-

1975 2362 2242 2426 nedictus,
2276 2361 2365 2430 qui

1975 2433 2121 2485 venit
2149 2432 2200 2484 in

1973 2503 2188 2556 nomine
2222 2503 2328 2555 Do-

1974 2574 2102 2626 mini
2133 2573 2247 2627 Rex
2277 2572 2352 2626 Is-

1975 2645 2166 2699 trabel.

1977 2715 2064 2769 14.
2098 2715 2166 2769 ΕΙ.
2195 2715 2400 2769 invenit

1973 2785 2130 2841 Jesus
2159 2787 2408 2850 asellum,

1973 2868 2027 2912 et
2057 2858 2196 2912 sedit
2220 2872 2312 2913 su—
2808 2861 3167 2915 ascenderant

1973 2944 2069 3000 per
2095 2944 2243 2993 eum,
2809 2939 2868 2985 ut
2897 2931 3191 2986 adorarent

1973 3002 2113 3056 sicut
2142 3002 2401 3072 scriptum
2811 3004 2862 3054 in
2895 3003 2982 3056 die
3012 3001 3170 3056 festo.

1972 3083 2093 3127 est:
2128 3143 2135 3144 ί
2178 3143 2209 3144 η
2267 3141 2276 3144 _
2807 3072 2897 3128 ‘21.
2931 3073 2991 3127 lli
3021 3088 3149 3144 ergo
3167 3087 3258 3127 ac-

2807 3154 3089 3198 cesserunt
3109 3144 3176 3198 ad

2809 3214 3139 3284 Philippum,
3161 3216 3250 3285 qui

2805 3295 2926 3340 erat
2950 3303 2978 3338 a
3003 3287 3214 3342 Betsai-

2806 3357 2871 3410 da
2901 3357 3196 3421 Galilaeae,

2806 3438 2859 3481 et
2898 3428 3159 3498 rogabant

2807 3513 2954 3561 eutn,
2983 3499 3226 3553 dicentes
3252 3515 3265 3550 :

2813 3570 3060 3633 Domine,
3092 3569 3342 3622 volumus

2810 3639 2994 3694 Jesutn
3028 3639 3231 3693 videre.

2804 3711 2897 3764 22.
2930 3710 3086 3764 Venit
3119 3709 3423 3780 Philippus,

2804 3791 2857 3835 et
2888 3781 3021 3835 dicit
3048 3783 3158 3836 An-

2806 3852 3004 3908 dreae:
3030 3851 3278 3906 Andreas

2807 3933 3008 3990 autem,
3041 3936 3094 3978 et
3127 3921 3250 3977 Phi-

2809 3996 2988 4065 lippus
3016 3997 3211 4051 iterum

1975 3144 2063 3198 15.
2097 3143 2214 3198 Noli
2243 3141 2432 3198 timere

1973 3216 2084 3269 lilia
2108 3214 2238 3270 Sion
2265 3232 2276 3267 :

1971 3299 2098 3342 ecce
2132 3287 2246 3340 Rex

1974 3366 2097 3412 tuus
2127 3358 2273 3413 venit

1971 3429 2167 3483 sedens
2188 3442 2352 3496 super

1974 3499 2176 3567 pullum
2205 3499 2363 3553 asini.

1974 3571 2062 3625 16.
2099 3569 2242 3624 llaec
2271 3584 2376 3622 non

1975 3648 2350 3710 cognoverunt

1973 3711 2224 3779 discipuli
2254 3711 2372 3780 ejus

1975 3785 2205 3852 primutn
2234 3800 2246 3834 :
2279 3780 2373 3835 sed
2461 3793 2467 3798 '

1973 3854 2187 3923 quando
2213 3852 2410 3907 clariﬁ—

1973 3934 2124 3980 catus
2150 3934 2231 3978 est
2259 3923 2362 3978 Je-

1973 4011 2087 4062 sus,
2121 3994 2394 4051 recordati

1588 4113 1819 4171 CODEX
1847 4113 2241 4170 BBIXIANUS.

283 4242 444 4288 autem
468 4234 741 4304 principes
771 4233 1136 4288 sacerdotum.
1161 4241 1219 4287 ut
1241 4234 1498 4287 Lazarum
1531 4231 1862 4304 occiderent.

283 4307 391 4372 quia
421 4305 596 4358 multi.
624 4303 843 4375 propter
868 4321 990 4359 eum
1023 4306 1420 4359 conveniebant
1453 4320 1516 4359 ex
1548 4303 1786 4357 Judaeis.
1815 4314 1868 4357 ct

283 4376 558 4431 credebant
589 4376 642 4429 in
671 4376 875 4431 Jcsnm.
905 4378 1160 4444 Sequenti
1190 4386 1365 4430 autem
1391 4375 1478 4429 die
1497 4376 1648 4428 turba
1677 4376 1865 4428 multa.

283 4459 406 4568 quae
425 4458 752 4502 convenerat
774 4447 840 4501 ad
867 4447 1008 4500 diem
1035 4449 1249 4501 festum.
1275 4447 1557 4501 audientes
1579 4447 1702 4515 quia
1722 4445 1870 4500 venit

312 4519 836 4568 esusllierosolvma-
877 4526 1210 4568 acceperunt
1248 4532 1426 4568 ramos
1460 4517 1776 4568 palmarum.
1815 4525 1870 4568 et

312 4531 424 4591 esus
446 4519 836 4591 Hierosolyma.
877 4526 1210 4591 acceperunt
1248 4532 1426 4591 ramos
1460 4517 1776 4591 palmarum.
1815 4525 1870 4570 et

286 4589 514 4643 exierunt
545 4588 759 4644 obviam
782 4590 853 4655 ei,
878 4603 930 4644 et
953 4589 1279 4643 clamabant.
1303 4588 1538 4643 Osanna.
1555 4588 1869 4642 benedictus

287 4661 363 4725 qui
392 4662 534 4715 venit
565 4664 616 4715 in
651 4661 867 4714 nomine
899 4661 1128 4714 Domini.
1159 4661 1274 4715 ltex
1306 4659 1527 4713 l~rahe|.
1579 4660 1861 4713 Invenietis

288 4741 444 4784 autem
469 4732 624 4786 Jesus
646 4732 890 4786 asellum.
909 4733 1050 4786 sedit
1077 4747 1239 4800 super
1263 4746 1406 4784 eum.
1438 4732 1576 4784 sicut
1602 4730 1861 4783 scribtum

289 4808 376 4854 est.
408 4801 518 4857 Noli
560 4803 751 4858 timere
795 4803 902 4856 ﬁlia
938 4803 1089 4858 Sion.
1119 4817 1245 4856 ecce
1274 4801 1387 4855 Rex
1417 4813 1538 4855 tuus
1570 4803 1735 4854 venit.
1779 4816 1866 4855 se—

289 4868 405 4924 dens
447 4889 611 4943 super
671 4875 874 4944 pullum
928 4875 1133 4928 asinae.
1181 4873 1326 4927 Haec
1381 4882 1580 4926 autem.
1640 4886 1867 4925 nonco—

287 4953 566 5016 gnoverunt
624 4947 873 5016 discipuli
936 4945 1054 5016 ejus
1118 4944 1520 5016 pritnumased
1583 4953 1865 5016 postquam

287 5011 598 5080 gloriﬁcatus
652 5011 980 5072 est'JesusI
1032 5011 1160 5072 tunc
1211 5014 1482 5072 recordati
1538 5021 1681 5068 sunt.
1740 5013 1868 5083 quia

1975 4232 2108 4288 haec
2165 4236 2322 4284 erant
2382 4227 2582 4283 scribta
2636 4225 2703 4281 de
2749 4240 2833 4280 co.
2887 4235 2938 4279 et
3002 4225 3136 4278 haec
3193 4223 3437 4279 fecerunt
3501 4225 3573 4278 ei.

1973 4302 2362 4355 Testimonium
2437 4314 2567 4367 ergo
2638 4297 2955 4365 perhibebat
3021 4296 3194 4350 lutba.
3257 4310 3394 4366 quae
3458 4305 3573 4349 erat

1973 4387 2094 4426 cmn
2124 4389 2210 4436 eo,
2244 4370 2458 4440 quando
2490 4368 2746 4422 Lazarum
2790 4367 2999 4422 vocavit
3029 4369 3096 4421 tle
3123 4376 3493 4440 motnnnento.
3520 4377 3576 4421 et

1973 4437 2399 4498 suscilavil—eum
2430 4457 2457 4495 a
2486 4441 2732 4493 mortuis.
2761 4439 3055 4506 Propterea
3089 4446 3144 4492 et
3177 4437 3390 4490 obviam
3429 4440 3575 4491 venit

1973 4517 2019 4568 ei
2056 4517 2207 4569 turba
2257 4515 2381 4584 quia
2428 4511 2710 4584 audierant
2758 4525 2908 4584 curn.
2956 4508 3146 4584 iecisse
3195 4508 3296 4584 hoc
3337 4509 3571 4584 signum.

1973 4585 2246 4639 Pharisaei
2275 4579 2456 4637 autem
2487 4581 2739 4635 dixerunt
2779 4582 2844 4634 atl
2896 4580 3148 4634 invicem.
3199 4579 3406 4635 Videtis
3450 4581 3572 4646 quia

1971 4657 2102 4710 Dillll
2147 4656 2454 4723 proﬁcimus
2492 4668 2620 4707 ecce
2661 4653 2891 4705 mundus
2929 4662 3088 4723 totus
3118 4663 3234 4720 pOSl
3268 4666 3388 4723 eum
3417 4649 3569 4702 abiit.

1973 4722 2255 4782 Erantaut
2282 4723 2525 4780 Gentiles
2547 4723 2763 4792 quidam
2787 4737 2852 4777 ex
2885 4723 2987 4776 bis.
3005 4722 3095 4792 qni
3115 4722 3573 4792 ascenderant._ut

1971 4798 2324 4852 adorarentin
2349 4796 2490 4850 diem
2507 4790 2722 4848 l'eSttun.
2745 4796 2804 4848 lli
2821 4810 2970 4862 ergo.
2997 4790 3344 4848 accesserunt
3364 4791 3428 4843 ad
3445 4790 3574 4844 Phi-

1975 4869 2200 4938 lipputn.
2226 4870 2315 4938 qui
2339 4877 2500 4922 erata
2519 4865 3065 4938 BetbsaidaGahleae.
3092 4863 3422 4938 ctrogabant
3443 4877 3567 4938 eum

1975 4932 2219 4996 dic-entes
2245 4932 2468 4993 Domine
2497 4939 2744 4993 volumus
2766 4936 2947 4991 Jesum
2965 4935 3167 4987 videre.
3199 4932 3572 5003 VenitPhilip-

1978 5027 2096 5082 pus.
2132 5023 2185 5067 et
2213 5011 2346 5068 dicit
2365 5009 2633 5065 Andreae.
2671 5008 2914 5063 Andreas
2945 5020 3158 5060 rursum
3187 5013 3241 5060 et
3266 5003 3566 5076 Philippus.

1547 5133 1779 5192 CODEX
1815 5133 2282 5192 CORBEIENSIS.

348 5235 428 5288 15.
467 5235 630 5290 ﬂores
652 5234 979 5304 palmarum.

345 5307 425 5359 l7.
453 5307 573 5376 quia
616 5303 875 5376 Lazarum
897 5303 1128 5376 vocavit.

345 5377 426 5432 19.
449 5372 572 5450 quia
597 5375 726 5431 nihil
751 5374 1013 5447 profecit?
1039 5389 1168 5431 ecce
1193 5389 1328 5430 unus
1359 5373 1586 5444 populus
1617 5372 1861 5442 sequitur

1966 5237 2094 5300 post
2115 5228 2284 5300 illum.

2035 5298 2126 5354 20.
2170 5298 2237 5352 Et
2272 5305 2426 5352 erant
2450 5295 2640 5351 Graeci
2673 5293 2890 5363 quidam
2921 5308 2988 5349 ex
3019 5292 3104 5348 bis
3127 5336 3140 5360 ,
3173 5294 3262 5364 qui
3308 5292 3570 5350 ascende-

1967 5380 2089 5426 rant
2114 5371 2166 5424 in
2190 5367 2276 5423 die
2299 5367 2436 5423 festo
2462 5377 2520 5423 ttt
2543 5366 2856 5422 adorarent.

1539 5484 1842 5541 VARIANT
1852 5484 1935 5541 ES
1973 5481 2378 5540 LECTIONES.

331 5584 349 5613 ί
385 5583 498 5632 Mm.
527 5583 663 5646 venit
682 5581 767 5646 tibi
789 5579 988 5632 sedens.
1011 5580 1169 5646 γαίῃ.
1190 5587 1313 5646 tuus
1331 5584 1468 5633 venit
1486 5583 1688 5634 sedens.

330 5646 350 5675 ’
383 5647 497 5696 Mm.
523 5645 667 5695 turba
688 5643 752 5696 de
778 5657 840 5696 eo
862 5643 1073 5708 quando.
1103 5643 1417 5713 Vulgdurba,
1443 5659 1572 5708 quae
1598 5653 1838 5698 eratcum
1859 5660 1920 5699 eo
1933 5646 2144 5712 quando.

1600 5774 1970 5831 BLANCHINI
2011 5775 2243 5832 NOTAE.

338 5875 412 5947 (ιι)
437 5876 515 5935 lta
542 5881 594 5934 et
622 5874 751 5932 texi
780 5875 874 5933 Gr.
906 5870 1004 5934 ἕτῶῦ
1038 5861 1384 5932 ’Πάνδαῖωνμ-ι-
1413 5871 1488 5943 (b)
1517 5869 1595 5926 Ita
1618 5877 1675 5927 et
1696 5880 1803 5926 text
1833 5868 1928 5926 Gr.
1959 5868 2214 5940 ὠφελεῖτε.
