4042 6192
450 330 560 393 445
1003 329 1276 387 EUSEBll
1303 328 1648 389 VERCELL.
1691 330 2139 394 EVANGELIUM
2176 333 2318 393 CUM
2348 333 2579 394 VARIIS
2601 332 2760 396 COD.
2796 333 3190 398 COLLATUM.
3653 339 3766 398 444

856 442 1090 501 CODEX
1127 443 1671 503 VERCELLENSIS.
1691 448 1701 519 ξ

460 548 516 596 et
538 539 727 595 dicunt
755 538 824 594 ad

460 611 670 667 Jesum.

458 683 547 738 25.
581 683 661 737 Ad
694 682 788 736 ille
815 695 1045 752 respon—

459 755 539 808 dit
565 756 665 819 eis,
690 753 906 809 dicens:

459 824 625 880 Venit
652 827 805 891 hora,

460 905 521 952 ut
549 895 814 949 honoriﬁ-~

462 977 617 1023 cetur
644 966 815 1022 Filius

460 1040 718 1095 hominis.

463 1111 555 1164 24.
600 1114 797 1176 Amen,
825 1123 982 1167 amen

463 1182 588 1237 dico
616 1182 792 1247 vobis,
824 1183 907 1236 ni-

460 1254 505 1308 si
537 1268 763 1321 granum

464 1324 626 1379 tritici
666 1324 868 1379 cadens

462 1395 515 1449 in
542 1402 707 1459 terra,
731 1411 846 1449 mo-

460 1465 552 1521 25.
587 1468 779 1532 riatnr,
810 1468 982 1536 ipsum

464 1539 640 1593 solum
668 1552 855 1593 mane-

470 1610 586 1671 bit;
621 1608 665 1661 si
695 1624 823 1663 vero
851 1625 970 1667 mo-

461 1681 649 1743 riatur,
674 1680 813 1734 mul-

462 1760 576 1805 tum
610 1750 840 1808 fructum

465 1821 695 1876 adferet.

461 1893 564 1960 Qui
595 1902 741 1949 amat
766 1898 880 1952 ani-

459 1980 603 2019 mam
637 1981 811 2034 suam,

457 2036 649 2104 perdet
679 2038 857 2093 illam:

458 2108 475 2137 ³
506 2118 560 2161 et
586 2109 675 2177 qui
706 2109 819 2164 odit

455 2178 693 2233 animam
726 2197 878 2238 suam

458 2250 514 2303 in
544 2250 645 2304 hoc
675 2267 829 2307 mun-

457 2321 549 2386 do,
580 2321 635 2375 in
671 2323 835 2381 vitam

458 2401 734 2447 aeternam

456 2465 719 2520 custodiet
752 2466 817 2521 il—

454 2534 548 2610 26_._
578 2537 704 2610 iam.
737 2537 793 2610 Si
824 2538 945 2610 quis

456 2606 589 2660 mihi
623 2609 811 2664 minis-

457 2684 586 2743 trat,
613 2689 869 2746 sequatur

459 2762 548 2801 me
574 2765 587 2802 :
620 2759 675 2822 et
699 2751 785 2804 ubi
816 2765 915 2822 ego

458 2833 601 2883 sum,
633 2820 703 2874 ibi
733 2831 786 2874 et
810 2820 911 2877 mi-

458 2890 630 2943 nister
654 2906 805 2946 meus

459 2962 585 3016 erit.
612 2962 669 3015 Si
692 2964 813 3031 quis

458 3031 590 3086 mihi
623 3034 809 3087 minis-

458 3111 586 3167 trat,
621 3102 853 3159 honora-

458 3174 539 3228 vit
567 3174 719 3229 illum
752 3177 849 3230 Pa-

459 3254 542 3300 ter
570 3261 743 3301 meus.

458 3316 548 3371 27.
582 3316 735 3371 Nunc
755 3319 935 3375 anima

460 3404 580 3442 mea
612 3391 795 3443 turba-

458 3466 565 3513 tur.
600 3461 665 3513 Et
689 3462 818 3516 anid

458 3530 631 3585 dicam
655 3532 678 3585 ?
706 3530 885 3601 Pater,

456 3602 623 3657 libera
655 3618 740 3658 me
767 3605 836 3660 de

459 3672 598 3728 hanc
627 3674 757 3742 hora
785 3694 798 3729 :

459 3744 555 3798 sed
582 3745 704 3798 ideo
735 3748 859 3801 veni

460 3815 513 3868 in
548 3815 687 3869 hanc
716 3816 930 3873 horam.

456 3884 547 3941 28.
582 3886 759 3953 Pater,
788 3890 807 3921 ³
841 3890 1062 3946 honori-

1298 538 1395 593 ﬁca
1427 554 1623 594 nomen

1298 618 1468 664 tnnm.
1494 610 1667 684 Venit}

1297 688 1477 736 autem
1508 698 1611 736 vox

1296 753 1365 807 de
1395 754 1581 815 caelis,
1618 753 1701 809 di-

1295 839 1427 879 cens
1449 842 1466 879 :
1498 826 1563 879 Et
1595 826 1764 883 hono-

1297 895 1525 962 riﬁcavi,
1553 906 1606 951 et
1634 897 1737 953 ite-

1297 982 1414 1020 rum
1440 964 1699 1023 honoriﬁ-

1296 1038 1451 1092 cabo.

1296 1108 1387 1164 29.
1416 1109 1617 1177 Turba,
1650 1126 1789 1179 quae

1298 1181 1499 1245 stabat,
1531 1190 1585 1235 et
1610 1184 1794 1238 audie-

1300 1251 1409 1318 bat,
1439 1253 1652 1307 dicebat
1678 1272 1691 1309 ε
1718 1253 1823 1310 Το-

1298 1324 1475 1377 nitrna
1501 1324 1522 1355 ³
1545 1323 1700 1391 facta}

1298 1405 1441 1448 sunt.
1472 1395 1577 1450 Alii
1599 1397 1747 1452 dice-

1296 1465 1426 1520 bant
1451 1485 1463 1519 :
1499 1468 1737 1536 Angelus

1298 1546 1383 1591 est
1408 1539 1480 1591 illi
1514 1539 1746 1595 locutus.

1300 1610 1387 1663 50.
1415 1608 1713 1675 Respondit
1741 1611 1923 1679 Jesus,

1298 1688 1352 1733 et
1373 1680 1509 1733 dixit
1535 1679 1679 1735 illis:

1297 1750 1416 1805 Non
1447 1761 1666 1820 propter

1298 1837 1384 1876 me
1415 1838 1515 1876 vox
1549 1824 1683 1877 haec

1297 1894 1464 1955 venit,
1495 1894 1588 1947 sed
1618 1908 1780 1965 prap-

1296 1964 1385 2019 51.
1421 1975 1500 2019 ter
1527 1979 1643 2020 vos.
1680 1964 1831 2025 Nunc

1290 2035 1555 2105 judicium

1294 2120 1378 2162 εει
1402 2108 1561 2176 hujus
1588 2123 1743 2165 mun-

1291 2178 1346 2233 di
1372 2196 1383 2232 :
1420 2195 1561 2234 nunc
1590 2180 1745 2236 Prin-

1294 2265 1424 2319 ceps
1453 2251 1609 2318 hujus
1633 2269 1788 2309 mun-

1294 2321 1349 2377 di
1373 2322 1601 2376 mittitur

1293 2393 1381 2447 52.
1396 2393 1579 2468 ΔΓυιηειε.
1610 2395 1726 2468 Ego
1757 2411 1880 2451 cum

1292 2464 1553 2519 exaltatus

1296 2534 1445 2590 fuero
1477 2537 1543 2590 de
1575 2546 1683 2593 ter-

1292 2621 1373 2672 ra,
1407 2609 1583 2661 omnia
1614 2617 1721 2664 tra—

1293 2677 1416 2731 ham
1442 2678 1508 2731 ad
1537 2695 1644 2734 me.

1293 2749 1382 2820 55.
1414 2747 1551 2820 (Hoc
1580 2760 1757 2807 autem
1784 2750 1867 2808 di-

1293 2819 1473 2889 cebat,
1500 2822 1664 2889 signi-

1297 2888 1465 2943 ﬁcans
1486 2888 1591 2960 qua
1622 2908 1765 2947 inor-

1298 2968 1350 3014 te
1376 2971 1492 3015 erat
1519 2965 1686 3018 mori-

1299 3031 1496 3103 turns.)

1296 3103 1389 3157 54.
1421 3103 1722 3174 Respondit
1746 3105 1810 3166 il-.

1297 3174 1333 3228 li
1367 3176 1518 3229 turba
1542 3194 1555 3229 :
1589 3175 1697 3232 Nos

1295 3245 1598 3301 audivimus

1295 3318 1555 3388 scriptum
1586 3318 1639 3373 in

1296 3386 1535 3477 legate)
1566 3389 1709 3459 quod
1746 3389 1786 3462 -ῒ
1807 3386 2057 3477 Christus

1295 3472 1478 3514 manet
1506 3478 1559 3515 ιη

1294 3541 1575 3586 aeternum
1610 3551 1623 3587 ἲ

1294 3616 1344 3656 et
1374 3603 1650 3670 quomodo

1295 3680 1350 3728 tu
1382 3675 1519 3730 dicis
1549 3693 1561 3729 :
1589 3675 1744 3743 Quod

1292 3755 1509 3815 Oportet
1533 3750 1680 3803 exal-

1295 3820 1394 3872 tari
1419 3818 1613 3873 Filium

1292 3890 1566 3946 hominis?
1593 3890 1696 3958 Qui

2603 447 2839 507 CODEX
2876 450 3328 508 VERONENSIS.

2160 542 2347 598 dicunt
2372 542 2437 597 ad

2158 613 2362 670 Jesnm.

2159 685 2249 741 25.
2280 685 2439 741 Jesus
2463 695 2645 743 autem

2159 756 2439 825 respondit
2466 759 2566 823 eis,

2159 828 2381 883 dicens:
2416 827 2576 883 Venit

2162 900 2315 966 hora,
2350 911 2409 954 ut
2437 899 2599 954 clari—

2160 970 2350 1026 ﬁcetnr
2384 970 2553 1025 Filius

2162 1041 2417 1096 hominis.

2160 1112 2252 1168 24.
2286 1117 2477 1179 Amen,
2510 1127 2665 1171 amen

2163 1183 2284 1243 ἀίεο
2316 1184 2488 1248 vobis,

2160 1255 2265 1309 nisi
2292 1270 2514 1322 granum

2161 1327 2323 1380 tritici
2353 1326 2555 1382 cadens

2160 1396 2214 1451 in
2238 1406 2456 1461 terram,
2488 1413 2633 1454 mor-

2160 1476 2308 1522 tuum
2340 1468 2521 1533 fuerit,

2159 1538 2250 1594 25.
2282 1540 2455 1609 ipsum
2484 1540 2660 1595 solum

2161 1620 2376 1676 manet;
2406 1613 2449 1665 si
2478 1626 2573 1666 au-

2163 1690 2269 1736 tem
2302 1685 2571 1736 mortuum

2160 1751 2340 1818 fuerit,
2376 1755 2599 1807 multum

2161 1825 2389 1879 fructum
2420 1825 2647 1880 adferet.

2160 1895 2262 1962 Qui
2293 1906 2436 1949 amat
2459 1895 2573 1950 ani-

2162 1982 2301 2021 mam
2335 1982 2484 2020 suam
2514 1967 2568 2021 in
2603 1966 2705 2023 hoc

2163 2038 2385 2101 mundo,
2422 2039 2609 2107 perdet

2160 2123 2322 2163 eam:
2356 2121 2408 2164 et
2435 2112 2521 2179 qui
2556 2108 2669 2165 odit

2160 2194 2394 2233 animum
2421 2196 2573 2235 suam

2162 2250 2215 2305 in
2247 2253 2348 2306 hoc
2376 2268 2535 2306 mun-

2160 2321 2253 2388 do,
2278 2323 2329 2376 in
2360 2324 2524 2378 vitam

2160 2403 2436 2448 aeternam
2460 2411 2554 2449 CLI-

2160 2464 2329 2519 stodit
2357 2481 2496 2520 eam.

2160 2534 2251 2617 2Q.
2275 2536 2331 2617 _Si
2356 2536 2476 2606 quis
2505 2535 2635 2591 mihi

2160 2608 2453 2669 ministrat.
2481 2623 2561 2664 se-

2158 2689 2352 2746 quatur
2376 2694 2461 2735 me
2488 2698 2502 2735 :

2157 2757 2213 2804 et
2239 2750 2329 2804 ubi
2357 2766 2457 2819 ego

2156 2833 2300 2883 sum,
2335 2821 2447 2875 illic

2158 2898 2215 2944 et
2239 2891 2489 2946 minister

2159 2976 2313 3016 mens
2338 2964 2461 3016 erit.

2158 3032 2214 3087 Si
2237 3034 2359 3103 quis
2381 3043 2559 3089 autem

2160 3104 2292 3157 mihi
2322 3104 2591 3159 ministra-

2162 3174 2323 3239 beril,
2354 3176 2528 3230 hono-

2159 3246 2387 3301 rilicabit
2417 3263 2541 3302 eum

2159 3316 2337 3373 Pater.

2159 3389 2250 3442 27.
2291 3389 2442 3443 Nunc
2465 3389 2646 3445 anima

2161 3476 2281 3514 mea
2314 3462 2581 3516 turbatur.

2163 3532 2231 3586 Et
2262 3532 2386 3600 quid
2414 3531 2494 3585 di-

2160 3604 2320 3658 cam?
2346 3607 2524 3669 Pater,

2162 3674 2405 3728 salviﬁca
2432 3690 2519 3730 me

2161 3746 2322 3800 Pater
2343 3762 2409 3801 ex
2435 3746 2537 3803 hac

2164 3815 2296 3871 hora
2322 3833 2334 3868 :

2163 3887 2259 3943 scd
2291 3896 2577 3959 propterea

1778 4023 2009 4081 CODEX
2050 4021 2443 4080 BRIXIANUS.

2991 545 3114 599 veni
3143 546 3194 599 in
3222 547 3410 600 horam

2991 616 3172 671 istam.

2989 685 3080 742 28.
3122 687 3302 754 Pater,
3334 680 3575 744 clariﬁca

2990 767 3141 814 tuum
3173 773 3393 813 nomen.

2991 830 3157 886 Venit
3184 845 3315 900 ergo

2997 916 3101 956 vox
3131 900 3199 956 de
3220 900 3407 956 caelo:

2998 972 3068 1027 Et
3087 971 3404 1037 clariﬁcabi,

2997 1053 3050 1097 et
3080 1045 3272 1098 iterum
3306 1043 3422 1099 cla-

2996 1114 3240 1169 riﬁcaho.

2997 1185 3087 1240 29.
3128 1185 3306 1257 Turba
3331 1201 3483 1257 ergo,

2992 1272 3129 1327 quae
3151 1256 3350 1323 stabat,

2992 1339 3045 1381 et
3076 1328 3347 1392 audiebat,

2992 1398 3283 1471 dixerunt;
3306 1399 3380 1471 (a)
3413 1398 3515 1455 Τοο

2993 1472 3232 1525 nitrnum
3266 1470 3463 1525 factum

2992 1550 3077 1595 est
3102 1543 3165 1612 έτ.
3197 1541 3301 1595 Alii
3329 1542 3411 1596 ui-

2992 1613 3188 1667 cebant
3214 1631 3225 1667 :
3258 1613 3436 1682 Ange~

2994 1685 3081 1739 lus
3113 1685 3160 1739 ci
3190 1684 3403 1739 locutus

2993 1764 3077 1811 est
3090 1796 3100 1811 .

2992 1828 3082 1882 50.
3125 1825 3427 1895 Respondit
3454 1824 3633 1893 Jews,

2992 1909 3046 1953 et
3068 1898 3202 1952 dixit
3230 1916 3243 1950 :
3270 1896 3387 1952 Non

2994 1978 3215 2038 propter
3240 1984 3325 2023 me

2993 2055 3098 2095 vox
3131 2042 3261 2095 haec
3282 2038 3448 2102 venit,

2940 2162 2943 2165 γ
2991 2113 3087 2166 sed
3117 2118 3333 2181 propter
3352 2124 3469 2181 vos.

2993 2184 3083 2239 51.
3122 2180 3539 2252 Nuncjuditium

2993 2264 3078 2309 est
3106 2252 3292 2307 mundi
3319 2272 3331 2307 :

2996 2341 3140 2380 nunc
3169 2325 3430 2395 Princeps

2995 2396 3176 2451 mundi
3203 2395 3364 2464 hujus

2993 2469 3234 2521 mittetur
3258 2466 3421 2520 deor-

2993 2538 3081 2593 52.
3123 2553 3263 2591 sum.
3300 2536 3370 2590 Et
3397 2548 3500 2606 ego

2994 2611 3037 2664 si
3065 2609 3334 2663 exaltatus

2996 2695 3092 2735 ero
3122 2696 3149 2732 a
3174 2690 3341 2753 terra,

2997 2753 3179 2805 omnia
3206 2750 3415 2804 traham

2996 2821 3085 2877 55.
3127 2822 3193 2875 ad
3224 2837 3329 2875 me.
3362 2819 3473 2874 Hoc

2994 2902 3174 2948 autem
3207 2892 3444 2955 dicebat,

2996 2962 3307 3035 significans
3334 2975 3437 3031 qua

2998 3045 3173 3090 morte
3200 3043 3350 3090 CSSCI

2997 3108 3318 3162 moriturus.

2998 3180 3087 3233 54.
3128 3175 3433 3247 Respondit

2997 3250 3045 3304 ei
3095 3250 3251 3303 turba
3281 3266 3294 3301 :

2995 3320 3105 3375 Nos
3130 3320 3435 3374 audivimus

3003 3407 3068 3447 ex
3100 3392 3240 3461 lege,
3275 3388 3350 3462 (b)
3383 3386 3507 3459 quia
3534 3384 3572 3457 -ξ-

2998 3464 3247 3517 Chrisms
3279 3469 3463 3515 manet

2995 3534 3050 3588 in
3084 3544 3369 3588 aeternum
3396 3550 3409 3584 :

2996 3614 3053 3659 et
3082 3604 3355 3675 quomodo

2999 3685 3057 3730 tu
3081 3673 3219 3730 dicis
3243 3694 3255 3728 :
3290 3673 3427 3743 Quia

2999 3756 3219 3817 oportet
3254 3743 3403 3817 exal-

3003 3814 3103 3872 tari
3135 3818 3333 3872 Filium
3365 3814 3463 3870 lto.

3004 3888 3199 3945 minis?
3234 3888 3366 3958 Quis

456 4138 710 4195 dixerunt
760 4142 824 4194 ad
896 4141 1078 4197 Jesum
1149 4142 1307 4198 Jesus
1366 4152 1566 4198 autem.
1638 4140 1917 4209 reSpnndit
1973 4140 2052 4195 eis

455 4210 661 4265 dicens.
715 4212 875 4267 Venit
938 4214 1067 4268 hora
1126 4226 1186 4269 ut
1253 4216 1580 4270 clariticetur
1642 4213 1808 4267 Filius
1880 4213 2053 4266 homi-

456 4282 562 4355 nis.
626 4285 794 4340 Amen
850 4300 1006 4339 amen
1060 4286 1181 4340 dico
1235 4287 1388 4340 vobis
1442 4286 1544 4340 nisi
1587 4300 1813 4355 granum
1869 4284 2051 4338 tritici.

456 4354 657 4409 cadens
696 4357 745 4408 in
788 4364 984 4410 terram
1017 4368 1284 4413 mortuum
1317 4359 1493 4411 luerit.
1542 4354 1713 4427 ipSum
1756 4357 1927 4410 solum
1971 4372 2056 4408 rc—

457 4437 658 4480 manet.
710 4432 752 4481 si
807 4440 988 4482 autem
1038 4439 1304 4483 mortuum
1352 4429 1514 4483 fuerit
1550 4430 1776 4482 multum
1827 4430 2053 4479 fructum

456 4495 748 4571 εαξη.ρυὶ
774 4509 918 4553 amat
941 4502 1172 4554 animam
1195 4517 1343 4556 suam
1371 4502 1557 4571 perdet
1589 4515 1729 4554 eam.
1756 4506 1808 4552 ct
1833 4496 2055 4568 quiodit

456 4569 695 4622 animam
734 4586 884 4623 snam
918 4573 967 4623 in
997 4578 1095 4625 hoc
1125 4574 1324 4628 mundo
1350 4569 1401 4626 in
1442 4575 1606 4625 vitam
1639 4579 1918 4623 aeternam
1957 4582 2049 4622 cn-

455 4640 623 4693 stodit
664 4651 805 4695 eam.
840 4642 1021 4708 Siquis
1049 4644 1174 4696 mihi
1226 4644 1517 4698 ministrat.
1555 4656 1641 4697 me
1683 4650 1964 4709 sequatur.
1995 4650 2048 4693 et

457 4712 545 4782 ubi
573 4728 690 4766 sum
714 4728 815 4782 ego
844 4714 951 4766 illic
976 4722 1030 4766 et
1054 4717 1302 4769 minister
1336 4731 1487 4768 meus
1523 4726 1628 4768 est.
1656 4714 1723 4767 Et
1749 4713 1918 4782 siquis
1950 4711 2051 4765 mi-

457 4780 510 4835 hi
545 4780 949 4839 ministraverit.
974 4785 1352 4841 honoriﬁcavit
1375 4802 1498 4840 eum
1530 4786 1707 4840 Pater.
1743 4780 1897 4838 Nunc
1934 4786 2051 4835 ani-

456 4867 712 4926 ma_mca.
751 4857 962 4911 turbata
990 4867 1092 4911 est.
1132 4856 1199 4911 Et
1228 4856 1357 4926 quid
1384 4859 1579 4911 dicam.
1617 4858 1775 4910 Pater
1796 4857 1942 4909 salva
1965 4869 2051 4909 me

457 4936 525 4978 ex
558 4923 658 4981 hac
699 4927 855 4983 hora.
907 4927 1014 4983 Sed
1056 4923 1342 5001 propterea
1381 4928 1526 4984 veni.
1559 4929 1612 4983 in
1646 4928 1834 4982 horam
1888 4927 2057 4979 hanc.

2157 4140 2321 4193 Pater
2342 4138 2577 4193 clariﬁc-a
2605 4153 2799 4195 nomen
2831 4147 3001 4194 tuum.
3022 4139 3181 4195 Venit
3210 4155 3339 4208 ergo
3368 4154 3473 4195 vox
3499 4139 3567 4193 de
3584 4137 3776 4197 caelo.

2158 4211 2226 4266 Et
2252 4212 2562 4265 t-larilicavi.
2592 4222 2646 4265 et
2674 4213 2865 4267 iterum
2893 4213 3223 4267 clariﬁcavo.
3255 4212 3435 4268 Turba
3461 4227 3589 4280 ergo
3618 4225 3780 4278 quae

2157 4283 2333 4337 Slabzll
2361 4294 2411 4335 ιιι
2444 4283 2706 4336 audierat.
2742 4284 2954 4337 dicebat
3000 4283 3320 4339 Tonitruum
3359 4284 3559 4337 factum
3611 4296 3775 4339 esse.

2160 4354 2267 4409 Alii
2296 4354 2569 4408 dicebant.
2602 4352 2838 4424 Angelus
2865 4358 2911 4407 ei
2945 4354 3158 4409 locutus
3203 4365 3306 4409 est.
3340 4355 3637 4423 Respondit
3668 4352 3782 4407 Je-

2160 4439 2273 4479 sus.
2313 4437 2367 4479 et
2394 4427 2547 4480 dixit.
2596 4425 2708 4480 Non
2744 4436 2962 4494 propter
3001 4443 3086 4481 me
3135 4442 3239 4481 Vox
3272 4428 3405 4481 haec
3456 4426 3594 4479 facta
3630 4435 3776 4481 .est.

2164 4496 2257 4549 sed
2311 4506 2530 4565 propter
2578 4511 2672 4549 vos
2724 4497 3161 4566 Nnncjudicium
3214 4507 3299 4551 est
3340 4498 3500 4565 hnjns
3550 4496 3779 4552 mundi.

2157 4583 2298 4622 llllllC
2332 4569 2588 4636 Princeps
2616 4567 2775 4636 hujus
2800 4569 2988 4623 mundi
3015 4570 3241 4623 t-icietnr
3291 4568 3456 4623 foras.
3493 4569 3557 4623 Et
3588 4584 3687 4635 ego
3722 4572 3783 4624 si

2155 4640 2425 4693 ettaltatus
2479 4639 2633 4692 fuero
2690 4656 2717 4692 a
2775 4649 2940 4694 terra.
3000 4642 3181 4695 omnia
3238 4641 3448 4694 traham
3514 4640 3579 4693 ad
3651 4646 3787 4695 me."

2157 4710 2269 4765 Hoc
2317 4720 2496 4764 autent
2549 4711 2784 4764 dicebat.
2840 4711 3176 4780 signiﬁcans.
3226 4727 3329 4781 qua
3383 4718 3561 4765 morte
3612 4723 3786 4766 esset

2157 4784 2473 4836 moriturus.
2504 4782 2800 4848 Respondit
2824 4784 2873 4837 ei
2909 4785 3082 4836 turba.
3114 4782 3221 4837 Nos
3246 4784 3545 4837 audivimus
3571 4795 3637 4835 ex
3680 4781 3783 4836 le-

2156 4868 2241 4923 ge.
2270 4852 2345 4925 (li)
2369 4855 2492 4923 quia
2515 4854 2552 4923 ῒ
2568 4853 2818 4907 Christus
2839 4862 3023 4909 manet
3043 4855 3095 4909 in
3110 4864 3396 4925 aeternum
3417 4866 3472 4909 et
3489 4854 3786 4925 quomodo

2158 4933 2217 4980 tu
2246 4923 2401 4981 dicis.
2429 4926 2563 4992 Quia
2594 4932 2809 4995 oportet
2852 4926 3077 4981 exaltari
3106 4924 3303 4982 Filium
3326 4926 3583 4981 hominis.
3626 4923 3787 4990 Quis

1745 5039 1982 5099 CODEX
2016 5040 2483 5099 CORBEIENSIS.

520 5160 612 5215 24.
644 5159 742 5215 nisi
772 5176 996 5232 granum
1029 5165 1211 5231 tritici,
1240 5173 1346 5220 etc.

521 5232 614 5289 27.
646 5232 826 5302 Pater,
853 5233 1021 5290 libera
1062 5252 1149 5293 me
1174 5252 1239 5293 ex
1267 5237 1368 5293 hac
1399 5240 1550 5295 hora.

2237 5157 2330 5213 29.
2358 5172 2498 5227 quae
2539 5156 2739 5221 stabat,
2782 5156 3035 5213 dicebat:
3070 5158 3392 5214 Tonitruum
3423 5156 3621 5212 factum
3649 5170 3776 5217 est.

2233 5229 2297 5285 5|
2314 5268 2327 5283 .
2362 5244 2503 5283 nunc
2529 5229 2786 5300 Princeps
2808 5229 2992 5285 mundi
3016 5230 3259 5287 mittetur
3281 5231 3555 5287 deorsum.

1708 5374 2102 5435 VARIANTES
2137 5371 2538 5432 LECTIONES.

515 5496 532 5527 ¹
570 5497 691 5546 Mm.
719 5502 771 5547 et
793 5496 879 5559 qui
902 5494 1175 5560 perdiderit
1197 5499 1424 5546 animam.
1457 5495 1602 5561 Vulg.
1632 5504 1683 5548 et
1704 5500 1787 5561 qui
1822 5496 1925 5547 odit
1947 5496 2053 5547 ani-

450 5569 692 5670 ma’miifm.
713 5620 921 5671 clariﬁca
937 5620 1118 5673 Filium
1131 5627 1286 5673 tuum.
1314 5620 1459 5689 Vulg.
1474 5620 1682 5673 clariﬁca
1698 5632 1876 5670 nomen
1894 5627 2051 5671 tuum.

2224 5493 2244 5525 ³
2279 5492 2384 5541 Gut.
2410 5488 2587 5556 factum
2611 5490 2865 5556 :Angelus
2897 5491 3030 5541 enim
3066 5491 3134 5542 ei.
3162 5485 3310 5553 Vulg.
3336 5488 3533 5539 factum.
3554 5486 3649 5537 Alii
3681 5487 3780 5539 di-

2160 5556 2339 5606 cebant
2364 5571 2375 5606 :
2394 5553 2617 5615 Angelus
2635 5556 2702 5604 ei.

1793 5722 2158 5785 BLANCHINI
2195 5723 2421 5781 NOTJE.

548 5842 623 5923 (a)
650 5841 803 5916 itaet
827 5842 947 5907 cad.
972 5841 1371 5935 Cant.,'ﬁpo-Jrri
1396 5851 1610 5934 γέγονεν.
1643 5844 1815 5911 Favet
1832 5842 2215 5911 Yercetlensis.
2254 5872 2326 5888 —
2360 5841 2439 5919 (ὸ)
2478 5839 2642 5908 Addit
2681 5839 2835 5920 quia,
2877 5840 3040 5905 etiam
3071 5848 3183 5907 ιρι.
3223 5838 3316 5898 Gr.
3348 5837 3445 5903 ὅτι·
