  <div class='ocr_page' id='page_1' title='image "/cluster/home/n/w/nwhite01/storage/ocr_20150623/12/hvd.32044096580410/228.png"; bbox 0 0 4042 6192; ppageno 0'>
   <div class='ocr_carea' id='block_1_1' title="bbox 256 360 367 421">
    <p class='ocr_par' dir='ltr' id='par_1_1' title="bbox 256 360 367 421">
     <span class='ocr_line' id='line_1_1' title="bbox 256 360 367 421; baseline -0.009 -1"><span class='ocrx_word' id='word_1_1' title='bbox 256 360 367 421; x_wconf 75' lang='grc'><strong>445</strong></span> 
     </span>
    </p>
   </div>
   <div class='ocr_carea' id='block_1_2' title="bbox 660 478 1469 541">
    <p class='ocr_par' dir='ltr' id='par_1_2' title="bbox 660 478 1469 541">
     <span class='ocr_line' id='line_1_2' title="bbox 660 478 1469 541; baseline -0.001 -5"><span class='ocrx_word' id='word_1_2' title='bbox 660 478 886 537; x_wconf 81' lang='lat' dir='ltr'><strong>CODEX</strong></span> <span class='ocrx_word' id='word_1_3' title='bbox 929 480 1469 541; x_wconf 80' lang='lat' dir='ltr'><strong>VERCELLENSIS.</strong></span> 
     </span>
    </p>
   </div>
   <div class='ocr_carea' id='block_1_3' title="bbox 262 573 1569 640">
    <p class='ocr_par' dir='ltr' id='par_1_3' title="bbox 262 573 1569 640">
     <span class='ocr_line' id='line_1_3' title="bbox 262 573 1569 640; baseline 0.003 -12"><span class='ocrx_word' id='word_1_4' title='bbox 262 581 343 629; x_wconf 88' lang='lat' dir='ltr'><strong>est</strong></span> <span class='ocrx_word' id='word_1_5' title='bbox 379 573 470 627; x_wconf 85' lang='lat' dir='ltr'><strong>hic</strong></span> <span class='ocrx_word' id='word_1_6' title='bbox 498 573 669 631; x_wconf 82' lang='lat' dir='ltr'><strong>Filius</strong></span> <span class='ocrx_word' id='word_1_7' title='bbox 1166 576 1405 640; x_wconf 87' lang='lat' dir='ltr'><strong>illorum,</strong></span> <span class='ocrx_word' id='word_1_8' title='bbox 1432 585 1486 632; x_wconf 93' lang='lat' dir='ltr'><strong>et</strong></span> <span class='ocrx_word' id='word_1_9' title='bbox 1564 634 1569 639; x_wconf 78' lang='grc'>,</span> 
     </span>
    </p>
   </div>
   <div class='ocr_carea' id='block_1_4' title="bbox 259 645 1440 702">
    <p class='ocr_par' dir='ltr' id='par_1_4' title="bbox 259 645 1440 702">
     <span class='ocr_line' id='line_1_4' title="bbox 259 645 1440 702; baseline 0.003 -3"><span class='ocrx_word' id='word_1_10' title='bbox 259 645 538 700; x_wconf 83' lang='lat' dir='ltr'><strong>hominis?</strong></span> <span class='ocrx_word' id='word_1_11' title='bbox 1168 648 1440 702; x_wconf 91' lang='lat' dir='ltr'><strong>induravit</strong></span> 
     </span>
    </p>
   </div>
   <div class='ocr_carea' id='block_1_5' title="bbox 258 715 1509 777">
    <p class='ocr_par' dir='ltr' id='par_1_5' title="bbox 258 715 1509 777">
     <span class='ocr_line' id='line_1_5' title="bbox 258 715 1509 777; baseline 0.002 -4"><span class='ocrx_word' id='word_1_12' title='bbox 258 718 344 773; x_wconf 82' lang='grc'><strong>55.</strong></span> <span class='ocrx_word' id='word_1_13' title='bbox 391 718 487 771; x_wconf 82' lang='lat' dir='ltr'><strong>Ait</strong></span> <span class='ocrx_word' id='word_1_14' title='bbox 512 716 591 771; x_wconf 86' lang='lat' dir='ltr'><strong>illi</strong></span> <span class='ocrx_word' id='word_1_15' title='bbox 616 715 801 775; x_wconf 81' lang='lat' dir='ltr'><strong>Jesus:</strong></span> <span class='ocrx_word' id='word_1_16' title='bbox 832 716 1023 777; x_wconf 84' lang='lat' dir='ltr'><strong>Adhuc</strong></span> <span class='ocrx_word' id='word_1_17' title='bbox 1166 733 1261 773; x_wconf 88' lang='lat' dir='ltr'><strong>cor</strong></span> <span class='ocrx_word' id='word_1_18' title='bbox 1288 733 1509 775; x_wconf 89' lang='lat' dir='ltr'><strong>eorum:</strong></span> 
     </span>
    </p>
   </div>
   <div class='ocr_carea' id='block_1_6' title="bbox 257 788 1466 844">
    <p class='ocr_par' dir='ltr' id='par_1_6' title="bbox 257 788 1466 844">
     <span class='ocr_line' id='line_1_6' title="bbox 257 788 1466 844; baseline 0 -2"><span class='ocrx_word' id='word_1_19' title='bbox 257 788 529 842; x_wconf 83' lang='lat' dir='ltr'><strong>modicum</strong></span> <span class='ocrx_word' id='word_1_20' title='bbox 1166 798 1226 844; x_wconf 90' lang='lat' dir='ltr'><strong>ut</strong></span> <span class='ocrx_word' id='word_1_21' title='bbox 1251 805 1355 843; x_wconf 93' lang='lat' dir='ltr'><strong>non</strong></span> <span class='ocrx_word' id='word_1_22' title='bbox 1387 790 1466 843; x_wconf 88' lang='lat' dir='ltr'><strong>vi-</strong></span> 
     </span>
    </p>
   </div>
   <div class='ocr_carea' id='block_1_7' title="bbox 254 858 1480 930">
    <p class='ocr_par' dir='ltr' id='par_1_7' title="bbox 254 858 1480 930">
     <span class='ocr_line' id='line_1_7' title="bbox 254 858 1480 930; baseline 0.003 -19"><span class='ocrx_word' id='word_1_23' title='bbox 254 858 334 930; x_wconf 85' lang='lat' dir='ltr'><strong>(a)</strong></span> <span class='ocrx_word' id='word_1_24' title='bbox 368 870 580 927; x_wconf 88' lang='lat' dir='ltr'><strong>tempus</strong></span> <span class='ocrx_word' id='word_1_25' title='bbox 604 858 645 930; x_wconf 74' lang='grc' dir='ltr'><strong>-ζ-</strong></span> <span class='ocrx_word' id='word_1_26' title='bbox 675 858 766 916; x_wconf 79' lang='lat' dir='ltr'><strong>lux</strong></span> <span class='ocrx_word' id='word_1_27' title='bbox 790 860 843 916; x_wconf 89' lang='lat' dir='ltr'><strong>in</strong></span> <span class='ocrx_word' id='word_1_28' title='bbox 1167 860 1329 915; x_wconf 95' lang='lat' dir='ltr'><strong>deant</strong></span> <span class='ocrx_word' id='word_1_29' title='bbox 1351 876 1480 915; x_wconf 78' lang='lat' dir='ltr'><strong>ocu—</strong></span> 
     </span>
    </p>
   </div>
   <div class='ocr_carea' id='block_1_8' title="bbox 254 930 1515 996">
    <p class='ocr_par' dir='ltr' id='par_1_8' title="bbox 254 930 1515 996">
     <span class='ocr_line' id='line_1_8' title="bbox 254 930 1515 996; baseline 0.003 -13"><span class='ocrx_word' id='word_1_30' title='bbox 254 932 409 984; x_wconf 88' lang='lat' dir='ltr'><strong>vobis</strong></span> <span class='ocrx_word' id='word_1_31' title='bbox 438 940 544 985; x_wconf 85' lang='lat' dir='ltr'><strong>est.</strong></span> <span class='ocrx_word' id='word_1_32' title='bbox 570 930 699 986; x_wconf 82' lang='lat' dir='ltr'><strong>Am-</strong></span> <span class='ocrx_word' id='word_1_33' title='bbox 1166 932 1256 996; x_wconf 83' lang='lat' dir='ltr'><strong>lis,</strong></span> <span class='ocrx_word' id='word_1_34' title='bbox 1288 934 1308 962; x_wconf 84' lang='grc'><strong><em>²</em></strong></span> <span class='ocrx_word' id='word_1_35' title='bbox 1329 942 1383 988; x_wconf 90' lang='lat' dir='ltr'><strong>et</strong></span> <span class='ocrx_word' id='word_1_36' title='bbox 1406 947 1515 987; x_wconf 92' lang='lat' dir='ltr'><strong>non</strong></span> 
     </span>
    </p>
   </div>
   <div class='ocr_carea' id='block_1_9' title="bbox 256 1001 1489 1074">
    <p class='ocr_par' dir='ltr' id='par_1_9' title="bbox 256 1001 1489 1074">
     <span class='ocr_line' id='line_1_9' title="bbox 256 1001 1489 1074; baseline 0.002 -19"><span class='ocrx_word' id='word_1_37' title='bbox 256 1001 603 1074; x_wconf 73' lang='lat' dir='ltr'><strong>bulatedum</strong></span> <span class='ocrx_word' id='word_1_38' title='bbox 1166 1003 1489 1074; x_wconf 76' lang='lat' dir='ltr'><strong>intellegant</strong></span> 
     </span>
    </p>
   </div>
   <div class='ocr_carea' id='block_1_10' title="bbox 253 1072 1588 1140">
    <p class='ocr_par' dir='ltr' id='par_1_10' title="bbox 253 1072 1588 1140">
     <span class='ocr_line' id='line_1_10' title="bbox 253 1072 1588 1140; baseline 0.002 -13"><span class='ocrx_word' id='word_1_39' title='bbox 253 1072 431 1127; x_wconf 87' lang='lat' dir='ltr'><strong>lucem</strong></span> <span class='ocrx_word' id='word_1_40' title='bbox 454 1072 622 1128; x_wconf 87' lang='lat' dir='ltr'><strong>habe-</strong></span> <span class='ocrx_word' id='word_1_41' title='bbox 1164 1075 1351 1140; x_wconf 87' lang='lat' dir='ltr'><strong>corde,</strong></span> <span class='ocrx_word' id='word_1_42' title='bbox 1366 1072 1431 1129; x_wconf 19' lang='lat' dir='ltr'><strong>iet</strong></span> <span class='ocrx_word' id='word_1_43' title='bbox 1459 1090 1588 1130; x_wconf 82' lang='lat' dir='ltr'><strong>eon-</strong></span> 
     </span>
    </p>
   </div>
   <div class='ocr_carea' id='block_1_11' title="bbox 255 1145 1468 1213">
    <p class='ocr_par' dir='ltr' id='par_1_11' title="bbox 255 1145 1468 1213">
     <span class='ocr_line' id='line_1_11' title="bbox 255 1145 1468 1213; baseline 0.002 -14"><span class='ocrx_word' id='word_1_44' title='bbox 255 1145 346 1207; x_wconf 85' lang='lat' dir='ltr'><strong>tis,</strong></span> <span class='ocrx_word' id='word_1_45' title='bbox 374 1161 443 1198; x_wconf 87' lang='lat' dir='ltr'><strong>ne</strong></span> <span class='ocrx_word' id='word_1_46' title='bbox 470 1160 566 1198; x_wconf 89' lang='lat' dir='ltr'><strong>vos</strong></span> <span class='ocrx_word' id='word_1_47' title='bbox 603 1156 680 1200; x_wconf 88' lang='lat' dir='ltr'><strong>te-</strong></span> <span class='ocrx_word' id='word_1_48' title='bbox 1165 1155 1468 1213; x_wconf 84' lang='lat' dir='ltr'><strong>vertantur,</strong></span> 
     </span>
    </p>
   </div>
   <div class='ocr_carea' id='block_1_12' title="bbox 257 1218 1437 1273">
    <p class='ocr_par' dir='ltr' id='par_1_12' title="bbox 257 1218 1437 1273">
     <span class='ocr_line' id='line_1_12' title="bbox 257 1218 1437 1273; baseline 0 -2"><span class='ocrx_word' id='word_1_49' title='bbox 257 1218 461 1271; x_wconf 76' lang='lat' dir='ltr'><strong>nebrae</strong></span> <span class='ocrx_word' id='word_1_50' title='bbox 491 1230 624 1271; x_wconf 86' lang='lat' dir='ltr'><strong>con-</strong></span> <span class='ocrx_word' id='word_1_51' title='bbox 1169 1228 1219 1272; x_wconf 88' lang='lat' dir='ltr'><strong>et</strong></span> <span class='ocrx_word' id='word_1_52' title='bbox 1252 1232 1437 1273; x_wconf 91' lang='lat' dir='ltr'><strong>sanem</strong></span> 
     </span>
    </p>
   </div>
   <div class='ocr_carea' id='block_1_13' title="bbox 253 1287 1317 1358">
    <p class='ocr_par' dir='ltr' id='par_1_13' title="bbox 253 1287 1317 1358">
     <span class='ocr_line' id='line_1_13' title="bbox 253 1287 1317 1358; baseline 0.002 -17"><span class='ocrx_word' id='word_1_53' title='bbox 253 1287 627 1358; x_wconf 80' lang='lat' dir='ltr'><strong>prehendam:</strong></span> <span class='ocrx_word' id='word_1_54' title='bbox 1168 1288 1317 1343; x_wconf 88' lang='lat' dir='ltr'><strong>illos.</strong></span> 
     </span>
    </p>
   </div>
   <div class='ocr_carea' id='block_1_14' title="bbox 254 1358 1785 1429">
    <p class='ocr_par' dir='ltr' id='par_1_14' title="bbox 254 1358 1785 1429">
     <span class='ocr_line' id='line_1_14' title="bbox 254 1358 1785 1429; baseline 0.003 -18"><span class='ocrx_word' id='word_1_55' title='bbox 254 1361 300 1412; x_wconf 88' lang='lat' dir='ltr'><strong>si</strong></span> <span class='ocrx_word' id='word_1_56' title='bbox 326 1359 447 1429; x_wconf 89' lang='lat' dir='ltr'><strong>quis</strong></span> <span class='ocrx_word' id='word_1_57' title='bbox 474 1359 663 1414; x_wconf 88' lang='lat' dir='ltr'><strong>ambu-</strong></span> <span class='ocrx_word' id='word_1_58' title='bbox 1096 1358 1188 1414; x_wconf 83' lang='lat' dir='ltr'><strong>4t.</strong></span> <span class='ocrx_word' id='word_1_59' title='bbox 1232 1361 1378 1415; x_wconf 86' lang='lat' dir='ltr'><strong>Haec</strong></span> <span class='ocrx_word' id='word_1_60' title='bbox 1404 1360 1540 1416; x_wconf 83' lang='lat' dir='ltr'><strong>dixit</strong></span> <span class='ocrx_word' id='word_1_61' title='bbox 1574 1358 1785 1429; x_wconf 88' lang='lat' dir='ltr'><strong>Escias,</strong></span> 
     </span>
    </p>
   </div>
   <div class='ocr_carea' id='block_1_15' title="bbox 256 1430 1481 1499">
    <p class='ocr_par' dir='ltr' id='par_1_15' title="bbox 256 1430 1481 1499">
     <span class='ocr_line' id='line_1_15' title="bbox 256 1430 1481 1499; baseline 0.001 -15"><span class='ocrx_word' id='word_1_62' title='bbox 256 1430 332 1485; x_wconf 97' lang='lat' dir='ltr'><strong>let</strong></span> <span class='ocrx_word' id='word_1_63' title='bbox 359 1432 410 1483; x_wconf 91' lang='lat' dir='ltr'><strong>in</strong></span> <span class='ocrx_word' id='word_1_64' title='bbox 442 1438 597 1484; x_wconf 89' lang='lat' dir='ltr'><strong>tene—</strong></span> <span class='ocrx_word' id='word_1_65' title='bbox 1098 1431 1316 1499; x_wconf 80' lang='lat' dir='ltr'><strong>quando</strong></span> <span class='ocrx_word' id='word_1_66' title='bbox 1347 1432 1481 1485; x_wconf 89' lang='lat' dir='ltr'><strong>vidit</strong></span> 
     </span>
    </p>
   </div>
   <div class='ocr_carea' id='block_1_16' title="bbox 256 1501 649 1563">
    <p class='ocr_par' dir='ltr' id='par_1_16' title="bbox 256 1501 649 1563">
     <span class='ocr_line' id='line_1_16' title="bbox 256 1501 649 1563; baseline 0.003 -8"><span class='ocrx_word' id='word_1_67' title='bbox 256 1502 395 1563; x_wconf 85' lang='lat' dir='ltr'><strong>bris.</strong></span> <span class='ocrx_word' id='word_1_68' title='bbox 431 1503 446 1531; x_wconf 85' lang='grc'>¹</span> <span class='ocrx_word' id='word_1_69' title='bbox 473 1501 649 1556; x_wconf 85' lang='lat' dir='ltr'><strong>nescit</strong></span> 
     </span>
    </p>
   </div>
   <div class='ocr_carea' id='block_1_17' title="bbox 255 1572 808 1642">
    <p class='ocr_par' dir='ltr' id='par_1_17' title="bbox 255 1572 808 1642">
     <span class='ocr_line' id='line_1_17' title="bbox 255 1572 808 1642; baseline 0 -15"><span class='ocrx_word' id='word_1_70' title='bbox 255 1572 347 1628; x_wconf 79' lang='lat'><strong>56.</strong></span> <span class='ocrx_word' id='word_1_71' title='bbox 389 1586 501 1642; x_wconf 91' lang='lat' dir='ltr'><strong>quo</strong></span> <span class='ocrx_word' id='word_1_72' title='bbox 530 1584 636 1628; x_wconf 88' lang='lat' dir='ltr'><strong>eat.</strong></span> <span class='ocrx_word' id='word_1_73' title='bbox 673 1572 808 1627; x_wconf 88' lang='lat' dir='ltr'><strong>Dum</strong></span> 
     </span>
    </p>
   </div>
   <div class='ocr_carea' id='block_1_18' title="bbox 257 1643 639 1700">
    <p class='ocr_par' dir='ltr' id='par_1_18' title="bbox 257 1643 639 1700">
     <span class='ocr_line' id='line_1_18' title="bbox 257 1643 639 1700; baseline 0.005 -3"><span class='ocrx_word' id='word_1_74' title='bbox 257 1644 432 1698; x_wconf 86' lang='lat' dir='ltr'><strong>lucem</strong></span> <span class='ocrx_word' id='word_1_75' title='bbox 470 1643 639 1700; x_wconf 72' lang='lat' dir='ltr'><strong>halte-</strong></span> 
     </span>
    </p>
   </div>
   <div class='ocr_carea' id='block_1_19' title="bbox 256 1715 667 1778">
    <p class='ocr_par' dir='ltr' id='par_1_19' title="bbox 256 1715 667 1778">
     <span class='ocr_line' id='line_1_19' title="bbox 256 1715 667 1778; baseline 0.002 -9"><span class='ocrx_word' id='word_1_76' title='bbox 256 1716 345 1778; x_wconf 90' lang='lat' dir='ltr'><strong>tis,</strong></span> <span class='ocrx_word' id='word_1_77' title='bbox 381 1715 591 1772; x_wconf 84' lang='lat' dir='ltr'><strong>credite</strong></span> <span class='ocrx_word' id='word_1_78' title='bbox 615 1715 667 1770; x_wconf 93' lang='lat' dir='ltr'><strong>in</strong></span> 
     </span>
    </p>
   </div>
   <div class='ocr_carea' id='block_1_20' title="bbox 257 1786 675 1851">
    <p class='ocr_par' dir='ltr' id='par_1_20' title="bbox 257 1786 675 1851">
     <span class='ocr_line' id='line_1_20' title="bbox 257 1786 675 1851; baseline 0.005 -11"><span class='ocrx_word' id='word_1_79' title='bbox 257 1787 453 1851; x_wconf 91' lang='lat' dir='ltr'><strong>lucem,</strong></span> <span class='ocrx_word' id='word_1_80' title='bbox 490 1796 548 1841; x_wconf 92' lang='lat' dir='ltr'><strong>ut</strong></span> <span class='ocrx_word' id='word_1_81' title='bbox 577 1786 675 1842; x_wconf 79' lang='lat' dir='ltr'><strong>filii</strong></span> 
     </span>
    </p>
   </div>
   <div class='ocr_carea' id='block_1_21' title="bbox 257 1858 566 1913">
    <p class='ocr_par' dir='ltr' id='par_1_21' title="bbox 257 1858 566 1913">
     <span class='ocr_line' id='line_1_21' title="bbox 257 1858 566 1913; baseline -0.01 0"><span class='ocrx_word' id='word_1_82' title='bbox 257 1858 394 1913; x_wconf 92' lang='lat' dir='ltr'><strong>lucis</strong></span> <span class='ocrx_word' id='word_1_83' title='bbox 427 1858 566 1912; x_wconf 90' lang='lat' dir='ltr'><strong>sitis.</strong></span> 
     </span>
    </p>
   </div>
   <div class='ocr_carea' id='block_1_22' title="bbox 259 1930 649 1985">
    <p class='ocr_par' dir='ltr' id='par_1_22' title="bbox 259 1930 649 1985">
     <span class='ocr_line' id='line_1_22' title="bbox 259 1930 649 1985; baseline 0.005 -2"><span class='ocrx_word' id='word_1_84' title='bbox 259 1930 405 1983; x_wconf 87' lang='lat' dir='ltr'><strong>llaec</strong></span> <span class='ocrx_word' id='word_1_85' title='bbox 435 1930 649 1985; x_wconf 91' lang='lat' dir='ltr'><strong>locutus</strong></span> 
     </span>
    </p>
   </div>
   <div class='ocr_carea' id='block_1_23' title="bbox 258 1998 795 2057">
    <p class='ocr_par' dir='ltr' id='par_1_23' title="bbox 258 1998 795 2057">
     <span class='ocr_line' id='line_1_23' title="bbox 258 1998 795 2057; baseline -0.004 0"><span class='ocrx_word' id='word_1_86' title='bbox 258 2011 339 2057; x_wconf 87' lang='lat' dir='ltr'><strong>est</strong></span> <span class='ocrx_word' id='word_1_87' title='bbox 364 2000 566 2055; x_wconf 82' lang='lat' dir='ltr'><strong>Jesus:</strong></span> <span class='ocrx_word' id='word_1_88' title='bbox 595 2010 650 2055; x_wconf 88' lang='lat' dir='ltr'><strong>et</strong></span> <span class='ocrx_word' id='word_1_89' title='bbox 679 1998 795 2055; x_wconf 79' lang='lat' dir='ltr'><strong>abi-</strong></span> 
     </span>
    </p>
   </div>
   <div class='ocr_carea' id='block_1_24' title="bbox 257 2073 659 2133">
    <p class='ocr_par' dir='ltr' id='par_1_24' title="bbox 257 2073 659 2133">
     <span class='ocr_line' id='line_1_24' title="bbox 257 2073 659 2133; baseline 0.002 -8"><span class='ocrx_word' id='word_1_90' title='bbox 257 2073 317 2133; x_wconf 83' lang='lat' dir='ltr'><strong>it.</strong></span> <span class='ocrx_word' id='word_1_91' title='bbox 339 2081 393 2125; x_wconf 85' lang='lat' dir='ltr'><strong>et</strong></span> <span class='ocrx_word' id='word_1_92' title='bbox 424 2073 659 2127; x_wconf 89' lang='lat' dir='ltr'><strong>abscon-</strong></span> 
     </span>
    </p>
   </div>
   <div class='ocr_carea' id='block_1_25' title="bbox 255 2142 896 2201">
    <p class='ocr_par' dir='ltr' id='par_1_25' title="bbox 255 2142 896 2201">
     <span class='ocr_line' id='line_1_25' title="bbox 255 2142 896 2201; baseline 0 -3"><span class='ocrx_word' id='word_1_93' title='bbox 255 2143 338 2199; x_wconf 80' lang='lat'><strong>37.</strong></span> <span class='ocrx_word' id='word_1_94' title='bbox 384 2143 465 2197; x_wconf 86' lang='lat' dir='ltr'><strong>dit</strong></span> <span class='ocrx_word' id='word_1_95' title='bbox 494 2160 577 2199; x_wconf 91' lang='lat' dir='ltr'><strong>se.</strong></span> <span class='ocrx_word' id='word_1_96' title='bbox 611 2142 749 2200; x_wconf 86' lang='lat' dir='ltr'><strong>Cum</strong></span> <span class='ocrx_word' id='word_1_97' title='bbox 780 2144 896 2201; x_wconf 86' lang='lat' dir='ltr'><strong>tan-</strong></span> 
     </span>
    </p>
   </div>
   <div class='ocr_carea' id='block_1_26' title="bbox 257 2216 652 2286">
    <p class='ocr_par' dir='ltr' id='par_1_26' title="bbox 257 2216 652 2286">
     <span class='ocr_line' id='line_1_26' title="bbox 257 2216 652 2286; baseline 0.003 -19"><span class='ocrx_word' id='word_1_98' title='bbox 257 2224 308 2267; x_wconf 91' lang='lat' dir='ltr'><strong>ta</strong></span> <span class='ocrx_word' id='word_1_99' title='bbox 340 2224 520 2286; x_wconf 84' lang='lat' dir='ltr'><strong>autem</strong></span> <span class='ocrx_word' id='word_1_100' title='bbox 545 2216 652 2286; x_wconf 81' lang='lat' dir='ltr'><strong>sig-</strong></span> 
     </span>
    </p>
   </div>
   <div class='ocr_carea' id='block_1_27' title="bbox 256 2285 577 2342">
    <p class='ocr_par' dir='ltr' id='par_1_27' title="bbox 256 2285 577 2342">
     <span class='ocr_line' id='line_1_27' title="bbox 256 2285 577 2342; baseline 0.012 -4"><span class='ocrx_word' id='word_1_101' title='bbox 256 2300 329 2339; x_wconf 87' lang='lat' dir='ltr'><strong>na</strong></span> <span class='ocrx_word' id='word_1_102' title='bbox 358 2285 577 2342; x_wconf 76' lang='lat' dir='ltr'><strong>iecisset</strong></span> 
     </span>
    </p>
   </div>
   <div class='ocr_carea' id='block_1_28' title="bbox 1096 1503 1499 1572">
    <p class='ocr_par' dir='ltr' id='par_1_28' title="bbox 1096 1503 1499 1572">
     <span class='ocr_line' id='line_1_28' title="bbox 1096 1503 1499 1572; baseline 0.005 -17"><span class='ocrx_word' id='word_1_103' title='bbox 1096 1503 1325 1571; x_wconf 82' lang='lat' dir='ltr'><strong>gloriam</strong></span> <span class='ocrx_word' id='word_1_104' title='bbox 1356 1504 1499 1572; x_wconf 88' lang='lat' dir='ltr'><strong>ejus,</strong></span> 
     </span>
    </p>
   </div>
   <div class='ocr_carea' id='block_1_29' title="bbox 1098 1574 1515 1629">
    <p class='ocr_par' dir='ltr' id='par_1_29' title="bbox 1098 1574 1515 1629">
     <span class='ocr_line' id='line_1_29' title="bbox 1098 1574 1515 1629; baseline 0 -2"><span class='ocrx_word' id='word_1_105' title='bbox 1098 1584 1153 1627; x_wconf 90' lang='lat' dir='ltr'><strong>et</strong></span> <span class='ocrx_word' id='word_1_106' title='bbox 1186 1574 1397 1628; x_wconf 85' lang='lat' dir='ltr'><strong>locutus</strong></span> <span class='ocrx_word' id='word_1_107' title='bbox 1430 1582 1515 1629; x_wconf 91' lang='lat' dir='ltr'><strong>est</strong></span> 
     </span>
    </p>
   </div>
   <div class='ocr_carea' id='block_1_30' title="bbox 1097 1643 1711 1703">
    <p class='ocr_par' dir='ltr' id='par_1_30' title="bbox 1097 1643 1711 1703">
     <span class='ocr_line' id='line_1_30' title="bbox 1097 1643 1711 1703; baseline 0.005 -6"><span class='ocrx_word' id='word_1_108' title='bbox 1097 1643 1187 1698; x_wconf 76' lang='grc'><strong>42.</strong></span> <span class='ocrx_word' id='word_1_109' title='bbox 1234 1646 1300 1699; x_wconf 86' lang='lat' dir='ltr'><strong>de</strong></span> <span class='ocrx_word' id='word_1_110' title='bbox 1329 1646 1444 1699; x_wconf 90' lang='lat' dir='ltr'><strong>illo.</strong></span> <span class='ocrx_word' id='word_1_111' title='bbox 1480 1644 1711 1703; x_wconf 86' lang='lat' dir='ltr'><strong>Verum-</strong></span> 
     </span>
    </p>
   </div>
   <div class='ocr_carea' id='block_1_31' title="bbox 1100 1724 1457 1771">
    <p class='ocr_par' dir='ltr' id='par_1_31' title="bbox 1100 1724 1457 1771">
     <span class='ocr_line' id='line_1_31' title="bbox 1100 1724 1457 1771; baseline 0.008 -3"><span class='ocrx_word' id='word_1_112' title='bbox 1100 1724 1276 1770; x_wconf 91' lang='lat' dir='ltr'><strong>tamen</strong></span> <span class='ocrx_word' id='word_1_113' title='bbox 1308 1726 1361 1770; x_wconf 86' lang='lat' dir='ltr'><strong>et</strong></span> <span class='ocrx_word' id='word_1_114' title='bbox 1388 1732 1457 1771; x_wconf 82' lang='lat' dir='ltr'><strong>ex</strong></span> 
     </span>
    </p>
   </div>
   <div class='ocr_carea' id='block_1_32' title="bbox 1099 1785 1439 1858">
    <p class='ocr_par' dir='ltr' id='par_1_32' title="bbox 1099 1785 1439 1858">
     <span class='ocr_line' id='line_1_32' title="bbox 1099 1785 1439 1858; baseline 0.003 -17"><span class='ocrx_word' id='word_1_115' title='bbox 1099 1785 1439 1858; x_wconf 85' lang='lat' dir='ltr'><strong>Principibus</strong></span> 
     </span>
    </p>
   </div>
   <div class='ocr_carea' id='block_1_33' title="bbox 1096 1858 1531 1914">
    <p class='ocr_par' dir='ltr' id='par_1_33' title="bbox 1096 1858 1531 1914">
     <span class='ocr_line' id='line_1_33' title="bbox 1096 1858 1531 1914; baseline 0.007 -3"><span class='ocrx_word' id='word_1_116' title='bbox 1096 1859 1250 1912; x_wconf 88' lang='lat' dir='ltr'><strong>multi</strong></span> <span class='ocrx_word' id='word_1_117' title='bbox 1284 1858 1531 1914; x_wconf 85' lang='lat' dir='ltr'><strong>credide-</strong></span> 
     </span>
    </p>
   </div>
   <div class='ocr_carea' id='block_1_34' title="bbox 1098 1930 1546 1985">
    <p class='ocr_par' dir='ltr' id='par_1_34' title="bbox 1098 1930 1546 1985">
     <span class='ocr_line' id='line_1_34' title="bbox 1098 1930 1546 1985; baseline 0.004 -2"><span class='ocrx_word' id='word_1_118' title='bbox 1098 1940 1223 1983; x_wconf 89' lang='lat' dir='ltr'><strong>runt</strong></span> <span class='ocrx_word' id='word_1_119' title='bbox 1254 1930 1308 1985; x_wconf 91' lang='lat' dir='ltr'><strong>in</strong></span> <span class='ocrx_word' id='word_1_120' title='bbox 1337 1931 1483 1984; x_wconf 92' lang='lat' dir='ltr'><strong>illum</strong></span> <span class='ocrx_word' id='word_1_121' title='bbox 1511 1930 1546 1985; x_wconf 72' lang='grc' dir='ltr'><strong>τ’</strong></span> 
     </span>
    </p>
   </div>
   <div class='ocr_carea' id='block_1_35' title="bbox 1098 2001 1449 2071">
    <p class='ocr_par' dir='ltr' id='par_1_35' title="bbox 1098 2001 1449 2071">
     <span class='ocr_line' id='line_1_35' title="bbox 1098 2001 1449 2071; baseline 0.006 -17"><span class='ocrx_word' id='word_1_122' title='bbox 1098 2001 1195 2055; x_wconf 93' lang='lat' dir='ltr'><strong>sed</strong></span> <span class='ocrx_word' id='word_1_123' title='bbox 1230 2012 1449 2071; x_wconf 87' lang='lat' dir='ltr'><strong>prepter</strong></span> 
     </span>
    </p>
   </div>
   <div class='ocr_carea' id='block_1_36' title="bbox 1098 2071 1419 2126">
    <p class='ocr_par' dir='ltr' id='par_1_36' title="bbox 1098 2071 1419 2126">
     <span class='ocr_line' id='line_1_36' title="bbox 1098 2071 1419 2126; baseline 0.003 -1"><span class='ocrx_word' id='word_1_124' title='bbox 1098 2071 1419 2126; x_wconf 82' lang='lat' dir='ltr'><strong>Pharisaeos</strong></span> 
     </span>
    </p>
   </div>
   <div class='ocr_carea' id='block_1_37' title="bbox 1097 2145 1463 2199">
    <p class='ocr_par' dir='ltr' id='par_1_37' title="bbox 1097 2145 1463 2199">
     <span class='ocr_line' id='line_1_37' title="bbox 1097 2145 1463 2199; baseline 0.008 -2"><span class='ocrx_word' id='word_1_125' title='bbox 1097 2158 1204 2197; x_wconf 91' lang='lat' dir='ltr'><strong>non</strong></span> <span class='ocrx_word' id='word_1_126' title='bbox 1236 2145 1463 2199; x_wconf 81' lang='lat' dir='ltr'><strong>conﬁte-</strong></span> 
     </span>
    </p>
   </div>
   <div class='ocr_carea' id='block_1_38' title="bbox 1097 2213 1515 2280">
    <p class='ocr_par' dir='ltr' id='par_1_38' title="bbox 1097 2213 1515 2280">
     <span class='ocr_line' id='line_1_38' title="bbox 1097 2213 1515 2280; baseline 0.005 -12"><span class='ocrx_word' id='word_1_127' title='bbox 1097 2214 1317 2280; x_wconf 82' lang='lat' dir='ltr'><strong>bantur,</strong></span> <span class='ocrx_word' id='word_1_128' title='bbox 1351 2231 1417 2270; x_wconf 87' lang='lat' dir='ltr'><strong>ne</strong></span> <span class='ocrx_word' id='word_1_129' title='bbox 1446 2213 1515 2270; x_wconf 92' lang='lat' dir='ltr'><strong>de</strong></span> 
     </span>
    </p>
   </div>
   <div class='ocr_carea' id='block_1_39' title="bbox 1097 2286 1496 2357">
    <p class='ocr_par' dir='ltr' id='par_1_39' title="bbox 1097 2286 1496 2357">
     <span class='ocr_line' id='line_1_39' title="bbox 1097 2286 1496 2357; baseline -0.003 -17"><span class='ocrx_word' id='word_1_130' title='bbox 1097 2286 1379 2357; x_wconf 74' lang='lat' dir='ltr'><strong>Synagoga</strong></span> <span class='ocrx_word' id='word_1_131' title='bbox 1418 2287 1496 2342; x_wconf 91' lang='lat' dir='ltr'><strong>ei-</strong></span> 
     </span>
    </p>
   </div>
   <div class='ocr_carea' id='block_1_40' title="bbox 256 2356 1613 2421">
    <p class='ocr_par' dir='ltr' id='par_1_40' title="bbox 256 2356 1613 2421">
     <span class='ocr_line' id='line_1_40' title="bbox 256 2356 1613 2421; baseline 0.002 -11"><span class='ocrx_word' id='word_1_132' title='bbox 256 2372 441 2411; x_wconf 89' lang='lat' dir='ltr'><strong>coram</strong></span> <span class='ocrx_word' id='word_1_133' title='bbox 460 2358 585 2421; x_wconf 87' lang='lat' dir='ltr'><strong>illis,</strong></span> <span class='ocrx_word' id='word_1_134' title='bbox 1096 2356 1185 2412; x_wconf 80' lang='lat'><strong>43.</strong></span> <span class='ocrx_word' id='word_1_135' title='bbox 1230 2356 1504 2413; x_wconf 15' lang='lat' dir='ltr'><strong>cierentur.</strong></span> <span class='ocrx_word' id='word_1_136' title='bbox 1541 2358 1613 2413; x_wconf 84' lang='lat' dir='ltr'><strong>A-</strong></span> 
     </span>
    </p>
   </div>
   <div class='ocr_carea' id='block_1_41' title="bbox 256 2429 1382 2484">
    <p class='ocr_par' dir='ltr' id='par_1_41' title="bbox 256 2429 1382 2484">
     <span class='ocr_line' id='line_1_41' title="bbox 256 2429 1382 2484; baseline 0 -1"><span class='ocrx_word' id='word_1_137' title='bbox 256 2443 365 2483; x_wconf 84' lang='lat' dir='ltr'><strong>non</strong></span> <span class='ocrx_word' id='word_1_138' title='bbox 391 2429 639 2484; x_wconf 89' lang='lat' dir='ltr'><strong>credide-</strong></span> <span class='ocrx_word' id='word_1_139' title='bbox 1098 2439 1382 2483; x_wconf 83' lang='lat' dir='ltr'><strong>maverunt</strong></span> 
     </span>
    </p>
   </div>
   <div class='ocr_carea' id='block_1_42' title="bbox 255 2499 1494 2569">
    <p class='ocr_par' dir='ltr' id='par_1_42' title="bbox 255 2499 1494 2569">
     <span class='ocr_line' id='line_1_42' title="bbox 255 2499 1494 2569; baseline 0 -15"><span class='ocrx_word' id='word_1_140' title='bbox 255 2512 381 2554; x_wconf 85' lang='lat' dir='ltr'><strong>runt</strong></span> <span class='ocrx_word' id='word_1_141' title='bbox 401 2499 454 2552; x_wconf 90' lang='lat' dir='ltr'><strong>in</strong></span> <span class='ocrx_word' id='word_1_142' title='bbox 481 2516 603 2556; x_wconf 91' lang='lat' dir='ltr'><strong>eum</strong></span> <span class='ocrx_word' id='word_1_143' title='bbox 638 2518 649 2552; x_wconf 91' lang='lat'><strong>:</strong></span> <span class='ocrx_word' id='word_1_144' title='bbox 1097 2502 1242 2555; x_wconf 92' lang='lat' dir='ltr'><strong>enim</strong></span> <span class='ocrx_word' id='word_1_145' title='bbox 1266 2501 1494 2569; x_wconf 76' lang='lat' dir='ltr'><strong>gloriam</strong></span> 
     </span>
    </p>
   </div>
   <div class='ocr_carea' id='block_1_43' title="bbox 257 2570 1379 2631">
    <p class='ocr_par' dir='ltr' id='par_1_43' title="bbox 257 2570 1379 2631">
     <span class='ocr_line' id='line_1_43' title="bbox 257 2570 1379 2631; baseline 0.001 -7"><span class='ocrx_word' id='word_1_146' title='bbox 257 2570 350 2624; x_wconf 78' lang='lat'><strong>58.</strong></span> <span class='ocrx_word' id='word_1_147' title='bbox 386 2579 444 2622; x_wconf 89' lang='lat' dir='ltr'><strong>ut</strong></span> <span class='ocrx_word' id='word_1_148' title='bbox 473 2574 698 2627; x_wconf 79' lang='lat' dir='ltr'><strong>verbum</strong></span> <span class='ocrx_word' id='word_1_149' title='bbox 1098 2570 1379 2631; x_wconf 81' lang='lat' dir='ltr'><strong>hominum</strong></span> 
     </span>
    </p>
   </div>
   <div class='ocr_carea' id='block_1_44' title="bbox 259 2642 655 2698">
    <p class='ocr_par' dir='ltr' id='par_1_44' title="bbox 259 2642 655 2698">
     <span class='ocr_line' id='line_1_44' title="bbox 259 2642 655 2698; baseline 0.008 -2"><span class='ocrx_word' id='word_1_150' title='bbox 259 2642 489 2696; x_wconf 86' lang='lat' dir='ltr'><strong>Esaeiae</strong></span> <span class='ocrx_word' id='word_1_151' title='bbox 521 2642 655 2698; x_wconf 83' lang='lat' dir='ltr'><strong>Pro-</strong></span> 
     </span>
    </p>
   </div>
   <div class='ocr_carea' id='block_1_45' title="bbox 259 2712 629 2784">
    <p class='ocr_par' dir='ltr' id='par_1_45' title="bbox 259 2712 629 2784">
     <span class='ocr_line' id='line_1_45' title="bbox 259 2712 629 2784; baseline 0.005 -18"><span class='ocrx_word' id='word_1_152' title='bbox 259 2712 400 2767; x_wconf 80' lang='lat' dir='ltr'><strong>fetae</strong></span> <span class='ocrx_word' id='word_1_153' title='bbox 432 2712 598 2784; x_wconf 90' lang='lat' dir='ltr'><strong>imple</strong></span> <span class='ocrx_word' id='word_1_154' title='bbox 613 2742 629 2755; x_wconf 87' lang='lat'><strong>-</strong></span> 
     </span>
    </p>
   </div>
   <div class='ocr_carea' id='block_1_46' title="bbox 259 2786 601 2855">
    <p class='ocr_par' dir='ltr' id='par_1_46' title="bbox 259 2786 601 2855">
     <span class='ocr_line' id='line_1_46' title="bbox 259 2786 601 2855; baseline 0.006 -17"><span class='ocrx_word' id='word_1_155' title='bbox 259 2795 431 2855; x_wconf 74' lang='lat' dir='ltr'><strong>retur,</strong></span> <span class='ocrx_word' id='word_1_156' title='bbox 455 2786 601 2855; x_wconf 89' lang='lat' dir='ltr'><strong>quod</strong></span> 
     </span>
    </p>
   </div>
   <div class='ocr_carea' id='block_1_47' title="bbox 1099 2643 1477 2711">
    <p class='ocr_par' dir='ltr' id='par_1_47' title="bbox 1099 2643 1477 2711">
     <span class='ocr_line' id='line_1_47' title="bbox 1099 2643 1477 2711; baseline 0 -16"><span class='ocrx_word' id='word_1_157' title='bbox 1099 2643 1293 2711; x_wconf 81' lang='lat' dir='ltr'><strong>magis.</strong></span> <span class='ocrx_word' id='word_1_158' title='bbox 1318 2657 1477 2711; x_wconf 91' lang='lat' dir='ltr'><strong>quam</strong></span> 
     </span>
    </p>
   </div>
   <div class='ocr_carea' id='block_1_48' title="bbox 1098 2713 1475 2782">
    <p class='ocr_par' dir='ltr' id='par_1_48' title="bbox 1098 2713 1475 2782">
     <span class='ocr_line' id='line_1_48' title="bbox 1098 2713 1475 2782; baseline 0.003 -18"><span class='ocrx_word' id='word_1_159' title='bbox 1098 2714 1325 2782; x_wconf 82' lang='lat' dir='ltr'><strong>gloriam</strong></span> <span class='ocrx_word' id='word_1_160' title='bbox 1359 2713 1475 2769; x_wconf 87' lang='lat' dir='ltr'><strong>Dei.</strong></span> 
     </span>
    </p>
   </div>
   <div class='ocr_carea' id='block_1_49' title="bbox 1098 2782 1860 2856">
    <p class='ocr_par' dir='ltr' id='par_1_49' title="bbox 1098 2782 1860 2856">
     <span class='ocr_line' id='line_1_49' title="bbox 1098 2782 1860 2856; baseline 0.004 -18"><span class='ocrx_word' id='word_1_161' title='bbox 1098 2782 1190 2838; x_wconf 75' lang='lat'><strong>44.</strong></span> <span class='ocrx_word' id='word_1_162' title='bbox 1233 2784 1392 2856; x_wconf 85' lang='lat' dir='ltr'><strong>Jesus</strong></span> <span class='ocrx_word' id='word_1_163' title='bbox 1432 2791 1613 2839; x_wconf 79' lang='lat' dir='ltr'><strong>autent</strong></span> <span class='ocrx_word' id='word_1_164' title='bbox 1645 2782 1718 2856; x_wconf 89' lang='lat' dir='ltr'><strong>(c)</strong></span> <span class='ocrx_word' id='word_1_165' title='bbox 1750 2784 1860 2841; x_wconf 88' lang='lat' dir='ltr'><strong>cla-</strong></span> 
     </span>
    </p>
   </div>
   <div class='ocr_carea' id='block_1_50' title="bbox 256 2854 1569 2919">
    <p class='ocr_par' dir='ltr' id='par_1_50' title="bbox 256 2854 1569 2919">
     <span class='ocr_line' id='line_1_50' title="bbox 256 2854 1569 2919; baseline -0.002 -10"><span class='ocrx_word' id='word_1_166' title='bbox 256 2854 427 2910; x_wconf 82' lang='lat' dir='ltr'><strong>dixit:</strong></span> <span class='ocrx_word' id='word_1_167' title='bbox 474 2854 483 2855; x_wconf 25' lang='grc' dir='ltr'>ί</span> <span class='ocrx_word' id='word_1_168' title='bbox 1102 2857 1315 2919; x_wconf 90' lang='lat' dir='ltr'><strong>mabat,</strong></span> <span class='ocrx_word' id='word_1_169' title='bbox 1345 2855 1531 2911; x_wconf 89' lang='lat' dir='ltr'><strong>dicens</strong></span> <span class='ocrx_word' id='word_1_170' title='bbox 1558 2874 1569 2907; x_wconf 92' lang='lat'>:</span> 
     </span>
    </p>
   </div>
   <div class='ocr_carea' id='block_1_51' title="bbox 331 2920 1486 2998">
    <p class='ocr_par' dir='ltr' id='par_1_51' title="bbox 331 2920 1486 2998">
     <span class='ocr_line' id='line_1_51' title="bbox 331 2920 1486 2998; baseline 0.001 -19"><span class='ocrx_word' id='word_1_171' title='bbox 331 2926 577 2992; x_wconf 88' lang='lat' dir='ltr'><strong>Domine,</strong></span> <span class='ocrx_word' id='word_1_172' title='bbox 618 2920 743 2998; x_wconf 71' lang='lat' dir='ltr'><strong>Quis</strong></span> <span class='ocrx_word' id='word_1_173' title='bbox 1100 2926 1202 2993; x_wconf 86' lang='lat' dir='ltr'><strong>Qui</strong></span> <span class='ocrx_word' id='word_1_174' title='bbox 1226 2928 1400 2983; x_wconf 90' lang='lat' dir='ltr'><strong>credit</strong></span> <span class='ocrx_word' id='word_1_175' title='bbox 1430 2927 1486 2980; x_wconf 89' lang='lat' dir='ltr'><strong>in</strong></span> 
     </span>
    </p>
   </div>
   <div class='ocr_carea' id='block_1_52' title="bbox 335 2998 1501 3060">
    <p class='ocr_par' dir='ltr' id='par_1_52' title="bbox 335 2998 1501 3060">
     <span class='ocr_line' id='line_1_52' title="bbox 335 2998 1501 3060; baseline 0 -9"><span class='ocrx_word' id='word_1_176' title='bbox 335 2998 566 3053; x_wconf 82' lang='lat' dir='ltr'><strong>credidit</strong></span> <span class='ocrx_word' id='word_1_177' title='bbox 1103 3014 1213 3060; x_wconf 86' lang='lat' dir='ltr'><strong>me.</strong></span> <span class='ocrx_word' id='word_1_178' title='bbox 1247 3014 1353 3053; x_wconf 93' lang='lat' dir='ltr'><strong>nou</strong></span> <span class='ocrx_word' id='word_1_179' title='bbox 1381 3014 1501 3053; x_wconf 84' lang='lat' dir='ltr'><strong>cre-</strong></span> 
     </span>
    </p>
   </div>
   <div class='ocr_carea' id='block_1_53' title="bbox 335 3069 1523 3135">
    <p class='ocr_par' dir='ltr' id='par_1_53' title="bbox 335 3069 1523 3135">
     <span class='ocr_line' id='line_1_53' title="bbox 335 3069 1523 3135; baseline 0.003 -14"><span class='ocrx_word' id='word_1_180' title='bbox 335 3071 540 3123; x_wconf 85' lang='lat' dir='ltr'><strong>auditui</strong></span> <span class='ocrx_word' id='word_1_181' title='bbox 1102 3069 1180 3124; x_wconf 89' lang='lat' dir='ltr'><strong>dit</strong></span> <span class='ocrx_word' id='word_1_182' title='bbox 1208 3070 1260 3125; x_wconf 92' lang='lat' dir='ltr'><strong>in</strong></span> <span class='ocrx_word' id='word_1_183' title='bbox 1294 3085 1396 3135; x_wconf 90' lang='lat' dir='ltr'><strong>me,</strong></span> <span class='ocrx_word' id='word_1_184' title='bbox 1428 3069 1523 3124; x_wconf 91' lang='lat' dir='ltr'><strong>sed</strong></span> 
     </span>
    </p>
   </div>
   <div class='ocr_carea' id='block_1_54' title="bbox 335 3140 1577 3210">
    <p class='ocr_par' dir='ltr' id='par_1_54' title="bbox 335 3140 1577 3210">
     <span class='ocr_line' id='line_1_54' title="bbox 335 3140 1577 3210; baseline 0.002 -17"><span class='ocrx_word' id='word_1_185' title='bbox 335 3140 559 3195; x_wconf 84' lang='lat' dir='ltr'><strong>nostro?</strong></span> <span class='ocrx_word' id='word_1_186' title='bbox 587 3148 641 3196; x_wconf 90' lang='lat' dir='ltr'><strong>et</strong></span> <span class='ocrx_word' id='word_1_187' title='bbox 1102 3143 1155 3195; x_wconf 90' lang='lat' dir='ltr'><strong>in</strong></span> <span class='ocrx_word' id='word_1_188' title='bbox 1186 3156 1331 3201; x_wconf 89' lang='lat' dir='ltr'><strong>eum.</strong></span> <span class='ocrx_word' id='word_1_189' title='bbox 1367 3143 1454 3210; x_wconf 91' lang='lat' dir='ltr'><strong>qui</strong></span> <span class='ocrx_word' id='word_1_190' title='bbox 1490 3155 1577 3195; x_wconf 91' lang='lat' dir='ltr'><strong>me</strong></span> 
     </span>
    </p>
   </div>
   <div class='ocr_carea' id='block_1_55' title="bbox 336 3208 1619 3284">
    <p class='ocr_par' dir='ltr' id='par_1_55' title="bbox 336 3208 1619 3284">
     <span class='ocr_line' id='line_1_55' title="bbox 336 3208 1619 3284; baseline 0.002 -20"><span class='ocrx_word' id='word_1_191' title='bbox 336 3210 646 3284; x_wconf 78' lang='lat' dir='ltr'><strong>bracchium</strong></span> <span class='ocrx_word' id='word_1_192' title='bbox 1102 3212 1191 3268; x_wconf 72' lang='grc'><strong>45.</strong></span> <span class='ocrx_word' id='word_1_193' title='bbox 1236 3208 1403 3284; x_wconf 63' lang='lat' dir='ltr'><strong>misit.</strong></span> <span class='ocrx_word' id='word_1_194' title='bbox 1440 3214 1505 3265; x_wconf 78' lang='lat' dir='ltr'><strong>Et</strong></span> <span class='ocrx_word' id='word_1_195' title='bbox 1527 3208 1619 3284; x_wconf 92' lang='lat' dir='ltr'><strong>qui</strong></span> 
     </span>
    </p>
   </div>
   <div class='ocr_carea' id='block_1_56' title="bbox 336 3282 1505 3348">
    <p class='ocr_par' dir='ltr' id='par_1_56' title="bbox 336 3282 1505 3348">
     <span class='ocr_line' id='line_1_56' title="bbox 336 3282 1505 3348; baseline 0 -12"><span class='ocrx_word' id='word_1_196' title='bbox 336 3282 543 3338; x_wconf 85' lang='lat' dir='ltr'><strong>Domini</strong></span> <span class='ocrx_word' id='word_1_197' title='bbox 567 3286 657 3339; x_wconf 88' lang='lat' dir='ltr'><strong>cui</strong></span> <span class='ocrx_word' id='word_1_198' title='bbox 684 3298 765 3341; x_wconf 83' lang='lat' dir='ltr'><strong>re-</strong></span> <span class='ocrx_word' id='word_1_199' title='bbox 1102 3298 1189 3338; x_wconf 92' lang='lat' dir='ltr'><strong>me</strong></span> <span class='ocrx_word' id='word_1_200' title='bbox 1217 3282 1393 3348; x_wconf 90' lang='lat' dir='ltr'><strong>videt,</strong></span> <span class='ocrx_word' id='word_1_201' title='bbox 1426 3285 1505 3336; x_wconf 92' lang='lat' dir='ltr'><strong>vi-</strong></span> 
     </span>
    </p>
   </div>
   <div class='ocr_carea' id='block_1_57' title="bbox 336 3354 1545 3427">
    <p class='ocr_par' dir='ltr' id='par_1_57' title="bbox 336 3354 1545 3427">
     <span class='ocr_line' id='line_1_57' title="bbox 336 3354 1545 3427; baseline 0.003 -22"><span class='ocrx_word' id='word_1_202' title='bbox 336 3356 573 3410; x_wconf 83' lang='lat' dir='ltr'><strong>velaium</strong></span> <span class='ocrx_word' id='word_1_203' title='bbox 1102 3356 1194 3427; x_wconf 89' lang='lat' dir='ltr'><strong>det</strong></span> <span class='ocrx_word' id='word_1_204' title='bbox 1220 3371 1369 3419; x_wconf 88' lang='lat' dir='ltr'><strong>eum,</strong></span> <span class='ocrx_word' id='word_1_205' title='bbox 1404 3355 1424 3427; x_wconf 57' lang='grc' dir='ltr'><strong><em>ἕ</em></strong></span> <span class='ocrx_word' id='word_1_206' title='bbox 1453 3354 1545 3427; x_wconf 89' lang='lat' dir='ltr'><strong>qui</strong></span> 
     </span>
    </p>
   </div>
   <div class='ocr_carea' id='block_1_58' title="bbox 335 3428 453 3493">
    <p class='ocr_par' dir='ltr' id='par_1_58' title="bbox 335 3428 453 3493">
     <span class='ocr_line' id='line_1_58' title="bbox 335 3428 453 3493; baseline -0.017 -12"><span class='ocrx_word' id='word_1_207' title='bbox 335 3428 453 3493; x_wconf 75' lang='lat' dir='ltr'><strong>esu?</strong></span> 
     </span>
    </p>
   </div>
   <div class='ocr_carea' id='block_1_59' title="bbox 256 3497 835 3567">
    <p class='ocr_par' dir='ltr' id='par_1_59' title="bbox 256 3497 835 3567">
     <span class='ocr_line' id='line_1_59' title="bbox 256 3497 835 3567; baseline 0.007 -16"><span class='ocrx_word' id='word_1_208' title='bbox 256 3497 353 3552; x_wconf 87' lang='lat'><strong>&#39;59.</strong></span> <span class='ocrx_word' id='word_1_209' title='bbox 394 3497 690 3567; x_wconf 84' lang='lat' dir='ltr'><strong>Propterea</strong></span> <span class='ocrx_word' id='word_1_210' title='bbox 727 3510 835 3555; x_wconf 90' lang='lat' dir='ltr'><strong>non</strong></span> 
     </span>
    </p>
   </div>
   <div class='ocr_carea' id='block_1_60' title="bbox 260 3576 665 3633">
    <p class='ocr_par' dir='ltr' id='par_1_60' title="bbox 260 3576 665 3633">
     <span class='ocr_line' id='line_1_60' title="bbox 260 3576 665 3633; baseline 0.007 -12"><span class='ocrx_word' id='word_1_211' title='bbox 260 3576 516 3633; x_wconf 82' lang='lat' dir='ltr'><strong>poterant</strong></span> <span class='ocrx_word' id='word_1_212' title='bbox 546 3584 665 3624; x_wconf 85' lang='lat' dir='ltr'><strong>cre-</strong></span> 
     </span>
    </p>
   </div>
   <div class='ocr_carea' id='block_1_61' title="bbox 260 3641 694 3709">
    <p class='ocr_par' dir='ltr' id='par_1_61' title="bbox 260 3641 694 3709">
     <span class='ocr_line' id='line_1_61' title="bbox 260 3641 694 3709; baseline 0.005 -16"><span class='ocrx_word' id='word_1_213' title='bbox 260 3641 419 3704; x_wconf 87' lang='lat' dir='ltr'><strong>dere,</strong></span> <span class='ocrx_word' id='word_1_214' title='bbox 444 3642 562 3709; x_wconf 85' lang='lat' dir='ltr'><strong>quia</strong></span> <span class='ocrx_word' id='word_1_215' title='bbox 592 3642 694 3695; x_wconf 85' lang='lat' dir='ltr'><strong>ile-</strong></span> 
     </span>
    </p>
   </div>
   <div class='ocr_carea' id='block_1_62' title="bbox 259 3710 705 3765">
    <p class='ocr_par' dir='ltr' id='par_1_62' title="bbox 259 3710 705 3765">
     <span class='ocr_line' id='line_1_62' title="bbox 259 3710 705 3765; baseline 0 0"><span class='ocrx_word' id='word_1_216' title='bbox 259 3726 385 3765; x_wconf 84' lang='lat' dir='ltr'><strong>rmn</strong></span> <span class='ocrx_word' id='word_1_217' title='bbox 410 3710 543 3765; x_wconf 84' lang='lat' dir='ltr'><strong>dixit</strong></span> <span class='ocrx_word' id='word_1_218' title='bbox 570 3711 705 3765; x_wconf 71' lang='lat' dir='ltr'><strong>Ess-</strong></span> 
     </span>
    </p>
   </div>
   <div class='ocr_carea' id='block_1_63' title="bbox 261 3782 790 3838">
    <p class='ocr_par' dir='ltr' id='par_1_63' title="bbox 261 3782 790 3838">
     <span class='ocr_line' id='line_1_63' title="bbox 261 3782 790 3838; baseline 0.004 -1"><span class='ocrx_word' id='word_1_219' title='bbox 261 3782 356 3837; x_wconf 73' lang='grc'><strong>40.</strong></span> <span class='ocrx_word' id='word_1_220' title='bbox 401 3785 478 3835; x_wconf 87' lang='lat' dir='ltr'><strong>ias</strong></span> <span class='ocrx_word' id='word_1_221' title='bbox 503 3801 514 3836; x_wconf 91' lang='lat'>:</span> <span class='ocrx_word' id='word_1_222' title='bbox 549 3782 790 3838; x_wconf 85' lang='lat' dir='ltr'><strong>checa-</strong></span> 
     </span>
    </p>
   </div>
   <div class='ocr_carea' id='block_1_64' title="bbox 341 3853 617 3909">
    <p class='ocr_par' dir='ltr' id='par_1_64' title="bbox 341 3853 617 3909">
     <span class='ocr_line' id='line_1_64' title="bbox 341 3853 617 3909; baseline 0.011 -3"><span class='ocrx_word' id='word_1_223' title='bbox 341 3853 414 3907; x_wconf 88' lang='lat' dir='ltr'><strong>vit</strong></span> <span class='ocrx_word' id='word_1_224' title='bbox 433 3854 617 3909; x_wconf 89' lang='lat' dir='ltr'><strong>oculos</strong></span> 
     </span>
    </p>
   </div>
   <div class='ocr_carea' id='block_1_65' title="bbox 1101 3424 1673 3497">
    <p class='ocr_par' dir='ltr' id='par_1_65' title="bbox 1101 3424 1673 3497">
     <span class='ocr_line' id='line_1_65' title="bbox 1101 3424 1673 3497; baseline 0.002 -17"><span class='ocrx_word' id='word_1_225' title='bbox 1101 3426 1191 3481; x_wconf 87' lang='lat'><strong>46.</strong></span> <span class='ocrx_word' id='word_1_226' title='bbox 1227 3442 1311 3480; x_wconf 92' lang='lat' dir='ltr'><strong>me</strong></span> <span class='ocrx_word' id='word_1_227' title='bbox 1346 3424 1513 3481; x_wconf 81' lang='lat' dir='ltr'><strong>misit.</strong></span> <span class='ocrx_word' id='word_1_228' title='bbox 1560 3424 1673 3497; x_wconf 83' lang='lat' dir='ltr'><strong>Ego</strong></span> 
     </span>
    </p>
   </div>
   <div class='ocr_carea' id='block_1_66' title="bbox 1104 3497 1545 3553">
    <p class='ocr_par' dir='ltr' id='par_1_66' title="bbox 1104 3497 1545 3553">
     <span class='ocr_line' id='line_1_66' title="bbox 1104 3497 1545 3553; baseline 0.002 -2"><span class='ocrx_word' id='word_1_229' title='bbox 1104 3498 1282 3552; x_wconf 86' lang='lat' dir='ltr'><strong>lumen</strong></span> <span class='ocrx_word' id='word_1_230' title='bbox 1316 3498 1367 3550; x_wconf 89' lang='lat' dir='ltr'><strong>in</strong></span> <span class='ocrx_word' id='word_1_231' title='bbox 1399 3497 1545 3553; x_wconf 87' lang='lat' dir='ltr'><strong>hunc</strong></span> 
     </span>
    </p>
   </div>
   <div class='ocr_carea' id='block_1_67' title="bbox 1104 3570 1487 3623">
    <p class='ocr_par' dir='ltr' id='par_1_67' title="bbox 1104 3570 1487 3623">
     <span class='ocr_line' id='line_1_67' title="bbox 1104 3570 1487 3623; baseline -0.003 -1"><span class='ocrx_word' id='word_1_232' title='bbox 1104 3570 1365 3623; x_wconf 90' lang='lat' dir='ltr'><strong>mundum</strong></span> <span class='ocrx_word' id='word_1_233' title='bbox 1397 3584 1487 3622; x_wconf 89' lang='lat' dir='ltr'><strong>ve-</strong></span> 
     </span>
    </p>
   </div>
   <div class='ocr_carea' id='block_1_68' title="bbox 1102 3639 1509 3706">
    <p class='ocr_par' dir='ltr' id='par_1_68' title="bbox 1102 3639 1509 3706">
     <span class='ocr_line' id='line_1_68' title="bbox 1102 3639 1509 3706; baseline -0.005 -12"><span class='ocrx_word' id='word_1_234' title='bbox 1102 3640 1189 3704; x_wconf 90' lang='lat' dir='ltr'><strong>ni;</strong></span> <span class='ocrx_word' id='word_1_235' title='bbox 1222 3650 1278 3693; x_wconf 93' lang='lat' dir='ltr'><strong>ut</strong></span> <span class='ocrx_word' id='word_1_236' title='bbox 1308 3639 1509 3706; x_wconf 91' lang='lat' dir='ltr'><strong>omnis,</strong></span> 
     </span>
    </p>
   </div>
   <div class='ocr_carea' id='block_1_69' title="bbox 1103 3710 1475 3781">
    <p class='ocr_par' dir='ltr' id='par_1_69' title="bbox 1103 3710 1475 3781">
     <span class='ocr_line' id='line_1_69' title="bbox 1103 3710 1475 3781; baseline 0.003 -18"><span class='ocrx_word' id='word_1_237' title='bbox 1103 3711 1194 3781; x_wconf 90' lang='lat' dir='ltr'><strong>qui</strong></span> <span class='ocrx_word' id='word_1_238' title='bbox 1221 3710 1395 3765; x_wconf 89' lang='lat' dir='ltr'><strong>credit</strong></span> <span class='ocrx_word' id='word_1_239' title='bbox 1424 3713 1475 3764; x_wconf 92' lang='lat' dir='ltr'><strong>in</strong></span> 
     </span>
    </p>
   </div>
   <div class='ocr_carea' id='block_1_70' title="bbox 1106 3781 1577 3846">
    <p class='ocr_par' dir='ltr' id='par_1_70' title="bbox 1106 3781 1577 3846">
     <span class='ocr_line' id='line_1_70' title="bbox 1106 3781 1577 3846; baseline 0.004 -11"><span class='ocrx_word' id='word_1_240' title='bbox 1106 3797 1214 3846; x_wconf 92' lang='lat' dir='ltr'><strong>me,</strong></span> <span class='ocrx_word' id='word_1_241' title='bbox 1248 3784 1300 3836; x_wconf 91' lang='lat' dir='ltr'><strong>in</strong></span> <span class='ocrx_word' id='word_1_242' title='bbox 1335 3781 1577 3837; x_wconf 79' lang='lat' dir='ltr'><strong>tenebris</strong></span> 
     </span>
    </p>
   </div>
   <div class='ocr_carea' id='block_1_71' title="bbox 1108 3867 1483 3909">
    <p class='ocr_par' dir='ltr' id='par_1_71' title="bbox 1108 3867 1483 3909">
     <span class='ocr_line' id='line_1_71' title="bbox 1108 3867 1483 3909; baseline -0.003 -1"><span class='ocrx_word' id='word_1_243' title='bbox 1108 3869 1215 3909; x_wconf 93' lang='lat' dir='ltr'><strong>non</strong></span> <span class='ocrx_word' id='word_1_244' title='bbox 1248 3867 1483 3908; x_wconf 87' lang='lat' dir='ltr'><strong>maneat.</strong></span> 
     </span>
    </p>
   </div>
   <div class='ocr_carea' id='block_1_72' title="bbox 1278 364 2561 425">
    <p class='ocr_par' dir='ltr' id='par_1_72' title="bbox 1278 364 2561 425">
     <span class='ocr_line' id='line_1_72' title="bbox 1278 364 2561 425; baseline 0 -4"><span class='ocrx_word' id='word_1_245' title='bbox 1278 364 1730 424; x_wconf 73' lang='lat' dir='ltr'><strong>EVANGELIUM</strong></span> <span class='ocrx_word' id='word_1_246' title='bbox 1768 365 2141 425; x_wconf 78' lang='lat' dir='ltr'><strong>SECUNDUM</strong></span> <span class='ocrx_word' id='word_1_247' title='bbox 2178 365 2561 424; x_wconf 77' lang='lat' dir='ltr'><strong>JOHANNEM.</strong></span> 
     </span>
    </p>
   </div>
   <div class='ocr_carea' id='block_1_73' title="bbox 3446 368 3554 427">
    <p class='ocr_par' dir='ltr' id='par_1_73' title="bbox 3446 368 3554 427">
     <span class='ocr_line' id='line_1_73' title="bbox 3446 368 3554 427; baseline -0.019 0"><span class='ocrx_word' id='word_1_248' title='bbox 3446 368 3554 427; x_wconf 74' lang='grc'><strong>416</strong></span> 
     </span>
    </p>
   </div>
   <div class='ocr_carea' id='block_1_74' title="bbox 2397 480 3121 539">
    <p class='ocr_par' dir='ltr' id='par_1_74' title="bbox 2397 480 3121 539">
     <span class='ocr_line' id='line_1_74' title="bbox 2397 480 3121 539; baseline -0.001 -2"><span class='ocrx_word' id='word_1_249' title='bbox 2397 480 2630 538; x_wconf 81' lang='lat' dir='ltr'><strong>CODEX</strong></span> <span class='ocrx_word' id='word_1_250' title='bbox 2672 480 3121 539; x_wconf 77' lang='lat' dir='ltr'><strong>VERONENSIS.</strong></span> 
     </span>
    </p>
   </div>
   <div class='ocr_carea' id='block_1_75' title="bbox 2792 574 3409 633">
    <p class='ocr_par' dir='ltr' id='par_1_75' title="bbox 2792 574 3409 633">
     <span class='ocr_line' id='line_1_75' title="bbox 2792 574 3409 633; baseline 0.005 -3"><span class='ocrx_word' id='word_1_251' title='bbox 2792 575 2882 630; x_wconf 83' lang='lat'><strong>40.</strong></span> <span class='ocrx_word' id='word_1_252' title='bbox 2926 574 3154 632; x_wconf 85' lang='lat' dir='ltr'><strong>Eseias:</strong></span> <span class='ocrx_word' id='word_1_253' title='bbox 3197 576 3409 633; x_wconf 54' lang='lat' dir='ltr'><strong>Excoec</strong></span> 
     </span>
    </p>
   </div>
   <div class='ocr_carea' id='block_1_76' title="bbox 2793 645 3156 701">
    <p class='ocr_par' dir='ltr' id='par_1_76' title="bbox 2793 645 3156 701">
     <span class='ocr_line' id='line_1_76' title="bbox 2793 645 3156 701; baseline 0.006 -2"><span class='ocrx_word' id='word_1_254' title='bbox 2793 645 2933 699; x_wconf 81' lang='lat' dir='ltr'><strong>cavit</strong></span> <span class='ocrx_word' id='word_1_255' title='bbox 2972 647 3156 701; x_wconf 86' lang='lat' dir='ltr'><strong>oculos</strong></span> 
     </span>
    </p>
   </div>
   <div class='ocr_carea' id='block_1_77' title="bbox 2794 728 3088 783">
    <p class='ocr_par' dir='ltr' id='par_1_77' title="bbox 2794 728 3088 783">
     <span class='ocr_line' id='line_1_77' title="bbox 2794 728 3088 783; baseline -0.003 -10"><span class='ocrx_word' id='word_1_256' title='bbox 2794 732 3003 783; x_wconf 85' lang='lat' dir='ltr'><strong>eorum,</strong></span> <span class='ocrx_word' id='word_1_257' title='bbox 3035 728 3088 772; x_wconf 89' lang='lat' dir='ltr'><strong>et</strong></span> 
     </span>
    </p>
   </div>
   <div class='ocr_carea' id='block_1_78' title="bbox 2795 790 3197 844">
    <p class='ocr_par' dir='ltr' id='par_1_78' title="bbox 2795 790 3197 844">
     <span class='ocr_line' id='line_1_78' title="bbox 2795 790 3197 844; baseline 0.002 -2"><span class='ocrx_word' id='word_1_258' title='bbox 2795 790 3064 843; x_wconf 77' lang='lat' dir='ltr'><strong>induravit</strong></span> <span class='ocrx_word' id='word_1_259' title='bbox 3102 803 3197 844; x_wconf 86' lang='lat' dir='ltr'><strong>cor</strong></span> 
     </span>
    </p>
   </div>
   <div class='ocr_carea' id='block_1_79' title="bbox 2792 870 3241 915">
    <p class='ocr_par' dir='ltr' id='par_1_79' title="bbox 2792 870 3241 915">
     <span class='ocr_line' id='line_1_79' title="bbox 2792 870 3241 915; baseline 0.002 -1"><span class='ocrx_word' id='word_1_260' title='bbox 2792 875 2980 914; x_wconf 89' lang='lat' dir='ltr'><strong>eorum</strong></span> <span class='ocrx_word' id='word_1_261' title='bbox 3008 877 3019 913; x_wconf 75' lang='grc' dir='ltr'><strong>Ξ</strong></span> <span class='ocrx_word' id='word_1_262' title='bbox 3049 870 3105 914; x_wconf 66' lang='lat' dir='ltr'><strong>Ill.</strong></span> <span class='ocrx_word' id='word_1_263' title='bbox 3137 875 3241 915; x_wconf 91' lang='grc'><strong>11011</strong></span> 
     </span>
    </p>
   </div>
   <div class='ocr_carea' id='block_1_80' title="bbox 2792 932 3165 986">
    <p class='ocr_par' dir='ltr' id='par_1_80' title="bbox 2792 932 3165 986">
     <span class='ocr_line' id='line_1_80' title="bbox 2792 932 3165 986; baseline 0.003 -2"><span class='ocrx_word' id='word_1_264' title='bbox 2792 932 3011 986; x_wconf 83' lang='lat' dir='ltr'><strong>videant</strong></span> <span class='ocrx_word' id='word_1_265' title='bbox 3038 946 3165 986; x_wconf 79' lang='lat' dir='ltr'><strong>ocu-</strong></span> 
     </span>
    </p>
   </div>
   <div class='ocr_carea' id='block_1_81' title="bbox 2790 1002 3255 1073">
    <p class='ocr_par' dir='ltr' id='par_1_81' title="bbox 2790 1002 3255 1073">
     <span class='ocr_line' id='line_1_81' title="bbox 2790 1002 3255 1073; baseline 0.002 -17"><span class='ocrx_word' id='word_1_266' title='bbox 2790 1002 2876 1068; x_wconf 88' lang='lat' dir='ltr'><strong>lis,</strong></span> <span class='ocrx_word' id='word_1_267' title='bbox 2910 1012 2963 1057; x_wconf 91' lang='lat' dir='ltr'><strong>et</strong></span> <span class='ocrx_word' id='word_1_268' title='bbox 2990 1002 3067 1073; x_wconf 88' lang='lat' dir='ltr'><strong>(b)</strong></span> <span class='ocrx_word' id='word_1_269' title='bbox 3102 1003 3255 1057; x_wconf 58' lang='lat' dir='ltr'><strong>intelc</strong></span> 
     </span>
    </p>
   </div>
   <div class='ocr_carea' id='block_1_82' title="bbox 2790 1074 3241 1144">
    <p class='ocr_par' dir='ltr' id='par_1_82' title="bbox 2790 1074 3241 1144">
     <span class='ocr_line' id='line_1_82' title="bbox 2790 1074 3241 1144; baseline 0.002 -16"><span class='ocrx_word' id='word_1_270' title='bbox 2790 1074 2975 1143; x_wconf 88' lang='lat' dir='ltr'><strong>legant</strong></span> <span class='ocrx_word' id='word_1_271' title='bbox 2993 1074 3031 1144; x_wconf 72' lang='grc' dir='ltr'><strong>’ί-</strong></span> <span class='ocrx_word' id='word_1_272' title='bbox 3056 1075 3241 1141; x_wconf 86' lang='lat' dir='ltr'><strong>corde,</strong></span> 
     </span>
    </p>
   </div>
   <div class='ocr_carea' id='block_1_83' title="bbox 2788 1155 3004 1200">
    <p class='ocr_par' dir='ltr' id='par_1_83' title="bbox 2788 1155 3004 1200">
     <span class='ocr_line' id='line_1_83' title="bbox 2788 1155 3004 1200; baseline -0.005 0"><span class='ocrx_word' id='word_1_273' title='bbox 2788 1155 2843 1200; x_wconf 79' lang='grc' dir='ltr'><strong>ΘΙ.</strong></span> <span class='ocrx_word' id='word_1_274' title='bbox 2869 1161 3004 1199; x_wconf 66' lang='grc'><strong>(2011-</strong></span> 
     </span>
    </p>
   </div>
   <div class='ocr_carea' id='block_1_84' title="bbox 2788 1225 3177 1279">
    <p class='ocr_par' dir='ltr' id='par_1_84' title="bbox 2788 1225 3177 1279">
     <span class='ocr_line' id='line_1_84' title="bbox 2788 1225 3177 1279; baseline 0.005 -9"><span class='ocrx_word' id='word_1_275' title='bbox 2788 1225 3093 1279; x_wconf 86' lang='lat' dir='ltr'><strong>vertantur,</strong></span> <span class='ocrx_word' id='word_1_276' title='bbox 3121 1226 3177 1272; x_wconf 92' lang='lat' dir='ltr'><strong>et</strong></span> 
     </span>
    </p>
   </div>
   <div class='ocr_carea' id='block_1_85' title="bbox 2788 1289 3137 1342">
    <p class='ocr_par' dir='ltr' id='par_1_85' title="bbox 2788 1289 3137 1342">
     <span class='ocr_line' id='line_1_85' title="bbox 2788 1289 3137 1342; baseline -0.006 -1"><span class='ocrx_word' id='word_1_277' title='bbox 2788 1289 2994 1342; x_wconf 86' lang='lat' dir='ltr'><strong>sanaho</strong></span> <span class='ocrx_word' id='word_1_278' title='bbox 3023 1302 3137 1341; x_wconf 91' lang='lat' dir='ltr'><strong>eos.</strong></span> 
     </span>
    </p>
   </div>
   <div class='ocr_carea' id='block_1_86' title="bbox 2788 1359 3235 1414">
    <p class='ocr_par' dir='ltr' id='par_1_86' title="bbox 2788 1359 3235 1414">
     <span class='ocr_line' id='line_1_86' title="bbox 2788 1359 3235 1414; baseline 0 -1"><span class='ocrx_word' id='word_1_279' title='bbox 2788 1360 2879 1413; x_wconf 82' lang='grc'><strong>41.</strong></span> <span class='ocrx_word' id='word_1_280' title='bbox 2924 1359 3065 1414; x_wconf 88' lang='lat' dir='ltr'><strong>Haec</strong></span> <span class='ocrx_word' id='word_1_281' title='bbox 3097 1360 3235 1414; x_wconf 90' lang='lat' dir='ltr'><strong>dixit</strong></span> 
     </span>
    </p>
   </div>
   <div class='ocr_carea' id='block_1_87' title="bbox 2790 1431 3215 1499">
    <p class='ocr_par' dir='ltr' id='par_1_87' title="bbox 2790 1431 3215 1499">
     <span class='ocr_line' id='line_1_87' title="bbox 2790 1431 3215 1499; baseline -0.002 -14"><span class='ocrx_word' id='word_1_282' title='bbox 2790 1431 2977 1485; x_wconf 84' lang='lat' dir='ltr'><strong>Eseias</strong></span> <span class='ocrx_word' id='word_1_283' title='bbox 2995 1472 3008 1493; x_wconf 84' lang='lat'><strong>,</strong></span> <span class='ocrx_word' id='word_1_284' title='bbox 3040 1446 3215 1499; x_wconf 88' lang='lat' dir='ltr'><strong>quan—</strong></span> 
     </span>
    </p>
   </div>
   <div class='ocr_carea' id='block_1_88' title="bbox 1962 574 2377 630">
    <p class='ocr_par' dir='ltr' id='par_1_88' title="bbox 1962 574 2377 630">
     <span class='ocr_line' id='line_1_88' title="bbox 1962 574 2377 630; baseline 0.002 -1"><span class='ocrx_word' id='word_1_285' title='bbox 1962 582 2047 630; x_wconf 92' lang='lat' dir='ltr'><strong>est</strong></span> <span class='ocrx_word' id='word_1_286' title='bbox 2073 574 2245 629; x_wconf 90' lang='lat' dir='ltr'><strong>Filius</strong></span> <span class='ocrx_word' id='word_1_287' title='bbox 2276 575 2377 630; x_wconf 85' lang='lat' dir='ltr'><strong>llO-</strong></span> 
     </span>
    </p>
   </div>
   <div class='ocr_carea' id='block_1_89' title="bbox 1963 647 2170 700">
    <p class='ocr_par' dir='ltr' id='par_1_89' title="bbox 1963 647 2170 700">
     <span class='ocr_line' id='line_1_89' title="bbox 1963 647 2170 700; baseline 0 -1"><span class='ocrx_word' id='word_1_288' title='bbox 1963 647 2170 700; x_wconf 87' lang='lat' dir='ltr'><strong>minis?</strong></span> 
     </span>
    </p>
   </div>
   <div class='ocr_carea' id='block_1_90' title="bbox 1962 717 2390 789">
    <p class='ocr_par' dir='ltr' id='par_1_90' title="bbox 1962 717 2390 789">
     <span class='ocr_line' id='line_1_90' title="bbox 1962 717 2390 789; baseline 0 -18"><span class='ocrx_word' id='word_1_289' title='bbox 1962 718 2051 772; x_wconf 80' lang='grc'><strong>55.</strong></span> <span class='ocrx_word' id='word_1_290' title='bbox 2086 717 2232 789; x_wconf 83' lang='lat' dir='ltr'><strong>Dicit</strong></span> <span class='ocrx_word' id='word_1_291' title='bbox 2260 732 2390 789; x_wconf 81' lang='lat' dir='ltr'><strong>ergo</strong></span> 
     </span>
    </p>
   </div>
   <div class='ocr_carea' id='block_1_91' title="bbox 1960 786 2422 845">
    <p class='ocr_par' dir='ltr' id='par_1_91' title="bbox 1960 786 2422 845">
     <span class='ocr_line' id='line_1_91' title="bbox 1960 786 2422 845; baseline 0.004 -2"><span class='ocrx_word' id='word_1_292' title='bbox 1960 789 2041 843; x_wconf 92' lang='lat' dir='ltr'><strong>eis</strong></span> <span class='ocrx_word' id='word_1_293' title='bbox 2072 788 2233 843; x_wconf 81' lang='lat' dir='ltr'><strong>Jesus</strong></span> <span class='ocrx_word' id='word_1_294' title='bbox 2261 807 2273 841; x_wconf 90' lang='lat'><strong>:</strong></span> <span class='ocrx_word' id='word_1_295' title='bbox 2308 786 2422 845; x_wconf 64' lang='lat' dir='ltr'><strong>Ad-</strong></span> 
     </span>
    </p>
   </div>
   <div class='ocr_carea' id='block_1_92' title="bbox 1962 860 2361 915">
    <p class='ocr_par' dir='ltr' id='par_1_92' title="bbox 1962 860 2361 915">
     <span class='ocr_line' id='line_1_92' title="bbox 1962 860 2361 915; baseline 0.008 -3"><span class='ocrx_word' id='word_1_296' title='bbox 1962 860 2067 914; x_wconf 86' lang='lat' dir='ltr'><strong>huc</strong></span> <span class='ocrx_word' id='word_1_297' title='bbox 2090 861 2361 915; x_wconf 90' lang='lat' dir='ltr'><strong>modicum</strong></span> 
     </span>
    </p>
   </div>
   <div class='ocr_carea' id='block_1_93' title="bbox 1962 930 2351 1004">
    <p class='ocr_par' dir='ltr' id='par_1_93' title="bbox 1962 930 2351 1004">
     <span class='ocr_line' id='line_1_93' title="bbox 1962 930 2351 1004; baseline 0.003 0"><span class='ocrx_word' id='word_1_298' title='bbox 1962 930 2042 1004; x_wconf 78' lang='grc' dir='ltr'><strong>(α)</strong></span> <span class='ocrx_word' id='word_1_299' title='bbox 2076 942 2288 1004; x_wconf 53' lang='lat' dir='ltr'><strong>tempus,</strong></span> <span class='ocrx_word' id='word_1_300' title='bbox 2313 931 2351 1004; x_wconf 54' lang='grc' dir='ltr'><strong>ι</strong></span> 
     </span>
    </p>
   </div>
   <div class='ocr_carea' id='block_1_94' title="bbox 1962 1001 2321 1057">
    <p class='ocr_par' dir='ltr' id='par_1_94' title="bbox 1962 1001 2321 1057">
     <span class='ocr_line' id='line_1_94' title="bbox 1962 1001 2321 1057; baseline 0.008 -3"><span class='ocrx_word' id='word_1_301' title='bbox 1962 1001 2050 1055; x_wconf 80' lang='lat' dir='ltr'><strong>lux</strong></span> <span class='ocrx_word' id='word_1_302' title='bbox 2084 1004 2133 1056; x_wconf 89' lang='lat' dir='ltr'><strong>in</strong></span> <span class='ocrx_word' id='word_1_303' title='bbox 2168 1003 2321 1057; x_wconf 79' lang='lat' dir='ltr'><strong>VODlS</strong></span> 
     </span>
    </p>
   </div>
   <div class='ocr_carea' id='block_1_95' title="bbox 1960 1073 2384 1131">
    <p class='ocr_par' dir='ltr' id='par_1_95' title="bbox 1960 1073 2384 1131">
     <span class='ocr_line' id='line_1_95' title="bbox 1960 1073 2384 1131; baseline 0.012 -5"><span class='ocrx_word' id='word_1_304' title='bbox 1960 1084 2062 1127; x_wconf 80' lang='lat' dir='ltr'><strong>est.</strong></span> <span class='ocrx_word' id='word_1_305' title='bbox 2098 1073 2384 1131; x_wconf 82' lang='lat' dir='ltr'><strong>Ambulate</strong></span> 
     </span>
    </p>
   </div>
   <div class='ocr_carea' id='block_1_96' title="bbox 1960 1143 2284 1201">
    <p class='ocr_par' dir='ltr' id='par_1_96' title="bbox 1960 1143 2284 1201">
     <span class='ocr_line' id='line_1_96' title="bbox 1960 1143 2284 1201; baseline 0.006 -4"><span class='ocrx_word' id='word_1_306' title='bbox 1960 1143 2085 1197; x_wconf 91' lang='lat' dir='ltr'><strong>dum</strong></span> <span class='ocrx_word' id='word_1_307' title='bbox 2110 1146 2284 1201; x_wconf 89' lang='lat' dir='ltr'><strong>lucem</strong></span> 
     </span>
    </p>
   </div>
   <div class='ocr_carea' id='block_1_97' title="bbox 1960 1214 2288 1283">
    <p class='ocr_par' dir='ltr' id='par_1_97' title="bbox 1960 1214 2288 1283">
     <span class='ocr_line' id='line_1_97' title="bbox 1960 1214 2288 1283; baseline 0.009 -14"><span class='ocrx_word' id='word_1_308' title='bbox 1960 1214 2194 1283; x_wconf 86' lang='lat' dir='ltr'><strong>habetis,</strong></span> <span class='ocrx_word' id='word_1_309' title='bbox 2228 1226 2288 1272; x_wconf 89' lang='lat' dir='ltr'><strong>ut</strong></span> 
     </span>
    </p>
   </div>
   <div class='ocr_carea' id='block_1_98' title="bbox 1960 1290 2359 1345">
    <p class='ocr_par' dir='ltr' id='par_1_98' title="bbox 1960 1290 2359 1345">
     <span class='ocr_line' id='line_1_98' title="bbox 1960 1290 2359 1345; baseline 0.01 -4"><span class='ocrx_word' id='word_1_310' title='bbox 1960 1300 2069 1341; x_wconf 88' lang='lat' dir='ltr'><strong>uOn</strong></span> <span class='ocrx_word' id='word_1_311' title='bbox 2105 1290 2359 1345; x_wconf 88' lang='lat' dir='ltr'><strong>tenebrae</strong></span> 
     </span>
    </p>
   </div>
   <div class='ocr_carea' id='block_1_99' title="bbox 1961 1373 2344 1429">
    <p class='ocr_par' dir='ltr' id='par_1_99' title="bbox 1961 1373 2344 1429">
     <span class='ocr_line' id='line_1_99' title="bbox 1961 1373 2344 1429; baseline 0.016 -19"><span class='ocrx_word' id='word_1_312' title='bbox 1961 1373 2058 1412; x_wconf 90' lang='lat' dir='ltr'><strong>vos</strong></span> <span class='ocrx_word' id='word_1_313' title='bbox 2090 1375 2314 1429; x_wconf 88' lang='lat' dir='ltr'><strong>compre</strong></span> <span class='ocrx_word' id='word_1_314' title='bbox 2328 1392 2344 1402; x_wconf 89' lang='lat'><strong>-</strong></span> 
     </span>
    </p>
   </div>
   <div class='ocr_carea' id='block_1_100' title="bbox 1960 1428 2324 1487">
    <p class='ocr_par' dir='ltr' id='par_1_100' title="bbox 1960 1428 2324 1487">
     <span class='ocr_line' id='line_1_100' title="bbox 1960 1428 2324 1487; baseline 0.011 -4"><span class='ocrx_word' id='word_1_315' title='bbox 1960 1428 2239 1485; x_wconf 26' lang='lat' dir='ltr'><strong>hendant’:</strong></span> <span class='ocrx_word' id='word_1_316' title='bbox 2269 1440 2324 1487; x_wconf 88' lang='lat' dir='ltr'><strong>et</strong></span> 
     </span>
    </p>
   </div>
   <div class='ocr_carea' id='block_1_101' title="bbox 1960 1502 3021 1570">
    <p class='ocr_par' dir='ltr' id='par_1_101' title="bbox 1960 1502 3021 1570">
     <span class='ocr_line' id='line_1_101' title="bbox 1960 1502 3021 1570; baseline 0 -15"><span class='ocrx_word' id='word_1_317' title='bbox 1960 1503 2049 1570; x_wconf 90' lang='lat' dir='ltr'><strong>qui</strong></span> <span class='ocrx_word' id='word_1_318' title='bbox 2084 1503 2324 1558; x_wconf 90' lang='lat' dir='ltr'><strong>ambulat</strong></span> <span class='ocrx_word' id='word_1_319' title='bbox 2790 1503 2860 1557; x_wconf 91' lang='lat' dir='ltr'><strong>do</strong></span> <span class='ocrx_word' id='word_1_320' title='bbox 2891 1502 3021 1555; x_wconf 84' lang='lat' dir='ltr'><strong>vidit</strong></span> 
     </span>
    </p>
   </div>
   <div class='ocr_carea' id='block_1_102' title="bbox 1962 1574 3129 1643">
    <p class='ocr_par' dir='ltr' id='par_1_102' title="bbox 1962 1574 3129 1643">
     <span class='ocr_line' id='line_1_102' title="bbox 1962 1574 3129 1643; baseline -0.002 -16"><span class='ocrx_word' id='word_1_321' title='bbox 1962 1574 2013 1627; x_wconf 91' lang='lat' dir='ltr'><strong>in</strong></span> <span class='ocrx_word' id='word_1_322' title='bbox 2046 1576 2307 1641; x_wconf 77' lang='lat' dir='ltr'><strong>tenebris,</strong></span> <span class='ocrx_word' id='word_1_323' title='bbox 2790 1576 3129 1643; x_wconf 87' lang='lat' dir='ltr'><strong>majestatcm</strong></span> 
     </span>
    </p>
   </div>
   <div class='ocr_carea' id='block_1_103' title="bbox 1960 1646 3267 1715">
    <p class='ocr_par' dir='ltr' id='par_1_103' title="bbox 1960 1646 3267 1715">
     <span class='ocr_line' id='line_1_103' title="bbox 1960 1646 3267 1715; baseline 0 -17"><span class='ocrx_word' id='word_1_324' title='bbox 1960 1646 2135 1698; x_wconf 88' lang='lat' dir='ltr'><strong>nescit</strong></span> <span class='ocrx_word' id='word_1_325' title='bbox 2164 1662 2271 1714; x_wconf 89' lang='lat' dir='ltr'><strong>quo</strong></span> <span class='ocrx_word' id='word_1_326' title='bbox 2792 1646 2908 1715; x_wconf 87' lang='lat' dir='ltr'><strong>ejus</strong></span> <span class='ocrx_word' id='word_1_327' title='bbox 2925 1687 2938 1708; x_wconf 90' lang='lat'><strong>,</strong></span> <span class='ocrx_word' id='word_1_328' title='bbox 2974 1655 3030 1699; x_wconf 89' lang='lat' dir='ltr'><strong>et</strong></span> <span class='ocrx_word' id='word_1_329' title='bbox 3054 1646 3267 1699; x_wconf 87' lang='lat' dir='ltr'><strong>locutus</strong></span> 
     </span>
    </p>
   </div>
   <div class='ocr_carea' id='block_1_104' title="bbox 1963 1716 3084 1773">
    <p class='ocr_par' dir='ltr' id='par_1_104' title="bbox 1963 1716 3084 1773">
     <span class='ocr_line' id='line_1_104' title="bbox 1963 1716 3084 1773; baseline -0.002 -2"><span class='ocrx_word' id='word_1_330' title='bbox 1963 1716 2054 1771; x_wconf 73' lang='lat'><strong>56.</strong></span> <span class='ocrx_word' id='word_1_331' title='bbox 2096 1728 2203 1770; x_wconf 91' lang='lat' dir='ltr'><strong>eat.</strong></span> <span class='ocrx_word' id='word_1_332' title='bbox 2246 1719 2381 1773; x_wconf 91' lang='lat' dir='ltr'><strong>Dum</strong></span> <span class='ocrx_word' id='word_1_333' title='bbox 2792 1717 2968 1771; x_wconf 90' lang='lat' dir='ltr'><strong>estde</strong></span> <span class='ocrx_word' id='word_1_334' title='bbox 2999 1731 3084 1770; x_wconf 84' lang='lat' dir='ltr'><strong>eo.</strong></span> 
     </span>
    </p>
   </div>
   <div class='ocr_carea' id='block_1_105' title="bbox 1958 1786 3364 1855">
    <p class='ocr_par' dir='ltr' id='par_1_105' title="bbox 1958 1786 3364 1855">
     <span class='ocr_line' id='line_1_105' title="bbox 1958 1786 3364 1855; baseline 0.002 -15"><span class='ocrx_word' id='word_1_335' title='bbox 1958 1787 2132 1841; x_wconf 89' lang='lat' dir='ltr'><strong>lucem</strong></span> <span class='ocrx_word' id='word_1_336' title='bbox 2162 1789 2396 1855; x_wconf 87' lang='lat' dir='ltr'><strong>habetis,</strong></span> <span class='ocrx_word' id='word_1_337' title='bbox 2790 1786 2881 1841; x_wconf 76' lang='grc'><strong>42.</strong></span> <span class='ocrx_word' id='word_1_338' title='bbox 2926 1788 3145 1841; x_wconf 84' lang='lat' dir='ltr'><strong>Interim</strong></span> <span class='ocrx_word' id='word_1_339' title='bbox 3185 1795 3364 1843; x_wconf 89' lang='lat' dir='ltr'><strong>tamen</strong></span> 
     </span>
    </p>
   </div>
   <div class='ocr_carea' id='block_1_106' title="bbox 1958 1859 2251 1915">
    <p class='ocr_par' dir='ltr' id='par_1_106' title="bbox 1958 1859 2251 1915">
     <span class='ocr_line' id='line_1_106' title="bbox 1958 1859 2251 1915; baseline 0.003 -2"><span class='ocrx_word' id='word_1_340' title='bbox 1958 1859 2166 1914; x_wconf 85' lang='lat' dir='ltr'><strong>credite</strong></span> <span class='ocrx_word' id='word_1_341' title='bbox 2198 1862 2251 1915; x_wconf 92' lang='lat' dir='ltr'><strong>in</strong></span> 
     </span>
    </p>
   </div>
   <div class='ocr_carea' id='block_1_107' title="bbox 1958 1930 2245 1996">
    <p class='ocr_par' dir='ltr' id='par_1_107' title="bbox 1958 1930 2245 1996">
     <span class='ocr_line' id='line_1_107' title="bbox 1958 1930 2245 1996; baseline 0.007 -13"><span class='ocrx_word' id='word_1_342' title='bbox 1958 1930 2157 1996; x_wconf 89' lang='lat' dir='ltr'><strong>lucem,</strong></span> <span class='ocrx_word' id='word_1_343' title='bbox 2188 1942 2245 1985; x_wconf 88' lang='lat' dir='ltr'><strong>ut</strong></span> 
     </span>
    </p>
   </div>
   <div class='ocr_carea' id='block_1_108' title="bbox 1958 2000 2218 2057">
    <p class='ocr_par' dir='ltr' id='par_1_108' title="bbox 1958 2000 2218 2057">
     <span class='ocr_line' id='line_1_108' title="bbox 1958 2000 2218 2057; baseline 0.004 -3"><span class='ocrx_word' id='word_1_344' title='bbox 1958 2000 2053 2055; x_wconf 85' lang='lat' dir='ltr'><strong>ﬁlii</strong></span> <span class='ocrx_word' id='word_1_345' title='bbox 2084 2003 2218 2057; x_wconf 88' lang='lat' dir='ltr'><strong>lucis</strong></span> 
     </span>
    </p>
   </div>
   <div class='ocr_carea' id='block_1_109' title="bbox 1959 2075 2099 2128">
    <p class='ocr_par' dir='ltr' id='par_1_109' title="bbox 1959 2075 2099 2128">
     <span class='ocr_line' id='line_1_109' title="bbox 1959 2075 2099 2128; baseline 0.014 -2"><span class='ocrx_word' id='word_1_346' title='bbox 1959 2075 2099 2128; x_wconf 87' lang='lat' dir='ltr'><strong>sitis.</strong></span> 
     </span>
    </p>
   </div>
   <div class='ocr_carea' id='block_1_110' title="bbox 1960 2143 2347 2200">
    <p class='ocr_par' dir='ltr' id='par_1_110' title="bbox 1960 2143 2347 2200">
     <span class='ocr_line' id='line_1_110' title="bbox 1960 2143 2347 2200; baseline 0.008 -3"><span class='ocrx_word' id='word_1_347' title='bbox 1960 2143 2106 2198; x_wconf 85' lang='lat' dir='ltr'><strong>llaec</strong></span> <span class='ocrx_word' id='word_1_348' title='bbox 2137 2146 2347 2200; x_wconf 88' lang='lat' dir='ltr'><strong>locutus</strong></span> 
     </span>
    </p>
   </div>
   <div class='ocr_carea' id='block_1_111' title="bbox 1961 2216 2354 2272">
    <p class='ocr_par' dir='ltr' id='par_1_111' title="bbox 1961 2216 2354 2272">
     <span class='ocr_line' id='line_1_111' title="bbox 1961 2216 2354 2272; baseline 0.005 -2"><span class='ocrx_word' id='word_1_349' title='bbox 1961 2226 2044 2270; x_wconf 89' lang='lat' dir='ltr'><strong>est</strong></span> <span class='ocrx_word' id='word_1_350' title='bbox 2070 2216 2227 2272; x_wconf 87' lang='lat' dir='ltr'><strong>Jesus</strong></span> <span class='ocrx_word' id='word_1_351' title='bbox 2255 2235 2267 2271; x_wconf 88' lang='lat'><strong>:</strong></span> <span class='ocrx_word' id='word_1_352' title='bbox 2298 2227 2354 2272; x_wconf 92' lang='lat' dir='ltr'><strong>et</strong></span> 
     </span>
    </p>
   </div>
   <div class='ocr_carea' id='block_1_112' title="bbox 1960 2286 2321 2351">
    <p class='ocr_par' dir='ltr' id='par_1_112' title="bbox 1960 2286 2321 2351">
     <span class='ocr_line' id='line_1_112' title="bbox 1960 2286 2321 2351; baseline 0.014 -12"><span class='ocrx_word' id='word_1_353' title='bbox 1960 2286 2114 2351; x_wconf 83' lang='lat' dir='ltr'><strong>abiit,</strong></span> <span class='ocrx_word' id='word_1_354' title='bbox 2146 2298 2201 2343; x_wconf 89' lang='lat' dir='ltr'><strong>et</strong></span> <span class='ocrx_word' id='word_1_355' title='bbox 2228 2290 2321 2344; x_wconf 82' lang='lat' dir='ltr'><strong>ab-</strong></span> 
     </span>
    </p>
   </div>
   <div class='ocr_carea' id='block_1_113' title="bbox 1962 2360 2257 2414">
    <p class='ocr_par' dir='ltr' id='par_1_113' title="bbox 1962 2360 2257 2414">
     <span class='ocr_line' id='line_1_113' title="bbox 1962 2360 2257 2414; baseline 0.007 -2"><span class='ocrx_word' id='word_1_356' title='bbox 1962 2360 2173 2413; x_wconf 88' lang='lat' dir='ltr'><strong>scondit</strong></span> <span class='ocrx_word' id='word_1_357' title='bbox 2198 2374 2257 2414; x_wconf 89' lang='lat' dir='ltr'><strong>se</strong></span> 
     </span>
    </p>
   </div>
   <div class='ocr_carea' id='block_1_114' title="bbox 1962 2430 2160 2484">
    <p class='ocr_par' dir='ltr' id='par_1_114' title="bbox 1962 2430 2160 2484">
     <span class='ocr_line' id='line_1_114' title="bbox 1962 2430 2160 2484; baseline 0.025 -5"><span class='ocrx_word' id='word_1_358' title='bbox 1962 2430 2031 2480; x_wconf 85' lang='lat' dir='ltr'><strong>ab</strong></span> <span class='ocrx_word' id='word_1_359' title='bbox 2061 2432 2160 2484; x_wconf 78' lang='lat' dir='ltr'><strong>eis.</strong></span> 
     </span>
    </p>
   </div>
   <div class='ocr_carea' id='block_1_115' title="bbox 1964 2500 2435 2559">
    <p class='ocr_par' dir='ltr' id='par_1_115' title="bbox 1964 2500 2435 2559">
     <span class='ocr_line' id='line_1_115' title="bbox 1964 2500 2435 2559; baseline 0.011 -5"><span class='ocrx_word' id='word_1_360' title='bbox 1964 2500 2052 2554; x_wconf 77' lang='grc'><strong>57.</strong></span> <span class='ocrx_word' id='word_1_361' title='bbox 2095 2500 2231 2555; x_wconf 84' lang='lat' dir='ltr'><strong>Cum</strong></span> <span class='ocrx_word' id='word_1_362' title='bbox 2258 2509 2435 2559; x_wconf 87' lang='lat' dir='ltr'><strong>autem</strong></span> 
     </span>
    </p>
   </div>
   <div class='ocr_carea' id='block_1_116' title="bbox 2791 1859 3234 1929">
    <p class='ocr_par' dir='ltr' id='par_1_116' title="bbox 2791 1859 3234 1929">
     <span class='ocr_line' id='line_1_116' title="bbox 2791 1859 3234 1929; baseline -0.007 -15"><span class='ocrx_word' id='word_1_363' title='bbox 2791 1870 2846 1914; x_wconf 91' lang='lat' dir='ltr'><strong>et</strong></span> <span class='ocrx_word' id='word_1_364' title='bbox 2870 1874 2938 1914; x_wconf 87' lang='lat' dir='ltr'><strong>ex</strong></span> <span class='ocrx_word' id='word_1_365' title='bbox 2974 1859 3234 1929; x_wconf 80' lang='lat' dir='ltr'><strong>Principi-</strong></span> 
     </span>
    </p>
   </div>
   <div class='ocr_carea' id='block_1_117' title="bbox 2790 1931 3225 1985">
    <p class='ocr_par' dir='ltr' id='par_1_117' title="bbox 2790 1931 3225 1985">
     <span class='ocr_line' id='line_1_117' title="bbox 2790 1931 3225 1985; baseline 0.005 -1"><span class='ocrx_word' id='word_1_366' title='bbox 2790 1931 2891 1985; x_wconf 89' lang='lat' dir='ltr'><strong>bus</strong></span> <span class='ocrx_word' id='word_1_367' title='bbox 2918 1931 3071 1983; x_wconf 89' lang='lat' dir='ltr'><strong>multi</strong></span> <span class='ocrx_word' id='word_1_368' title='bbox 3104 1945 3225 1985; x_wconf 87' lang='lat' dir='ltr'><strong>cre-</strong></span> 
     </span>
    </p>
   </div>
   <div class='ocr_carea' id='block_1_118' title="bbox 2790 2002 3127 2057">
    <p class='ocr_par' dir='ltr' id='par_1_118' title="bbox 2790 2002 3127 2057">
     <span class='ocr_line' id='line_1_118' title="bbox 2790 2002 3127 2057; baseline -0.003 -1"><span class='ocrx_word' id='word_1_369' title='bbox 2790 2002 3043 2057; x_wconf 92' lang='lat' dir='ltr'><strong>diderunt</strong></span> <span class='ocrx_word' id='word_1_370' title='bbox 3075 2002 3127 2055; x_wconf 91' lang='lat' dir='ltr'><strong>in</strong></span> 
     </span>
    </p>
   </div>
   <div class='ocr_carea' id='block_1_119' title="bbox 2790 2074 3243 2142">
    <p class='ocr_par' dir='ltr' id='par_1_119' title="bbox 2790 2074 3243 2142">
     <span class='ocr_line' id='line_1_119' title="bbox 2790 2074 3243 2142; baseline -0.002 -15"><span class='ocrx_word' id='word_1_371' title='bbox 2790 2090 2912 2127; x_wconf 92' lang='lat' dir='ltr'><strong>eum</strong></span> <span class='ocrx_word' id='word_1_372' title='bbox 2941 2092 2952 2125; x_wconf 92' lang='lat'><strong>:</strong></span> <span class='ocrx_word' id='word_1_373' title='bbox 2987 2074 3081 2127; x_wconf 89' lang='lat' dir='ltr'><strong>sed</strong></span> <span class='ocrx_word' id='word_1_374' title='bbox 3118 2086 3243 2142; x_wconf 81' lang='lat' dir='ltr'><strong>pro-</strong></span> 
     </span>
    </p>
   </div>
   <div class='ocr_carea' id='block_1_120' title="bbox 2792 2144 3083 2216">
    <p class='ocr_par' dir='ltr' id='par_1_120' title="bbox 2792 2144 3083 2216">
     <span class='ocr_line' id='line_1_120' title="bbox 2792 2144 3083 2216; baseline -0.007 -18"><span class='ocrx_word' id='word_1_375' title='bbox 2792 2154 2911 2216; x_wconf 86' lang='lat' dir='ltr'><strong>pter</strong></span> <span class='ocrx_word' id='word_1_376' title='bbox 2941 2144 3083 2199; x_wconf 75' lang='lat' dir='ltr'><strong>Pha-</strong></span> 
     </span>
    </p>
   </div>
   <div class='ocr_carea' id='block_1_121' title="bbox 2793 2230 3134 2270">
    <p class='ocr_par' dir='ltr' id='par_1_121' title="bbox 2793 2230 3134 2270">
     <span class='ocr_line' id='line_1_121' title="bbox 2793 2230 3134 2270; baseline -0.003 0"><span class='ocrx_word' id='word_1_377' title='bbox 2793 2232 2999 2270; x_wconf 74' lang='lat' dir='ltr'><strong>l‘lSﬂeOS</strong></span> <span class='ocrx_word' id='word_1_378' title='bbox 3026 2230 3134 2269; x_wconf 93' lang='lat' dir='ltr'><strong>non</strong></span> 
     </span>
    </p>
   </div>
   <div class='ocr_carea' id='block_1_122' title="bbox 2792 2288 3125 2343">
    <p class='ocr_par' dir='ltr' id='par_1_122' title="bbox 2792 2288 3125 2343">
     <span class='ocr_line' id='line_1_122' title="bbox 2792 2288 3125 2343; baseline -0.009 0"><span class='ocrx_word' id='word_1_379' title='bbox 2792 2288 3125 2343; x_wconf 82' lang='lat' dir='ltr'><strong>conﬁteban-</strong></span> 
     </span>
    </p>
   </div>
   <div class='ocr_carea' id='block_1_123' title="bbox 2795 2358 3220 2427">
    <p class='ocr_par' dir='ltr' id='par_1_123' title="bbox 2795 2358 3220 2427">
     <span class='ocr_line' id='line_1_123' title="bbox 2795 2358 3220 2427; baseline -0.002 -14"><span class='ocrx_word' id='word_1_380' title='bbox 2795 2369 2901 2421; x_wconf 89' lang='lat' dir='ltr'><strong>tur,</strong></span> <span class='ocrx_word' id='word_1_381' title='bbox 2933 2375 2997 2411; x_wconf 84' lang='lat' dir='ltr'><strong>ne</strong></span> <span class='ocrx_word' id='word_1_382' title='bbox 3026 2358 3094 2411; x_wconf 89' lang='lat' dir='ltr'><strong>de</strong></span> <span class='ocrx_word' id='word_1_383' title='bbox 3120 2358 3220 2427; x_wconf 78' lang='lat' dir='ltr'><strong>Sy-</strong></span> 
     </span>
    </p>
   </div>
   <div class='ocr_carea' id='block_1_124' title="bbox 2796 2444 3174 2498">
    <p class='ocr_par' dir='ltr' id='par_1_124' title="bbox 2796 2444 3174 2498">
     <span class='ocr_line' id='line_1_124' title="bbox 2796 2444 3174 2498; baseline -0.003 -15"><span class='ocrx_word' id='word_1_384' title='bbox 2796 2444 2999 2498; x_wconf 86' lang='lat' dir='ltr'><strong>nagoga</strong></span> <span class='ocrx_word' id='word_1_385' title='bbox 3029 2444 3174 2482; x_wconf 87' lang='lat' dir='ltr'><strong>cice-</strong></span> 
     </span>
    </p>
   </div>
   <div class='ocr_carea' id='block_1_125' title="bbox 2794 2498 3266 2553">
    <p class='ocr_par' dir='ltr' id='par_1_125' title="bbox 2794 2498 3266 2553">
     <span class='ocr_line' id='line_1_125' title="bbox 2794 2498 3266 2553; baseline -0.004 0"><span class='ocrx_word' id='word_1_386' title='bbox 2794 2500 2885 2553; x_wconf 80' lang='lat'><strong>45.</strong></span> <span class='ocrx_word' id='word_1_387' title='bbox 2927 2509 3155 2552; x_wconf 52' lang='lat' dir='ltr'><strong>renturu</strong></span> <span class='ocrx_word' id='word_1_388' title='bbox 3178 2498 3266 2552; x_wconf 91' lang='lat' dir='ltr'><strong>Di-</strong></span> 
     </span>
    </p>
   </div>
   <div class='ocr_carea' id='block_1_126' title="bbox 2795 2570 3218 2626">
    <p class='ocr_par' dir='ltr' id='par_1_126' title="bbox 2795 2570 3218 2626">
     <span class='ocr_line' id='line_1_126' title="bbox 2795 2570 3218 2626; baseline -0.009 0"><span class='ocrx_word' id='word_1_389' title='bbox 2795 2571 3044 2626; x_wconf 79' lang='lat' dir='ltr'><strong>lexerunt</strong></span> <span class='ocrx_word' id='word_1_390' title='bbox 3071 2570 3218 2623; x_wconf 92' lang='lat' dir='ltr'><strong>enim</strong></span> 
     </span>
    </p>
   </div>
   <div class='ocr_carea' id='block_1_127' title="bbox 2794 2640 3230 2711">
    <p class='ocr_par' dir='ltr' id='par_1_127' title="bbox 2794 2640 3230 2711">
     <span class='ocr_line' id='line_1_127' title="bbox 2794 2640 3230 2711; baseline -0.007 -15"><span class='ocrx_word' id='word_1_391' title='bbox 2794 2643 3019 2711; x_wconf 80' lang='lat' dir='ltr'><strong>gloriam</strong></span> <span class='ocrx_word' id='word_1_392' title='bbox 3053 2640 3230 2694; x_wconf 86' lang='lat' dir='ltr'><strong>homi—</strong></span> 
     </span>
    </p>
   </div>
   <div class='ocr_carea' id='block_1_128' title="bbox 2795 2713 3159 2781">
    <p class='ocr_par' dir='ltr' id='par_1_128' title="bbox 2795 2713 3159 2781">
     <span class='ocr_line' id='line_1_128' title="bbox 2795 2713 3159 2781; baseline -0.011 -13"><span class='ocrx_word' id='word_1_393' title='bbox 2795 2730 2923 2768; x_wconf 87' lang='lat' dir='ltr'><strong>num</strong></span> <span class='ocrx_word' id='word_1_394' title='bbox 2956 2713 3127 2781; x_wconf 82' lang='lat' dir='ltr'><strong>magis</strong></span> <span class='ocrx_word' id='word_1_395' title='bbox 3142 2751 3159 2779; x_wconf 87' lang='lat'><strong>,</strong></span> 
     </span>
    </p>
   </div>
   <div class='ocr_carea' id='block_1_129' title="bbox 2796 2782 3212 2855">
    <p class='ocr_par' dir='ltr' id='par_1_129' title="bbox 2796 2782 3212 2855">
     <span class='ocr_line' id='line_1_129' title="bbox 2796 2782 3212 2855; baseline -0.005 -16"><span class='ocrx_word' id='word_1_396' title='bbox 2796 2801 2957 2854; x_wconf 88' lang='lat' dir='ltr'><strong>quam</strong></span> <span class='ocrx_word' id='word_1_397' title='bbox 2985 2782 3212 2855; x_wconf 76' lang='lat' dir='ltr'><strong>gloriam</strong></span> 
     </span>
    </p>
   </div>
   <div class='ocr_carea' id='block_1_130' title="bbox 2800 2858 2917 2912">
    <p class='ocr_par' dir='ltr' id='par_1_130' title="bbox 2800 2858 2917 2912">
     <span class='ocr_line' id='line_1_130' title="bbox 2800 2858 2917 2912; baseline -0.009 -2"><span class='ocrx_word' id='word_1_398' title='bbox 2800 2858 2917 2912; x_wconf 91' lang='lat' dir='ltr'><strong>Dei.</strong></span> 
     </span>
    </p>
   </div>
   <div class='ocr_carea' id='block_1_131' title="bbox 2795 2927 3296 2983">
    <p class='ocr_par' dir='ltr' id='par_1_131' title="bbox 2795 2927 3296 2983">
     <span class='ocr_line' id='line_1_131' title="bbox 2795 2927 3296 2983; baseline -0.004 -2"><span class='ocrx_word' id='word_1_399' title='bbox 2795 2928 2885 2983; x_wconf 70' lang='lat' dir='ltr'><strong>4t.</strong></span> <span class='ocrx_word' id='word_1_400' title='bbox 2929 2927 3085 2983; x_wconf 83' lang='lat' dir='ltr'><strong>Jesus</strong></span> <span class='ocrx_word' id='word_1_401' title='bbox 3115 2934 3296 2982; x_wconf 90' lang='lat' dir='ltr'><strong>autem</strong></span> 
     </span>
    </p>
   </div>
   <div class='ocr_carea' id='block_1_132' title="bbox 2797 2999 3191 3071">
    <p class='ocr_par' dir='ltr' id='par_1_132' title="bbox 2797 2999 3191 3071">
     <span class='ocr_line' id='line_1_132' title="bbox 2797 2999 3191 3071; baseline -0.005 -18"><span class='ocrx_word' id='word_1_402' title='bbox 2797 3001 2871 3071; x_wconf 88' lang='lat' dir='ltr'><strong>(c)</strong></span> <span class='ocrx_word' id='word_1_403' title='bbox 2900 2999 3191 3071; x_wconf 78' lang='lat' dir='ltr'><strong>clamabat,</strong></span> 
     </span>
    </p>
   </div>
   <div class='ocr_carea' id='block_1_133' title="bbox 2798 3069 3196 3140">
    <p class='ocr_par' dir='ltr' id='par_1_133' title="bbox 2798 3069 3196 3140">
     <span class='ocr_line' id='line_1_133' title="bbox 2798 3069 3196 3140; baseline -0.013 -14"><span class='ocrx_word' id='word_1_404' title='bbox 2798 3069 2861 3126; x_wconf 82' lang='lat' dir='ltr'><strong>et</strong></span> <span class='ocrx_word' id='word_1_405' title='bbox 2881 3070 3095 3125; x_wconf 87' lang='lat' dir='ltr'><strong>dicebat</strong></span> <span class='ocrx_word' id='word_1_406' title='bbox 3122 3069 3196 3140; x_wconf 58' lang='grc' dir='ltr'><strong>ῒε</strong></span> 
     </span>
    </p>
   </div>
   <div class='ocr_carea' id='block_1_134' title="bbox 2798 3140 3105 3208">
    <p class='ocr_par' dir='ltr' id='par_1_134' title="bbox 2798 3140 3105 3208">
     <span class='ocr_line' id='line_1_134' title="bbox 2798 3140 3105 3208; baseline -0.013 -11"><span class='ocrx_word' id='word_1_407' title='bbox 2798 3142 2898 3208; x_wconf 86' lang='lat' dir='ltr'><strong>Qui</strong></span> <span class='ocrx_word' id='word_1_408' title='bbox 2931 3140 3105 3196; x_wconf 86' lang='lat' dir='ltr'><strong>credit</strong></span> 
     </span>
    </p>
   </div>
   <div class='ocr_carea' id='block_1_135' title="bbox 2796 3211 3202 3273">
    <p class='ocr_par' dir='ltr' id='par_1_135' title="bbox 2796 3211 3202 3273">
     <span class='ocr_line' id='line_1_135' title="bbox 2796 3211 3202 3273; baseline -0.007 -5"><span class='ocrx_word' id='word_1_409' title='bbox 2796 3215 2849 3268; x_wconf 89' lang='lat' dir='ltr'><strong>in</strong></span> <span class='ocrx_word' id='word_1_410' title='bbox 2884 3229 2991 3273; x_wconf 82' lang='lat' dir='ltr'><strong>me,</strong></span> <span class='ocrx_word' id='word_1_411' title='bbox 3024 3211 3202 3267; x_wconf 87' lang='lat' dir='ltr'><strong>credit</strong></span> 
     </span>
    </p>
   </div>
   <div class='ocr_carea' id='block_1_136' title="bbox 2795 3281 3234 3354">
    <p class='ocr_par' dir='ltr' id='par_1_136' title="bbox 2795 3281 3234 3354">
     <span class='ocr_line' id='line_1_136' title="bbox 2795 3281 3234 3354; baseline -0.005 -15"><span class='ocrx_word' id='word_1_412' title='bbox 2795 3296 2851 3339; x_wconf 92' lang='lat' dir='ltr'><strong>et</strong></span> <span class='ocrx_word' id='word_1_413' title='bbox 2876 3286 2929 3339; x_wconf 92' lang='lat' dir='ltr'><strong>in</strong></span> <span class='ocrx_word' id='word_1_414' title='bbox 2961 3300 3107 3347; x_wconf 88' lang='lat' dir='ltr'><strong>cum,</strong></span> <span class='ocrx_word' id='word_1_415' title='bbox 3142 3281 3234 3354; x_wconf 89' lang='lat' dir='ltr'><strong>qui</strong></span> 
     </span>
    </p>
   </div>
   <div class='ocr_carea' id='block_1_137' title="bbox 2799 3358 3085 3411">
    <p class='ocr_par' dir='ltr' id='par_1_137' title="bbox 2799 3358 3085 3411">
     <span class='ocr_line' id='line_1_137' title="bbox 2799 3358 3085 3411; baseline -0.007 -2"><span class='ocrx_word' id='word_1_416' title='bbox 2799 3358 2949 3411; x_wconf 92' lang='lat' dir='ltr'><strong>misit</strong></span> <span class='ocrx_word' id='word_1_417' title='bbox 2980 3371 3085 3408; x_wconf 91' lang='lat' dir='ltr'><strong>me.</strong></span> 
     </span>
    </p>
   </div>
   <div class='ocr_carea' id='block_1_138' title="bbox 2796 3425 3249 3496">
    <p class='ocr_par' dir='ltr' id='par_1_138' title="bbox 2796 3425 3249 3496">
     <span class='ocr_line' id='line_1_138' title="bbox 2796 3425 3249 3496; baseline -0.004 -16"><span class='ocrx_word' id='word_1_418' title='bbox 2796 3426 2886 3481; x_wconf 69' lang='lat' dir='ltr'><strong>4o.</strong></span> <span class='ocrx_word' id='word_1_419' title='bbox 2934 3428 3045 3496; x_wconf 82' lang='lat' dir='ltr'><strong>Ego</strong></span> <span class='ocrx_word' id='word_1_420' title='bbox 3069 3425 3160 3479; x_wconf 82' lang='lat' dir='ltr'><strong>lux</strong></span> <span class='ocrx_word' id='word_1_421' title='bbox 3194 3425 3249 3478; x_wconf 92' lang='lat' dir='ltr'><strong>in</strong></span> 
     </span>
    </p>
   </div>
   <div class='ocr_carea' id='block_1_139' title="bbox 2798 3498 3233 3551">
    <p class='ocr_par' dir='ltr' id='par_1_139' title="bbox 2798 3498 3233 3551">
     <span class='ocr_line' id='line_1_139' title="bbox 2798 3498 3233 3551; baseline -0.002 0"><span class='ocrx_word' id='word_1_422' title='bbox 2798 3498 2942 3551; x_wconf 89' lang='lat' dir='ltr'><strong>hunc</strong></span> <span class='ocrx_word' id='word_1_423' title='bbox 2973 3499 3233 3550; x_wconf 90' lang='lat' dir='ltr'><strong>mundum</strong></span> 
     </span>
    </p>
   </div>
   <div class='ocr_carea' id='block_1_140' title="bbox 2798 3568 3199 3632">
    <p class='ocr_par' dir='ltr' id='par_1_140' title="bbox 2798 3568 3199 3632">
     <span class='ocr_line' id='line_1_140' title="bbox 2798 3568 3199 3632; baseline -0.012 -8"><span class='ocrx_word' id='word_1_424' title='bbox 2798 3569 2924 3623; x_wconf 90' lang='lat' dir='ltr'><strong>veni</strong></span> <span class='ocrx_word' id='word_1_425' title='bbox 2951 3588 2963 3621; x_wconf 87' lang='lat'><strong>:</strong></span> <span class='ocrx_word' id='word_1_426' title='bbox 2997 3568 3199 3632; x_wconf 85' lang='lat' dir='ltr'><strong>omnis,</strong></span> 
     </span>
    </p>
   </div>
   <div class='ocr_carea' id='block_1_141' title="bbox 2800 3638 3094 3711">
    <p class='ocr_par' dir='ltr' id='par_1_141' title="bbox 2800 3638 3094 3711">
     <span class='ocr_line' id='line_1_141' title="bbox 2800 3638 3094 3711; baseline -0.003 -18"><span class='ocrx_word' id='word_1_427' title='bbox 2800 3646 2890 3711; x_wconf 92' lang='lat' dir='ltr'><strong>qui</strong></span> <span class='ocrx_word' id='word_1_428' title='bbox 2918 3638 3094 3693; x_wconf 86' lang='lat' dir='ltr'><strong>credit</strong></span> 
     </span>
    </p>
   </div>
   <div class='ocr_carea' id='block_1_142' title="bbox 2803 3727 3074 3774">
    <p class='ocr_par' dir='ltr' id='par_1_142' title="bbox 2803 3727 3074 3774">
     <span class='ocr_line' id='line_1_142' title="bbox 2803 3727 3074 3774; baseline -0.011 -9"><span class='ocrx_word' id='word_1_429' title='bbox 2803 3728 2854 3765; x_wconf 89' lang='lat' dir='ltr'><strong>iu</strong></span> <span class='ocrx_word' id='word_1_430' title='bbox 2884 3728 2989 3774; x_wconf 89' lang='lat' dir='ltr'><strong>me,</strong></span> <span class='ocrx_word' id='word_1_431' title='bbox 3022 3727 3074 3763; x_wconf 89' lang='grc' dir='ltr'><strong>ιιι</strong></span> 
     </span>
    </p>
   </div>
   <div class='ocr_carea' id='block_1_143' title="bbox 2802 3782 3176 3837">
    <p class='ocr_par' dir='ltr' id='par_1_143' title="bbox 2802 3782 3176 3837">
     <span class='ocr_line' id='line_1_143' title="bbox 2802 3782 3176 3837; baseline -0.013 0"><span class='ocrx_word' id='word_1_432' title='bbox 2802 3782 3045 3837; x_wconf 86' lang='lat' dir='ltr'><strong>tenebris</strong></span> <span class='ocrx_word' id='word_1_433' title='bbox 3070 3796 3176 3835; x_wconf 94' lang='lat' dir='ltr'><strong>non</strong></span> 
     </span>
    </p>
   </div>
   <div class='ocr_carea' id='block_1_144' title="bbox 2801 3850 3250 3909">
    <p class='ocr_par' dir='ltr' id='par_1_144' title="bbox 2801 3850 3250 3909">
     <span class='ocr_line' id='line_1_144' title="bbox 2801 3850 3250 3909; baseline -0.013 0"><span class='ocrx_word' id='word_1_434' title='bbox 2801 3855 2895 3909; x_wconf 87' lang='lat'><strong>47.</strong></span> <span class='ocrx_word' id='word_1_435' title='bbox 2938 3862 3141 3909; x_wconf 90' lang='lat' dir='ltr'><strong>manet.</strong></span> <span class='ocrx_word' id='word_1_436' title='bbox 3183 3850 3250 3904; x_wconf 88' lang='lat' dir='ltr'><strong>Et</strong></span> 
     </span>
    </p>
   </div>
   <div class='ocr_carea' id='block_1_145' title="bbox 1966 2572 2293 2641">
    <p class='ocr_par' dir='ltr' id='par_1_145' title="bbox 1966 2572 2293 2641">
     <span class='ocr_line' id='line_1_145' title="bbox 1966 2572 2293 2641; baseline 0.006 -17"><span class='ocrx_word' id='word_1_437' title='bbox 1966 2580 2112 2624; x_wconf 90' lang='lat' dir='ltr'><strong>tanta</strong></span> <span class='ocrx_word' id='word_1_438' title='bbox 2142 2572 2293 2641; x_wconf 79' lang='lat' dir='ltr'><strong>signa</strong></span> 
     </span>
    </p>
   </div>
   <div class='ocr_carea' id='block_1_146' title="bbox 1962 2641 2389 2699">
    <p class='ocr_par' dir='ltr' id='par_1_146' title="bbox 1962 2641 2389 2699">
     <span class='ocr_line' id='line_1_146' title="bbox 1962 2641 2389 2699; baseline 0.007 -4"><span class='ocrx_word' id='word_1_439' title='bbox 1962 2641 2182 2697; x_wconf 80' lang='lat' dir='ltr'><strong>fecisset</strong></span> <span class='ocrx_word' id='word_1_440' title='bbox 2208 2658 2389 2699; x_wconf 87' lang='lat' dir='ltr'><strong>coram</strong></span> 
     </span>
    </p>
   </div>
   <div class='ocr_carea' id='block_1_147' title="bbox 1963 2714 2365 2775">
    <p class='ocr_par' dir='ltr' id='par_1_147' title="bbox 1963 2714 2365 2775">
     <span class='ocr_line' id='line_1_147' title="bbox 1963 2714 2365 2775; baseline 0.007 -7"><span class='ocrx_word' id='word_1_441' title='bbox 1963 2714 2045 2768; x_wconf 89' lang='lat' dir='ltr'><strong>eis</strong></span> <span class='ocrx_word' id='word_1_442' title='bbox 2061 2755 2075 2775; x_wconf 89' lang='lat'><strong>,</strong></span> <span class='ocrx_word' id='word_1_443' title='bbox 2113 2728 2219 2768; x_wconf 90' lang='lat' dir='ltr'><strong>non</strong></span> <span class='ocrx_word' id='word_1_444' title='bbox 2246 2732 2365 2771; x_wconf 79' lang='lat' dir='ltr'><strong>cre-</strong></span> 
     </span>
    </p>
   </div>
   <div class='ocr_carea' id='block_1_148' title="bbox 1963 2784 2257 2840">
    <p class='ocr_par' dir='ltr' id='par_1_148' title="bbox 1963 2784 2257 2840">
     <span class='ocr_line' id='line_1_148' title="bbox 1963 2784 2257 2840; baseline 0.003 -2"><span class='ocrx_word' id='word_1_445' title='bbox 1963 2784 2257 2840; x_wconf 90' lang='lat' dir='ltr'><strong>debantin</strong></span> 
     </span>
    </p>
   </div>
   <div class='ocr_carea' id='block_1_149' title="bbox 1964 2855 2494 2915">
    <p class='ocr_par' dir='ltr' id='par_1_149' title="bbox 1964 2855 2494 2915">
     <span class='ocr_line' id='line_1_149' title="bbox 1964 2855 2494 2915; baseline 0.004 -5"><span class='ocrx_word' id='word_1_446' title='bbox 1964 2855 2053 2910; x_wconf 83' lang='lat'><strong>&#39;58.</strong></span> <span class='ocrx_word' id='word_1_447' title='bbox 2098 2872 2219 2910; x_wconf 92' lang='lat' dir='ltr'><strong>eum</strong></span> <span class='ocrx_word' id='word_1_448' title='bbox 2248 2876 2262 2911; x_wconf 87' lang='lat'><strong>:</strong></span> <span class='ocrx_word' id='word_1_449' title='bbox 2293 2866 2350 2914; x_wconf 92' lang='lat' dir='ltr'><strong>ut</strong></span> <span class='ocrx_word' id='word_1_450' title='bbox 2376 2872 2494 2915; x_wconf 82' lang='lat' dir='ltr'><strong>ser-</strong></span> 
     </span>
    </p>
   </div>
   <div class='ocr_carea' id='block_1_150' title="bbox 1964 2929 2281 2985">
    <p class='ocr_par' dir='ltr' id='par_1_150' title="bbox 1964 2929 2281 2985">
     <span class='ocr_line' id='line_1_150' title="bbox 1964 2929 2281 2985; baseline 0.013 -5"><span class='ocrx_word' id='word_1_451' title='bbox 1964 2942 2055 2981; x_wconf 92' lang='lat' dir='ltr'><strong>mo</strong></span> <span class='ocrx_word' id='word_1_452' title='bbox 2088 2929 2281 2985; x_wconf 84' lang='lat' dir='ltr'><strong>Eseiae</strong></span> 
     </span>
    </p>
   </div>
   <div class='ocr_carea' id='block_1_151' title="bbox 1965 2999 2271 3070">
    <p class='ocr_par' dir='ltr' id='par_1_151' title="bbox 1965 2999 2271 3070">
     <span class='ocr_line' id='line_1_151' title="bbox 1965 2999 2271 3070; baseline 0.013 -17"><span class='ocrx_word' id='word_1_453' title='bbox 1965 2999 2271 3070; x_wconf 87' lang='lat' dir='ltr'><strong>Prophetae</strong></span> 
     </span>
    </p>
   </div>
   <div class='ocr_carea' id='block_1_152' title="bbox 1966 3070 2275 3140">
    <p class='ocr_par' dir='ltr' id='par_1_152' title="bbox 1966 3070 2275 3140">
     <span class='ocr_line' id='line_1_152' title="bbox 1966 3070 2275 3140; baseline 0.006 -16"><span class='ocrx_word' id='word_1_454' title='bbox 1966 3070 2275 3140; x_wconf 89' lang='lat' dir='ltr'><strong>impleatur,</strong></span> 
     </span>
    </p>
   </div>
   <div class='ocr_carea' id='block_1_153' title="bbox 1965 3142 2328 3210">
    <p class='ocr_par' dir='ltr' id='par_1_153' title="bbox 1965 3142 2328 3210">
     <span class='ocr_line' id='line_1_153' title="bbox 1965 3142 2328 3210; baseline 0.006 -15"><span class='ocrx_word' id='word_1_455' title='bbox 1965 3156 2123 3210; x_wconf 90' lang='lat' dir='ltr'><strong>quem</strong></span> <span class='ocrx_word' id='word_1_456' title='bbox 2156 3142 2328 3199; x_wconf 82' lang='lat' dir='ltr'><strong>dixit:</strong></span> 
     </span>
    </p>
   </div>
   <div class='ocr_carea' id='block_1_154' title="bbox 1966 3213 2371 3284">
    <p class='ocr_par' dir='ltr' id='par_1_154' title="bbox 1966 3213 2371 3284">
     <span class='ocr_line' id='line_1_154' title="bbox 1966 3213 2371 3284; baseline 0.005 -17"><span class='ocrx_word' id='word_1_457' title='bbox 1966 3213 2219 3278; x_wconf 88' lang='lat' dir='ltr'><strong>Domine,</strong></span> <span class='ocrx_word' id='word_1_458' title='bbox 2250 3214 2371 3284; x_wconf 90' lang='lat' dir='ltr'><strong>quis</strong></span> 
     </span>
    </p>
   </div>
   <div class='ocr_carea' id='block_1_155' title="bbox 1965 3286 2437 3341">
    <p class='ocr_par' dir='ltr' id='par_1_155' title="bbox 1965 3286 2437 3341">
     <span class='ocr_line' id='line_1_155' title="bbox 1965 3286 2437 3341; baseline 0.006 -3"><span class='ocrx_word' id='word_1_459' title='bbox 1965 3286 2200 3339; x_wconf 84' lang='lat' dir='ltr'><strong>credidit</strong></span> <span class='ocrx_word' id='word_1_460' title='bbox 2229 3286 2437 3341; x_wconf 88' lang='lat' dir='ltr'><strong>auditui</strong></span> 
     </span>
    </p>
   </div>
   <div class='ocr_carea' id='block_1_156' title="bbox 1966 3356 2272 3410">
    <p class='ocr_par' dir='ltr' id='par_1_156' title="bbox 1966 3356 2272 3410">
     <span class='ocr_line' id='line_1_156' title="bbox 1966 3356 2272 3410; baseline 0.003 -1"><span class='ocrx_word' id='word_1_461' title='bbox 1966 3356 2190 3409; x_wconf 86' lang='lat' dir='ltr'><strong>nostro?</strong></span> <span class='ocrx_word' id='word_1_462' title='bbox 2218 3367 2272 3410; x_wconf 87' lang='lat' dir='ltr'><strong>et</strong></span> 
     </span>
    </p>
   </div>
   <div class='ocr_carea' id='block_1_157' title="bbox 1965 3426 2419 3483">
    <p class='ocr_par' dir='ltr' id='par_1_157' title="bbox 1965 3426 2419 3483">
     <span class='ocr_line' id='line_1_157' title="bbox 1965 3426 2419 3483; baseline 0.002 -2"><span class='ocrx_word' id='word_1_463' title='bbox 1965 3426 2279 3482; x_wconf 80' lang='lat' dir='ltr'><strong>bracchium</strong></span> <span class='ocrx_word' id='word_1_464' title='bbox 2313 3427 2419 3483; x_wconf 86' lang='lat' dir='ltr'><strong>Do-</strong></span> 
     </span>
    </p>
   </div>
   <div class='ocr_carea' id='block_1_158' title="bbox 1967 3499 2214 3552">
    <p class='ocr_par' dir='ltr' id='par_1_158' title="bbox 1967 3499 2214 3552">
     <span class='ocr_line' id='line_1_158' title="bbox 1967 3499 2214 3552; baseline 0 -1"><span class='ocrx_word' id='word_1_465' title='bbox 1967 3499 2098 3552; x_wconf 90' lang='lat' dir='ltr'><strong>mini</strong></span> <span class='ocrx_word' id='word_1_466' title='bbox 2130 3500 2214 3551; x_wconf 88' lang='lat' dir='ltr'><strong>cui</strong></span> 
     </span>
    </p>
   </div>
   <div class='ocr_carea' id='block_1_159' title="bbox 1966 3566 2414 3624">
    <p class='ocr_par' dir='ltr' id='par_1_159' title="bbox 1966 3566 2414 3624">
     <span class='ocr_line' id='line_1_159' title="bbox 1966 3566 2414 3624; baseline 0.002 -1"><span class='ocrx_word' id='word_1_467' title='bbox 1966 3570 2267 3623; x_wconf 88' lang='lat' dir='ltr'><strong>revelatum</strong></span> <span class='ocrx_word' id='word_1_468' title='bbox 2297 3566 2414 3624; x_wconf 88' lang='lat' dir='ltr'><strong>est?</strong></span> 
     </span>
    </p>
   </div>
   <div class='ocr_carea' id='block_1_160' title="bbox 1967 3641 2529 3709">
    <p class='ocr_par' dir='ltr' id='par_1_160' title="bbox 1967 3641 2529 3709">
     <span class='ocr_line' id='line_1_160' title="bbox 1967 3641 2529 3709; baseline 0 -14"><span class='ocrx_word' id='word_1_469' title='bbox 1967 3641 2054 3695; x_wconf 77' lang='grc'><strong>59.</strong></span> <span class='ocrx_word' id='word_1_470' title='bbox 2102 3641 2394 3709; x_wconf 81' lang='lat' dir='ltr'><strong>Propterea</strong></span> <span class='ocrx_word' id='word_1_471' title='bbox 2422 3655 2529 3698; x_wconf 92' lang='lat' dir='ltr'><strong>non</strong></span> 
     </span>
    </p>
   </div>
   <div class='ocr_carea' id='block_1_161' title="bbox 1967 3720 2365 3781">
    <p class='ocr_par' dir='ltr' id='par_1_161' title="bbox 1967 3720 2365 3781">
     <span class='ocr_line' id='line_1_161' title="bbox 1967 3720 2365 3781; baseline 0.013 -18"><span class='ocrx_word' id='word_1_472' title='bbox 1967 3720 2215 3781; x_wconf 80' lang='lat' dir='ltr'><strong>poterant</strong></span> <span class='ocrx_word' id='word_1_473' title='bbox 2245 3727 2365 3768; x_wconf 81' lang='lat' dir='ltr'><strong>cre-</strong></span> 
     </span>
    </p>
   </div>
   <div class='ocr_carea' id='block_1_162' title="bbox 1966 3782 2271 3852">
    <p class='ocr_par' dir='ltr' id='par_1_162' title="bbox 1966 3782 2271 3852">
     <span class='ocr_line' id='line_1_162' title="bbox 1966 3782 2271 3852; baseline -0.007 -15"><span class='ocrx_word' id='word_1_474' title='bbox 1966 3782 2119 3845; x_wconf 88' lang='lat' dir='ltr'><strong>dere,</strong></span> <span class='ocrx_word' id='word_1_475' title='bbox 2149 3784 2271 3852; x_wconf 88' lang='lat' dir='ltr'><strong>quia</strong></span> 
     </span>
    </p>
   </div>
   <div class='ocr_carea' id='block_1_163' title="bbox 1967 3855 2335 3910">
    <p class='ocr_par' dir='ltr' id='par_1_163' title="bbox 1967 3855 2335 3910">
     <span class='ocr_line' id='line_1_163' title="bbox 1967 3855 2335 3910; baseline 0.008 -3"><span class='ocrx_word' id='word_1_476' title='bbox 1967 3855 2165 3908; x_wconf 87' lang='lat' dir='ltr'><strong>iterum</strong></span> <span class='ocrx_word' id='word_1_477' title='bbox 2198 3855 2335 3910; x_wconf 81' lang='lat' dir='ltr'><strong>dixit</strong></span> 
     </span>
    </p>
   </div>
   <div class='ocr_carea' id='block_1_164' title="bbox 1591 3966 2240 4027">
    <p class='ocr_par' dir='ltr' id='par_1_164' title="bbox 1591 3966 2240 4027">
     <span class='ocr_line' id='line_1_164' title="bbox 1591 3966 2240 4027; baseline 0.002 -4"><span class='ocrx_word' id='word_1_478' title='bbox 1591 3966 1822 4023; x_wconf 84' lang='lat' dir='ltr'><strong>CODEX</strong></span> <span class='ocrx_word' id='word_1_479' title='bbox 1851 3966 2240 4027; x_wconf 72' lang='lat' dir='ltr'><strong>BRIXIANUS.</strong></span> 
     </span>
    </p>
   </div>
   <div class='ocr_carea' id='block_1_165' title="bbox 260 4062 1861 4134">
    <p class='ocr_par' dir='ltr' id='par_1_165' title="bbox 260 4062 1861 4134">
     <span class='ocr_line' id='line_1_165' title="bbox 260 4062 1861 4134; baseline -0.003 -12"><span class='ocrx_word' id='word_1_480' title='bbox 260 4076 349 4122; x_wconf 85' lang='lat' dir='ltr'><strong>est</strong></span> <span class='ocrx_word' id='word_1_481' title='bbox 414 4066 515 4123; x_wconf 90' lang='lat' dir='ltr'><strong>iste</strong></span> <span class='ocrx_word' id='word_1_482' title='bbox 586 4066 758 4120; x_wconf 87' lang='lat' dir='ltr'><strong>Filius</strong></span> <span class='ocrx_word' id='word_1_483' title='bbox 799 4063 1057 4120; x_wconf 90' lang='lat' dir='ltr'><strong>hominis.</strong></span> <span class='ocrx_word' id='word_1_484' title='bbox 1120 4063 1292 4124; x_wconf 70' lang='lat' dir='ltr'><strong>Dixit}</strong></span> <span class='ocrx_word' id='word_1_485' title='bbox 1349 4080 1477 4134; x_wconf 89' lang='lat' dir='ltr'><strong>ergo</strong></span> <span class='ocrx_word' id='word_1_486' title='bbox 1533 4064 1611 4120; x_wconf 90' lang='lat' dir='ltr'><strong>eis</strong></span> <span class='ocrx_word' id='word_1_487' title='bbox 1682 4062 1861 4118; x_wconf 83' lang='lat' dir='ltr'><strong>Jesus.</strong></span> 
     </span>
    </p>
   </div>
   <div class='ocr_carea' id='block_1_166' title="bbox 262 4136 1865 4207">
    <p class='ocr_par' dir='ltr' id='par_1_166' title="bbox 262 4136 1865 4207">
     <span class='ocr_line' id='line_1_166' title="bbox 262 4136 1865 4207; baseline -0.004 -12"><span class='ocrx_word' id='word_1_488' title='bbox 262 4140 461 4195; x_wconf 76' lang='lat' dir='ltr'><strong>Adhuc</strong></span> <span class='ocrx_word' id='word_1_489' title='bbox 502 4139 778 4193; x_wconf 90' lang='lat' dir='ltr'><strong>modicum</strong></span> <span class='ocrx_word' id='word_1_490' title='bbox 810 4139 885 4206; x_wconf 81' lang='grc' dir='ltr'>(ιι)</span> <span class='ocrx_word' id='word_1_491' title='bbox 934 4138 1194 4205; x_wconf 86' lang='lat' dir='ltr'><strong>temporis</strong></span> <span class='ocrx_word' id='word_1_492' title='bbox 1220 4136 1277 4207; x_wconf 47' lang='grc' dir='ltr'><strong>ἦ.</strong></span> <span class='ocrx_word' id='word_1_493' title='bbox 1312 4136 1406 4190; x_wconf 85' lang='lat' dir='ltr'><strong>lux</strong></span> <span class='ocrx_word' id='word_1_494' title='bbox 1463 4138 1514 4188; x_wconf 91' lang='lat' dir='ltr'><strong>in</strong></span> <span class='ocrx_word' id='word_1_495' title='bbox 1568 4136 1719 4189; x_wconf 84' lang='lat' dir='ltr'><strong>vobis</strong></span> <span class='ocrx_word' id='word_1_496' title='bbox 1763 4144 1865 4189; x_wconf 88' lang='lat' dir='ltr'><strong>est.</strong></span> 
     </span>
    </p>
   </div>
   <div class='ocr_carea' id='block_1_167' title="bbox 261 4207 1865 4265">
    <p class='ocr_par' dir='ltr' id='par_1_167' title="bbox 261 4207 1865 4265">
     <span class='ocr_line' id='line_1_167' title="bbox 261 4207 1865 4265; baseline -0.004 0"><span class='ocrx_word' id='word_1_497' title='bbox 261 4210 557 4265; x_wconf 81' lang='lat' dir='ltr'><strong>Amlnilate</strong></span> <span class='ocrx_word' id='word_1_498' title='bbox 599 4210 730 4264; x_wconf 90' lang='lat' dir='ltr'><strong>dum</strong></span> <span class='ocrx_word' id='word_1_499' title='bbox 777 4210 951 4263; x_wconf 92' lang='lat' dir='ltr'><strong>lucem</strong></span> <span class='ocrx_word' id='word_1_500' title='bbox 982 4208 1214 4261; x_wconf 80' lang='lat' dir='ltr'><strong>habetis.</strong></span> <span class='ocrx_word' id='word_1_501' title='bbox 1254 4216 1311 4261; x_wconf 92' lang='lat' dir='ltr'><strong>ut</strong></span> <span class='ocrx_word' id='word_1_502' title='bbox 1352 4207 1607 4261; x_wconf 88' lang='lat' dir='ltr'><strong>tenebrae</strong></span> <span class='ocrx_word' id='word_1_503' title='bbox 1635 4224 1730 4261; x_wconf 87' lang='lat' dir='ltr'><strong>vos</strong></span> <span class='ocrx_word' id='word_1_504' title='bbox 1760 4222 1865 4261; x_wconf 85' lang='lat' dir='ltr'><strong>non</strong></span> 
     </span>
    </p>
   </div>
   <div class='ocr_carea' id='block_1_168' title="bbox 264 4278 1870 4351">
    <p class='ocr_par' dir='ltr' id='par_1_168' title="bbox 264 4278 1870 4351">
     <span class='ocr_line' id='line_1_168' title="bbox 264 4278 1870 4351; baseline -0.005 -14"><span class='ocrx_word' id='word_1_505' title='bbox 264 4282 738 4351; x_wconf 82' lang='lat' dir='ltr'><strong>conprehendant.</strong></span> <span class='ocrx_word' id='word_1_506' title='bbox 788 4280 879 4349; x_wconf 89' lang='lat' dir='ltr'><strong>qui</strong></span> <span class='ocrx_word' id='word_1_507' title='bbox 921 4280 1161 4334; x_wconf 86' lang='lat' dir='ltr'><strong>ambulat</strong></span> <span class='ocrx_word' id='word_1_508' title='bbox 1212 4278 1537 4351; x_wconf 59' lang='lat' dir='ltr'><strong>intenebris</strong></span> <span class='ocrx_word' id='word_1_509' title='bbox 1567 4278 1733 4332; x_wconf 71' lang='lat' dir='ltr'><strong>nescit</strong></span> <span class='ocrx_word' id='word_1_510' title='bbox 1762 4293 1870 4351; x_wconf 90' lang='lat' dir='ltr'><strong>quo</strong></span> 
     </span>
    </p>
   </div>
   <div class='ocr_carea' id='block_1_169' title="bbox 262 4350 1867 4407">
    <p class='ocr_par' dir='ltr' id='par_1_169' title="bbox 262 4350 1867 4407">
     <span class='ocr_line' id='line_1_169' title="bbox 262 4350 1867 4407; baseline -0.004 0"><span class='ocrx_word' id='word_1_511' title='bbox 262 4350 450 4407; x_wconf 75' lang='lat' dir='ltr'><strong>vadat.</strong></span> <span class='ocrx_word' id='word_1_512' title='bbox 491 4353 625 4406; x_wconf 91' lang='lat' dir='ltr'><strong>Dum</strong></span> <span class='ocrx_word' id='word_1_513' title='bbox 660 4355 833 4406; x_wconf 89' lang='lat' dir='ltr'><strong>lucem</strong></span> <span class='ocrx_word' id='word_1_514' title='bbox 869 4352 1098 4405; x_wconf 82' lang='lat' dir='ltr'><strong>habetis.</strong></span> <span class='ocrx_word' id='word_1_515' title='bbox 1134 4350 1340 4404; x_wconf 85' lang='lat' dir='ltr'><strong>credite</strong></span> <span class='ocrx_word' id='word_1_516' title='bbox 1376 4354 1424 4402; x_wconf 93' lang='lat' dir='ltr'><strong>in</strong></span> <span class='ocrx_word' id='word_1_517' title='bbox 1461 4350 1653 4402; x_wconf 75' lang='lat' dir='ltr'><strong>lucem.</strong></span> <span class='ocrx_word' id='word_1_518' title='bbox 1691 4361 1744 4402; x_wconf 91' lang='lat' dir='ltr'><strong>ut</strong></span> <span class='ocrx_word' id='word_1_519' title='bbox 1774 4350 1867 4402; x_wconf 89' lang='lat' dir='ltr'><strong>lilii</strong></span> 
     </span>
    </p>
   </div>
   <div class='ocr_carea' id='block_1_170' title="bbox 266 4420 1871 4480">
    <p class='ocr_par' dir='ltr' id='par_1_170' title="bbox 266 4420 1871 4480">
     <span class='ocr_line' id='line_1_170' title="bbox 266 4420 1871 4480; baseline -0.004 -1"><span class='ocrx_word' id='word_1_520' title='bbox 266 4425 409 4480; x_wconf 84' lang='lat' dir='ltr'><strong>lucis</strong></span> <span class='ocrx_word' id='word_1_521' title='bbox 434 4426 571 4477; x_wconf 92' lang='lat' dir='ltr'><strong>sitis.</strong></span> <span class='ocrx_word' id='word_1_522' title='bbox 602 4424 746 4478; x_wconf 82' lang='lat' dir='ltr'><strong>Haec</strong></span> <span class='ocrx_word' id='word_1_523' title='bbox 775 4424 982 4476; x_wconf 77' lang='lat' dir='ltr'><strong>locutus</strong></span> <span class='ocrx_word' id='word_1_524' title='bbox 998 4434 1077 4475; x_wconf 82' lang='lat' dir='ltr'><strong>est</strong></span> <span class='ocrx_word' id='word_1_525' title='bbox 1100 4420 1279 4475; x_wconf 81' lang='lat' dir='ltr'><strong>Jesus.</strong></span> <span class='ocrx_word' id='word_1_526' title='bbox 1310 4420 1535 4476; x_wconf 87' lang='lat' dir='ltr'><strong>etabiit.</strong></span> <span class='ocrx_word' id='word_1_527' title='bbox 1567 4431 1621 4475; x_wconf 93' lang='lat' dir='ltr'><strong>ct</strong></span> <span class='ocrx_word' id='word_1_528' title='bbox 1642 4420 1871 4476; x_wconf 71' lang='lat' dir='ltr'><strong>abscon-</strong></span> 
     </span>
    </p>
   </div>
   <div class='ocr_carea' id='block_1_171' title="bbox 264 4492 1868 4560">
    <p class='ocr_par' dir='ltr' id='par_1_171' title="bbox 264 4492 1868 4560">
     <span class='ocr_line' id='line_1_171' title="bbox 264 4492 1868 4560; baseline -0.004 -9"><span class='ocrx_word' id='word_1_529' title='bbox 264 4498 355 4551; x_wconf 84' lang='lat' dir='ltr'><strong>dit</strong></span> <span class='ocrx_word' id='word_1_530' title='bbox 400 4510 460 4549; x_wconf 89' lang='lat' dir='ltr'><strong>se</strong></span> <span class='ocrx_word' id='word_1_531' title='bbox 508 4496 575 4550; x_wconf 88' lang='lat' dir='ltr'><strong>ab</strong></span> <span class='ocrx_word' id='word_1_532' title='bbox 618 4496 720 4549; x_wconf 73' lang='lat' dir='ltr'><strong>eis.</strong></span> <span class='ocrx_word' id='word_1_533' title='bbox 754 4493 885 4548; x_wconf 79' lang='lat' dir='ltr'><strong>Cum</strong></span> <span class='ocrx_word' id='word_1_534' title='bbox 934 4505 1110 4547; x_wconf 82' lang='lat' dir='ltr'><strong>autem</strong></span> <span class='ocrx_word' id='word_1_535' title='bbox 1155 4502 1298 4546; x_wconf 86' lang='lat' dir='ltr'><strong>tanta</strong></span> <span class='ocrx_word' id='word_1_536' title='bbox 1351 4494 1503 4560; x_wconf 87' lang='lat' dir='ltr'><strong>signa</strong></span> <span class='ocrx_word' id='word_1_537' title='bbox 1552 4493 1765 4546; x_wconf 82' lang='lat' dir='ltr'><strong>fecisset</strong></span> <span class='ocrx_word' id='word_1_538' title='bbox 1818 4492 1868 4544; x_wconf 87' lang='lat' dir='ltr'><strong>in</strong></span> 
     </span>
    </p>
   </div>
   <div class='ocr_carea' id='block_1_172' title="bbox 264 4564 1872 4631">
    <p class='ocr_par' dir='ltr' id='par_1_172' title="bbox 264 4564 1872 4631">
     <span class='ocr_line' id='line_1_172' title="bbox 264 4564 1872 4631; baseline -0.004 -8"><span class='ocrx_word' id='word_1_539' title='bbox 264 4578 565 4631; x_wconf 66' lang='lat' dir='ltr'><strong>eonsiiecm</strong></span> <span class='ocrx_word' id='word_1_540' title='bbox 593 4583 809 4621; x_wconf 87' lang='lat' dir='ltr'><strong>eorum.</strong></span> <span class='ocrx_word' id='word_1_541' title='bbox 832 4582 940 4619; x_wconf 93' lang='lat' dir='ltr'><strong>non</strong></span> <span class='ocrx_word' id='word_1_542' title='bbox 972 4564 1321 4619; x_wconf 87' lang='lat' dir='ltr'><strong>crediderunt</strong></span> <span class='ocrx_word' id='word_1_543' title='bbox 1350 4565 1399 4617; x_wconf 92' lang='lat' dir='ltr'><strong>in</strong></span> <span class='ocrx_word' id='word_1_544' title='bbox 1433 4580 1576 4617; x_wconf 91' lang='lat' dir='ltr'><strong>eum.</strong></span> <span class='ocrx_word' id='word_1_545' title='bbox 1612 4574 1666 4616; x_wconf 90' lang='lat' dir='ltr'><strong>ut</strong></span> <span class='ocrx_word' id='word_1_546' title='bbox 1692 4578 1872 4616; x_wconf 89' lang='lat' dir='ltr'><strong>sermo</strong></span> 
     </span>
    </p>
   </div>
   <div class='ocr_carea' id='block_1_173' title="bbox 266 4634 1873 4708">
    <p class='ocr_par' dir='ltr' id='par_1_173' title="bbox 266 4634 1873 4708">
     <span class='ocr_line' id='line_1_173' title="bbox 266 4634 1873 4708; baseline -0.005 -13"><span class='ocrx_word' id='word_1_547' title='bbox 266 4640 466 4695; x_wconf 83' lang='lat' dir='ltr'><strong>Esaiae</strong></span> <span class='ocrx_word' id='word_1_548' title='bbox 510 4638 813 4708; x_wconf 84' lang='lat' dir='ltr'><strong>Prophetae</strong></span> <span class='ocrx_word' id='word_1_549' title='bbox 854 4636 1191 4705; x_wconf 87' lang='lat' dir='ltr'><strong>impleretur.</strong></span> <span class='ocrx_word' id='word_1_550' title='bbox 1243 4652 1401 4705; x_wconf 90' lang='lat' dir='ltr'><strong>quem</strong></span> <span class='ocrx_word' id='word_1_551' title='bbox 1441 4635 1595 4708; x_wconf 69' lang='lat' dir='ltr'><strong>dixit.</strong></span> <span class='ocrx_word' id='word_1_552' title='bbox 1644 4634 1873 4708; x_wconf 75' lang='lat' dir='ltr'><strong>Domine</strong></span> 
     </span>
    </p>
   </div>
   <div class='ocr_carea' id='block_1_174' title="bbox 264 4706 1871 4783">
    <p class='ocr_par' dir='ltr' id='par_1_174' title="bbox 264 4706 1871 4783">
     <span class='ocr_line' id='line_1_174' title="bbox 264 4706 1871 4783; baseline -0.004 -20"><span class='ocrx_word' id='word_1_553' title='bbox 264 4712 391 4783; x_wconf 87' lang='lat' dir='ltr'><strong>quis</strong></span> <span class='ocrx_word' id='word_1_554' title='bbox 430 4706 665 4763; x_wconf 82' lang='lat' dir='ltr'><strong>credidit</strong></span> <span class='ocrx_word' id='word_1_555' title='bbox 705 4708 913 4783; x_wconf 68' lang='lat' dir='ltr'><strong>audilui</strong></span> <span class='ocrx_word' id='word_1_556' title='bbox 965 4719 1169 4760; x_wconf 83' lang='lat' dir='ltr'><strong>nostro.</strong></span> <span class='ocrx_word' id='word_1_557' title='bbox 1204 4714 1261 4761; x_wconf 89' lang='lat' dir='ltr'><strong>et</strong></span> <span class='ocrx_word' id='word_1_558' title='bbox 1307 4706 1620 4761; x_wconf 79' lang='lat' dir='ltr'><strong>bracchium</strong></span> <span class='ocrx_word' id='word_1_559' title='bbox 1659 4706 1871 4783; x_wconf 72' lang='lat' dir='ltr'><strong>Domini</strong></span> 
     </span>
    </p>
   </div>
   <div class='ocr_carea' id='block_1_175' title="bbox 266 4776 1867 4847">
    <p class='ocr_par' dir='ltr' id='par_1_175' title="bbox 266 4776 1867 4847">
     <span class='ocr_line' id='line_1_175' title="bbox 266 4776 1867 4847; baseline -0.006 -8"><span class='ocrx_word' id='word_1_560' title='bbox 266 4776 359 4839; x_wconf 73' lang='lat' dir='ltr'><strong>cui</strong></span> <span class='ocrx_word' id='word_1_561' title='bbox 393 4784 683 4836; x_wconf 78' lang='lat' dir='ltr'><strong>revelatum</strong></span> <span class='ocrx_word' id='word_1_562' title='bbox 717 4788 824 4834; x_wconf 89' lang='lat' dir='ltr'><strong>est.</strong></span> <span class='ocrx_word' id='word_1_563' title='bbox 867 4778 1161 4847; x_wconf 87' lang='lat' dir='ltr'><strong>Propterea</strong></span> <span class='ocrx_word' id='word_1_564' title='bbox 1193 4790 1303 4832; x_wconf 92' lang='lat' dir='ltr'><strong>non</strong></span> <span class='ocrx_word' id='word_1_565' title='bbox 1335 4787 1586 4846; x_wconf 90' lang='lat' dir='ltr'><strong>poterant</strong></span> <span class='ocrx_word' id='word_1_566' title='bbox 1620 4776 1867 4831; x_wconf 89' lang='lat' dir='ltr'><strong>credere.</strong></span> 
     </span>
    </p>
   </div>
   <div class='ocr_carea' id='block_1_176' title="bbox 266 4850 1869 4925">
    <p class='ocr_par' dir='ltr' id='par_1_176' title="bbox 266 4850 1869 4925">
     <span class='ocr_line' id='line_1_176' title="bbox 266 4850 1869 4925; baseline -0.006 -16"><span class='ocrx_word' id='word_1_567' title='bbox 266 4854 395 4925; x_wconf 83' lang='lat' dir='ltr'><strong>quia</strong></span> <span class='ocrx_word' id='word_1_568' title='bbox 424 4852 619 4909; x_wconf 87' lang='lat' dir='ltr'><strong>iterum</strong></span> <span class='ocrx_word' id='word_1_569' title='bbox 645 4850 789 4907; x_wconf 83' lang='lat' dir='ltr'><strong>dixit</strong></span> <span class='ocrx_word' id='word_1_570' title='bbox 826 4850 1037 4906; x_wconf 78' lang='lat' dir='ltr'><strong>Esaias.</strong></span> <span class='ocrx_word' id='word_1_571' title='bbox 1079 4850 1405 4905; x_wconf 78' lang='lat' dir='ltr'><strong>Excaecavit</strong></span> <span class='ocrx_word' id='word_1_572' title='bbox 1432 4850 1621 4905; x_wconf 82' lang='lat' dir='ltr'><strong>oculos</strong></span> <span class='ocrx_word' id='word_1_573' title='bbox 1657 4862 1869 4902; x_wconf 85' lang='lat' dir='ltr'><strong>eorum.</strong></span> 
     </span>
    </p>
   </div>
   <div class='ocr_carea' id='block_1_177' title="bbox 1972 4055 3562 4120">
    <p class='ocr_par' dir='ltr' id='par_1_177' title="bbox 1972 4055 3562 4120">
     <span class='ocr_line' id='line_1_177' title="bbox 1972 4055 3562 4120; baseline -0.01 -1"><span class='ocrx_word' id='word_1_574' title='bbox 1972 4072 2024 4119; x_wconf 87' lang='lat' dir='ltr'><strong>et</strong></span> <span class='ocrx_word' id='word_1_575' title='bbox 2049 4064 2317 4120; x_wconf 90' lang='lat' dir='ltr'><strong>induravit</strong></span> <span class='ocrx_word' id='word_1_576' title='bbox 2338 4080 2435 4120; x_wconf 91' lang='lat' dir='ltr'><strong>cor</strong></span> <span class='ocrx_word' id='word_1_577' title='bbox 2460 4078 2667 4118; x_wconf 92' lang='lat' dir='ltr'><strong>eorum.</strong></span> <span class='ocrx_word' id='word_1_578' title='bbox 2700 4071 2757 4116; x_wconf 93' lang='lat' dir='ltr'><strong>ut</strong></span> <span class='ocrx_word' id='word_1_579' title='bbox 2786 4078 2893 4117; x_wconf 93' lang='lat' dir='ltr'><strong>non</strong></span> <span class='ocrx_word' id='word_1_580' title='bbox 2922 4062 3138 4115; x_wconf 81' lang='lat' dir='ltr'><strong>videant</strong></span> <span class='ocrx_word' id='word_1_581' title='bbox 3164 4055 3356 4112; x_wconf 90' lang='lat' dir='ltr'><strong>oculis.</strong></span> <span class='ocrx_word' id='word_1_582' title='bbox 3380 4062 3433 4109; x_wconf 92' lang='lat' dir='ltr'><strong>et</strong></span> <span class='ocrx_word' id='word_1_583' title='bbox 3458 4068 3562 4105; x_wconf 89' lang='lat' dir='ltr'><strong>non</strong></span> 
     </span>
    </p>
   </div>
   <div class='ocr_carea' id='block_1_178' title="bbox 1972 4125 3568 4206">
    <p class='ocr_par' dir='ltr' id='par_1_178' title="bbox 1972 4125 3568 4206">
     <span class='ocr_line' id='line_1_178' title="bbox 1972 4125 3568 4206; baseline -0.009 -16"><span class='ocrx_word' id='word_1_584' title='bbox 1972 4136 2287 4206; x_wconf 79' lang='lat' dir='ltr'><strong>intellegant</strong></span> <span class='ocrx_word' id='word_1_585' title='bbox 2314 4136 2498 4191; x_wconf 83' lang='lat' dir='ltr'><strong>corde.</strong></span> <span class='ocrx_word' id='word_1_586' title='bbox 2523 4144 2994 4189; x_wconf 81' lang='lat' dir='ltr'><strong>etcouvertantur.</strong></span> <span class='ocrx_word' id='word_1_587' title='bbox 3020 4140 3074 4187; x_wconf 90' lang='lat' dir='ltr'><strong>ct</strong></span> <span class='ocrx_word' id='word_1_588' title='bbox 3095 4144 3406 4185; x_wconf 87' lang='lat' dir='ltr'><strong>sanenieos.</strong></span> <span class='ocrx_word' id='word_1_589' title='bbox 3426 4125 3568 4206; x_wconf 76' lang='lat' dir='ltr'><strong>llaec</strong></span> 
     </span>
    </p>
   </div>
   <div class='ocr_carea' id='block_1_179' title="bbox 1973 4196 3573 4278">
    <p class='ocr_par' dir='ltr' id='par_1_179' title="bbox 1973 4196 3573 4278">
     <span class='ocr_line' id='line_1_179' title="bbox 1973 4196 3573 4278; baseline -0.011 -15"><span class='ocrx_word' id='word_1_590' title='bbox 1973 4209 2117 4263; x_wconf 82' lang='lat' dir='ltr'><strong>dixit</strong></span> <span class='ocrx_word' id='word_1_591' title='bbox 2133 4196 2322 4263; x_wconf 54' lang='lat' dir='ltr'><strong>Esaias</strong></span> <span class='ocrx_word' id='word_1_592' title='bbox 2349 4208 2565 4277; x_wconf 87' lang='lat' dir='ltr'><strong>quando</strong></span> <span class='ocrx_word' id='word_1_593' title='bbox 2580 4206 2702 4259; x_wconf 72' lang='lat' dir='ltr'><strong>vi-iii</strong></span> <span class='ocrx_word' id='word_1_594' title='bbox 2721 4208 2947 4278; x_wconf 73' lang='lat' dir='ltr'><strong>gloriam</strong></span> <span class='ocrx_word' id='word_1_595' title='bbox 2964 4205 3073 4274; x_wconf 72' lang='lat' dir='ltr'><strong>ejus</strong></span> <span class='ocrx_word' id='word_1_596' title='bbox 3091 4215 3141 4278; x_wconf 85' lang='lat' dir='ltr'><strong>et</strong></span> <span class='ocrx_word' id='word_1_597' title='bbox 3166 4205 3375 4278; x_wconf 81' lang='lat' dir='ltr'><strong>locutus</strong></span> <span class='ocrx_word' id='word_1_598' title='bbox 3395 4204 3483 4278; x_wconf 76' lang='lat' dir='ltr'><strong>est</strong></span> <span class='ocrx_word' id='word_1_599' title='bbox 3504 4196 3573 4278; x_wconf 82' lang='lat' dir='ltr'><strong>de</strong></span> 
     </span>
    </p>
   </div>
   <div class='ocr_carea' id='block_1_180' title="bbox 1974 4270 3571 4346">
    <p class='ocr_par' dir='ltr' id='par_1_180' title="bbox 1974 4270 3571 4346">
     <span class='ocr_line' id='line_1_180' title="bbox 1974 4270 3571 4346; baseline -0.013 -10"><span class='ocrx_word' id='word_1_600' title='bbox 1974 4296 2061 4336; x_wconf 91' lang='lat' dir='ltr'><strong>eo.</strong></span> <span class='ocrx_word' id='word_1_601' title='bbox 2094 4270 2503 4336; x_wconf 84' lang='lat' dir='ltr'><strong>Verumtamen.</strong></span> <span class='ocrx_word' id='word_1_602' title='bbox 2544 4294 2608 4332; x_wconf 89' lang='lat' dir='ltr'><strong>ex</strong></span> <span class='ocrx_word' id='word_1_603' title='bbox 2642 4270 3004 4346; x_wconf 56' lang='lat' dir='ltr'><strong>Principibus:</strong></span> <span class='ocrx_word' id='word_1_604' title='bbox 3036 4275 3190 4328; x_wconf 92' lang='lat' dir='ltr'><strong>multi</strong></span> <span class='ocrx_word' id='word_1_605' title='bbox 3222 4270 3571 4346; x_wconf 78' lang='lat' dir='ltr'><strong>crediderunt</strong></span> 
     </span>
    </p>
   </div>
   <div class='ocr_carea' id='block_1_181' title="bbox 1976 4341 3567 4418">
    <p class='ocr_par' dir='ltr' id='par_1_181' title="bbox 1976 4341 3567 4418">
     <span class='ocr_line' id='line_1_181' title="bbox 1976 4341 3567 4418; baseline -0.011 -12"><span class='ocrx_word' id='word_1_606' title='bbox 1976 4352 2030 4406; x_wconf 84' lang='lat' dir='ltr'><strong>in</strong></span> <span class='ocrx_word' id='word_1_607' title='bbox 2058 4368 2204 4407; x_wconf 92' lang='lat' dir='ltr'><strong>eum.</strong></span> <span class='ocrx_word' id='word_1_608' title='bbox 2248 4352 2343 4405; x_wconf 88' lang='lat' dir='ltr'><strong>sed</strong></span> <span class='ocrx_word' id='word_1_609' title='bbox 2378 4360 2597 4418; x_wconf 78' lang='lat' dir='ltr'><strong>propter</strong></span> <span class='ocrx_word' id='word_1_610' title='bbox 2629 4341 2973 4402; x_wconf 71' lang='lat' dir='ltr'><strong>Pharisaeos.</strong></span> <span class='ocrx_word' id='word_1_611' title='bbox 3008 4361 3114 4399; x_wconf 90' lang='lat' dir='ltr'><strong>non</strong></span> <span class='ocrx_word' id='word_1_612' title='bbox 3146 4341 3567 4418; x_wconf 71' lang='lat' dir='ltr'><strong>conﬁtebantur.</strong></span> 
     </span>
    </p>
   </div>
   <div class='ocr_carea' id='block_1_182' title="bbox 1978 4414 3570 4494">
    <p class='ocr_par' dir='ltr' id='par_1_182' title="bbox 1978 4414 3570 4494">
     <span class='ocr_line' id='line_1_182' title="bbox 1978 4414 3570 4494; baseline -0.011 -17"><span class='ocrx_word' id='word_1_613' title='bbox 1978 4440 2045 4478; x_wconf 90' lang='lat' dir='ltr'><strong>ne</strong></span> <span class='ocrx_word' id='word_1_614' title='bbox 2074 4424 2141 4477; x_wconf 86' lang='lat' dir='ltr'><strong>de</strong></span> <span class='ocrx_word' id='word_1_615' title='bbox 2155 4414 2435 4494; x_wconf 75' lang='lat' dir='ltr'><strong>Synagoga</strong></span> <span class='ocrx_word' id='word_1_616' title='bbox 2459 4414 2795 4494; x_wconf 72' lang='lat' dir='ltr'><strong>eicerent_tir._</strong></span> <span class='ocrx_word' id='word_1_617' title='bbox 2817 4422 3127 4494; x_wconf 49' lang='lat' dir='ltr'><strong>Dilexcruiit</strong></span> <span class='ocrx_word' id='word_1_618' title='bbox 3152 4418 3316 4468; x_wconf 90' lang='lat' dir='ltr'><strong>enim.</strong></span> <span class='ocrx_word' id='word_1_619' title='bbox 3344 4414 3570 4494; x_wconf 68' lang='lat' dir='ltr'><strong>gloriam</strong></span> 
     </span>
    </p>
   </div>
   <div class='ocr_carea' id='block_1_183' title="bbox 1978 4480 3573 4563">
    <p class='ocr_par' dir='ltr' id='par_1_183' title="bbox 1978 4480 3573 4563">
     <span class='ocr_line' id='line_1_183' title="bbox 1978 4480 3573 4563; baseline -0.012 -15"><span class='ocrx_word' id='word_1_620' title='bbox 1978 4480 2254 4548; x_wconf 69' lang='lat' dir='ltr'><strong>liomiutnn</strong></span> <span class='ocrx_word' id='word_1_621' title='bbox 2281 4480 2451 4562; x_wconf 66' lang='lat' dir='ltr'><strong>magis</strong></span> <span class='ocrx_word' id='word_1_622' title='bbox 2479 4508 2637 4561; x_wconf 84' lang='lat' dir='ltr'><strong>quam</strong></span> <span class='ocrx_word' id='word_1_623' title='bbox 2661 4491 2885 4560; x_wconf 82' lang='lat' dir='ltr'><strong>gloriam</strong></span> <span class='ocrx_word' id='word_1_624' title='bbox 2916 4489 3011 4542; x_wconf 78' lang='lat' dir='ltr'><strong>Dei</strong></span> <span class='ocrx_word' id='word_1_625' title='bbox 3056 4486 3212 4539; x_wconf 76' lang='lat' dir='ltr'><strong>.Iesus</strong></span> <span class='ocrx_word' id='word_1_626' title='bbox 3252 4495 3428 4563; x_wconf 73' lang='lat' dir='ltr'><strong>autem</strong></span> <span class='ocrx_word' id='word_1_627' title='bbox 3463 4480 3573 4531; x_wconf 83' lang='lat' dir='ltr'><strong>ela-</strong></span> 
     </span>
    </p>
   </div>
   <div class='ocr_carea' id='block_1_184' title="bbox 1978 4556 3569 4630">
    <p class='ocr_par' dir='ltr' id='par_1_184' title="bbox 1978 4556 3569 4630">
     <span class='ocr_line' id='line_1_184' title="bbox 1978 4556 3569 4630; baseline -0.012 -11"><span class='ocrx_word' id='word_1_628' title='bbox 1978 4568 2142 4619; x_wconf 85' lang='lat' dir='ltr'><strong>tnavit</strong></span> <span class='ocrx_word' id='word_1_629' title='bbox 2165 4576 2220 4623; x_wconf 86' lang='lat' dir='ltr'><strong>et</strong></span> <span class='ocrx_word' id='word_1_630' title='bbox 2250 4556 2403 4618; x_wconf 60' lang='lat' dir='ltr'><strong>dixit.</strong></span> <span class='ocrx_word' id='word_1_631' title='bbox 2458 4556 2558 4630; x_wconf 70' lang='lat' dir='ltr'><strong>Qui</strong></span> <span class='ocrx_word' id='word_1_632' title='bbox 2594 4556 2767 4614; x_wconf 76' lang='lat' dir='ltr'><strong>credit</strong></span> <span class='ocrx_word' id='word_1_633' title='bbox 2796 4565 2845 4613; x_wconf 93' lang='lat' dir='ltr'><strong>in</strong></span> <span class='ocrx_word' id='word_1_634' title='bbox 2880 4576 2986 4613; x_wconf 87' lang='lat' dir='ltr'><strong>tne.</strong></span> <span class='ocrx_word' id='word_1_635' title='bbox 3020 4556 3419 4630; x_wconf 64' lang='lat' dir='ltr'><strong>nouereditiu</strong></span> <span class='ocrx_word' id='word_1_636' title='bbox 3464 4567 3569 4603; x_wconf 90' lang='lat' dir='ltr'><strong>me.</strong></span> 
     </span>
    </p>
   </div>
   <div class='ocr_carea' id='block_1_185' title="bbox 1976 4626 3572 4703">
    <p class='ocr_par' dir='ltr' id='par_1_185' title="bbox 1976 4626 3572 4703">
     <span class='ocr_line' id='line_1_185' title="bbox 1976 4626 3572 4703; baseline -0.011 -13"><span class='ocrx_word' id='word_1_637' title='bbox 1976 4637 2070 4690; x_wconf 88' lang='lat' dir='ltr'><strong>sed</strong></span> <span class='ocrx_word' id='word_1_638' title='bbox 2098 4638 2151 4689; x_wconf 92' lang='lat' dir='ltr'><strong>in</strong></span> <span class='ocrx_word' id='word_1_639' title='bbox 2183 4651 2304 4689; x_wconf 89' lang='lat' dir='ltr'><strong>eum</strong></span> <span class='ocrx_word' id='word_1_640' title='bbox 2337 4636 2425 4703; x_wconf 88' lang='lat' dir='ltr'><strong>qui</strong></span> <span class='ocrx_word' id='word_1_641' title='bbox 2454 4626 2540 4687; x_wconf 82' lang='lat' dir='ltr'><strong>me</strong></span> <span class='ocrx_word' id='word_1_642' title='bbox 2564 4634 2731 4686; x_wconf 91' lang='lat' dir='ltr'><strong>misit.</strong></span> <span class='ocrx_word' id='word_1_643' title='bbox 2758 4631 2822 4686; x_wconf 89' lang='lat' dir='ltr'><strong>Et</strong></span> <span class='ocrx_word' id='word_1_644' title='bbox 2851 4632 2940 4701; x_wconf 92' lang='lat' dir='ltr'><strong>qui</strong></span> <span class='ocrx_word' id='word_1_645' title='bbox 2984 4645 3068 4703; x_wconf 90' lang='lat' dir='ltr'><strong>me</strong></span> <span class='ocrx_word' id='word_1_646' title='bbox 3098 4626 3413 4703; x_wconf 60' lang='lat' dir='ltr'><strong>videtvidet</strong></span> <span class='ocrx_word' id='word_1_647' title='bbox 3451 4635 3572 4699; x_wconf 83' lang='lat' dir='ltr'><strong>euut</strong></span> 
     </span>
    </p>
   </div>
   <div class='ocr_carea' id='block_1_186' title="bbox 1976 4699 3575 4779">
    <p class='ocr_par' dir='ltr' id='par_1_186' title="bbox 1976 4699 3575 4779">
     <span class='ocr_line' id='line_1_186' title="bbox 1976 4699 3575 4779; baseline -0.009 -18"><span class='ocrx_word' id='word_1_648' title='bbox 1976 4710 2065 4779; x_wconf 91' lang='lat' dir='ltr'><strong>qui</strong></span> <span class='ocrx_word' id='word_1_649' title='bbox 2116 4721 2217 4779; x_wconf 84' lang='lat' dir='ltr'><strong>me</strong></span> <span class='ocrx_word' id='word_1_650' title='bbox 2260 4699 2427 4779; x_wconf 41' lang='lat' dir='ltr'><strong>mis-it.</strong></span> <span class='ocrx_word' id='word_1_651' title='bbox 2493 4704 2727 4779; x_wconf 69' lang='lat' dir='ltr'><strong>Egolux</strong></span> <span class='ocrx_word' id='word_1_652' title='bbox 2759 4703 2811 4779; x_wconf 82' lang='lat' dir='ltr'><strong>iu</strong></span> <span class='ocrx_word' id='word_1_653' title='bbox 2846 4699 3105 4758; x_wconf 84' lang='lat' dir='ltr'><strong>mundum</strong></span> <span class='ocrx_word' id='word_1_654' title='bbox 3144 4699 3374 4779; x_wconf 27' lang='lat' dir='ltr'><strong>veniant</strong></span> <span class='ocrx_word' id='word_1_655' title='bbox 3400 4703 3575 4745; x_wconf 71' lang='lat' dir='ltr'><strong>omnis</strong></span> 
     </span>
    </p>
   </div>
   <div class='ocr_carea' id='block_1_187' title="bbox 1977 4768 3354 4850">
    <p class='ocr_par' dir='ltr' id='par_1_187' title="bbox 1977 4768 3354 4850">
     <span class='ocr_line' id='line_1_187' title="bbox 1977 4768 3354 4850; baseline -0.01 -16"><span class='ocrx_word' id='word_1_656' title='bbox 1977 4768 2068 4850; x_wconf 76' lang='lat' dir='ltr'><strong>qui</strong></span> <span class='ocrx_word' id='word_1_657' title='bbox 2095 4778 2269 4834; x_wconf 90' lang='lat' dir='ltr'><strong>credit</strong></span> <span class='ocrx_word' id='word_1_658' title='bbox 2298 4778 2353 4832; x_wconf 91' lang='lat' dir='ltr'><strong>in</strong></span> <span class='ocrx_word' id='word_1_659' title='bbox 2378 4792 2465 4831; x_wconf 85' lang='lat' dir='ltr'><strong>me</strong></span> <span class='ocrx_word' id='word_1_660' title='bbox 2492 4768 2820 4831; x_wconf 54' lang='lat' dir='ltr'><strong>iu&#39;tenebris</strong></span> <span class='ocrx_word' id='word_1_661' title='bbox 2866 4792 2973 4831; x_wconf 89' lang='lat' dir='ltr'><strong>non</strong></span> <span class='ocrx_word' id='word_1_662' title='bbox 3021 4782 3255 4829; x_wconf 86' lang='lat' dir='ltr'><strong>maneat.</strong></span> <span class='ocrx_word' id='word_1_663' title='bbox 3289 4768 3354 4821; x_wconf 83' lang='lat' dir='ltr'><strong>Et</strong></span> 
     </span>
    </p>
   </div>
   <div class='ocr_carea' id='block_1_188' title="bbox 1560 4962 2293 5024">
    <p class='ocr_par' dir='ltr' id='par_1_188' title="bbox 1560 4962 2293 5024">
     <span class='ocr_line' id='line_1_188' title="bbox 1560 4962 2293 5024; baseline -0.005 -1"><span class='ocrx_word' id='word_1_664' title='bbox 1560 4964 1793 5024; x_wconf 79' lang='lat' dir='ltr'><strong>CODEX</strong></span> <span class='ocrx_word' id='word_1_665' title='bbox 1830 4962 2293 5023; x_wconf 78' lang='lat' dir='ltr'><strong>GORBEIENSIS.</strong></span> 
     </span>
    </p>
   </div>
   <div class='ocr_carea' id='block_1_189' title="bbox 342 5085 1700 5160">
    <p class='ocr_par' dir='ltr' id='par_1_189' title="bbox 342 5085 1700 5160">
     <span class='ocr_line' id='line_1_189' title="bbox 342 5085 1700 5160; baseline -0.012 -4"><span class='ocrx_word' id='word_1_666' title='bbox 342 5098 438 5156; x_wconf 77' lang='lat'><strong>55.</strong></span> <span class='ocrx_word' id='word_1_667' title='bbox 480 5094 671 5151; x_wconf 89' lang='lat' dir='ltr'><strong>Adhuc</strong></span> <span class='ocrx_word' id='word_1_668' title='bbox 686 5092 956 5147; x_wconf 92' lang='lat' dir='ltr'><strong>modicum</strong></span> <span class='ocrx_word' id='word_1_669' title='bbox 986 5098 1197 5160; x_wconf 86' lang='lat' dir='ltr'><strong>tempus</strong></span> <span class='ocrx_word' id='word_1_670' title='bbox 1226 5088 1315 5143; x_wconf 81' lang='lat' dir='ltr'><strong>lux</strong></span> <span class='ocrx_word' id='word_1_671' title='bbox 1341 5096 1424 5143; x_wconf 91' lang='lat' dir='ltr'><strong>est</strong></span> <span class='ocrx_word' id='word_1_672' title='bbox 1447 5087 1501 5142; x_wconf 90' lang='lat' dir='ltr'><strong>in</strong></span> <span class='ocrx_word' id='word_1_673' title='bbox 1521 5085 1700 5141; x_wconf 91' lang='lat' dir='ltr'><strong>vobis.</strong></span> 
     </span>
    </p>
   </div>
   <div class='ocr_carea' id='block_1_190' title="bbox 344 5162 1010 5227">
    <p class='ocr_par' dir='ltr' id='par_1_190' title="bbox 344 5162 1010 5227">
     <span class='ocr_line' id='line_1_190' title="bbox 344 5162 1010 5227; baseline -0.017 0"><span class='ocrx_word' id='word_1_674' title='bbox 344 5172 440 5227; x_wconf 75' lang='lat'><strong>37.</strong></span> <span class='ocrx_word' id='word_1_675' title='bbox 487 5184 592 5223; x_wconf 91' lang='lat' dir='ltr'><strong>non</strong></span> <span class='ocrx_word' id='word_1_676' title='bbox 617 5165 916 5220; x_wconf 83' lang='lat' dir='ltr'><strong>credebant</strong></span> <span class='ocrx_word' id='word_1_677' title='bbox 942 5162 1010 5219; x_wconf 85' lang='lat' dir='ltr'><strong>ei.</strong></span> 
     </span>
    </p>
   </div>
   <div class='ocr_carea' id='block_1_191' title="bbox 345 5232 1444 5311">
    <p class='ocr_par' dir='ltr' id='par_1_191' title="bbox 345 5232 1444 5311">
     <span class='ocr_line' id='line_1_191' title="bbox 345 5232 1444 5311; baseline -0.01 -15"><span class='ocrx_word' id='word_1_678' title='bbox 345 5242 444 5297; x_wconf 78' lang='grc'><strong>41.</strong></span> <span class='ocrx_word' id='word_1_679' title='bbox 484 5237 701 5311; x_wconf 78' lang='lat' dir='ltr'><strong>quando</strong></span> <span class='ocrx_word' id='word_1_680' title='bbox 738 5237 873 5291; x_wconf 85' lang='lat' dir='ltr'><strong>vidit</strong></span> <span class='ocrx_word' id='word_1_681' title='bbox 900 5234 920 5265; x_wconf 70' lang='lat'><strong>&quot;</strong></span> <span class='ocrx_word' id='word_1_682' title='bbox 956 5234 1275 5303; x_wconf 80' lang='lat' dir='ltr'><strong>najestatem</strong></span> <span class='ocrx_word' id='word_1_683' title='bbox 1304 5232 1444 5303; x_wconf 87' lang='lat' dir='ltr'><strong>ejus.</strong></span> 
     </span>
    </p>
   </div>
   <div class='ocr_carea' id='block_1_192' title="bbox 2048 5070 3121 5143">
    <p class='ocr_par' dir='ltr' id='par_1_192' title="bbox 2048 5070 3121 5143">
     <span class='ocr_line' id='line_1_192' title="bbox 2048 5070 3121 5143; baseline -0.013 -4"><span class='ocrx_word' id='word_1_684' title='bbox 2048 5084 2140 5139; x_wconf 67' lang='lat'><strong>42.</strong></span> <span class='ocrx_word' id='word_1_685' title='bbox 2184 5080 2403 5137; x_wconf 85' lang='lat' dir='ltr'><strong>interim</strong></span> <span class='ocrx_word' id='word_1_686' title='bbox 2439 5087 2617 5143; x_wconf 79' lang='lat' dir='ltr'><strong>tamen</strong></span> <span class='ocrx_word' id='word_1_687' title='bbox 2651 5092 2716 5133; x_wconf 84' lang='lat' dir='ltr'><strong>ex</strong></span> <span class='ocrx_word' id='word_1_688' title='bbox 2757 5070 3121 5143; x_wconf 90' lang='lat' dir='ltr'><strong>Principibus.</strong></span> 
     </span>
    </p>
   </div>
   <div class='ocr_carea' id='block_1_193' title="bbox 2055 5147 2875 5211">
    <p class='ocr_par' dir='ltr' id='par_1_193' title="bbox 2055 5147 2875 5211">
     <span class='ocr_line' id='line_1_193' title="bbox 2055 5147 2875 5211; baseline -0.013 -1"><span class='ocrx_word' id='word_1_689' title='bbox 2055 5156 2147 5211; x_wconf 88' lang='lat'><strong>46.</strong></span> <span class='ocrx_word' id='word_1_690' title='bbox 2193 5155 2247 5209; x_wconf 90' lang='lat' dir='ltr'><strong>in</strong></span> <span class='ocrx_word' id='word_1_691' title='bbox 2278 5154 2419 5208; x_wconf 90' lang='lat' dir='ltr'><strong>hunc</strong></span> <span class='ocrx_word' id='word_1_692' title='bbox 2439 5150 2703 5207; x_wconf 88' lang='lat' dir='ltr'><strong>mundum</strong></span> <span class='ocrx_word' id='word_1_693' title='bbox 2733 5147 2875 5204; x_wconf 85' lang='lat' dir='ltr'><strong>veni.</strong></span> 
     </span>
    </p>
   </div>
   <div class='ocr_carea' id='block_1_194' title="bbox 1522 5334 2365 5401">
    <p class='ocr_par' dir='ltr' id='par_1_194' title="bbox 1522 5334 2365 5401">
     <span class='ocr_line' id='line_1_194' title="bbox 1522 5334 2365 5401; baseline -0.014 0"><span class='ocrx_word' id='word_1_694' title='bbox 1522 5338 1923 5401; x_wconf 74' lang='lat' dir='ltr'><strong>VARIANTES</strong></span> <span class='ocrx_word' id='word_1_695' title='bbox 1958 5334 2365 5399; x_wconf 81' lang='lat' dir='ltr'><strong>LECTIONES.</strong></span> 
     </span>
    </p>
   </div>
   <div class='ocr_carea' id='block_1_195' title="bbox 341 5439 1877 5511">
    <p class='ocr_par' dir='ltr' id='par_1_195' title="bbox 341 5439 1877 5511">
     <span class='ocr_line' id='line_1_195' title="bbox 341 5439 1877 5511; baseline -0.009 -9"><span class='ocrx_word' id='word_1_696' title='bbox 341 5455 360 5486; x_wconf 75' lang='grc' dir='ltr'>ί</span> <span class='ocrx_word' id='word_1_697' title='bbox 399 5450 507 5501; x_wconf 75' lang='grc' dir='ltr'><strong>ϐαι.</strong></span> <span class='ocrx_word' id='word_1_698' title='bbox 530 5450 688 5499; x_wconf 82' lang='lat' dir='ltr'><strong>nescit</strong></span> <span class='ocrx_word' id='word_1_699' title='bbox 709 5460 806 5511; x_wconf 90' lang='lat' dir='ltr'><strong>quo</strong></span> <span class='ocrx_word' id='word_1_700' title='bbox 830 5446 977 5497; x_wconf 88' lang='lat' dir='ltr'><strong>vadit.</strong></span> <span class='ocrx_word' id='word_1_701' title='bbox 1006 5445 1123 5494; x_wconf 83' lang='lat' dir='ltr'><strong>Mm.</strong></span> <span class='ocrx_word' id='word_1_702' title='bbox 1150 5443 1357 5493; x_wconf 89' lang='lat' dir='ltr'><strong>nescitis</strong></span> <span class='ocrx_word' id='word_1_703' title='bbox 1378 5441 1507 5505; x_wconf 91' lang='lat' dir='ltr'><strong>quod</strong></span> <span class='ocrx_word' id='word_1_704' title='bbox 1534 5441 1695 5492; x_wconf 85' lang='lat' dir='ltr'><strong>vadat.</strong></span> <span class='ocrx_word' id='word_1_705' title='bbox 1728 5439 1877 5502; x_wconf 83' lang='lat' dir='ltr'><strong>Vulg.</strong></span> 
     </span>
    </p>
   </div>
   <div class='ocr_carea' id='block_1_196' title="bbox 274 5512 741 5573">
    <p class='ocr_par' dir='ltr' id='par_1_196' title="bbox 274 5512 741 5573">
     <span class='ocr_line' id='line_1_196' title="bbox 274 5512 741 5573; baseline -0.021 -6"><span class='ocrx_word' id='word_1_706' title='bbox 274 5517 444 5567; x_wconf 78' lang='lat' dir='ltr'><strong>neSCit</strong></span> <span class='ocrx_word' id='word_1_707' title='bbox 467 5527 561 5573; x_wconf 87' lang='lat' dir='ltr'><strong>quo</strong></span> <span class='ocrx_word' id='word_1_708' title='bbox 583 5512 741 5561; x_wconf 85' lang='lat' dir='ltr'><strong>vadat.</strong></span> 
     </span>
    </p>
   </div>
   <div class='ocr_carea' id='block_1_197' title="bbox 344 5563 1885 5635">
    <p class='ocr_par' dir='ltr' id='par_1_197' title="bbox 344 5563 1885 5635">
     <span class='ocr_line' id='line_1_197' title="bbox 344 5563 1885 5635; baseline -0.01 -6"><span class='ocrx_word' id='word_1_709' title='bbox 344 5563 366 5613; x_wconf 68' lang='grc' dir='ltr'><strong>ί</strong></span> <span class='ocrx_word' id='word_1_710' title='bbox 530 5581 575 5627; x_wconf 79' lang='lat' dir='ltr'><strong>et</strong></span> <span class='ocrx_word' id='word_1_711' title='bbox 598 5577 719 5625; x_wconf 73' lang='lat' dir='ltr'><strong>Hm.</strong></span> <span class='ocrx_word' id='word_1_712' title='bbox 746 5577 799 5625; x_wconf 83' lang='lat' dir='ltr'><strong>et</strong></span> <span class='ocrx_word' id='word_1_713' title='bbox 815 5570 1109 5635; x_wconf 77' lang='lat' dir='ltr'><strong>intellegant</strong></span> <span class='ocrx_word' id='word_1_714' title='bbox 1131 5567 1298 5620; x_wconf 87' lang='lat' dir='ltr'><strong>corde.</strong></span> <span class='ocrx_word' id='word_1_715' title='bbox 1333 5565 1481 5633; x_wconf 73' lang='lat' dir='ltr'><strong>Vulg.</strong></span> <span class='ocrx_word' id='word_1_716' title='bbox 1508 5571 1679 5617; x_wconf 90' lang='lat' dir='ltr'><strong>etnon</strong></span> <span class='ocrx_word' id='word_1_717' title='bbox 1702 5563 1885 5615; x_wconf 87' lang='lat' dir='ltr'><strong>intelli-</strong></span> 
     </span>
    </p>
   </div>
   <div class='ocr_carea' id='block_1_198' title="bbox 1984 5424 3272 5500">
    <p class='ocr_par' dir='ltr' id='par_1_198' title="bbox 1984 5424 3272 5500">
     <span class='ocr_line' id='line_1_198' title="bbox 1984 5424 3272 5500; baseline 0 -18"><span class='ocrx_word' id='word_1_718' title='bbox 1984 5430 2320 5500; x_wconf 74' lang='lat' dir='ltr'><strong>gantcorde._</strong></span> <span class='ocrx_word' id='word_1_719' title='bbox 2626 5488 2664 5500; x_wconf 43' lang='lat' dir='ltr'>ﬁ</span> <span class='ocrx_word' id='word_1_720' title='bbox 2753 5486 2767 5500; x_wconf 53' lang='grc'>,</span> <span class='ocrx_word' id='word_1_721' title='bbox 2854 5424 2933 5500; x_wconf 48' lang='lat' dir='ltr'><strong>in</strong></span> <span class='ocrx_word' id='word_1_722' title='bbox 2976 5483 3019 5500; x_wconf 34' lang='grc' dir='ltr'><strong><em>,ρ</em></strong></span> <span class='ocrx_word' id='word_1_723' title='bbox 3071 5480 3272 5500; x_wconf 34' lang='lat' dir='ltr'><strong>“9mm</strong></span> 
     </span>
    </p>
   </div>
   <div class='ocr_carea' id='block_1_199' title="bbox 2054 5483 3413 5555">
    <p class='ocr_par' dir='ltr' id='par_1_199' title="bbox 2054 5483 3413 5555">
     <span class='ocr_line' id='line_1_199' title="bbox 2054 5483 3413 5555; baseline -0.013 -10"><span class='ocrx_word' id='word_1_724' title='bbox 2054 5497 2074 5529; x_wconf 86' lang='grc'><strong><em>³</em></strong></span> <span class='ocrx_word' id='word_1_725' title='bbox 2110 5496 2215 5545; x_wconf 81' lang='lat' dir='ltr'><strong>Gut.</strong></span> <span class='ocrx_word' id='word_1_726' title='bbox 2241 5494 2322 5555; x_wconf 91' lang='lat' dir='ltr'><strong>qui</strong></span> <span class='ocrx_word' id='word_1_727' title='bbox 2348 5492 2600 5555; x_wconf 88' lang='lat' dir='ltr'><strong>misit._me.</strong></span> <span class='ocrx_word' id='word_1_728' title='bbox 2626 5488 2732 5551; x_wconf 83' lang='lat' dir='ltr'><strong>Ego</strong></span> <span class='ocrx_word' id='word_1_729' title='bbox 2753 5486 2857 5540; x_wconf 81' lang='lat' dir='ltr'><strong>lux.</strong></span> <span class='ocrx_word' id='word_1_730' title='bbox 2892 5483 3037 5551; x_wconf 86' lang='lat' dir='ltr'><strong>Vulg.</strong></span> <span class='ocrx_word' id='word_1_731' title='bbox 3064 5484 3147 5547; x_wconf 89' lang='lat' dir='ltr'><strong>qui</strong></span> <span class='ocrx_word' id='word_1_732' title='bbox 3171 5483 3299 5531; x_wconf 90' lang='lat' dir='ltr'><strong>misit</strong></span> <span class='ocrx_word' id='word_1_733' title='bbox 3317 5491 3413 5529; x_wconf 92' lang='lat' dir='ltr'><strong>me.</strong></span> 
     </span>
    </p>
   </div>
   <div class='ocr_carea' id='block_1_200' title="bbox 2054 5553 2589 5619">
    <p class='ocr_par' dir='ltr' id='par_1_200' title="bbox 2054 5553 2589 5619">
     <span class='ocr_line' id='line_1_200' title="bbox 2054 5553 2589 5619; baseline -0.009 -11"><span class='ocrx_word' id='word_1_734' title='bbox 2054 5559 2077 5590; x_wconf 74' lang='lat'><strong>‘</strong></span> <span class='ocrx_word' id='word_1_735' title='bbox 2112 5560 2217 5608; x_wconf 80' lang='lat' dir='ltr'><strong>Gut.</strong></span> <span class='ocrx_word' id='word_1_736' title='bbox 2244 5553 2451 5619; x_wconf 76' lang='lat' dir='ltr'><strong>gloriam</strong></span> <span class='ocrx_word' id='word_1_737' title='bbox 2477 5553 2589 5604; x_wconf 80' lang='lat' dir='ltr'><strong>Dei.</strong></span> 
     </span>
    </p>
   </div>
   <div class='ocr_carea' id='block_1_201' title="bbox 1604 5662 2244 5725">
    <p class='ocr_par' dir='ltr' id='par_1_201' title="bbox 1604 5662 2244 5725">
     <span class='ocr_line' id='line_1_201' title="bbox 1604 5662 2244 5725; baseline -0.013 1"><span class='ocrx_word' id='word_1_738' title='bbox 1604 5665 1970 5725; x_wconf 73' lang='lat' dir='ltr'><strong>BLANCIIINI</strong></span> <span class='ocrx_word' id='word_1_739' title='bbox 2010 5662 2244 5722; x_wconf 64' lang='lat' dir='ltr'><strong>NOTAE.</strong></span> 
     </span>
    </p>
   </div>
   <div class='ocr_carea' id='block_1_202' title="bbox 374 5770 3596 5873">
    <p class='ocr_par' dir='ltr' id='par_1_202' title="bbox 374 5770 3596 5873">
     <span class='ocr_line' id='line_1_202' title="bbox 374 5770 3596 5873; baseline -0.004 -14"><span class='ocrx_word' id='word_1_740' title='bbox 374 5806 457 5873; x_wconf 84' lang='grc' dir='ltr'><strong>(α)</strong></span> <span class='ocrx_word' id='word_1_741' title='bbox 497 5801 659 5859; x_wconf 78' lang='lat' dir='ltr'><strong>Addit</strong></span> <span class='ocrx_word' id='word_1_742' title='bbox 681 5811 921 5873; x_wconf 60' lang='lat' dir='ltr'><strong>tempus,</strong></span> <span class='ocrx_word' id='word_1_743' title='bbox 947 5809 1056 5855; x_wconf 86' lang='lat' dir='ltr'><strong>tex.</strong></span> <span class='ocrx_word' id='word_1_744' title='bbox 1091 5814 1305 5873; x_wconf 78' lang='lat' dir='ltr'><strong>quoque</strong></span> <span class='ocrx_word' id='word_1_745' title='bbox 1346 5796 1440 5855; x_wconf 88' lang='lat' dir='ltr'><strong>Gr.</strong></span> <span class='ocrx_word' id='word_1_746' title='bbox 1476 5798 1685 5873; x_wconf 68' lang='grc' dir='ltr'><strong>χρρνον.</strong></span> <span class='ocrx_word' id='word_1_747' title='bbox 1733 5786 1866 5873; x_wconf 57' lang='lat' dir='ltr'><strong>god.</strong></span> <span class='ocrx_word' id='word_1_748' title='bbox 1911 5793 2078 5873; x_wconf 44' lang='lat' dir='ltr'><strong>Bri};</strong></span> <span class='ocrx_word' id='word_1_749' title='bbox 2110 5778 2291 5851; x_wconf 60' lang='grc'><strong>11³1181.</strong></span> <span class='ocrx_word' id='word_1_750' title='bbox 2341 5781 2607 5855; x_wconf 72' lang='grc' dir='ltr'><strong>ιεηιρονὶεο</strong></span> <span class='ocrx_word' id='word_1_751' title='bbox 2658 5806 2729 5823; x_wconf 77' lang='grc'><strong><em>⁸-</em></strong></span> <span class='ocrx_word' id='word_1_752' title='bbox 2784 5774 2859 5854; x_wconf 68' lang='grc' dir='ltr'><strong>(θ)</strong></span> <span class='ocrx_word' id='word_1_753' title='bbox 2899 5773 3037 5831; x_wconf 53' lang='lat' dir='ltr'><strong>Ante</strong></span> <span class='ocrx_word' id='word_1_754' title='bbox 3074 5771 3399 5849; x_wconf 67' lang='grc' dir='ltr'><strong>ίη¹⁸¹¹ί9⁰η¹ν</strong></span> <span class='ocrx_word' id='word_1_755' title='bbox 3445 5770 3596 5839; x_wconf 56' lang='grc' dir='ltr'><strong>ἀείδει</strong></span> 
     </span>
    </p>
   </div>
   <div class='ocr_carea' id='block_1_203' title="bbox 298 5860 2219 5951">
    <p class='ocr_par' dir='ltr' id='par_1_203' title="bbox 298 5860 2219 5951">
     <span class='ocr_line' id='line_1_203' title="bbox 298 5860 2219 5951; baseline -0.01 -13"><span class='ocrx_word' id='word_1_756' title='bbox 298 5860 406 5951; x_wconf 66' lang='lat' dir='ltr'><strong>non</strong></span> <span class='ocrx_word' id='word_1_757' title='bbox 423 5860 454 5947; x_wconf 81' lang='grc'><strong>,’</strong></span> <span class='ocrx_word' id='word_1_758' title='bbox 482 5876 643 5932; x_wconf 82' lang='lat' dir='ltr'><strong>etiam</strong></span> <span class='ocrx_word' id='word_1_759' title='bbox 666 5874 723 5935; x_wconf 86' lang='lat' dir='ltr'><strong>in</strong></span> <span class='ocrx_word' id='word_1_760' title='bbox 749 5860 862 5935; x_wconf 76' lang='lat' dir='ltr'><strong>téx.</strong></span> <span class='ocrx_word' id='word_1_761' title='bbox 890 5860 988 5933; x_wconf 80' lang='lat' dir='ltr'><strong>Cr.</strong></span> <span class='ocrx_word' id='word_1_762' title='bbox 1017 5901 1090 5916; x_wconf 88' lang='lat'><strong>--</strong></span> <span class='ocrx_word' id='word_1_763' title='bbox 1108 5860 1201 5951; x_wconf 56' lang='lat' dir='ltr'><strong>&#39;(c)</strong></span> <span class='ocrx_word' id='word_1_764' title='bbox 1220 5860 1306 5939; x_wconf 70' lang='lat' dir='ltr'><strong>lla</strong></span> <span class='ocrx_word' id='word_1_765' title='bbox 1323 5880 1378 5931; x_wconf 84' lang='lat' dir='ltr'><strong>et</strong></span> <span class='ocrx_word' id='word_1_766' title='bbox 1404 5860 1531 5931; x_wconf 64' lang='lat' dir='ltr'><strong>cod.</strong></span> <span class='ocrx_word' id='word_1_767' title='bbox 1549 5869 1708 5931; x_wconf 76' lang='lat' dir='ltr'><strong>Cant.</strong></span> <span class='ocrx_word' id='word_1_768' title='bbox 1730 5867 1907 5945; x_wconf 73' lang='grc' dir='ltr'><strong>ἴκραζι</strong></span> <span class='ocrx_word' id='word_1_769' title='bbox 1932 5868 2017 5939; x_wconf 64' lang='grc' dir='ltr'><strong>καὶ</strong></span> <span class='ocrx_word' id='word_1_770' title='bbox 2036 5860 2219 5941; x_wconf 55' lang='lat' dir='ltr'><strong>ilum.</strong></span> 
     </span>
    </p>
   </div>
  </div>
