2021 3096
249 168 302 197 447
521 169 654 199 EUSEBII
675 169 844 198 VERCELL.
867 168 1091 198 EVANGELIUM
1109 168 1181 198 CUM
1201 169 1315 199 VARUS
1332 170 1409 199 COD.
1430 156 1624 199 COLLATUM.
1841 173 1888 202 418

290 221 294 225 ’
443 226 558 255 CODEX
578 227 849 258 VERCELLENSIS.
924 226 926 231 ’

253 275 297 301 47.
320 274 387 301 Etsi
402 275 463 308 quis
478 281 526 301 au-

253 310 334 337 dierit
351 310 431 337 verba

254 354 325 378 mea,
340 350 368 372 et
382 346 421 380 (ιι)
434 353 528 373 serva-

254 383 323 408 verit
338 381 366 416 ΐ,
384 386 410 408 et
425 389 476 416 ego
493 381 527 409 il-

254 417 309 444 lntn
331 426 383 443 nolt
399 417 444 451 jn-

254 453 315 480 ὀίω
331 462 336 478 :
354 461 407 479 non
424 453 497 480 enim

253 489 314 516 veni
332 489 438 522 judica-

254 533 283 552 l‘e
298 524 369 550 Inlue
386 532 464 551 mun-

255 560 329 589 dum.
347 560 394 587 sed
410 564 437 585 ut

258 597 264 610 ‘
281 596 382 622 salvum
399 595 465 621 faei—

255 638 299 658 atn
315 631 386 657 hunc
399 638 476 657 mutt-

255 666 301 694 48.
321 666 397 693 dum.
411 666 462 699 Qui
477 673 521 694 me

255 701 373 736 spernit,
389 705 417 729 et
430 709 484 730 non

256 737 355 772 accipit
368 745 430 765 ver-

256 774 291 801 ba
303 781 362 800 mea
373 794 380 805 ,
394 773 477 801 habet

256 809 301 844 qui
315 816 376 836 eum
389 808 462 844 judi-

255 849 311 872 εει.

255 879 362 913 Sermo,
376 887 457 914 quem

258 923 308 951 ego
322 915 429 943 loculus

258 969 266 978 .
288 972 294 978 .
316 959 341 978 m
359 951 430 985 illis,
447 951 493 978 ille

259 1008 266 1015 .
290 1007 296 1014 .
320 987 422 1015 dicabit
441 986 476 1015 de

256 1022 304 1050 illo
320 1023 434 1050 novissi-

255 1057 301 1086 49.
326 1066 368 1086 ma
383 1058 437 1086 die.
452 1057 521 1092 Quia

256 1101 307 1129 ego
319 1102 334 1121 τι
346 1102 390 1121 me
402 1101 456 1121 11011

256 1137 315 1157 sum
336 1130 455 1163 loculus,

254 1166 303 1193 sed
316 1166 361 1201 qui
375 1173 419 1193 me

255 1201 329 1229 misit
342 1201 434 1229 Pater.

256 1237 317 1272 Ipse
333 1238 397 1264 mihi
414 1245 490 1264 man-

255 1273 349 1300 datum
368 1273 441 1300 dedit

256 1308 321 1343 quid
340 1308 438 1340 dicam,

256 1349 284 1370 et
297 1344 360 1378 quid
376 1344 481 1378 loquar.

256 1377 312 1406 5οξ
324 1378 359 1406 Et
373 1377 429 1406 scio
442 1377 515 1414 quod

257 1415 414 1441 mandatum

258 1449 331 1477 illius
346 1450 401 1477 vita

258 1490 367 1513 aeterna
383 1490 434 1513 88l-

257 1520 331 1554 Quae
344 1529 409 1556 ergo
423 1522 464 1548 lo-

257 1564 337 1591 quor,
353 1557 424 1584 sicut

258 1593 326 1619 dixit
340 1592 406 1619 mihi
421 1592 471 1620 Pa-

259 1632 300 1656 ter
308 1649 315 1661 ,
330 1629 366 1656 ita
381 1628 487 1664 loquor.

671 281 701 304 ut
715 281 836 304 transeat

671 313 704 340 de
717 312 770 339 ltoc
784 320 861 339 Inun-

671 348 706 375 do
721 348 755 375 ad
770 348 889 381 Patrem,

672 384 787 418 diligens
802 384 858 410 dis-

671 420 776 454 cipulos
791 426 872 450 suos,

671 455 716 490 qui
734 460 812 482 erant
825 455 853 482 in

672 490 723 519 hoc
739 490 852 523 mundo,

673 534 758 562 uSque
773 526 799 553 in
816 526 896 553 linem

672 562 766 589 dilexit
780 562 851 589 illos.

671 598 699 624 2.
722 598 756 625 Et
773 605 839 625 cena
854 596 935 630 facta,

672 635 682 648 ’
698 641 758 661 cutn
772 633 868 660 diabu—

673 669 715 696 lus
729 669 881 700 seintnise-

674 709 714 732 rat
726 705 751 732 in
766 704 848 732 corde

672 740 759 768 Judae
773 740 858 768 Simo-

673 776 716 803 nis
731 776 839 803 Scario-

673 812 714 845 th,
730 816 759 839 ut
774 819 836 839 eum
852 815 908 838 tra-

672 847 700 875 5.
722 847 814 879 deret;
829 847 919 874 sciens

672 883 744 918 quod
759 883 849 910 omnia

672 919 747 946 dedit
762 918 800 945 illi
813 918 864 946 Pa-

672 958 714 982 ter
735 954 761 981 in
786 961 881 981 manus
889 975 896 987 ,

671 995 700 1018 et
712 989 784 1024 quod
803 997 817 1016 ιι
833 989 890 1016 Deo

673 1026 753 1058 exiit,
769 1030 797 1053 et
810 1025 843 1052 ad
855 1025 940 1052 Deum

672 1062 700 1089 4.
722 1061 811 1093 vadit;
826 1069 917 1088 surre-

672 1098 712 1124 xit
723 1105 737 1124 a
749 1105 815 1124 cena
825 1117 832 1129 ,
845 1100 873 1124 et
917 1098 920 1106 ‘

671 1133 762 1168 posuit
777 1133 860 1160 vesti-

671 1174 762 1196 menta
779 1176 826 1196 sua
839 1176 847 1195 Ζ

628 1228 632 1240 ,
671 1209 699 1232 et
712 1207 827 1241 sumpsit
838 1205 890 1232 lin-

673 1246 756 1273 teum.
772 1246 800 1269 et
820 1241 878 1269 cin—

672 1275 699 1303 5.
722 1277 761 1304 xit
774 1285 814 1305 se.
828 1276 932 1304 Deinde

672 1314 744 1339 misit
758 1320 854 1346 aquam

673 1350 698 1375 in
715 1349 829 1382 pelvem,
846 1355 873 1375 et

672 1384 761 1417 coepit
783 1384 853 1409 lava-

673 1427 701 1445 re
717 1418 800 1453 pedes
814 1418 893 1445 disci—

674 1455 796 1489 pulorlttn
807 1474 812 1483 ,
828 1458 855 1480 et

674 1496 779 1524 tergere
795 1490 889 1521 linteo,

673 1534 726 1560 qtto
738 1530 793 1552 erat
811 1533 889 1560 prae-

673 1559 699 1588 6.
722 1559 837 1589 cinctus.
860 1559 913 1589 Ve-

673 1597 713 1624 nit
728 1597 808 1631 igitur

673 1633 706 1659 ad
728 1633 836 1659 l’elrutn

673 1669 822 1695 Simonem.
842 1668 875 1695 Et

1322 229 1438 259 (JODEX
1453 230 1680 260 VERONENSIS.

1104 277 1150 312 qui
1171 276 1288 305 audierit

1105 312 1188 340 verba
1204 320 1273 346 mea,

1105 353 1132 376 et
1146 348 1186 384 ((ι)
1201 353 1293 375 custo-

1102 384 1185 411 dierit
1198 384 1229 419 1-,
1244 391 1294 419 ego

1104 427 1166 447 enm
1183 428 1235 446 non
1253 419 1324 454 judi—

1104 463 1136 482 co
1149 463 1155 481 :
1173 463 1227 482 non
1244 455 1315 483 enim

1105 491 1167 518 veni
1185 496 1211 518 ut
1223 491 1262 525 ju-

1104 526 1193 553 dicent
1210 535 1291 554 Inun-

1103 562 1179 593 dum.
1198 562 1246 589 sed
1262 567 1291 590 ut

1103 597 1253 625 salviﬁcem

1104 633 1246 660 mundum.

1103 668 1149 696 48.
1170 669 1220 702 Qui
1236 669 1343 704 spernit

1104 712 1158 737 me.
1173 710 1199 732 et
1215 713 1269 731 non

1103 741 1204 775 accipit
1221 740 1303 768 verba

1104 784 1164 803 mea
1173 797 1181 809 ,
1196 775 1277 804 habet

1103 813 1148 847 qni
1166 812 1269 847 jndicet

1104 855 1177 875 eum.
1194 847 1301 882 Sermo,

1104 890 1184 918 quem
1202 891 1252 918 ego

1106 918 1212 946 loculus
1227 927 1298 954 sum,

1105 954 1150 982 ille
1165 954 1270 989 judica-

1105 989 1144 1017 bit
1158 997 1219 1017 eum
1236 999 1285 1018 no—

1105 1026 1220 1053 vissimo
1236 1027 1290 1054 die.

1104 1061 1150 1089 49.
1174 1062 1242 1094 Quia
1256 1070 1307 1098 ego

1105 1105 1138 1124 ex
1151 1105 1194 1125 me
1207 1105 1266 1132 ipso

1104 1140 1157 1160 ΙΙΟΙΙ
1173 1141 1233 1161 Sull)

1103 1168 1218 1203 locutus,

1103 1207 1150 1234 sed
1165 1208 1209 1241 qui
1227 1206 1300 1234 misit

1103 1251 1146 1270 me
1159 1243 1237 1270 Pater
1247 1264 1254 1276 ,
1271 1243 1328 1277 ipse

1103 1279 1169 1306 mihi
1189 1282 1359 1313 praeceptum

1103 1315 1178 1342 dedit
1193 1314 1257 1350 quid

1102 1350 1210 1384 dicam,
1224 1356 1251 1378 et
1263 1349 1327 1384 quid

1103 1387 1149 1414 50.
1172 1387 1274 1420 loquar;
1291 1386 1325 1412 Et

1103 1430 1161 1449 seio
1174 1430 1236 1456 quta

1104 1462 1278 1492 praeceptum

1104 1493 1163 1528 ejus
1183 1494 1236 1519 vita

1104 1529 1277 1562 aeternazest.

1104 1564 1178 1598 Quae
1192 1571 1242 1598 ego
1257 1564 1297 1591 lo-

1103 1608 1182 1635 quor,
1197 1601 1267 1627 sicut

1105 1634 1173 1663 dixit
1188 1634 1252 1662 mihi

1105 1671 1195 1705 Pater,
1212 1670 1253 1699 sic
1267 1671 1306 1698 lo-

1519 285 1549 305 l'u'l
1563 282 1593 305 Ill
1606 282 1694 306 ιηιιιε-

1520 314 1570 340 iret
1583 322 1614 340 ex
1630 314 1681 341 hoc

1520 350 1618 376 mundo
1636 350 1667 376 ad
1682 349 1732 375 I’a-

1522 391 1600 415 trem.
1614 385 1728 419 diligens

1521 421 1744 461 discipulossuos
1756 440 1765 454 ,

1521 465 1566 490 (]lll
1581 462 1658 482 erant
1675 464 1699 483 ιιι

1523 493 1573 518 hoc
1590 493 1690 518 mundo
1701 513 1708 525 ,

1523 535 1608 562 usque
1622 528 1647 554 in
1662 527 1741 555 ﬁnem

1521 563 1617 591 dilexit
1629 570 1687 590 eos.

1520 599 1547 626 2.
1571 599 1603 626 Ει
1615 606 1682 626 cena
1694 598 1775 633 facta,

1520 642 1582 662 cum
1597 634 1722 662 diabulus

1518 670 1574 705 jam
1588 677 1618 697 se
1632 670 1720 697 misis-

1520 711 1561 733 set
1574 707 1599 732 in
1612 713 1658 733 cor
1668 726 1674 737 ,

1521 746 1549 767 ιιι
1566 742 1684 768 traderet

1521 786 1581 804 eum
1597 777 1679 804 Judas
1694 776 1737 803 Si-

1522 813 1610 840 monis
1626 812 1780 844 Scuriotcs;

1522 849 1547 875 '5.
1570 849 1659 875 sciens
1673 852 1762 874 auletn

1522 885 1559 919 (b)
1575 884 1653 911 .Iesus
1667 884 1687 918 ’ἲ
1703 883 1763 918 quia

1522 920 1611 956 Omnia
1628 920 1701 946 dedit

1521 957 1544 983 ei
1561 956 1640 982 Pater
1655 956 1681 982 in

1521 999 1616 1018 manus
1625 1010 1632 1017 .

1520 1031 1547 1054 et
1559 1027 1619 1061 quia
1633 1033 1649 1053 a
1664 1025 1719 1053 Deo

1519 1062 1610 1095 exivit,
1623 1066 1649 1090 et
1667 1061 1700 1088 ad

1521 1099 1603 1125 Deum
1620 1097 1708 1129 vadit;

1521 1133 1547 1161 ὦ.
1564 1135 1651 1167 surgit
1660 1141 1674 1159 ιι
1686 1139 1762 1165 cena,

1518 1175 1546 1198 et
1562 1170 1637 1205 ponit
1648 1176 1696 1196 ve-

1518 1206 1644 1233 stimenta
1659 1213 1666 1232 :
1681 1209 1709 1232 et

1519 1249 1579 1280 cum
1593 1240 1748 1280 accepisset.

1520 1277 1644 1309 linteum,
1660 1277 1783 1311 praecin-

1520 1314 1547 1341 5.
1569 1313 1608 1340 xit
1619 1310 1776 1340 se.'Deindc

1520 1349 1593 1377 misit
1605 1355 1690 1383 aquas

1520 1386 1546 1413 in
1564 1384 1669 1420 pelvem
1678 1404 1685 1416 ,
1702 1387 1730 1410 et

1521 1421 1610 1455 coepit
1629 1420 1720 1447 lavare

1522 1456 1605 1491 pedes
1619 1455 1737 1490 discipu-

1521 1493 1610 1520 lorum
1621 1513 1628 1519 .
1644 1496 1673 1518 et

1522 1533 1664 1563 extergere
1677 1525 1711 1553 de

1523 1564 1605 1591 linteo
1613 1584 1621 1597 ,
1636 1569 1689 1597 quo

1522 1604 1581 1627 erat
1594 1598 1774 1634 praecinctus.

1523 1636 1550 1663 6.
1573 1632 1653 1662 venit
1667 1632 1700 1660 ad
1714 1632 1806 1660 Simo-

1525 1678 1597 1698 nem.
1612 1670 1645 1697 Et
1655 1668 1723 1697 dixit

344 1686 458 1739 ωιῗιιτ
478 1686 547 1715 xm-
673 1686 918 1732 usitatrrteni...

257 1733 285 1760 1.
308 1732 378 1772 Ante
392 1734 465 1762 diem
483 1742 531 1763 all-
674 1740 798 1772 Domine,
815 1744 841 1766 lll
857 1741 922 1768 milli

259 1773 311 1796 tetn
323 1770 422 1810 solent-
674 1775 747 1802 lavas
764 1770 865 1810 pedes?

257 1812 318 1845 nem
336 1805 466 1846 Pascltae,
674 1811 700 1837 '7.
722 1805 902 1846 Respondeas

258 1841 348 1879 Sciens
362 1841 442 1879 Jesns
673 1846 762 1879 .Iesus,
776 1841 841 1874 dixit
853 1849 876 1875 ei
894 1857 899 1874 :

256 1875 328 1917 quod
349 1877 423 1916 venit
673 1882 742 1915 Quid
756 1875 807 1917 ego
823 1883 862 1909 la—

257 1911 323 1938 hora
342 1911 400 1946 ejus
672 1911 725 1952 cio,
742 1911 801 1945 tuvn
822 1938 828 1944 .
852 1939 858 1945 .
882 1940 889 1947 .
913 1940 920 1947 .
943 1938 950 1945 .
973 1940 979 1946 .

1105 1715 1183 1742 quor.
1525 1706 1583 1734 illi:
1601 1706 1727 1736 Domine.

1189 1741 1304 1770 CAPUT
1327 1741 1397 1770 XIII.
1525 1746 1553 1769 tu
1568 1741 1633 1769 mihi
1645 1741 1718 1768 lavas

1106 1778 1133 1805 1.
1154 1778 1225 1806 Ante
1246 1779 1318 1805 diem
1526 1776 1627 1812 pedes?

1106 1819 1196 1851 autem
1213 1814 1312 1851 festum
1573 1810 1732 1851 Respond_it_

1105 1849 1236 1882 Paschae,
1253 1850 1343 1878 sciens
1526 1848 1617 1880 .Iesus.
1632 1846 1661 1875 et
1679 1846 1748 1874 dixit

1106 1884 1186 1912 .Iesus
1201 1887 1263 1920 quia
1528 1885 1554 1920 ei
1572 1892 1578 1910 :
1593 1883 1671 1916 Quod
1685 1889 1735 1917 ego

1106 1921 1179 1948 venit
1193 1919 1253 1956 ejus
1269 1921 1319 1948 ho-
1529 1919 1609 1954 l‘acio,
1626 1923 1655 1947 tu
1669 1925 1717 1946 ne-

918 1986 1033 2016 CODEX
1053 1988 1249 2017 BRIXIANUS.

257 2039 280 2080 si
293 2038 353 2081 quis
366 2039 482 2068 audierit
495 2041 575 2069 verba
583 2051 654 2081 mea.
665 2048 693 2081 et
703 2044 932 2081 (a)crediderit1—.
942 2053 991 2081 ego
1004 2055 1058 2074 non

255 2074 352 2116 judico
369 2083 443 2116 eum.
465 2084 518 2103 non
547 2078 618 2116 enim
634 2074 750 2107 veni‘u’t
763 2081 881 2116 indicem
909 2074 1038 2109 mundum
1051 2103 1057 2109 .

257 2109 355 2151 sedul
379 2111 481 2152 salvem
506 2114 648 2152 mundum.
673 2117 723 2148 Qui
747 2109 850 2152 spernit
874 2124 928 2144 me.
951 2123 978 2145 et
1003 2126 1058 2145 non

258 2148 356 2179 accipit
385 2148 478 2187 verba
495 2156 565 2176 mea.
595 2150 677 2178 habet
692 2152 736 2187 qui
763 2148 864 2187 iudicet
893 2161 966 2180 eum.
996 2154 1060 2181 Ser-

258 2184 579 2225 uioquetnnego‘locutus
589 2194 660 2214 sum.
677 2184 734 2225 ipse
746 2184 879 2223 judicavit
894 2196 955 2216 emn
970 2190 996 2216 in
1013 2197 1061 2216 no-

259 2218 442 2260 vislsimoldie:
450 2219 519 2253 Quia
532 2229 592 2260 ego.
614 2218 706 2260 exine
721 2218 780 2258 ipso
796 2233 849 2252 non
865 2233 924 2251 smn
942 2224 1058 2252 locutus.

258 2252 365 2296 $09199}
382 2252 514 2285 Illisit’lue
527 2252 626 2296 fater.
650 2252 790 2296 ipsemihi
814 2261 969 2290 mandatum
986 2261 1061 2288 dedit

258 2288 321 2328 quid
336 2288 434 2330 dicam.
447 2295 474 2317 ct
488 2292 552 2325 quid
568 2288 673 2330 lotium".
697 2294 731 2322 Et
753 2296 809 2323 scio
824 2297 885 2330 quia
903 2288 1060 2323 Inundalum

258 2331 327 2367 eius.
342 2329 518 2367 Vlla-aeterna
531 2333 586 2367 est.
602 2329 677 2362 Quae
691 2331 763 2367 enim
788 2339 837 2367 ego
862 2332 967 2366 loquor.
990 2333 1060 2359 sicut

258 2359 407 2401 dixit-mihi
423 2361 501 2401 l’ater
515 2362 554 2401 sic
569 2359 675 2398 loquor.
691 2365 761 2394 Ante
771 2359 843 2394 ὼέιιι
858 2359 947 2394 autem
963 2367 1059 2395 festum

260 2394 390 2438 l’ais‘chae.
408 2397 499 2424 sciens
511 2394 666 2438 .lesusjptia
689 2401 761 2438 venit
778 2403 843 2429 liora
856 2403 925 2438 ejus.
941 2394 1060 2430 ultran-

259 2434 318 2458 Seat
329 2439 363 2458 ex
377 2433 427 2460 hoc
439 2433 580 2462 tnuudoad
594 2433 910 2473 Patrem.diligeussdos
924 2440 970 2473 qui
982 2447 1061 2466 erant

1111 2047 1137 2083 iu
1154 2048 1206 2075 hoc
1218 2047 1330 2075 mundo.
1349 2055 1434 2082 usque
1458 2047 1484 2074 in
1510 2046 1589 2083 linem
1604 2045 1700 2083 dilexit
1714 2052 1772 2083 eos:
1793 2044 1828 2083 Et
1846 2050 1909 2083 cepa

1112 2082 1191 2110 facta.
1206 2091 1266 2110 cum
1278 2084 1332 2117 jam
1345 2079 1480 2110 diabolus.
1494 2082 1614 2109 misisset
1626 2082 1652 2108 in
1668 2080 1858 2117 cordeJndae.
1870 2079 1911 2117 Si—

1112 2120 1200 2146 monis
1212 2113 1353 2147 Scariotis.
1371 2124 1470 2146 utenm
1486 2118 1615 2145 traderet.
1633 2117 1729 2144 Sciens
1749 2116 1787 2152 (b)
1798 2116 1880 2152 Jcstls
1891 2113 1910 2148 '1‘

1111 2155 1172 2188 quia
1185 2156 1276 2181 omnia
1291 2155 1365 2182 dedit
1383 2155 1408 2181 ei
1424 2154 1502 2181 Pater
1515 2155 1542 2181 itl
1555 2161 1666 2190 manus.
1694 2157 1722 2179 et
1746 2153 1809 2187 quia
1821 2160 1836 2178 ει
1859 2151 1912 2190 Deo

1112 2190 1204 2218 exilit.
1220 2195 1247 2217 et
1257 2190 1289 2217 ad
1307 2191 1390 2218 Deum
1410 2189 1494 2216 vadit.
1515 2190 1633 2216 surrexit
1644 2189 1677 2215 de
1688 2195 1765 2215 cena.
1778 2194 1808 2214 et
1825 2189 1913 2221 posuit

1112 2227 1272 2253 vestimenta
1293 2234 1352 2253 sua.
1368 2230 1394 2252 et
1417 2233 1456 2252 aet
1466 2225 1553 2260 ipiens
1574 2225 1687 2251 linteum
1703 2223 1857 2260 praecinxit
1872 2228 1911 2248 se.

1113 2261 1215 2288 Deinde
1233 2261 1300 2288 ludit
1322 2268 1419 2296 aquam
1438 2261 1463 2287 in
1478 2258 1595 2295 pelvem.
1610 2266 1637 2287 et
1648 2260 1739 2297 Coepit
1759 2258 1854 2297 lavare
1866 2264 1914 2297 pe-

1112 2296 1159 2324 des
1172 2294 1366 2332 discipulorum
1376 2294 1497 2324 suorum.
1510 2301 1538 2324 et
1549 2300 1694 2332 extergere
1705 2295 1739 2321 de
1746 2295 1852 2332 eodem
1865 2294 1915 2318 liu-

1113 2337 1166 2359 teo.
1183 2329 1311 2367 quo'erat
1331 2332 1512 2367 praecinctus.
1533 2331 1615 2359 Venit
1631 2329 1695 2365 ergo
1719 2330 1752 2356 ad
1772 2329 1914 2367 Simonem

1113 2364 1234 2395 Petrum.
1253 2368 1287 2395 Et
1300 2364 1366 2395 tliéit
1380 2369 1403 2395 ei
1420 2368 1527 2395 Petrus.
1548 2364 1674 2403 Domino;
1697 2371 1731 2403 tu_
1750 2366 1818 2391 mihi
1836 2364 1915 2403 lavas

1113 2404 1205 2438 pedes.
1221 2404 1372 2439 Respondit
1386 2403 1467 2431 .Iesus
1482 2407 1510 2431 et
1523 2402 1591 2431 dixit
1603 2402 1638 2430 ei.
1656 2401 1734 2436 Quod
1759 2408 1810 2436 ego
1833 2399 1913 2427 facio.

1113 2446 1141 2467 lu
1163 2439 1272 2475 ignoras
1287 2439 1380 2468 modo.

889 2501 1006 2530 CODEX
1025 2502 1260 2531 CURBEIENSIS.

363 2552 538 2594 pniittit_,_sed
554 2561 583 2584 ut
596 2557 743 2586 salvilicem
756 2559 898 2587 mundum.

363 2589 421 2632 ipse
437 2590 503 2630 mihi
517 2595 774 2632 praeceptnmgdedit
789 2596 853 2631 quid
871 2596 972 2624 dicam.

295 2623 340 2667 ΞΟ.
363 2623 469 2667 ΙῂΙξρίο
484 2623 546 2667 quia
563 2623 736 2667 praeceptum
751 2623 810 2667 ejus
825 2633 864 2659 sic
880 2623 1004 2667 eloquor.

295 2659 359 2688 CAP.
374 2658 444 2687 Xlll.
463 2658 498 2681 —'
525 2663 550 2689 l.
564 2658 623 2696 'Qui
642 2658 719 2694 eiaut
735 2658 957 2701 in'hocimundo,
969 2658 1060 2702 usque

1111 2561 1286 2660 rei???“
1301 2595 1423 2624 Simonis
1437 2594 1625 2632 Scariothilut
1645 2594 1765 2623 traderet
1782 2601 1846 2622 eum
1866 2593 1915 2622 Ju-

1132 2639 1178 2660 as:
1195 2639 1295 2660 sciens.

1132 2639 1178 2667 as;
1195 2639 1295 2660 solens.

883 2725 1087 2760 VARIAN’I‘ES‘
1095 2723 1297 2752 LECTIONES.

290 2769 300 2803 ξ
317 2770 371 2803 Qut.
383 2769 475 2803 salvum
486 2769 581 2803 faciam.
596 2770 671 2803 Vulg.
683 2771 824 2796 salvillcom.

291 2800 301 2816 ¹
319 2801 372 2828 Gut.
384 2808 440 2827 cum
450 2802 584 2834 discipulus
591 2800 758 2835 jamiuisisset
770 2803 795 2828 in
805 2803 890 2834 corde,
901 2808 957 2828 ut...
974 2803 1059 2828 Simon

1112 2771 1254 2796 Scariothis.
1272 2770 1345 2802 Vulg.
1356 2776 1412 2796 cum
1431 2769 1543 2796 diabolus
1561 2769 1610 2801 jam
1628 2770 1736 2795 misisset
1747 2770 1772 2794 in
1790 2775 1843 2799 cor,
1856 2771 1916 2793 ut...

1111 2802 1216 2827 Simonis
1225 2802 1363 2828 lseariotae.

926 2857 1110 2887 BLANCHINI
1130 2857 1245 2887 ΝΟΤΛΕ.

296 2914 334 2952 (tu)
353 2916 441 2946 Deest
453 2924 520 2950 non,
537 2918 620 2946 etiam
639 2919 665 2948 in
677 2919 737 2956 cod.
756 2918 834 2948 Cant.
851 2933 886 2938 —
909 2918 947 2954 (b)
967 2918 1048 2947 Addit
1061 2918 1153 2953 Jesut,‘
1167 2919 1248 2947 etiam
1262 2922 1314 2946 lex.
1328 2916 1376 2947 Gr.
1391 2916 1521 2947 é‘lwosy.
