2021 3096
226 1346 260 1373 de
274 1354 327 1381 quo
342 1346 424 1373 dicit?

220 100 267 129 ἄδι
489 93 624 129 EUSEBII
644 97 813 128 VERCELL.
836 95 1060 126 EVANGELIUM
1079 96 1149 127 CUM
1168 91 1282 127 VAltIlS
1302 97 1378 127 COD.
1399 84 1595 128 COLLATUM.
1823 92 1873 125 452

419 159 537 188 CODEX
558 156 827 187 VERCELLENSIS.

221 214 237 241 q
259 225 266 233 .
290 226 296 233 .
320 227 326 234 .
348 213 374 233 m
390 206 427 233 mi
448 225 455 233 .
478 225 485 232 .
507 213 536 234 e-
637 205 683 241 27.
706 203 769 236 'Et,
786 207 906 241 utacce-

220 239 262 276 ro,
285 249 329 270 me
347 250 362 268 a
380 243 395 277 ι.
416 260 424 268 .
447 261 454 268 .
478 261 485 269 .
512 260 520 268 .
544 260 551 268 .
575 260 582 268 .
639 240 677 275 pit
691 246 802 280 panem,
818 239 859 271 in-

222 284 512 305 -.......-θ
640 280 843 303 travrttneum

221 313 329 348 accipit,
345 312 416 339 acci-
638 311 763 348 Satanas.

641 346 712 374 Dicit
726 346 764 374 illi
779 344 859 379 Jcsus
875 352 882 371 :
893 343 972 380 Quod

641 382 718 415 facis,
736 383 777 408 lac
790 381 861 408 cele-

639 417 685 445 28.
707 418 772 444 rius.
788 416 874 443 Nemo
891 423 939 443 au-

641 458 694 480 tem
705 461 737 480 ex
753 452 805 485 his,
821 451 870 487 qni

639 489 846 521 recumbebant,

639 524 785 554 intellexit.
800 522 865 558 quid

637 559 683 588 29.
705 560 743 587 illi
759 557 871 586 dixerit.
888 557 953 593 Ple-

638 596 716 631 rique
730 596 802 621 cnim

639 630 840 665 existimabam,

638 667 700 701 quia
712 665 814 701 locutas

639 700 755 730 habebat
765 700 779 728 Ι
783 701 845 734 uda,

639 745 707 772 quea
722 737 790 764 dixit
812 734 848 764 illi

638 773 718 801 Jesus
733 782 739 800 :
755 773 788 800 Ut
803 776 917 806 emeret,

639 817 708 844 quae
723 815 852 836 necessa-

639 843 680 872 ria
694 848 771 872 erant
785 843 819 871 ad

641 880 713 908 diem
734 879 845 907 sollem-

642 924 703 944 nem
716 924 724 948 ;
738 920 784 942 aut
798 920 827 942 ut

220 349 260 384 pit
273 356 334 376 eum
350 348 395 383 qui

221 392 266 412 me
280 384 362 411 misit.

219 419 236 446 2
243 422 250 447 l
258 440 265 446 .
288 419 359 447 Haec
374 419 481 452 loculus

219 460 259 483 est
273 455 362 487 Jesus,
381 460 407 483 et
421 461 477 483 tur-

220 491 300 518 batus
314 495 356 518 cst
370 491 396 519 in

219 527 317 561 spiritu
333 536 338 553 2
354 532 380 553 et
395 526 492 554 testiﬁ-

220 566 264 589 tus
280 566 332 595 est,
347 561 440 589 dicens
456 569 464 588 :

221 600 319 629 Amen,
336 605 415 625 amen
428 597 469 625 di-

222 640 254 660 co
268 634 355 665 vobis,
370 633 432 668 quia

222 676 292 696 unus
306 676 338 696 ex
356 676 405 696 V0-

223 704 264 731 bis
278 704 364 731 tradet
381 711 434 731 me.

222 739 268 767 2‘2.
290 740 421 775 DiSt'ipuli
434 747 482 768 au-

224 781 277 803 tem
294 775 352 810 ejus
368 783 425 803 res-

225 811 360 846 piciebant
372 810 406 838 ad

225 847 351 877 invicem.
367 851 425 873 stu-

225 887 321 917 pentes
330 882 363 909 de
375 889 428 916 quo

224 919 270 946 25.
292 919 405 946 diceret.
423 917 488 952 Erat

224 958 315 981 autem
330 962 437 982 recum-
481 951 484 952 ⁷
641 951 805 986 pauperibus

225 990 292 1018 bcns
306 998 376 1017 unus
642 987 729 1014 daret.

225 1033 259 1052 ex
272 1025 411 1060 discipulis
643 1023 687 1060 59.
710 1022 745 1050 Ut
759 1021 864 1057 accepit
876 1021 957 1057 igitur

226 1061 286 1096 ejus
301 1062 326 1088 in
341 1062 402 1088 sinu
642 1059 688 1086 ille
700 1065 811 1096 panem,

642 1094 787 1122 confestim

643 1130 718 1157 exiit.
737 1129 802 1157 Erat
816 1136 865 1156 att-

642 1166 686 1193 ‘51.
709 1170 764 1193 tem
782 1172 845 1193 nox.
859 1164 928 1193 Cum

642 1209 707 1236 ergo
721 1201 834 1235 exisset,

641 1236 706 1264 dicit
721 1236 800 1264 Jesus
817 1245 824 1263 :

641 1272 718 1300 Nune
733 1272 852 1300 honora-

642 1312 684 1344 tus
695 1314 743 1344 '.est
757 1308 841 1335 Filius

642 1343 778 1376 hominis;
800 1348 828 1371 et
843 1343 914 1371 Deus

642 1379 804 1406 honorifica-

643 1420 685 1441 tus
699 1419 740 1442 est
756 1415 782 1440 in
797 1414 853 1441 illo.

642 1450 686 1477 32.
710 1450 743 1477 Et
758 1450 829 1477 Deus
843 1449 955 1479 honori-

642 1485 733 1512 ﬁcavit
748 1493 811 1513 eum

642 1522 669 1548 in
685 1522 754 1555 ipso,
770 1525 799 1548 et
812 1527 879 1550 con-

641 1556 732 1585 festim
746 1557 834 1584 Itono-

641 1593 755 1620 rilicabit
770 1599 843 1620 eum.

641 1629 687 1657 55.
709 1628 822 1663 Fitioli,
846 1627 935 1657 adhuc
959 1636 1021 1664 pus~

641 1664 718 1692 illum
732 1664 825 1692 vobis-

642 1708 703 1728 cum
723 1707 793 1727 sum.
810 1699 898 1733 Quac-

641 1736 701 1764 ritis
716 1744 774 1769 me;
788 1740 816 1763 et
827 1743 922 1772 quem-

641 1772 786 1799 admodum

641 1808 697 1835 dixi
709 1807 820 1835 Judaeis
835 1816 842 1835 :

641 1843 709 1877 Quia
724 1843 769 1871 ubi
782 1851 841 1871 sum

225 1096 299 1129 Jesu,
317 1097 399 1125 etiam

225 1140 305 1166 quem
317 1133 409 1166 dilige-

226 1167 272 1195 24.
293 1168 340 1196 bat
354 1168 442 1195 Jesus.
456 1167 540 1198 lunu-

225 1203 244 1231 it
259 1211 324 1239 ergo
340 1203 402 1231 huic

226 1239 319 1267 Simon
336 1239 443 1274 Petrus,

227 1275 320 1302 dicens
334 1283 340 1301 τ
358 1275 442 1303 luter-

226 1318 290 1346 roga
304 1311 349 1345 qui
363 1315 416 1343 est,

225 1381 271 1408 25.
294 1381 465 1409 Recumbens

227 1424 292 1451 ergo
306 1417 351 1444 ille
365 1424 410 1443 su-

227 1460 274 1487 pra
290 1457 383 1487 pectus

227 1486 301 1521 Jesu'.
317 1488 355 1516 ait
368 1488 405 1516 illi
423 1497 429 1516 :
445 1486 569 1520 Domine,

225 1525 271 1558 qui
287 1523 347 1552 est?

225 1560 270 1587 26.
292 1559 442 1594 Respondit
454 1567 497 1587 er-

225 1603 259 1631 go
272 1595 335 1623 Jesu
349 1604 355 1622 :
370 1594 418 1622 Ille
431 1601 482 1629 eSt,

227 1630 270 1659 eui
287 1640 336 1666 ego
351 1630 449 1658 intinc-

227 1672 282 1694 tum
298 1674 395 1701 panem

247 1709 385 1730 Ol'l'CXCI‘O.

241 1739 338 1766 utinxit
353 1746 396 1766 er-

226 1782 260 1809 go
273 1782 380 1809 panem,
395 1778 423 1802 et

226 1810 337 1837 tradidit
348 1810 395 1837 Ju-

226 1846 277 1874 dae
291 1845 427 1874 Scarioth.

1293 155 1407 194 CODEX
1428 155 1654 186 VERONENSIS.

1494 203 1598 237 accepit
1611 208 1719 237 panem,

1494 239 1615 266 introivit
1624 238 1650 265 in

1494 282 1555 301 eum
1568 274 1692 302 Satanas.

1493 310 1562 337 Dicit
1576 308 1614 345 (α)
1628 316 1695 344 ergo
1713 308 1735 345 -ι-

1494 347 1517 373 ei
1530 346 1624 372 .lcsus:
1641 344 1720 378 Quod

1077 203 1188 236 misero,
1204 210 1248 231 me

1076 240 1174 275 accipit
1190 246 1198 266 :
1212 239 1257 274 qui

1076 279 1166 302 autem
1185 282 1228 301 me
1241 281 1285 302 aC-

1075 310 1151 345 cipit.
1166 310 1264 344 accipit

1076 353 1149 379 eum,
1165 346 1211 381 qui
1224 353 1267 373 me

1075 382 1158 409 misit.
1495 381 1570 411 lacis.
1586 381 1627 407 lac
1642 389 1686 408 ce-

1075 416 1120 444 2l.
1142 417 1215 444 Haec
1227 424 1288 446 cum
1302 415 1343 444 di-
1493 418 1537 444 28.
1561 416 1652 444 lcrius.
1668 416 1725 444 Hoc
1736 423 1785 445 au-

1076 454 1159 481 xisset
1168 452 1259 487 Jesus,
1495 458 1547 479 tem
1563 460 1642 479 nemo

1493 489 1554 515 sciit
1569 487 1689 515 discurri-

1493 524 1625 556 bentium,
1640 523 1703 559 quid

1493 560 1593 587 dixerit
1610 560 1645 587 ei.

1492 596 1537 622 29.
1559 596 1674 628 Quidam
1694 593 1768 625 enim

1493 632 1634 666 putabant,

1492 668 1553 702 quia
1574 667 1677 693 loculos

1492 703 1608 729 habebat
1622 702 1717 736 Judas,

1492 739 1618 774 quoniam
1631 737 1697 774 dicit

1493 775 1517 801 ei
1533 774 1612 802 .lesus
1628 784 1634 801 :
1652 773 1719 809 Eme

1493 817 1535 843 ea,
1546 817 1616 845 quae
1627 816 1695 844 opus

1493 845 1592 873 suntin
1606 845 1683 872 vobis

1493 882 1526 908 ad
1538 881 1609 909 diem
1622 881 1738 918 festum;

1494 923 1539 944 aut
1557 922 1584 944 ut
1599 917 1689 951 egenis

1495 953 1595 987 aliquid
1610 954 1697 979 daret.

1496 989 1539 1015 50.
1561 988 1625 1015 Cum
1638 995 1701 1022 ergo

1494 1025 1642 1058 accepisset
1658 1030 1702 1057 pa-

1494 1068 1565 1091 nem,
1584 1059 1665 1086 exivit

1493 1098 1630 1122 continuo.
1650 1094 1714 1123 Erat

1493 1137 1583 1159 autem
1600 1137 1663 1159 “OX.

1492 1167 1538 1194 51.
1560 1167 1627 1194 Cum
1641 1172 1707 1201 ergo

1493 1203 1606 1234 exisset,
1621 1202 1674 1231 dici

1492 1238 1570 1266 Jesus
1584 1246 1590 1264 :
1610 1240 1640 1269 ὦ
1658 1238 1735 1263 Nunc

1492 1273 1655 1301 clarilicalus
1666 1275 1710 1299 est

1492 1309 1576 1337 Filius
1592 1307 1729 1341 hominis;
1766 1310 1767 1313 ‘

1492 1349 1520 1372 et
1537 1345 1607 1372 Deus
1621 1344 1679 1370 cla-

1492 1380 1612 1409 riticatus
1627 1383 1670 1407 est

1492 1416 1537 1444 52.
1558 1415 1584 1443 in
1594 1423 1638 1443 eo.
1651 1415 1685 1451 Et
1694 1413 1766 1449 Deus,

1493 1451 1651 1481 clariticavit

1494 1495 1556 1516 eum
1571 1487 1597 1515 in
1609 1494 1652 1514 se-

1496 1524 1621 1558 metipso,
1635 1526 1663 1555 et

1495 1560 1623 1587 continuo
1634 1558 1692 1585 cla-

1495 1595 1612 1622 riﬁcabit
1622 1601 1695 1622 cum.

1495 1631 1540 1658 55.
1562 1629 1662 1662 Filioli,
1671 1627 1717 1656 ad-

1495 1666 1548 1693 huc
1562 1665 1698 1701 modicum

1495 1702 1635 1730 vobiscum

1496 1745 1566 1766 sum.
1583 1737 1673 1771 Quae-

1496 1774 1555 1800 ritis
1564 1781 1624 1805 me;
1637 1776 1665 1801 et

1496 1809 1566 1837 sicut
1577 1804 1632 1836 dixi
1647 1804 1694 1836 Ju-

1496 1844 1572 1872 daeis
1584 1845 1653 1878 :Quo
1666 1850 1699 1872 eo

1077 490 1200 516 turbatus
1213 493 1257 516 est

1075 525 1174 560 spiritu
1191 532 1197 550 :
1213 527 1240 551 et

1075 564 1240 595 protestatus
1254 562 1305 591 est,

1075 601 1102 623 et
1113 596 1200 624 dixit:

1075 634 1173 663 Amen.
1190 637 1269 658 amen

1075 668 1137 695 dico
1150 666 1237 698 vobis,
1255 665 1317 700 quia

1076 711 1144 730 unus
1157 710 1190 730 ex
1206 701 1284 729 vobis

1076 739 1163 766 tradet
1179 745 1231 764 me.

1074 774 1120 801 22.
1142 772 1318 808 Aspicicbant

1076 817 1141 845 ergo
1154 810 1187 837 ad
1201 809 1252 835 alis

1076 843 1159 873 alium
1173 843 1311 878 discipuli,

1076 883 1206 909 esitantes
1219 879 1253 907 de
1266 886 1320 914 quo

1076 917 1190 945 diceret.

1077 952 1123 980 23.
1145 953 1209 980 Erat
1222 958 1286 986 ergo
1302 957 1350 986 re-

1077 988 1208 1016 cumbeus
1220 984 1290 1014 unus
1297 984 1309 995 ‘

1076 1032 1110 1052 ex
1124 1023 1263 1058 discipulis

1076 1060 1136 1093 ejus
1151 1060 1176 1086 in
1192 1060 1254 1086 siuti

1076 1095 1151 1125 Jesu.
1167 1102 1247 1129 quem
1259 1094 1301 1121 di-

1075 1131 1176 1166 ligebat
1190 1130 1281 1158 Jesus.

1075 1166 1119 1197 24,
1141 1166 1232 1193 lnnuit

1076 1210 1141 1237 ergo
1151 1201 1214 1229 huic

1076 1238 1170 1265 Simon
1184 1237 1293 1269 Petrus,

1075 1279 1103 1301 et
1115 1273 1182 1301 dixit
1202 1273 1227 1300 ei
1243 1273 1311 1300 :Dic

1095 1310 1136 1337 uis
1151 1309 1211 1336 est?

1141 1345 1244 1379 Itaque,
1260 1352 1321 1374 cum

1076 1381 1246 1408 recubuisset
1261 1381 1308 1408 ille

1076 1424 1158 1451 supra
1172 1421 1266 1451 pectus

1075 1452 1152 1485 Jesu,
1168 1451 1234 1479 dicit
1248 1452 1273 1478 ei
1287 1460 1294 1478 :

1077 1488 1202 1519 Domine,
1219 1487 1279 1520 quis

1075 1523 1121 1550 26.
1144 1527 1187 1551 est
1196 1523 1207 1549 ?
1221 1521 1372 1557 Respondit

1076 1559 1155 1586 Jesus
1168 1567 1174 1584 :
1189 1558 1237 1586 llle
1247 1563 1299 1592 est,

1076 1595 1120 1622 cui
1137 1594 1278 1622 intinctum

1076 1638 1174 1665 panem
1185 1638 1279 1665 porre-

1076 1673 1152 1693 ΧΘΓΟ.

1077 1702 1112 1729 Et
1122 1709 1182 1729 cum
1196 1702 1278 1730 intin-

1076 1738 1279 1772 xisset‘pauem,

1076 1774 1152 1801 dedit
1166 1774 1252 1802 Judae

1078 1809 1181 1837 Simoni
1198 1810 1265 1838 Sca-

1077 1845 1122 1873 27.
1144 1846 1241 1875 riotae.
1257 1844 1291 1872 Et
1306 1850 1335 1872 ut

887 1901 1003 1929 CODEX
1022 1901 1221 1931 BRIXIANUS.

227 1957 307 1985 quem
330 1957 381 1984 ego
400 1949 511 1977 misero.
542 1956 585 1976 me
607 1949 715 1984 accipit.
740 1949 789 1985 qui
807 1952 896 1977 autem
915 1957 958 1976 nte
978 1957 1023 1977 :ic—

226 1984 302 2021 cipit.
328 1985 426 2020 accipit
449 1993 510 2011 cum
535 1985 580 2020 qui
603 1992 646 2011 me
669 1985 751 2012 misit.
768 1984 840 2011 Haec
855 1992 917 2012 cum
939 1985 1024 2012 dixis-

228 2020 271 2049 set
293 2021 382 2048 Jesus.
406 2020 528 2048 turbatus
550 2025 591 2047 est
613 2020 719 2054 spiritu.
741 2025 767 2047 ct
787 2025 950 2055 protestatus
970 2026 1020 2048 est.

229 2063 255 2083 et
279 2057 356 2084 dixit.
385 2058 469 2083 Amen
501 2064 579 2083 amen
599 2056 659 2083 dico
680 2056 755 2083 vobis
771 2077 778 2087 ,
810 2056 870 2090 quia
897 2064 964 2083 unus
988 2064 1021 2084 ex

230 2093 305 2120 vobis
331 2091 417 2119 tradet
435 2099 488 2119 me.
512 2091 684 2125 Aspicicbaut
703 2099 767 2126 ergo
782 2091 816 2118 ad
843 2092 956 2119 invicem
968 2092 1023 2119 dis—

229 2128 322 2162 cipuli.
359 2128 518 2155 licsitantes.
544 2128 578 2155 de
613 2135 666 2162 quo
688 2127 803 2155 diceret.
835 2127 898 2154 Erat
932 2135 1023 2155 autem

231 2164 393 2191 recumbens
421 2171 489 2190 unus
512 2170 546 2190 ex
567 2163 706 2198 disupulis
726 2163 785 2197 ejus
805 2164 831 2190 io
861 2164 922 2190 sinu
947 2163 1020 2190 Jcsu.

228 2208 309 2234 quem
322 2200 448 2235 diligebat
460 2199 547 2227 Jcsus.
558 2199 719 2234 Iunuitcrgo
733 2199 794 2226 huic
805 2199 899 2226 Simon
914 2199 1021 2226 Petrus.

230 2241 255 2262 et
270 2235 335 2262 dicit
349 2237 383 2262 ci.
402 2235 541 2270 Interroga
555 2237 615 2270 quis
635 2241 677 2262 est
692 2235 728 2262 de
749 2243 802 2269 quo
817 2235 891 2261 dicit.
908 2235 1024 2261 [tecum-

231 2271 296 2298 bcns
311 2279 375 2304 ergo
388 2271 434 2298 ille
445 2279 526 2305 super
537 2276 632 2306 pectus
645 2270 719 2298 Jesu.
736 2271 771 2297 ait
784 2270 823 2298 illi
837 2270 952 2297 Domine
963 2271 1022 2305 quis

229 2312 280 2334 est.
298 2306 447 2340 Respondit
460 2306 547 2333 .Iesus.
566 2306 613 2334 Ille
628 2311 679 2333 est.
699 2306 743 2334 cui
756 2314 805 2341 ego
821 2308 961 2334 intinctum
975 2314 1022 2339 pa-

229 2350 290 2369 nem
307 2342 417 2370 dedero.
433 2342 464 2369 Et
479 2349 541 2368 cum
556 2342 709 2369 intinxisset
725 2350 831 2376 panem.
848 2342 925 2370 dedit
937 2341 1024 2370 Judae

229 2379 333 2406 Simoni
344 2377 495 2406 Scariotbe.
510 2377 543 2404 Et
553 2382 614 2412 post
626 2385 723 2419 panem
737 2383 889 2421 acceptum.
906 2383 968 2405 tunc
984 2379 1023 2405 iu-

1079 1951 1161 1978 traliit
1176 1951 1201 1978 in
1217 1958 1279 1977 eum
1293 1950 1418 1978 Satanas.
1436 1950 1506 1979 Dicit
1518 1949 1543 1978 ei
1554 1949 1645 1977 Jesus.
1662 1947 1740 1983 Quod
1757 1947 1821 1976 facis
1835 1946 1881 1975 fac

1077 1987 1203 2014 celerius.
1219 1986 1275 2014 Hoc
1286 1992 1388 2014 autetn.
1405 1994 1486 2014 nemo
1497 1986 1641 2014 intellexit.
1656 1984 1691 2012 de
1704 1983 1882 2011 discumben-

1079 2022 1159 2049 tibus.
1175 2030 1259 2058 quare
1273 2023 1371 2050 dixerit
1384 2023 1420 2049 ei.
1437 2022 1550 2056 Quidam
1565 2022 1637 2049 enim
1659 2018 1882 2058 putabant.__quia

1078 2054 1194 2085 loculuiii
1214 2058 1330 2086 habebat
1342 2054 1515 2092 Iudas-{quia
1529 2058 1643 2085 dixisset
1660 2054 1686 2083 ci
1703 2055 1783 2084 Jcsus
1797 2054 1880 2081 Eme.

1078 2102 1108 2120 ca
1124 2101 1194 2127 quae
1209 2102 1277 2129 opus
1292 2099 1356 2121 sunt
1380 2094 1458 2122 nobis
1481 2094 1514 2122 ad
1531 2094 1602 2121 diem
1617 2092 1732 2129 festum.
1750 2095 1796 2118 aut
1811 2098 1879 2124 pau-

1080 2129 1189 2164 peribus
1204 2127 1235 2156 ut'
1244 2130 1344 2164 aliquid
1359 2129 1448 2157 daret.
1462 2129 1607 2164 Accipiens
1621 2136 1685 2162 ergo
1707 2127 1752 2155 ille
1768 2134 1880 2161 panem.

1079 2167 1208 2192 continuo
1223 2166 1316 2192 exivit.
1335 2165 1399 2193 Erat
1413 2171 1502 2193 autem
1522 2173 1585 2192 uox.
1601 2165 1666 2191 llum
1680 2170 1746 2198 ergo
1761 2164 1879 2198 exis‘Sct.

1077 2200 1143 2228 dicit
1155 2200 1241 2228 Jesus.
1259 2201 1335 2228 Nunc
1350 2201 1515 2229 clarilicatus
1535 2206 1577 2228 est
1596 2199 1680 2226 Filius
1697 2197 1825 2226 hominis.
1849 2201 1879 2224 et

1077 2236 1147 2263 Deus
1162 2236 1325 2265 clarilicatus
1338 2242 1380 2264 est
1395 2238 1420 2264 in
1436 2245 1480 2265 eo.
1495 2237 1523 2263 Si
1542 2244 1607 2271 ergo
1622 2235 1694 2263 Deus
1709 2233 1878 2271 clariﬁcitus

1076 2272 1158 2298 estin
1173 2279 1215 2298 eo.
1233 2279 1260 2299 et
1278 2273 1348 2299 Deus
1368 2272 1527 2300 clarificavit
1549 2270 1611 2300 cum
1633 2271 1659 2298 in
1677 2270 1827 2304 semetip~o
1848 2273 1879 2295 et

1076 2308 1207 2334 continuo
1230 2308 1390 2335 clariﬁcavit
1414 2316 1487 2336 cum.
1509 2307 1600 2336 Filmli
1624 2306 1713 2335 adhuc
1737 2303 1880 2344 modicum

1079 2344 1206 2378 temporis
1222 2344 1360 2371 Vobiscum
1377 2352 1447 2372 sum.
1464 2343 1600 2378 Quaeritis
1614 2350 1668 2370 me.
1681 2346 1710 2370 et
1727 2342 1799 2369 sicut
1817 2340 1880 2368 dixi

1076 2376 1195 2407 Judaeis.
1203 2379 1270 2413 Quia
1285 2380 1330 2407 ubi
1339 2387 1389 2415 ego
1398 2381 1477 2407 vado.

851 2435 966 2464 CODEX
985 2436 1223 2466 CORBEIENSIS.

266 2491 313 2519 Ἥ.
335 2493 457 2521 turbatus
471 2496 514 2521 est
527 2493 553 2520 ili
568 2492 674 2528 spiritu.

267 2528 313 2564 ἓξ),
334 2536 412 2563 quem
424 2529 551 2564 diligebat
564 2528 654 2555 valde.

265 2563 312 2590 24.
334 2564 423 2601 timuit
436 2563 500 2601 ergo
515 2565 540 2598 ei
554 2565 649 2592 Simon
664 2563 775 2601 Petrus,
795 2567 823 2592 et
837 2563 906 2600 dixit
919 2563 945 2593 et
958 2572 965 2593 :
978 2563 1023 2593 ln~

231 2603 339 2635 terroga
351 2600 412 2635 quis
424 2604 466 2627 est
478 2600 489 2626 ?

263 2635 309 2666 25.
329 2636 502 2672 Recumbens
513 2640 604 2670 autem
617 2635 673 2666 ille.

1082 2493 1244 2557 d_28.nﬂoc
1255 2500 1345 2525 autem
1361 2502 1442 2523 nemo
1460 2494 1688 2524 discumbentium
1709 2493 1798 2528 scivit,
1813 2492 1884 2529 quid

1103 2538 1159 2556 txer
1194 2539 1229 2557 ει.

1103 2535 1305 2603 Ιέῗιὲϊυειιε
1320 2566 1484 2596 clarificabit
1494 2575 1556 2603 eum
1571 2568 1597 2595 in
1609 2566 1756 2603 semetipso
1772 2569 1800 2603 et
1814 2572 1883 2593 con-

1082 2601 1158 2667 tin‘uo
1176 2602 1335 2632 ctariticabit
1357 2611 1430 2634 eum.
1452 2601 1558 2642 omittiq
1578 2603 1608 2632 Si
1622 2603 1692 2631 Deus
1709 2601 1882 2640 ‘elariﬂcatus

1082 2645 1112 2665 es
1136 2645 1163 2665 in
1177 2645 1221 2666 eo.

839 2699 1038 2732 VARIANTES
1056 2699 1259 2734 LECTIONES.

259 2748 268 2764 ι
287 2748 339 2781 Gaz.
352 2748 383 2774 Et
394 2750 452 2781 tunc
463 2747 580 2781 introivit.
590 2747 652 2781 ῌνι-
671 2745 702 2781 ξι
714 2749 769 2783 post:
788 2746 924 2783 Mosellam
937 2750 1076 2785 acceptam,
1088 2749 1203 2776 introivit.
1220 2749 1293 2787 Vulg.
1306 2750 1337 2780 Et
1348 2751 1555 2790 posthtccellam.
1567 2751 1687 2784 introivit.

893 2811 1078 2848 BLANCtitNI
1094 2813 1209 2852 Nom.

263 2859 302 2897 (ιι)
315 2858 356 2889 tta
370 2863 397 2889 et
412 2864 467 2888 tex.
482 2858 530 2888 Gr.
547 2855 601 2889 οὖν.
