4042 6192
301 218 411 278 433

1288 217 1740 277 EVANGELIUM
1779 216 2150 279 SECUNDUM
2188 220 2610 287 JOHANNEMJ

698 333 928 391 CODEX
962 332 1505 392 VERCELLENSIS.

300 431 423 486 ego,
459 429 563 469 vos
584 430 693 469 non

296 487 535 558 potestis
558 487 712 540 veni-

296 574 395 614 re:
430 570 487 614 et
519 573 663 614 nunc
692 572 781 613 V0-

298 630 461 685 bisdi
510 668 526 683 .
570 671 641 684 ..

295 702 1024 758 3t.....tum....

297 773 452 826 vobis
482 773 574 834 do,
616 782 670 826 ut
696 772 779 826 di-

298 845 479 914 ligatis
502 844 758 914 invicem,

300 916 319 946 ¹
342 917 479 971 sicut
510 913 588 987 (a)
618 928 717 983 ego
745 914 784 984 αἱ·
819 914 953 972 dile~

297 988 351 1041 xi
382 1002 510 1051 vos;
547 989 621 1038 ita
646 995 701 1040 et
723 1000 816 1041 vos

297 1058 537 1128 diligatis
562 1057 648 1111 itt-

297 1130 387 1184 35.
430 1131 628 1184 vicem.
666 1128 721 1182 ln
754 1129 855 1184 hoc

299 1203 323 1230 ²
349 1202 520 1255 scient
551 1213 741 1254 omnes

298 1272 428 1341 quia
454 1273 560 1326 mei
591 1271 754 1326 disci-

300 1344 412 1413 puli
435 1345 587 1408 estis,
623 1344 667 1396 si
698 1356 789 1397 ve-

297 1431 414 1469 ram
438 1414 685 1468 dilectio-

298 1502 425 1541 nem
452 1486 706 1539 habueri-

299 1559 367 1611 tis
389 1560 531 1611 inter
554 1572 669 1609 vos.

296 1628 387 1684 56.
424 1628 561 1683 Dicit
582 1628 659 1682 illi
690 1626 879 1683 Simon

294 1700 491 1755 Petrus
522 1718 534 1752 :
570 1698 820 1768 Domine,

335 1786 405 1825 no
431 1772 615 1824 vadis?

345 1843 600 1913 espondit
629 1842 786 1899 Jesus
811 1860 823 1895 :

292 1914 413 1981 Quo
440 1930 540 1985 ego
562 1915 720 1981 vado,

293 1985 317 2015 ³
342 2002 450 2040 non
480 1993 636 2056 potes
666 1999 812 2040 nunc

295 2073 381 2129 me
410 2059 563 2127 sequi
589 2074 605 2110 :
639 2072 831 2129 seque-

294 2128 371 2183 ris
401 2141 583 2184 autem
615 2128 739 2197 pos-

293 2200 387 2254 57.
431 2209 538 2254 tea.
572 2201 708 2254 Dicit
739 2198 817 2253 illi

294 2270 490 2326 Petrus
518 2290 531 2324 :
564 2274 638 2341 (ε)
670 2270 897 2327 Domine
925 2270 965 2341 -ξ-

294 2358 465 2413 quare
486 2358 592 2397 non

295 2429 516 2484 possunt
542 2424 591 2469 te
614 2429 700 2469 se-

292 2488 385 2556 qui
412 2487 603 2539 modo?
632 2486 750 2540 ani-

292 2573 441 2612 mam
466 2573 638 2612 meam

293 2644 395 2697 pro
417 2640 470 2683 te
502 2644 715 2698 ponam.

290 2701 383 2755 58.
416 2697 722 2769 Respondit
746 2697 903 2757 Iesus
933 2714 947 2751 :

290 2773 547 2826 Animam
573 2784 655 2826 lu-

288 2859 379 2898 ani
414 2859 510 2912 pro
534 2860 620 2898 me
645 2856 745 2914 po-

288 2915 413 2970 nis?

290 2985 487 3051 Amen,
518 3003 675 3042 amen

289 3059 416 3114 dico
444 3060 562 3121 tibi,
592 3074 701 3114 non

290 3132 444 3199 prius
470 3132 646 3200 gallus

290 3203 550 3265 cantabit,
581 3201 680 3255 do-

288 3288 392 3327 nec
425 3284 480 3327 ιιι
499 3289 585 3327 me
617 3284 701 3329 ter

289 3346 550 3415 abneges.

289 3415 358 3470 Et
384 3418 465 3471 ait
490 3416 727 3486 discipu-

459 3528 702 3600 ίοΑΡυτ
742 3527 883 3584 xw.

1137 426 1399 471 vestrum.
1425 415 1446 445 ⁸
1466 412 1596 470 Cre-

1136 488 1247 542 dite
1266 488 1317 540 iit
1347 488 1535 550 Deum,
1560 496 1615 541 et

1137 558 1191 613 in
1220 572 1305 613 me
1330 558 1505 613 credi—

1136 628 1190 682 2.
1236 631 1320 684 tis.
1366 630 1419 683 In
1450 629 1613 687 domo

1138 700 1309 754 Patris
1342 702 1448 755 mei

1139 771 1447 826 mansiones

1138 844 1336 897 multae
1358 852 1513 907 sunt;

1137 914 1427 984 “,alioquin
1450 914 1532 969 di-

1136 986 1334 1040 xissem
1364 986 1535 1047 vobis.

1138 1071 1223 1122 eo,
1243 1069 1297 1111 ut
1312 1072 1541 1126 praepa-

1138 1143 1251 1182 rem
1278 1128 1435 1183 vobis
1462 1128 1542 1181 lo—

1134 1199 1190 1253 5.
1231 1213 1373 1253 cum.
1400 1198 1454 1253 Si
1484 1198 1631 1252 abic-

1134 1283 1218 1335 ro,
1250 1279 1305 1323 et
1334 1270 1354 1299 ⁶
1383 1284 1607 1341 praepa~

1136 1356 1327 1395 ravero
1351 1356 1446 1395 V0-

1136 1411 1241 1466 bis.
1264 1428 1480 1466 rursum

1137 1484 1365 1546 veniam,
1392 1492 1447 1538 et

1132 1553 1415 1609 adsumam
1443 1568 1539 1609 vos

1130 1625 1199 1679 ad
1222 1641 1324 1690 me,
1351 1636 1406 1680 et
1432 1640 1532 1693 ego

1133 1696 1224 1751 ubi
1257 1713 1399 1762 sum,
1432 1708 1485 1751 et
1514 1711 1610 1751 vos

1131 1766 1185 1839 4.
1220 1768 1358 1822 sitis.
1393 1770 1459 1822 Et
1488 1783 1594 1837 quo
1620 1767 1704 1839 (ά)
1726 1782 1821 1823 va-

1131 1838 1201 1909 do
1230 1839 1289 1909 σξη,
1324 1841 1493 1894 nostis
1522 1841 1569 1893 vi

1133 1908 1187 1963 5.
1232 1908 1338 1963 am.
1366 1910 1505 1966 Dicit
1529 1910 1606 1965 illi

1132 1981 1371 2035 Thomas
1402 2000 1414 2034 :
1447 1982 1695 2048 Domine,

1133 2054 1406 2107 nescimus

1132 2139 1239 2193 quo
1270 2124 1417 2179 vadis
1446 2142 1458 2177 :
1494 2138 1629 2193 quo-

1134 2196 1296 2250 modo
1323 2194 1392 2266 (e)
1429 2197 1447 2224 ⁷
1476 2197 1625 2251 novi—

1133 2282 1253 2321 mus
1274 2268 1311 2337 ἦα
1344 2270 1522 2322 viam?

1133 2338 1186 2412 6.
1230 2339 1319 2393 Ait
1340 2339 1582 2394 illiJesus
1606 2356 1619 2393 :
1642 2340 1757 2412 Ego
1778 2354 1897 2395 sum

1134 2410 1239 2475 via,
1266 2421 1321 2465 et
1352 2413 1492 2466 veri-

1133 2488 1236 2544 tas,
1269 2492 1323 2536 et
1349 2484 1478 2536 vita.
1507 2481 1614 2537 Ne-

1133 2567 1221 2605 mo
1247 2554 1398 2607 venit
1418 2554 1482 2606 ad

1133 2623 1369 2681 Patrem,
1406 2624 1505 2678 nisi
1537 2639 1635 2693 per

1133 2695 1186 2748 7.
1230 2711 1334 2767 me.
1362 2696 1415 2751 Si
1448 2711 1533 2748 me
1563 2709 1687 2767 cog-

1132 2766 1378 2832 novistis,
1413 2776 1469 2821 et
1488 2767 1585 2821 Pa-

1136 2844 1272 2892 trem
1304 2854 1485 2892 meum

1132 2910 1463 2978 cognovistis
1494 2926 1509 2966 :

1128 2979 1238 3049 jam
1271 2996 1334 3035 ex
1369 2981 1471 3036 hoc

1134 3053 1307 3106 nostis
1330 3052 1504 3115 illum,

1133 3132 1188 3177 et
1208 3123 1421 3179 vidistis
1452 3125 1515 3178 il-

1134 3193 1269 3247 lum.

1133 3266 1187 3319 8.
1232 3265 1380 3319 Dixit
1410 3266 1488 3322 illi
1521 3265 1729 3337 Philip-

1134 3351 1233 3405 pus
1259 3353 1273 3389 :
1307 3338 1555 3405 Domine,
1588 3352 1679 3393 os-

1138 3407 1298 3462 tende
1326 3410 1482 3463 nobis

1136 3477 1375 3544 Patrem,
1406 3489 1460 3535 et
1485 3481 1596 3535 suf-

1136 3551 1249 3605 ficit
1282 3552 1454 3606 nobis.

2434 336 2661 392 CODEX
2705 334 3161 392 VERONENSIS.

2005 431 2124 485 ego,
2160 433 2253 472 vos
2285 434 2391 470 non

2005 490 2232 557 potestis
2261 491 2450 546 venire
2476 508 2487 543 :

2004 568 2060 615 et
2089 560 2243 615 vobis
2272 561 2393 615 dico

2003 630 2185 685 modo.

2002 700 2092 755 54.
2137 702 2471 768 Praeceptum
2493 717 2688 759 novum

2001 771 2071 826 do
2097 775 2271 837 vobis,
2312 784 2367 828 ut
2393 774 2478 828 di-

2003 844 2179 914 ligatis
2213 845 2464 912 invicem,

2001 916 2141 970 sicut
2170 914 2245 986 (a)
2280 932 2379 985 ego
2409 916 2450 986 -ι-

2001 986 2161 1042 dilexi
2193 1002 2316 1051 vos;
2350 998 2407 1041 ut
2436 996 2491 1041 et

2000 1072 2095 1112 vos
2119 1058 2358 1128 diligatis
2398 1059 2479 1113 in-

2000 1129 2089 1184 55.
2134 1130 2325 1184 vicetn.
2364 1130 2418 1183 lu
2452 1129 2554 1186 hoc

1999 1212 2323 1271 cognoscent
2344 1216 2463 1256 om-

1998 1288 2118 1335 nes,
2146 1273 2269 1339 quia
2302 1272 2384 1327 di-

2000 1344 2189 1413 scipuli
2220 1343 2326 1397 mei

1998 1416 2153 1479 estis,
2184 1418 2228 1468 si
2260 1414 2393 1470 dile-

1998 1485 2350 1540 cuoneniba-

1997 1555 2223 1612 bueritis
2249 1557 2314 1611 ad

2001 1629 2100 1682 alis
2127 1631 2312 1682 alium.

1999 1699 2089 1755 56.
2124 1700 2267 1753 Dixit
2289 1700 2337 1753 ei
2362 1698 2446 1755 Si-

2000 1786 2127 1825 mon
2160 1772 2351 1825 Petrus
2380 1789 2393 1825 :

2003 1841 2251 1910 Domine,
2277 1859 2384 1914 quo

2006 2128 2165 2193 vatio,
2204 2144 2308 2183 non
2326 2136 2480 2198 potes

2005 2216 2091 2254 me
2124 2202 2279 2255 modo
2310 2201 2460 2269 sequi
2485 2219 2497 2253 :

2004 2274 2250 2342 sequeris
2280 2280 2460 2325 autent

2003 2342 2081 2468 ἑὸ)
2104 2361 2189 2398 tne
2210 2344 2486 2425 f'postea.

2042 2416 2093 2467 7.
2162 2416 2300 2468 Βιοιι
2320 2431 2367 2468 et
2397 2414 2486 2468 Pel

2042 2416 2093 2467 7.
2162 2415 2367 2469 Dicitei
2397 2414 2590 2469 Petrus
2624 2430 2638 2467 :

2003 2484 2076 2557 (ε)
2109 2486 2333 2540 nomine
2356 2484 2420 2553 τι.

2002 2572 2170 2625 quare
2193 2572 2297 2611 non

2003 2643 2222 2698 possunt
2252 2640 2301 2683 te
2329 2642 2413 2681 se-

2003 2699 2093 2770 qui
2116 2699 2275 2754 modt)
2303 2700 2326 2752 Ἰ

2005 2770 2237 2825 animant
2267 2785 2441 2825 meam

2005 2857 2201 2911 ponam
2234 2858 2331 2908 pro

2005 2922 2078 2969 te.
2118 2920 2175 2976 ὦ
2212 2912 2508 2976 Respondit

2004 2986 2052 3039 ei
2080 2985 2238 3039 Jesus
2263 3005 2275 3040 :
2304 2985 2438 3040 Atii-

2006 3072 2147 3111 mam
2181 3070 2322 3111 tuam

2007 3144 2104 3198 pro
2125 3144 2210 3184 me
2228 3128 2409 3200 ponis?

2181 3241 2407 3307 CAPUT
2450 3242 2588 3299 XIV.

2008 3338 2060 3389 1.
2101 3336 2294 3401 Atnen,
2319 3351 2479 3391 amen

2005 3408 2127 3462 dico
2155 3408 2270 3472 tibi,
2303 3423 2409 3461 non

2005 3478 2243 3533 cantavit
2265 3478 2461 3547 gallus,

2006 3550 2179 3605 donec
2210 3558 2265 3602 tu
2292 3565 2379 3604 me

2834 430 2927 469 COI‘
2949 428 3213 469 VCSll‘llm.

2834 486 3051 540 Credite
3086 488 3136 539 in
3166 487 3355 552 Deum,

2837 565 2891 611 et
2920 557 2969 610 in
3003 572 3087 611 me
3117 572 3235 611 cre-

2836 631 2889 682 2.
2932 628 3061 683 dite.
3094 629 3147 681 In
3170 628 3334 685 domo

2838 699 3012 753 Patris
3042 699 3149 755 mei

2836 772 3146 825 mansiones
3174 770 3313 825 mul-

2838 851 2922 895 tae
2951 852 3101 907 sunt;
3128 842 3170 895 si
3196 851 3353 911 quot-

2836 912 3015 967 minus
3046 914 3303 969 dixissem

2836 984 2986 1039 vobis
3014 985 3137 1053 quia

2832 1057 2970 1109 vado
3013 1071 3202 1109 parare

2834 1126 2988 1180 vobis
3015 1126 3217 1181 locum.

2832 1198 2885 1254 5.
2930 1198 2993 1252 Et
3019 1200 3061 1253 si
3086 1200 3294 1266 abiero,

2832 1277 2887 1323 et
2919 1285 3205 1338 praepara-

2832 1356 2961 1394 vero
2988 1342 3141 1397 vobis
3171 1344 3249 1395 lo-

2832 1427 2977 1477 cum,
3007 1413 3199 1467 iterum

2838 1484 3016 1549 venio,
3049 1494 3101 1537 et
3128 1483 3370 1539 accersio

2836 1570 2932 1609 vos
2960 1556 3024 1607 ad
3049 1570 3155 1621 me,
3182 1565 3239 1609 ttt

2838 1626 2925 1680 ubi
2954 1641 3053 1695 ego
3075 1642 3239 1694 sum,

2836 1708 2889 1751 et
2918 1713 3014 1751 vos
3042 1697 3182 1753 sitis.

2835 1768 2889 1842 4.
2936 1770 2999 1842 [fit
3028 1785 3133 1842 quo
3158 1770 3238 1842 (ά)
3269 1784 3361 1826 va-

2837 1839 2907 1895 do
2937 1841 2978 1910 ῒο
3000 1841 3168 1905 scitis,
3198 1839 3251 1896 et

2003 1914 2190 1967 vadis?
2298 1912 2307 1914 ἡ
2840 1912 3167 1966 viatnscitis.

1902 2028 1905 2029 ν
2001 1983 2302 2055 Ιίεεροηᾱὶι
2330 1985 2417 2040 ,Ιθο
2841 1980 2893 2035 5.
2929 1983 3063 2055 Dicit
3087 1984 3135 2037 ei
3162 1983 3308 2041 Tho-

2004 2054 2144 2111 sus:
2179 2058 2296 2125 Quo
2327 2072 2428 2124 ego
2842 2068 2957 2107 mas
2993 2072 3005 2104 :
3051 2054 3235 2109 Domi-

2841 2141 2928 2187 ne,
2960 2127 3233 2179 nescimus

2840 2196 3147 2268 quovadis:
3174 2212 3311 2268 quo-

2840 2267 3003 2321 modo
3038 2269 3176 2321 viam

2848 2338 3155 2411 (nscimus
3181 2341 3221 2411 ’ζ-
3248 2340 3271 2393 ει

2843 2410 2909 2464 6.
2932 2410 3069 2463 Dicit
3098 2412 3144 2464 ei
3176 2410 3335 2467 Jesus
3365 2429 3379 2466 :

2844 2482 2956 2550 Ego
2985 2496 3104 2561 sum
3129 2484 3236 2548 via,

2842 2562 2896 2607 et
2920 2564 3137 2618 veritas,
3155 2563 3209 2607 et

2844 2624 2970 2675 vita.
3002 2622 3171 2677 Nemo

2845 2694 2991 2775 venit
3011 2694 3078 2748 ad
3103 2695 3343 2765 Patrem,

2844 2783 2944 2819 ltlSl
2975 2781 3068 2832 per
3096 2782 3201 2821 me.

2844 2838 2897 2890 7.
2931 2837 2987 2892 Si
3010 2839 3343 2907 cognovistis

2844 2924 2951 2976 me,
2981 2918 3036 2963 et
3060 2909 3274 2965 Patrem

2846 2996 3027 3035 meum
3048 2982 3305 3051 cognovi-

2840 3054 2939 3106 stis
2969 3070 2982 3106 :
3009 3062 3065 3107 et
3099 3054 3295 3107 autodo

2841 3126 3011 3179 nostis
3036 3140 3181 3188 eum,
3212 3134 3268 3180 et

2841 3195 3051 3250 vidistis
3071 3212 3215 3251 eum.

2840 3265 2894 3321 8.
2930 3266 3069 3341 Dicit
3100 3269 3150 3341 ei
3181 3268 3389 3341 Philip-

2843 3353 2972 3406 pus:
2999 3338 3247 3409 Domine,

2840 3410 3065 3463 ostende
3082 3412 3259 3466 nobis.

2842 3478 3083 3545 Patrem,
3110 3490 3165 3535 et
3182 3484 3292 3537 sul-

2842 3550 2957 3604 ﬁcit
2988 3552 3163 3605 nobis.

3498 225 3606 281 454

1236 3602 1532 3691 Respondit
1560 3623 1717 3687 Jcsus
1741 3642 1756 3678 :
1828 3602 1829 3605 Ἴ

1136 3692 1311 3750 Tanto
1338 3704 1546 3767 tempo-

364 3624 419 3678 l.
461 3622 526 3677 lis
554 3623 666 3677 suis
702 3621 817 3677 :Ne
848 3635 985 3677 con-

292 3696 540 3752 turbetur
568 3709 665 3750 cor

2845 3622 2897 3675 9.
2926 3622 3063 3676 Dicit
3083 3623 3129 3675 ei
3154 3622 3242 3678 Je-

2844 3706 2937 3761 sus
2967 3710 2980 3748 ε
3006 3692 3180 3751 Tanto
3210 3704 3346 3755 tent-

2007 3630 2089 3676 ter
2117 3636 2303 3689 neges.

2006 3694 2125 3748 Non
2158 3692 2404 3746 turbetur

1615 3786 1849 3845 CODEX
1887 3784 2290 3846 BRIXIANUS.

290 3900 387 3940 vos
463 3900 569 3940 non
638 3883 868 3954 potestis
936 3884 1139 3939 venire.
1198 3892 1256 3940 et
1318 3884 1471 3939 vobis
1525 3885 1646 3941 dico
1700 3887 1881 3942 modo.

288 3955 597 4012 Mandatum
644 3971 845 4010 novum
893 3955 964 4009 do
1005 3955 1179 4011 vobis.
1235 3966 1295 4010 ut
1347 3956 1578 4027 diligatis
1627 3958 1877 4013 invicem.

288 4031 427 4101 sicut
459 4030 661 4101 («dego
692 4028 917 4098 fdilexi
967 4043 1081 4081 vos.
1128 4035 1185 4101 ut
1242 4039 1297 4083 et
1340 4043 1436 4083 vos
1481 4030 1706 4083 invicem
1751 4030 1877 4083 dili-

286 4100 447 4171 gatis.
490 4100 546 4153 In
596 4104 703 4171 hoc
743 4110 1073 4166 cognoscent
1132 4100 1341 4155 omnes.
1392 4102 1513 4169 quia
1570 4102 1671 4154 mei
1719 4102 1881 4157 disci-

290 4170 401 4240 puli
451 4171 602 4225 estis.
662 4170 706 4224 si
764 4171 1110 4225 diluetionem
1155 4171 1449 4226 habueritis
1499 4172 1726 4227 invicem
1786 4176 1876 4227 Di-

289 4245 363 4297 cit
393 4244 442 4296 ei
500 4243 687 4297 Simon
736 4242 945 4296 Petrus.
998 4243 1225 4297 Domine
1270 4258 1375 4313 quo
1412 4244 1575 4297 vadis.
1632 4246 1874 4313 ltespOu-

287 4313 367 4369 dit
408 4313 569 4369 Jesus
617 4315 737 4383 Quo
782 4329 881 4383 ego
936 4314 1094 4369 vado.
1154 4330 1258 4368 non
1294 4325 1446 4384 potes
1490 4331 1573 4369 me
1602 4316 1760 4369 modo
1789 4333 1878 4371 se-

287 4390 404 4455 qui.
434 4389 677 4454 sequeris
718 4396 897 4439 autem
932 4397 1138 4453 postea.
1179 4386 1317 4440 Dicit
1351 4389 1397 4459 ei
1430 4387 1637 4453 Petrus,
1672 4387 1743 4459 (ο)
1774 4388 1875 4440 Dn—

290 4460 683 4527 nnne-l-quare
729 4474 836 4511 non
866 4471 1081 4525 possum
1129 4467 1181 4511 te
1222 4458 1375 4525 sequi
1408 4458 1587 4511 modo.
1634 4458 1874 4515 animam

287 4545 466 4584 meam
500 4545 596 4598 pro
628 4542 676 4582 te
724 4544 937 4596 ponam.
992 4529 1288 4596 Restiondit
1334 4530 1411 4582 illi
1441 4529 1597 4584 Jesus
1630 4530 1873 4587 Animam

291 4609 436 4654 tuam
473 4617 569 4668 pro
591 4616 677 4654 me
705 4616 891 4670 pones.
925 4601 1094 4654 Anien
1124 4616 1279 4654 auten
1311 4600 1432 4654 dico
1464 4602 1579 4655 tibi.
1613 4620 1715 4656 non
1748 4620 1876 4657 can-

294 4674 428 4724 tavit
456 4672 629 4742 gallns
654 4672 829 4725 donec
870 4687 955 4724 me
987 4682 1066 4725 ter
1113 4687 1296 4742 neges.
1327 4674 1441 4726 Non
1492 4675 1737 4728 turbetur
1782 4691 1877 4729 cor

287 4754 553 4798 vestrum.
577 4741 812 4798 Creditis
836 4742 889 4797 in
907 4743 1078 4811 Deum
1104 4752 1158 4815 et
1187 4741 1237 4797 in
1268 4759 1353 4799 me
1383 4745 1609 4799 credite.
1636 4745 1690 4799 In
1716 4745 1877 4800 domo

1988 3882 2163 3938 Patris
2189 3883 2313 3957 mei.
2348 3884 2658 3957 mansiones
2680 3881 2885 3938 multae
2912 3894 3055 3938 sunt.
3085 3885 3383 3957 alionqnin.
3407 3886 3582 3943 dixis-

1986 3971 2101 4010 sem
2134 3956 2303 4007 vobis.
2342 3955 2477 4009 vado
2522 3970 2710 4022 parare
2741 3958 2895 4009 vobis
2928 3957 3127 4010 locum.
3163 3957 3227 4012 Et
3252 3955 3317 4011 'si
3366 3959 3571 4012 abiero.

1992 4042 2317 4096 praeparare
2350 4027 2504 4080 vobis
2540 4028 2715 4081 locum
2758 4027 2950 4081 iteiuin
3002 4031 3181 4083 venio.
3221 4039 3275 4084 et
3319 4031 3581 4099 accipiam

1985 4114 2080 4153 vos
2110 4100 2173 4151 ad
2210 4114 2295 4152 me
2328 4100 2523 4167 ipsum.
2560 4109 2617 4152 ut
2658 4101 2745 4153 ubi
2796 4114 2896 4169 ego
2939 4116 3056 4153 sum
3089 4112 3143 4155 et
3192 4118 3283 4152 vos
3326 4103 3463 4155 sitis.
3517 4104 3581 4156 Et

1984 4186 2090 4237 quo
2121 4186 2221 4239 ego
2248 4172 2388 4225 vado
2432 4171 2619 4225 nostis.
2655 4179 2709 4225 et
2740 4173 2880 4224 viam
2914 4172 3082 4224 scitis.
3123 4174 3205 4225 Ait
3236 4172 3312 4226 illi
3344 4174 3580 4227 'l‘ltontas

1983 4242 2210 4296 Domine
2242 4244 2511 4297 nescimus
2558 4258 2665 4313 quo
2694 4244 2865 4306 vadis,
2896 4254 2949 4295 et
2991 4245 3265 4311 quomodo
3296 4259 3581 4313 possumus

1985 4314 2124 4367 viain
2154 4314 2312 4367 scire.
2346 4314 2484 4369 Dicit
2506 4317 2550 4367 ei
2581 4315 2760 4369 Jesus.
2792 4314 2903 4384 Ego
2933 4330 3049 4367 sum
3083 4316 3161 4367 vi.»
3196 4328 3246 4369 et
3284 4317 3498 4369 veritas.
3528 4324 3582 4370 et

1987 4386 2115 4439 vita.
2153 4386 2321 4440 Nemo
2345 4387 2487 4440 venit
2514 4387 2581 4438 ad
2609 4387 2841 4458 Putrem.
2871 4386 2969 4438 nisi
3013 4401 3105 4451 per
3136 4402 3241 4439 me.
3276 4388 3331 4442 Si
3361 4403 3587 4458 Cognos-

1983 4458 2181 4511 cet'etis
2213 4474 2315 4511 me.
2351 4459 2537 4527 utique
2567 4469 2619 4510 et
2651 4457 2864 4510 Patrem
2891 4472 3066 4508 ineunt
3097 4460 3503 4526 cognoscerem
3528 4467 3582 4513 et

1982 4532 2181 4585 atnudo
2222 4530 2562 4599 cognoscetis
2594 4544 2715 4583 eum
2748 4538 2799 4580 et
2830 4528 3023 4599 videtis
3049 4544 3194 4580 eum.
3230 4529 3317 4583 Ait
3350 4531 3422 4583 illi
3456 4530 3584 4584 Plii-

1986 4600 2181 4667 lippus.
2233 4598 2477 4654 Domine.
2531 4600 2757 4654 ostende
2805 4598 2956 4653 nobis
2997 4599 3234 4654 Patrem.
3280 4611 3333 4657 et
3380 4602 3585 4655 Sullicit

1985 4672 2156 4727 nobis.
2181 4672 2325 4727 Dixit
2354 4673 2401 4727 ei
2430 4671 2605 4727 Jesus.
2640 4669 2812 4726 Tanto
2845 4681 3090 4745 tempore
3129 4674 3403 4735 vobiscum
3440 4687 3581 4743 sunt.

1591 4837 1826 4895 CUDEX
1863 4836 2328 4896 COBBEIENSIS.

362 4906 451 4964 54.
486 4906 840 4977 Praeceptum
872 4924 1091 4965 novum.

360 4980 491 5035 Cn.
522 4979 662 5035 XIV.
696 5010 765 5018 —
795 4980 847 5033 5.
888 4989 945 5036 et
970 4979 1210 5037 accersio
1240 4994 1336 5037 vos
1374 4979 1443 5036 ad
1482 4980 1778 5051 meipstnn.

2074 4912 2125 4963 7.
2168 4911 2222 4965 Si
2254 4911 2620 4991 cogitet-istis8
2649 4928 2757 4979 me,
2783 4924 2839 4971 et
2868 4916 3278 4991 Patremmeum
3302 4917 3599 4991 cognovis-

2000 4984 2069 5038 tis
2097 5000 2111 5037 :
2138 4993 2194 5039 et
2222 4984 2419 5041 aniodo
2448 4984 2623 5042 nosds
2648 5002 2795 5054 eum,
2825 4998 2881 5043 et
2910 4986 3125 5043 vidistis
3154 5004 3302 5045 eum.

1523 5077 1921 5137 VARIANTES
1953 5079 2363 5138 LECTIONES.

352 5150 369 5179 ί
412 5150 516 5217 (ξφ.
543 5154 672 5217 sicut
692 5156 745 5198 et
768 5162 861 5213 ego
884 5149 1039 5217 dilexi
1062 5162 1164 5217 vos,
1188 5151 1263 5217 ita
1298 5158 1349 5217 et
1390 5163 1497 5217 vos,
1524 5153 1659 5217 Mm.
1688 5152 1816 5213 sicut
1838 5157 1890 5215 et

288 5223 391 5273 ego
414 5212 567 5262 dilexi
594 5210 715 5277 ves,
764 5210 821 5263 ui
860 5210 912 5262 et
957 5227 1057 5264 vos.
1108 5210 1263 5277 Vulg.
1298 5214 1425 5275 sicut
1469 5213 1623 5266 dilexi
1667 5210 1790 5278 vos,
1834 5210 1891 5267 ut

289 5284 342 5323 et
367 5291 393 5322 ν
457 5314 467 5323 .

350 5340 373 5404 ξ
396 5289 527 5389 obsim.
553 5346 851 5401 cognoscent
870 5340 1111 5391 homines.
1140 5340 1286 5404 Vulg.
1310 5347 1613 5404 cognoscent
1632 5351 1821 5391 omnes.

285 5401 376 5513 do’
418 5403 520 5515 Gali.
548 5414 645 5450 nou
670 5411 810 5466 potes
834 5409 887 5453 tu
901 5405 1043 5468 sequi
1069 5418 1166 5456 me.
1221 5401 1493 5469 Vulgfnou
1518 5410 1660 5467 potes
1678 5417 1759 5454 me
1780 5416 1886 5455 mo-

377 5478 499 5529 sequ
526 5500 537 5513 .
838 5528 857 5529 ί
1594 5528 1613 5529 η

354 5530 378 5559 δ
417 5528 524 5597 ϐαι.
566 5531 618 5595 ,ᾳ
656 5530 779 5597 illm,
823 5528 1025 5597 Credite
1078 5531 1128 5599 in
1164 5530 1345 5595 Deum.
1388 5529 1536 5599 mg.
1583 5528 1797 5589 Creditis
1834 5530 1888 5581 in

1997 5151 2176 5201 Deum.

2059 5215 2080 5283 ξ
2116 5218 2236 5283 51m.
2260 5216 2474 5278 alioquin
2498 5213 2751 5283 dixissem.
2796 5215 2940 5281 Vulg.
2966 5222 3006 5271 si
3032 5232 3129 5283 quo
3153 5223 3311 5277 minus
3331 5224 3587 5279 dixissem.

2060 5277 2080 5306 ⁸
2116 5278 2219 5328 Gal.
2246 5277 2633 5353 paravero_...et
2671 5278 2755 5329 ubi
2778 5277 3241 5353 sum'ego,'et_vos
3278 5277 3400 5337 sitis.
3436 5286 3583 5353 Vulg.

1996 5352 2417 5407 praeparaverann
2442 5348 2495 5392 ttt
2518 5341 2600 5407 ubi
2621 5354 2729 5403 sum
2746 5356 2861 5407 ego,
2888 5341 3047 5403 et'vos
3068 5348 3191 5403 sitis.
3528 5341 3545 5371 τ

2060 5403 2083 5473 ’ξ
2117 5408 2221 5473 gat.
2242 5418 2499 5473 possumus
2525 5404 2645 5453 viam
2670 5403 3015 5473 nossefl’ulg.
3038 5411 3161 5458 viam
3186 5412 3332 5459 scire.

2060 5465 2223 5539 '“Gat.
2243 5465 2349 5539 me,
2374 5476 2425 5517 et
2448 5467 2644 5517 Patrem
2670 5483 2834 5539 meum
2852 5465 3216 5539 cogn'ovissetis.
3265 5475 3384 5521 Mm.
3406 5486 3507 5539 me,
3533 5481 3585 5527 et

1992 5529 2190 5585 forsitan
2215 5536 2269 5581 et
2283 5530 2481 5582 Patrem
2497 5544 2665 5585 meum
2682 5534 2854 5603 utique
2872 5529 3244 5597 cognovimus.

1616 5616 1991 5675 BLANCHIM
2032 5616 2267 5687 NOTAE.

367 5688 648 5771 (aLAdd-it
678 5708 790 5765 ego,
817 5690 987 5771 etiam.
1009 5691 1132 5747 cod.
1156 5691 1307 5771 cant.
1326 5693 1452 5771 gyro.
1481 5720 1550 5729 —
1574 5688 1648 5759 (ὁ)
1686 5690 1843 5771 addit
1872 5700 2129 5771 mente}.
2178 5704 2414 5771 quoque
2440 5687 2535 5771 ρι’.
2576 5699 2683 5771 μοι.
2709 5718 2781 5771 ιτ-
2802 5688 2878 5771 ίο)
2908 5689 3071 5771 Addit
3112 5690 3349 5768 Domine,
3396 5698 3598 5771 pariter

291 5759 407 5821 lex.
432 5759 528 5819 Gr.
563 5759 725 5839 κὺριςῖ
754 5795 823 5805 -
850 5762 931 5836 (d)
962 5762 1101 5821 Ante
1124 5764 1275 5832 vado,
1309 5759 1461 5821 deest
1491 5779 1605 5833 ego,
1638 5762 1797 5817 etiam
1829 5762 1883 5818 in
1908 5761 2029 5819 cod.
2056 5759 2214 5817 Cant.
2252 5759 2323 5802 -έ
2346 5759 2419 5831 (e)
2449 5759 2523 5816 Ita
2567 5759 2622 5816 et
2646 5761 2767 5816 cod.
2796 5759 2948 5818 Cant.
2979 5760 3201 5838 οἴδαμεν.
