4042 6192
245 261 349 320 881

244 476 426 544 vobis,
460 484 520 531 ut
545 490 670 543 gau-

248 549 396 602 dium
431 562 614 603 meum

245 620 304 672 in
332 619 493 674 vobis
523 619 609 679 sit,
637 625 691 672 et

245 690 508 760 gaudium
543 704 658 742 ves—

247 771 392 816 trum
417 760 638 829 implea—

251 833 341 886 l2.
387 841 494 886 tttr.
530 832 638 884 Hoc
659 838 741 885 est
768 842 916 883 man-

250 904 435 958 datum
462 916 663 965 meum,

249 984 311 1029 ut
340 974 570 1045 diligatis
596 972 678 1026 in-

247 1047 447 1108 vicem,
478 1045 619 1097 sicut

249 1127 309 1173 et
333 1132 435 1186 ego
462 1114 624 1186 dilexi

251 1189 342 1242 15.
373 1184 503 1240 vos.
537 1184 739 1254 Majore

250 1259 396 1314 banc.
425 1256 623 1312 carita-

252 1341 362 1384 tem
387 1341 548 1384 nemo
571 1326 667 1380 ha-

249 1401 346 1456 bet
361 1443 376 1467 ,
413 1408 469 1453 ut
494 1398 729 1451 animam

251 1487 407 1527 suam
445 1467 712 1550 (o)'ponat
740 1470 782 1536 1-

249 1557 356 1613 pro
384 1555 574 1613 amt_c_ts
601 1554 692 1594 su-

255 1607 346 1669 14.
392 1614 458 1666 is.
487 1608 600 1664 Vos
631 1607 793 1664 amici

1220 261 1671 322 EVANGELIUM
1699 261 2072 322 SECUNDUM
2109 263 2494 322 JOHANNEM.

631 377 859 437 CODEX
897 376 1438 438 VERCELLENSIS.

1075 473 1206 538 odit,
1238 474 1431 528 scitote

1076 545 1197 612 quia
1227 561 1313 598 me
1340 545 1442 613 pri-

1078 629 1140 666 us
1163 616 1236 684 (c)
1281 615 1437 669 odiit.

1083 685 1168 740 19.
1212 687 1268 741 Si
1301 688 1367 740 de
1408 688 1509 741 hoc
1540 701 1692 742 mun-

1081 761 1150 815 do
1175 759 1385 822 essetis,
1410 774 1567 813 mun-

1082 831 1180 886 dus
1207 845 1303 884 vos
1335 833 1519 898 utique

1085 911 1327 957 amaret:
1377 903 1502 970 quia

1081 985 1256 1027 autem
1291 973 1358 1026 de
1401 973 1503 1026 hoc

1084 1044 1285 1098 mundo
1312 1058 1416 1096 non

1084 1116 1234 1178 estis,
1277 1113 1370 1168 sed
1395 1128 1496 1182 ego

1087 1187 1220 1254 elegi
1252 1200 1346 1239 vos
1374 1185 1442 1238 de

1090 1257 1189 1311 boc
1219 1255 1442 1320 mundo,
1473 1254 1593 1309 ideo

1087 1342 1184 1381 vos
1229 1327 1344 1381 odit
1378 1342 1535 1380 mun-

1090 1399 1209 1452 dus.

1089 1468 1182 1524 20.
1225 1468 1492 1523 Memores
1529 1473 1674 1522 esto—

1095 1550 1147 1595 te
1173 1538 1463 1602 sermonis,

1091 1610 1230 1681 quod
1253 1624 1354 1679 ego
1385 1609 1494 1662 dixi

2368 382 2598 440 CODEX
2639 383 3087 442 VERONENSIS.

1941 491 2060 531 sum
2090 476 2267 541 vobis,
2294 484 2355 530 ut

1941 548 2192 618 gaudium
2217 563 2394 602 meum

1945 621 1995 672 iu
2025 619 2178 673 Vobis
2210 621 2299 684 sit,

1945 699 1998 744 et
2020 690 2269 760 gaudium

1943 771 2180 814 vestrum
2211 760 2432 829 implea-

1948 832 2034 886 l2.
2079 841 2181 885 tur.
2212 832 2322 886 lloc
2347 837 2430 884 est

1949 912 2287 970 praeceptum

1948 989 2152 1034 memu,
2187 983 2244 1026 ut
2268 975 2348 1027 di-

1948 1044 2127 1112 ligatis
2152 1046 2402 1110 invicem,

1949 1116 2087 1168 sicut
2106 1115 2265 1168 dilexi

1953 1186 2040 1239 15.
2085 1199 2199 1240 vos.
2243 1184 2497 1253 Maiorem

1953 1255 2053 1310 hac
2081 1256 2424 1309 dilecdonem

1955 1341 2115 1381 nemo
2133 1326 2313 1391 habet,

1955 1407 2011 1450 ut
2039 1397 2273 1450 animam

1956 1483 2106 1523 suam
2140 1467 2404 1549 (exponat
2428 1469 2468 1538 -ι-

1959 1556 2056 1606 pro
2079 1541 2265 1592 amicis
2294 1541 2424 1592 suis.

1961 1609 2047 1663 14.
2093 1609 2200 1663 Vos
2242 1611 2402 1664 amici
2433 1612 2536 1666 mei

2773 477 2910 545 galis
2941 477 3194 536 invicem.

2778 548 2864 602 18.
2909 547 2963 602 Si
2996 548 3226 603 mundus

2776 635 2868 672 vos
2901 619 3033 685 odit,
3078 620 3182 672 sci-

2775 698 2885 745 tote
2914 691 3164 758 quoniam

2776 777 2862 815 me
2891 762 2964 826 (ιτ)
2998 762 3144 830 prio-

2779 848 2892 886 rem
2922 831 2962 901 1-
2993 832 3118 886 odio

2782 904 2985 956 habuit.

2783 973 2868 1026 19.
2911 974 2965 1026 Si
2993 973 3058 1028 de
3087 972 3286 1028 mundo

2780 1043 3037 1109 fuissetis,
3074 1061 3225 1099 mun-

2782 1117 2903 1179 dus,
2947 1115 3088 1184 quod

2785 1202 2940 1240 suum
2984 1195 3118 1252 erat,

2787 1257 3038 1326 diligeret
3069 1275 3081 1309 :

2788 1343 2916 1382 vero
2942 1344 3084 1382 emm

2790 1402 2912 1466 quia
2941 1398 3008 1452 de
3036 1414 3192 1451 munc

2791 1469 2862 1523 do
2891 1485 2994 1522 non
3027 1470 3180 1534 estis,

2793 1540 2888 1594 sed
2915 1556 3014 1610 ego
3040 1541 3176 1609 elegi

2794 1626 2891 1665 vos
2918 1613 2985 1665 de
3011 1611 3228 1675 nmndo,

253 1685 365 1738 mei
394 1682 545 1747 estis,
575 1682 624 1733 si
650 1695 736 1734 re-
1091 1683 1245 1735 vobis
1271 1700 1284 1737 :
1315 1681 1430 1734 Non
1459 1689 1543 1733 est
1958 1681 2112 1744 estis,
2141 1682 2183 1733 si
2218 1683 2409 1736 teceri-
2796 1690 3081 1750 propterea

253 1754 499 1823 ciperitis
525 1750 668 1822 quod
1093 1768 1282 1808 servus
1323 1752 1494 1818 major
1961 1751 2030 1805 tis
2051 1766 2193 1823 (uiae
2212 1767 2312 1818 ego
2795 1754 3024 1818 oditvos

255 1822 533 1895 praecipio
555 1838 650 1878 vo-
1099 1823 1322 1877 Domino
1348 1837 1466 1885 suo,
1520 1836 1618 1877 nec
1962 1822 2234 1895 praecipio
2261 1824 2442 1895 vobis.
2515 1894 2522 1895 ί
2797 1824 3049 1879 mundus.

255 1892 363 1951 bis.
445 1892 456 1894 “
693 1965 699 1966 γ
740 1962 747 1966 _
789 1964 798 1966 _
844 1961 877 1966 __
993 1958 1004 1966 .
1098 1895 1386 1966 Apostolus
1422 1908 1538 1966 ma-
1966 1892 2212 1966 iSaJam
2235 1910 2341 1947 non
2376 1893 2453 1966 (ὁ)
2493 1894 2579 1950 di-
2796 1895 3255 1951 20.-Memeutote

259 1969 350 2024 15.
393 1967 515 2022 Jam
547 1980 654 2020 non
682 1962 758 2036 (ιι)
787 1964 803 1994 ¹
825 1961 950 2017 dico
979 1958 1019 2030 1-
1094 1958 1176 2036 jor
1203 1965 1342 2033 ejus,
1375 1963 1492 2036 qui
1963 1979 2028 2019 co
2049 1963 2090 2034 ηι-
2126 1979 2218 2017 vos
2263 1958 2471 2032 servos,
2800 1979 3108 2020 sermonem

257 2055 360 2093 vos
388 2052 578 2092 servos
598 2079 612 2101 ,
636 2033 731 2090 sed

262 2111 492 2165 amicos.
540 2145 554 2162 .
603 2149 614 2160 .
665 2147 679 2161 .

237 2197 240 2200 '
263 2181 445 2236 nescit
471 2194 678 2242 servus,

261 2253 393 2320 quid
428 2249 589 2304 faciat

265 2319 533 2379 Dominus
558 2322 695 2384 eius.
735 2319 846 2374 Vos

1097 2032 1242 2090 misit
1268 2032 1409 2089 eum.
1436 2032 1495 2088 Si

1099 2108 1230 2162 haec
1257 2107 1447 2169 nostis,
1480 2103 1558 2160 fe-

1097 2180 1228 2234 lices
1254 2178 1406 2240 estis,
1437 2175 1484 2230 si

1103 2249 1337 2304 feceritis
1359 2263 1421 2300 ea
1456 2264 1468 2299 :

1101 2335 1206 2374 non
1257 2319 1326 2374 de
1363 2317 1538 2372 omni-

1964 2036 2088 2104 quia
2111 2050 2299 2089 servus

1972 2107 2146 2159 nescit
2174 2107 2300 2175 quid

1969 2177 2094 2231 facit
2117 2178 2371 2233 Dominus

1971 2248 2106 2316 ejus.
2142 2247 2248 2302 Vos
2271 2264 2369 2302 au-

1972 2327 2081 2372 tem
2105 2318 2216 2372 dixi
2246 2321 2376 2374 alni-

2800 2052 2960 2106 quem
2989 2053 3089 2106 ego
3118 2038 3228 2092 dixi

2805 2109 2956 2161 vobis
2987 2126 2998 2161 :
3034 2109 3146 2162 Non

2803 2187 2887 2233 est
2912 2193 3098 2232 servus
3136 2193 3252 2233 ma-

2800 2249 2888 2317 jor
2925 2249 3154 2305 Domino

2807 2333 2928 2373 SUO.

265 2406 448 2449 autem
477 2392 590 2446 dixi
621 2407 680 2444 a-
1101 2392 1200 2445 bus
1229 2390 1384 2443 vobis
1404 2389 1545 2443 dico.
1975 2403 2089 2451 cos,
2114 2391 2236 2459 quia
2809 2389 2865 2444 Si
2894 2405 2979 2444 me
3020 2405 3144 2458 per-

264 2467 461 2523 micos,
489 2463 610 2532 quia
642 2477 759 2516 om-
1025 2495 1033 2504 -
1104 2462 1218 2531 Ego
1239 2461 1371 2532 scio,
1394 2473 1528 2528 quos
1975 2460 2177 2523 omnia,
2217 2474 2378 2527 quae-
2809 2461 2984 2514 secuti
3015 2472 3161 2529 sunt,

268 2541 383 2601 nia,
419 2530 555 2604 quae
582 2532 736 2587 audi-
1104 2530 1380 2602 elegerim.
1568 2599 1576 2604 Δ
1974 2543 2206 2604 cumque
2227 2546 2321 2582 au-
2810 2539 2864 2585 et
2894 2546 2988 2584 vos
3016 2548 3135 2598 per-

265 2608 322 2662 vi
350 2599 379 2660 a
406 2599 563 2661 Patre
591 2618 748 2671 meo,
1110 2604 1166 2660 Si
1196 2599 1284 2655 ine
1306 2599 1577 2670 persecuti
1976 2600 2082 2655 divi
2115 2617 2140 2651 a
2174 2599 2330 2653 Patre
2811 2611 3105 2670 sequentur
3137 2621 3150 2657 :

268 2688 401 2734 nota
424 2677 578 2730 vobis
605 2675 684 2730 fe—
1111 2683 1256 2735 sunt,
1286 2681 1341 2725 et
1370 2685 1465 2724 vos
1975 2685 2118 2730 meo,
2145 2678 2270 2723 nota
2809 2673 2853 2726 si
2877 2688 3083 2727 sermo-

270 2750 362 2804 16.
399 2748 469 2803 ci.
503 2746 618 2800 Non
1113 2750 1506 2813 persequentur
1536 2757 1548 2792 :
1980 2741 2082 2813 feci
2109 2741 2281 2813 vobis.
2814 2759 2934 2798 nem
2965 2760 3140 2800 meum
3218 2769 3230 2778 -

269 2837 374 2875 vos
403 2834 490 2872 me
517 2817 713 2887 elegis-
1114 2811 1158 2870 si
1189 2827 1494 2868 sermonem
1982 2811 2073 2867 16.
2107 2811 2228 2887 _Non
2259 2826 2354 2866 vos
2368 2828 2464 2887 _me
2817 2815 3196 2884 servaberunt,

269 2892 385 2954 tis;
415 2889 509 2945 sed
539 2904 637 2956 ego
660 2900 758 2940 vos

274 2963 444 3031 elegi.
476 2971 530 3014 et
569 2958 726 3029 posui

276 3049 400 3095 vos,
431 3043 490 3085 ut
511 3032 662 3094 eatis,
690 3038 746 3083 et

276 3102 617 3159 fruetifecitis
637 3142 652 3165 ,

279 3187 336 3229 ιιι
373 3176 576 3230 fructus
610 3185 735 3226 ves-

283 3258 367 3300 ter
396 3251 610 3298 maneat
635 3283 648 3306 ,
674 3253 734 3296 ιιι

283 3318 668 3386 quodcumque

281 3383 362 3440 1Va
398 3387 560 3440 Patre
585 3383 769 3452 petie-

284 3459 409 3513 ritis
437 3460 486 3510 in
510 3456 682 3509 nomi-

286 3544 358 3584 ne
389 3544 538 3592 meo,
567 3526 656 3580 det
686 3539 782 3579 vo-

290 3601 381 3656 17.
427 3600 529 3653 bis.
560 3597 698 3651 Haec

288 3671 451 3724 Vobis
475 3667 693 3730 mando,

288 3751 352 3796 ιιι
374 3739 614 3809 diligatis
643 3738 727 3792 in-

296 3814 382 3867 18.
429 3805 621 3865 vicem.
648 3809 702 3866 Si
729 3805 817 3863 hic

297 3881 532 3938 mundus
563 3895 659 3936 vos

1117 2900 1294 2941 meum
1321 2898 1501 2938 serva-

1117 2965 1332 3016 verunt,
1364 2965 1418 3008 et
1445 2968 1563 3007 V65-

1120 3040 1260 3083 trum
1288 3040 1438 3080 Serva
1449 3054 1470 3064 -

1119 3100 1212 3154 21.
1255 3099 1407 3151 bunt.
1437 3093 1545 3150 Sed
1574 3093 1708 3149 haec

1123 3169 1302 3226 omnia
1343 3167 1544 3220 faciunt

1126 3239 1280 3297 vobis
1305 3248 1523 3307 promer

1129 3326 1322 3367 nomen
1356 3323 1470 3362 me—

1129 3399 1215 3437 um
1252 3400 1264 3434 :
1307 3379 1430 3450 quia
1462 3379 1537 3448 ig—

1129 3461 1322 3508 norant
1347 3465 1495 3515 eum,

1128 3525 1219 3592 qui
1249 3539 1333 3576 me
1373 3521 1538 3573 misit.

1129 3588 1221 3649 ‘22.
1265 3594 1321 3648 Si
1354 3605 1461 3645 non
1496 3588 1677 3645 venis—

1134 3681 1272 3728 sem,
1302 3673 1355 3718 et
1382 3663 1531 3714 loco-

1136 3746 1220 3790 tus
1245 3735 1352 3788 illis
1384 3732 1518 3786 fuis-

1133 3823 1272 3870 sem,
1315 3813 1592 3873 peccatum

1133 3892 1241 3932 non
1268 3876 1528 3931 baberent
1560 3892 1572 3926 :

1981 2884 2221 2951 elegistis
2247 2901 2261 2948 ;
2288 2883 2381 2938 sed

1981 2969 2081 3024 ego
2103 2954 2239 3022 elegi

1982 3039 2100 3090 vos,
2134 3035 2188 3078 et
2213 3026 2368 3094 posui

1985 3109 2104 3159 vos,
2133 3105 2192 3148 ut
2221 3098 2380 3163 eatis,

1986 3177 2040 3220 et
2078 3167 2305 3221 fructum

1987 3235 2264 3303 adferatis,
2303 3248 2357 3293 et

1989 3309 2008 3360 ί
2013 3321 2195 3362 ructus
2220 3319 2398 3364 vester

1990 3389 2200 3433 maneat
2226 3399 2238 3434 Σ

1994 3458 2050 3503 ιιι
2078 3449 2374 3518 quodcum-

1991 3536 2097 3588 que
2121 3520 2381 3588 petieritis

1994 3605 2024 3643 a
2059 3591 2212 3644 l’atre
2239 3592 2293 3644 in

1995 3662 2213 3714 nomine
2252 3677 2392 3727 meo,

1998 3731 2091 3785 det
2116 3733 2287 3786 vobis.

2001 3803 2085 3855 17.
2133 3803 2275 3857 llaec
2315 3804 2510 3859 mando

2000 3874 2172 3940 vobis,
2199 3884 2255 3928 ut
2294 3875 2415 3929 dili-

2815 2895 2869 2938 et
2894 2897 3131 2941 νεεινιιηι

2815 2956 2879 3008 2|
2895 2997 2907 3008 .
2951 2960 3262 3016 servabunt.

2819 3026 2927 3080 Sed
2970 3027 3102 3084 haec

2820 3097 3022 3151 faciunt
3045 3103 3224 3156 omnia

2823 3168 2901 3240 (ά)
2936 3170 3080 3224 circa
3106 3188 3201 3227 vos
3229 3175 3270 3244 1-

2824 3250 3046 3308 propter
3078 3260 3274 3299 nomen

2824 3326 3003 3364 meum
3020 3328 3034 3376 ;

2823 3383 2945 3450 quia
2978 3383 3228 3438 nesciunt

2825 3466 2969 3532 eum,
3001 3455 3094 3522 qui
3126 3469 3212 3508 me

2826 3530 2990 3575 misit.

2825 3592 2916 3646 22.
2961 3593 3015 3647 Si
3049 3607 3155 3647 uon
3184 3611 3275 3651 ve-

2830 3663 3051 3728 nissem,
3085 3672 3139 3718 et

2830 3734 3043 3789 locutus
3075 3734 3295 3792 fuissem

2831 3803 2931 3868 eis,
2965 3815 3242 3873 peccatqu

2834 3891 2942 3930 non
2975 3877 3040 3930 ha
3050 3877 3237 3933 berent
3270 3899 3282 3934 :

3430 274 3536 330 462

1640 3981 1872 4039 CODEX
1910 3984 2300 4043 BRIXIANUS.

302 4089 482 4144 vobis.
527 4095 603 4140 ut.
646 4083 901 4160 gaudium
946 4098 1125 4160 meum
1159 4079 1388 4160 in_\_'obis
1412 4087 1644 4132 maneat.
1682 4085 1736 4132 et
1765 4093 1895 4160 gau-
2001 4079 2451 4160 ligatisinvicem.
2566 4083 3192 4160 biotmmdusvos‘odit.
3228 4088 3439 4143 scitote.
3468 4093 3592 4160 quia

304 4161 453 4214 dium
528 4152 764 4212 vestrum
836 4155 1142 4223 impleatur.
1219 4153 1329 4205 lloc
1401 4160 1481 4224 est
1553 4159 1894 4224 praeceptum
2001 4168 2086 4224 me
2125 4154 2359 4224 priorem
2405 4153 2555 4206 vobis
2602 4152 2728 4206 odio
2772 4153 2977 4208 habuit.
3028 4157 3084 4210 Si
3129 4157 3197 4211 de
3247 4161 3347 4211 boc
3395 4152 3594 4217 ηιηὶιιιο

306 4246 510 4286 meum.
560 4240 615 4283 ut
643 4227 883 4295 diligatis
915 4220 1181 4278 invicem.
1227 4221 1677 4297 quemadmodum
1732 4220 1896 4297 dili-si
2003 4220 2262 4297 finissetis.
2310 4224 2538 4297 mundus
2581 4229 2764 4296 utique
2809 4225 2949 4293 quod
2994 4243 3149 4279 suum
3195 4242 3274 4280 esr
3319 4230 3586 4297 diligeret.

306 4318 425 4356 vos.
474 4301 678 4367 Maiore
730 4291 827 4351 line
872 4297 1176 4350 dilectione.
1229 4291 1387 4370 nemo
1434 4291 1647 4370 habet;
1674 4301 1730 4342 ut
1784 4292 1901 4370 aui:
2002 4296 2124 4370 quia
2153 4311 2279 4350 vero
2305 4296 2504 4370 degboc
2535 4291 2731 4348 muudu
2762 4291 2882 4370 non
2901 4298 3051 4350 estis.
3090 4297 3183 4349 sed
3213 4291 3470 4370 egoen-gi
3497 4319 3591 4360 vos

309 4389 452 4427 mam
483 4361 636 4426 suam
669 4369 790 4436 quis
828 4379 998 4437 p0uzit
1043 4381 1137 4436 pro
1173 4368 1362 4419 amicis
1417 4363 1544 4414 suis.
1604 4361 1714 4437 Vos
1741 4362 1900 4415 amici
2005 4366 2072 4421 de
2105 4366 2212 4420 hoc.
2236 4368 2453 4419 mundo.
2483 4380 2766 4434 propterea
2797 4367 2909 4419 odit
2940 4382 3034 4419 vos
3069 4370 3317 4421 mundus.
3351 4361 3592 4427 Méiuen-

306 4447 410 4498 mei
466 4445 617 4497 estis.
690 4433 734 4493 Si
801 4433 1054 4493 ieceritis'
1098 4453 1236 4505 quae
1283 4451 1382 4505 ego
1458 4433 1728 4502 praecipio
1807 4449 1900 4485 γυ·
2008 4447 2117 4491 tote
2144 4441 2430 4492 sermmiis.
2473 4433 2628 4504 quem
2662 4452 2762 4503 ego
2789 4437 2897 4489 dixi
2927 4439 3104 4491 vobis.
3136 4437 3248 4491 Non
3280 4449 3363 4494 est
3402 4458 3594 4500 servus

310 4515 418 4569 bis.
472 4513 591 4568 Jam
649 4527 756 4564 non
805 4509 883 4583 (ὁ)
940 4510 1060 4583 dicti
1113 4508 1148 4583 ᾗ
1196 4523 1320 4583 vos_
1361 4519 1565 4583 servos.
1617 4506 1738 4570 quia
1784 4519 1898 4583 ser:
2006 4510 2430 4583 majot'Dotniuo
2459 4523 2576 4560 suo.
2607 4511 2659 4560 Si
2688 4523 2773 4560 me
2801 4510 3068 4575 persecuti
3101 4521 3244 4563 sunt.
3267 4520 3322 4566 et
3352 4529 3447 4568 vos
3477 4531 3598 4583 per-

311 4601 410 4639 vus
443 4585 615 4638 nescit
643 4582 768 4652 quid
797 4574 955 4634 faciat
985 4574 1238 4634 Dominus
1275 4577 1411 4652 ejus.
1448 4575 1550 4652 Vos
1577 4584 1755 4652 autem
1785 4574 1896 4628 dixi
2001 4591 2314 4648 sequentur.
2351 4580 2392 4630 si
2427 4593 2733 4652 sermonem
2763 4574 2941 4631 meum
2984 4595 3354 4652 servavi-runt.
3397 4597 3449 4636 et
3477 4574 3598 4638 ves~

312 4658 523 4710 amicos
554 4646 675 4722 quia
704 4653 880 4722 omnia
914 4665 1262 4720 quaecunque
1293 4648 1469 4722 audivi
1523 4663 1551 4699 a
1588 4646 1745 4722 Patre
1778 4660 1897 4698 meo
2003 4646 2142 4704 trum
2167 4652 2477 4703 servabunt.
2509 4649 2601 4701 sed
2629 4651 2757 4702 haec
2789 4652 2970 4703 omnia
3021 4650 3219 4706 facient
3259 4655 3430 4707 vobis.
3467 4669 3596 4722 pro-

313 4738 442 4781 nota
468 4717 582 4779 feci
606 4726 776 4778 Vobis.
824 4717 945 4776 Non
975 4738 1068 4776 vos
1114 4717 1199 4775 me
1241 4719 1496 4792 elegistis.
1533 4717 1628 4792 sed
1675 4732 1774 4792 ego
1805 4733 1898 4770 vos
2000 4729 2117 4790 pter
2166 4736 2360 4773 nomen
2416 4735 2609 4774 meum.
2673 4721 2795 4789 quia
2857 4723 3108 4789 ignorant
3173 4738 3294 4776 eum
3367 4717 3479 4792 qui'
3512 4739 3598 4780 me

314 4798 477 4867 elegi.
513 4804 567 4850 et
596 4801 747 4865 posui
792 4808 905 4847 vos.
957 4804 1011 4845 ut
1052 4803 1105 4847 et
1141 4808 1235 4868 vos
1267 4788 1496 4868 fructum
1544 4788 1800 4868 alfet‘atis.
1846 4797 1899 4840 et
2001 4788 2167 4846 misit.
2222 4792 2276 4844 Si
2355 4806 2481 4868 non_
2537 4788 2808 4868 venissem
2853 4788 2909 4847 et
2968 4794 3178 4848 locutus
3227 4793 3306 4848 eis
3355 4788 3596 4852 fuissem.

315 4859 526 4924 fructus
551 4859 728 4922 vester
757 4873 1078 4938 maneat._ut
1104 4861 1360 4938 quidquid
1394 4859 1655 4938 petieritis
1687 4859 1897 4938 Patrem
2005 4872 2283 4934 peccatum
2332 4879 2440 4918 non
2470 4861 2755 4920 haberent.

311 4940 371 4997 in
402 4941 621 4995 nomine
652 4953 773 4992 meo
801 4936 893 4991 dct
923 4934 1092 4990 vobis.
1123 4928 1268 4988 llaec
1309 4931 1504 4986 mando
1534 4929 1705 4983 vobis.
1734 4941 1790 4981 ut
1821 4928 1901 4982 di-

1610 5019 1841 5074 CODEX
1869 5018 2342 5078 CORBEIENSIS.

395 5125 484 5181 12.
527 5133 586 5178 ιιι
613 5122 846 5192 diligatis
869 5121 1118 5185 invicem,
1144 5133 1249 5192 qua
1270 5115 1566 5192 dilectione
1588 5111 1752 5167 dilexi
1785 5127 1902 5168 vos.
2083 5113 2176 5192 gl.
2224 5113 2329 5169 Sed
2355 5113 2486 5192 haec
2515 5112 2693 5164 omnia
2714 5110 2918 5192 faciunt
2939 5112 3081 5192 circa
3107 5127 3226 5168 vos.

312 5191 314 5194 ’
394 5195 487 5252 18.
529 5196 648 5266 quia
676 5181 763 5249 uie
794 5194 1026 5264 priorem
1067 5181 1190 5246 odio
1219 5188 1448 5257 habuit.f
2085 5184 2592 5237 22.excusatiouem
2615 5199 2717 5235 non
2738 5181 3017 5238 habeutde
3032 5187 3607 5254 peccato,omissosuo.

1578 5278 1968 5334 VARIANTES
2006 5277 2407 5333 LECTIONES.

386 5388 406 5418 ι
448 5384 555 5434 ϐαι.
589 5383 696 5434 dico
719 5395 822 5432 vos.
852 5385 972 5433 Mm.
1016 5383 1136 5441 dico.
1159 5379 1298 5429 vobis
1324 5385 1494 5426 servos
1514 5417 1528 5435 ,
1573 5376 1662 5441 sed
1713 5374 1923 5441 amicos2
2055 5434 2064 5441 _
2093 5370 2253 5441 ἤρας.
2281 5375 2325 5418 ει
2351 5370 2480 5441 ⁹Μηι.
2514 5368 2765 5431 petieritis
2787 5381 2815 5418 a
2835 5369 2982 5420 Patre
3009 5382 3120 5420 meo
3143 5371 3214 5420 in.
3245 5371 3390 5434 Vulg.
3415 5373 3624 5434 petieri-

317 5431 532 5514 quiaI.
548 5431 673 5509 quid
693 5431 1040 5509 facictYVﬂQ.
1065 5431 1223 5494 dicam
1260 5455 1345 5490 vos
1372 5431 1564 5504 servos,
1587 5440 1782 5503 quia....
1809 5431 1927 5500 quid
2032 5434 2095 5483 tis
2116 5431 2316 5481 Patrem
2349 5431 2416 5480 in.

321 5514 498 5566 faciat.

1656 5581 2023 5642 BLANCHINI
2065 5581 2295 5638 ΝΟΤᾹΞ.

402 5687 484 5762 (a)
511 5687 643 5762 Post
681 5696 858 5762 portat,
889 5685 1042 5762 deest
1067 5686 1201 5762 quia,
1235 5684 1488 5762 etiamin
1515 5679 1640 5762 cod.
1672 5681 1824 5762 Cant.
1849 5673 1945 5762 Gr.
1975 5691 2029 5762 et
2053 5678 2169 5762 bat.
2189 5701 2261 5717 --
2291 5677 2362 5748 (b)
2397 5675 2475 5729 Ita
2499 5681 2553 5730 et.
2600 5681 2706 5727 tex.
2748 5671 2845 5728 Gr.
2865 5673 3014 5743 λέγω.
3046 5701 3117 5716 -
3140 5672 3217 5745 (c)
3246 5674 3376 5734 Post
3409 5677 3634 5747 priorem

325 5751 496 5819 deest
522 5751 691 5830 vobis,
716 5751 878 5816 etiam
910 5758 964 5812 iu
991 5751 1113 5812 cod.
1137 5755 1372 5811 Cant.-—
1402 5754 1482 5827 (ά)
1509 5752 1648 5809 Cod.
1695 5752 1852 5808 Cant.
1885 5752 1956 5812 εἰς
1983 5751 2140 5834 ὑμᾶς.
