2021 3096
213 121 265 151 467

408 178 523 206 CODEX
544 177 813 208 VERCELLENSIS.

636 225 662 251 in
675 225 798 251 similitu-

637 260 755 286 dinibus.
774 259 825 287 Ve-

638 295 694 322 niet
707 295 771 322 hora
789 299 817 322 ιιι

636 330 691 365 jam
709 339 760 357 non
777 331 803 357 in

640 366 825 392 similitudini-

640 401 691 427 bus
706 401 781 427 vobis
797 401 836 428 lo-

661 444 719 467 uar,
736 437 781 463 sed
798 446 827 468 pa
833 437 885 464 tam

661 481 675 499 e
690 472 769 498 Patre
785 480 853 499 nun-

642 507 712 534 tiavo
727 507 812 533 vobis.

641 542 686 569 26.
708 542 736 569 1η
754 543 798 569 illa
812 543 857 569 die
870 542 896 573 in
913 551 962 571 no-

643 579 715 605 mine
735 585 795 604 men
810 586 855 612 pe-

644 614 690 649 tite
701 634 709 645 ,
725 618 752 640 et
766 620 816 648 ego
830 613 929 649 rogabo
941 621 1023 649 prop-

643 648 687 675 27.
711 654 751 675 ter
767 657 821 675 vos.
840 648 900 684 Ipse
914 657 943 677 e-

646 685 699 710 nim
715 684 793 710 Pater
808 692 836 710 a-

647 724 702 746 mat
715 727 764 746 vos
780 728 785 745 :
802 728 845 747 me
857 727 886 747 a-

647 755 740 781 mastis
751 776 758 787 ,
775 760 802 782 et
818 763 877 783 cre-

646 790 764 822 didistis,
782 799 850 824 quo—

646 826 717 852 niam
730 833 779 859 ego
791 834 805 852 a
821 827 876 854 Deo

645 860 691 888 28.
710 861 792 892 exnvi,
807 866 835 888 et
846 870 860 890 a
874 862 923 890 Pa-

646 900 688 923 tre
703 897 763 922 veni
778 896 803 923 in

648 933 718 958 hunc
735 939 813 958 mun-

648 966 711 993 dum
727 975 733 992 :
749 967 846 995 iterum

648 1002 771 1036 relinquo
785 1003 855 1030 ltunc

651 1037 791 1069 mundum.
807 1044 834 1066 et

651 1072 718 1099 vado
732 1073 765 1099 ad
780 1074 896 1101 Patrem.

649 1108 694 1135 29.
717 1108 817 1136 Dicunt
829 1109 865 1136 illi
878 1108 934 1137 dis-

649 1143 730 1178 cipuli
747 1152 753 1169 :
772 1146 840 1172 Ecce
854 1152 923 1172 nunc

650 1180 737 1213 palam
754 1179 847 1215 loque-

650 1215 698 1246 ris,
713 1219 740 1242 et
754 1216 851 1243 simili-

650 1250 771 1278 tudinem
786 1251 846 1278 nul—

651 1286 695 1313 30.
718 1286 769 1313 lam
784 1288 862 1315 dicis.
875 1286 951 1316 Nunc

651 1322 749 1349 scimus
764 1327 791 1350 te
803 1330 861 1352 0m-

653 1358 695 1382 nia
714 1365 794 1384 nosse
806 1378 813 1389 ,

653 1398 702 1417 nec
718 1391 830 1426 indigeri

653 1431 682 1453 ut
696 1431 721 1453 le
736 1429 876 1462 quisquam

654 1462 803 1496 interroget
818 1472 824 1489 ε
840 1463 866 1491 in

653 1497 703 1524 hoc
716 1499 851 1526 credimus
862 1519 870 1533 ,

651 1534 711 1567 quia
727 1542 741 1559 ιι
755 1535 810 1561 Deo
824 1542 869 1561 ve—

652 1569 724 1595 nisti.

652 1605 697 1632 51.
720 1605 868 1639 Respondit
881 1605 934 1632 illis

652 1640 732 1667 Jesus
747 1649 753 1666 :
772 1641 874 1667 Anmdo
887 1649 947 1668 cre-

653 1676 697 1703 52.
718 1676 804 1703 ditis?
820 1677 889 1704 Ecce
904 1676 978 1704 veni—

651 1717 677 1739 et
694 1713 770 1744 hora,
787 1718 814 1739 et
825 1712 880 1746 jam

652 1748 735 1779 venit,
752 1752 780 1774 ut
795 1748 851 1775 (lis-

653 1784 801 1818 pargamini
819 1792 848 1810 u-

631 1836 637 1841 -
651 1819 818 1854 nusquisque

652 1855 678 1880 in
694 1862 741 1882 sua
757 1855 846 1891 regio-

221 229 260 251 tra
273 224 298 251 in
313 232 378 259 gau-

220 260 294 286 dium
310 261 318 275 ι
332 266 444 286 conver-

222 295 268 321 21.
290 300 368 321 tetltr.
387 294 462 322 Muli-

224 338 254 357 er
265 338 324 356 CUI"
342 335 431 363 partu—

223 366 274 397 rit,
291 365 424 394 tristitiam

225 402 320 432 habet,
336 401 397 435 quia

224 436 297 472 venit
313 436 349 470 (ιι)
365 437 422 463 dies
433 436 453 472 1-
467 444 496 463 e-

223 471 268 506 jus
285 480 291 498 :
308 480 368 497 cum
385 471 474 500 autem

225 507 351 541 genuerit
363 515 427 539 pue-

226 550 285 568 rum
299 563 306 574 ,
324 542 439 576 amplius

227 585 280 604 non
298 582 339 604 1³81.
353 585 457 605 memor

228 613 408 639 ll’ibllialionis

228 653 340 682 propter
352 656 402 680 pan
411 663 418 668 -

228 683 301 710 dium
315 703 322 715 ,
337 685 398 717 quia

230 723 308 745 natus
321 725 361 745 est
376 720 424 746 ho-

229 762 273 780 mo
290 755 315 780 in
333 755 402 781 hunc

230 789 370 816 mundttm.

229 825 274 851 22.
297 824 331 850 Et
344 832 391 851 vos
406 826 485 861 igitur

232 861 312 887 modo
329 861 396 887 Iri~ti
407 878 413 882 -

232 896 294 922 tiattt
310 894 404 923 habebi
413 912 419 918 ο

233 931 283 963 tis,
300 931 395 958 itermn
411 940 457 958 au-

233 971 287 993 tem
305 966 401 994 vidcbo

232 1009 279 1027 vos
290 1022 296 1032 ,
312 1006 339 1028 et
354 1002 452 1037 gaude-

234 1036 272 1064 bit
284 1044 333 1064 cor
346 1036 406 1065 ves—

233 1077 315 1105 trum,
330 1077 356 1099 et
371 1081 435 1107 gau-

233 1106 306 1134 dium
323 1106 439 1137 ve~trum

235 1150 315 1169 nemo
329 1145 404 1171 aule-

231 1177 276 1205 25.
298 1183 339 1206 ret
352 1187 366 1205 a
383 1180 468 1207 vobis.
486 1181 539 1210 Sed

234 1215 261 1240 in
276 1214 320 1240 illa
336 1214 379 1241 die
395 1215 435 1242 ui-

235 1248 271 1276 hil
286 1257 329 1277 me
343 1250 425 1278 inter-

234 1286 373 1319 rogabitis.

235 1320 332 1351 Amen,
347 1328 424 1348 amen
440 1323 481 1350 di-

235 1362 268 1391 co
284 1355 361 1382 vobis
373 1377 380 1388 ,
396 1365 463 1391 quo-

235 1389 307 1416 niam
323 1392 345 1416 si
359 1389 422 1426 quid

236 1425 388 1459 petieritis"
405 1428 455 1455 Pa-

236 1466 304 1488 trem
321 1461 348 1487 in
365 1470 412 1489 no-

237 1498 308 1524 mine
324 1506 395 1530 meo,
412 1498 459 1525 da-

234 1532 279 1560 2t.
301 1533 338 1559 vit
353 1535 439 1561 vobis.
458 1534 507 1562 Us-

235 1576 287 1602 que
301 1569 389 1596 adhuc
405 1578 457 1597 non

236 1604 341 1639 petisus
355 1606 430 1639 quic-

234 1648 314 1675 quam
329 1640 353 1666 in
369 1648 418 1667 n0.

236 1677 308 1703 mine
322 1684 380 1702 meo
396 1685 402 1702 :
418 1684 464 1712 pe-

237 1712 294 1744 tite,
309 1716 336 1738 et
348 1713 461 1746 accipie-

235 1747 285 1779 tis,
302 1752 329 1773 ut
342 1749 469 1782 gaudium

234 1788 353 1809 vestrum
369 1784 405 1810 sit

254 1818 356 1845 lenmn.

253 1854 282 1882 5.
303 1854 375 1881 Haec
391 1854 444 1883 dixi
459 1855 536 1883 vobis

489 122 626 150 EUSEBII
647 121 815 150 VERCELL.
837 121 1059 152 EVANGELIUM
1079 120 1150 149 CUM
1167 120 1282 151 VARUS
1299 121 1376 150 COD.
1396 121 1594 149 COLLA'I‘UM.

1812 118 1878 151 ms

1281 179 1395 208 CODEX
1423 178 1644 207 VERONENSIS.

1068 230 1155 252 vestra
1170 225 1196 251 in
1211 232 1277 260 gau-
1483 226 1578 253 Veniet
1594 225 1661 252 hora

1068 260 1141 287 dium
1154 268 1269 288 counver-
1483 270 1544 288 cum
1555 262 1610 295 jam
1627 268 1681 287 non

1069 296 1113 322 2i.
1137 301 1216 322 tetur.
1234 296 1329 324 Mulier
1484 297 1511 324 in

1069 338 1129 357 cum
1145 333 1228 364 parit,
1245 332 1291 359 tri-

1070 366 1170 393 stitiam
1187 366 1282 398 habet,

1091 402 1197 428 uoniam
1211 403 1286 429 venit

1091 409 1197 428 nontam
1211 409 1286 429 venit

1071 409 1111 471 ῗα)
1122 437 1181 463 dies
1195 437 1215 472 1-
1229 438 1288 472 ejus
1303 448 1310 465 :

1072 480 1132 498 cum
1147 479 1236 499 autem

1524 296 1675 330 proverbiis

1487 333 1581 366 loquar
1592 332 1670 359 vobis
1681 353 1688 364 ,

1487 368 1534 394 sed
1550 367 1637 401 palam
1653 366 1688 394 de

1490 403 1569 430 Patre
1586 402 1702 430 mande:

1490 438 1567 465 stabo
1583 437 1668 464 vobis.

1488 473 1533 500 2d.
1554 473 1603 500 Illo
1616 473 1660 500 die
1670 476 1698 502 in

1489 509 1599 536 nomine
1614 516 1676 536 meo

1490 545 1591 578 petitis,
1607 549 1635 572 et
1650 553 1702 574 non

1490 579 1550 607 dico
1566 580 1654 613 vobis.
1669 581 1732 616 quia

1491 622 1541 647 ego
1554 616 1656 649 rogabo

1490 650 1536 676 27.
1558 650 1665 678 Patrem
1678 660 1685 684 ;
1701 651 1758 685 ipse

1491 685 1562 712 enim
1577 686 1656 713 Pater
1673 687 1712 714 di-

1493 720 1552 755 ligit
1567 728 1631 752 vos.
1643 723 1706 756 quia

1494 764 1542 792 vos
1556 764 1600 783 me
1614 757 1742 792 diligitis.

1494 791 1539 819 28.
1562 797 1588 819 et
1603 791 1716 821 creditis
1724 815 1732 827 ,

1495 828 1556 861 quia
1572 836 1586 854 a
1602 828 1659 855 Deo

1496 862 1533 898 (c)
1547 863 1616 899 exivi
1632 863 1653 899 1-
1664 884 1671 896 ,
1687 869 1715 892 et

1496 899 1556 925 veni
1571 898 1597 924 in
1615 898 1687 926 hunc

1496 934 1626 960 mundum
1643 943 1650 962 :
1664 935 1716 962 ite-

1496 977 1554 995 rum
1572 970 1696 1003 relinquo

1498 1004 1634 1035 mundum,
1662 1010 1690 1031 et

1498 1040 1564 1065 vado
1579 1040 1611 1066 ad
1627 1040 1660 1066 Pa
1667 1045 1745 1067 trem.

1496 1075 1539 1101 29.
1560 1076 1654 1101 Dicunt
1670 1076 1696 1102 ei

1497 1108 1620 1145 discipuli
1635 1110 1696 1145 ejus
1708 1120 1717 1138 :

1498 1146 1568 1173 Ecce
1582 1153 1653 1172 nunc

1499 1182 1585 1215 palam
1600 1181 1722 1216 loqueris
1730 1201 1738 1214 ,

1498 1222 1525 1244 et
1538 1217 1712 1250 proverbium

1499 1252 1601 1279 nullum
1623 1252 1703 1279 dicis.

1500 1288 1544 1315 50.
1562 1288 1637 1315 Nunc
1653 1288 1754 1319 scimus

1498 1324 1626 1357 quoniam
1642 1324 1697 1350 seis

1498 1360 1588 1385 omnia
1601 1379 1608 1391 ,
1622 1363 1648 1385 ct
1662 1365 1716 1386 non

1498 1401 1567 1428 opus
1582 1398 1624 1421 est
1638 1395 1686 1422 tibi

1499 1434 1528 1456 nt
1538 1430 1599 1463 quis
1614 1434 1640 1456 te

1500 1466 1647 1500 interroget
1660 1473 1667 1491 :
1680 1464 1707 1491 in

1499 1500 1550 1527 hoc
1563 1500 1700 1527 credimus
1711 1521 1719 1533 ,

1499 1537 1627 1570 quoniam
1642 1544 1656 1563 a
1670 1536 1726 1563 Deo

1499 1571 1589 1598 existi.

1499 1607 1544 1633 51.
1560 1606 1710 1641 Respondit
1719 1606 1759 1634 eis

1499 1641 1578 1669 Jesus
1594 1651 1600 1669 :
1624 1642 1704 1669 Modo

1499 1678 1544 1704 52.
1561 1677 1689 1704 creditis?
1706 1678 1774 1707 Ecce

1498 1714 1574 1740 venit
1592 1713 1675 1747 hora,
1691 1717 1720 1740 et

1497 1749 1551 1783 jam
1567 1749 1639 1775 venit
1650 1769 1656 1780 ,
1675 1753 1703 1775 ιιι

1499 1784 1691 1818 dispargamini

1501 1820 1687 1855 unusquisque

1501 1855 1529 1882 in
1543 1863 1590 1883 sua
1611 1855 1720 1890 regione
1729 1874 1737 1887 .

1074 508 1178 541 peperit
1195 516 1305 542 puerum
1315 529 1323 542 ,

1072 543 1127 576 jam
1144 551 1196 570 non
1212 551 1267 570 me-

1075 578 1151 604 tninit
1169 586 1310 612 pressurae

1075 619 1183 653 propter
1194 615 1337 648 gaudium,

1075 656 1135 682 quia
1153 655 1229 675 natus
1245 655 1286 679 est

1077 683 1158 710 homo
1174 685 1200 710 in
1218 685 1288 713 hunc

1077 719 1123 745 22.
1144 719 1284 747 nmndum.
1300 721 1332 748 Et

1078 762 1125 781 vos
1142 762 1213 781 nunc
1228 756 1286 789 qui-

1078 790 1139 816 dem
1158 791 1293 818 tristitiam

1081 825 1224 859 habebitis,

1079 861 1175 888 iterum
1190 866 1279 889 autem

1079 895 1175 922 videbo
1189 904 1235 924 vos
1248 918 1255 931 ,

1080 935 1107 958 et
1119 932 1245 965 gaudebit

1081 974 1127 993 cor
1140 973 1260 994 vestrum
1271 989 1279 1001 ,

1081 1007 1107 1029 et
1120 1002 1245 1035 gaudium

1082 1042 1199 1064 vestrum
1215 1046 1295 1066 nemo

1082 1073 1234 1108 (b)tollit1
1247 1082 1262 1101 a

1083 1107 1127 1135 25.
1149 1107 1235 1136 vobis.
1253 1110 1286 1137 Et
1301 1111 1327 1139 in

1085 1144 1131 1171 illo
1145 1144 1188 1172 die
1199 1145 1265 1172 nihil

1084 1188 1128 1207 tne
1142 1180 1258 1208 interro-

1082 1216 1161 1249 gatis.

1083 1254 1182 1283 Amen,
1198 1259 1276 1279 amen

1082 1286 1144 1314 dico
1156 1288 1258 1320 vobis,‘

1084 1324 1106 1350 si
1122 1323 1185 1357 quid
1201 1323 1285 1358 petie-

1084 1359 1142 1385 ritis
1157 1366 1172 1385 a
1189 1359 1268 1387 Patre

1084 1395 1109 1420 in
1125 1394 1232 1420 nomine

1083 1436 1160 1461 meo,
1175 1430 1249 1456 dabit

1083 1463 1128 1491 24.
1152 1464 1237 1491 vobis.
1254 1464 1344 1499 Usque

1084 1499 1165 1526 modo
1180 1508 1232 1525 non

1085 1535 1198 1576 petiistis
1214 1535 1279 1563 nihil

1084 1578 1110 1597 In
1127 1578 1236 1597 nomine

1084 1613 1146 1633 meo
1161 1615 1167 1632 :
1185 1607 1266 1640 petite
1275 1627 1282 1638 .

1084 1647 1111 1669 et
1125 1642 1261 1675 accipit-tis
1271 1662 1278 1675 ,

1085 1682 1114 1703 ιιι
1128 1677 1254 1711 gaudium

1083 1718 1202 1739 vestrum
1218 1712 1254 1740 sit

1085 1748 1234 1782 impletum.

1083 1783 1129 1811 25.
1153 1783 1223 1811 Haec
1237 1785 1262 1811 in
1278 1792 1339 1819 pro-

1079 1819 1184 1846 .verbiis
1201 1821 1304 1848 locutus

1084 1861 1144 1881 sum
1162 1855 1248 1882 vobis.

890 1911 1008 1939 CODEX
1026 1911 1222 1940 BRIXIANUS.
1235 1915 1238 1918 '

234 1961 260 1987 in
266 1959 392 1994 gaudium
399 1959 458 1987 erit.
474 1959 569 1987 Mulier
575 1967 635 1988 eum
643 1959 711 1994 parit
719 1958 854 1985 tristitiam
861 1957 951 1984 habet.
967 1958 1028 1993 quia

233 1996 307 2023 venit
319 1995 384 2022 hora
397 1996 464 2028 ejus.
476 2002 536 2022 cum
551 2000 639 2022 autem
656 1998 732 2021 natus
748 1994 827 2020 fuerit
849 1994 944 2020 infans.
961 1994 1029 2019 ultra

235 2039 287 2058 non
295 2031 613 2057 metninittribulationis.
623 2038 685 2062 prae
699 2029 808 2063 gaudio.
822 2029 882 2062 quia
899 2033 977 2054 natus
989 2032 1030 2055 est

234 2067 315 2093 homo
327 2066 351 2092 in
367 2066 475 2092 mundo.
490 2066 523 2092 Et
534 2074 581 2092 vos
593 2066 682 2100 igitur.
695 2072 766 2091 nilne
779 2064 885 2098 quidem
896 2064 1029 2090 tristitiam

234 2101 350 2128 habetis.
361 2102 456 2128 iterum
469 2107 559 2128 autent
575 2101 671 2128 videbo
685 2100 959 2133 vos.etgaudebitc‘or
972 2106 1031 2126 ves-

233 2143 316 2164 trum.
329 2143 353 2163 et
366 2137 492 2171 gaudium
503 2143 632 2164 vestrum.
646 2144 725 2163 nemo
740 2135 778 2171 (b)
792 2135 926 2170 aufert-1:.
942 2135 1028 2161 vobis.

233 2172 268 2200 Et
279 2172 304 2199 in
319 2170 423 2200 illoilie.
433 2181 476 2200 uie
489 2174 677 2207 nonrogabitis
688 2170 842 2204 quicquam.
854 2170 939 2197 Amen
950 2178 1028 2196 amen

231 2208 292 2235 dico
309 2209 394 2235 vobis.
417 2209 504 2242 siquid
528 2206 660 2243 petieritis
678 2208 782 2234 Patrem
804 2206 829 2232 in
848 2207 955 2243 inmune
969 2213 1029 2243 meo

231 2244 305 2270 dabit
328 2243 405 2270 Vobis
423 2245 512 2278 lJ-qne
529 2242 626 2270 modo.
644 2251 697 2269 n0n
715 2243 819 2276 petistis
834 2242 988 2275 quicquam.
1004 2242 1029 2267 in

232 2280 341 2306 nomine
362 2286 422 2305 meo
439 2279 524 2306 Petite
536 2283 563 2306 et
576 2279 715 2312 accipietis
728 2282 756 2304 ut
768 2278 894 2311 gaudium
910 2281 1029 2304 vestrum

230 2315 266 2341 sit
284 2313 462 2347 atlmplctum.
486 2315 557 2341 llaec
574 2315 600 2341 in
620 2314 772 2349 proverbiis
787 2313 893 2340 locutus
909 2321 966 2349 sum
982 2320 1030 2349 vo-

230 2350 281 2378 bis.
301 2349 355 2378 Scd
377 2349 468 2376 veniet
491 2349 559 2376 hora
576 2347 637 2377 cum
651 2350 706 2384 jam
720 2357 772 2376 non
787 2349 812 2375 ιιι
826 2347 977 2384 proverbiis
993 2348 1032 2374 lo-

1083 1965 1151 1992 quar
1166 1957 1252 1984 vobis.
1267 1957 1314 1984 sed
1329 1957 1414 1992 palam
1428 1957 1461 1985 de
1473 1957 1554 1984 Patre
1568 1956 1737 1984 adnunciaho
1751 1955 1842 1984 vobis.
1862 1958 1899 1986 In

1084 1994 1128 2020 illa
1143 1993 1198 2020 die.
1212 1994 1239 2020 in
1254 1994 1363 2020 nomine
1378 2001 1438 2020 meo
1454 1993 1636 2028 postulabitis.
1650 1997 1677 2020 et
1692 2000 1744 2020 non
1760 1992 1821 2019 dico
1839 2001 1899 2021 v0—

1085 2029 1135 2054 bis.
1159 2029 1221 2063 quia
1243 2037 1293 2064 ego
1316 2029 1415 2063 rogabo
1440 2029 1547 2055 Patrem
1569 2028 1603 2055 de
1624 2028 1711 2055 vobis.
1733 2028 1897 2064 lpserenim

1085 2064 1163 2090 Pater
1176 2063 1271 2097 diligit,
1285 2072 1332 2090 vos
1347 2065 1407 2098 quia
1421 2072 1467 2090 res
1486 2073 1527 2090 me
1549 2064 1672 2098 diligitis.
1688 2069 1716 2091 et
1728 2063 1899 2093 credidistis

1084 2099 1144 2134 quia
1172 2107 1221 2134 ego
1236 2108 1250 2126 a
1268 2101 1323 2126 Deo
1338 2099 1402 2127 exii.
1420 2099 1495 2127 Exivi
1514 2108 1527 2125 τι
1545 2100 1633 2126 Patre.
1649 2104 1678 2126 et
1693 2099 1752 2126 veni
1768 2099 1792 2125 iu
1810 2099 1898 2128 ltuuc

1085 2135 1224 2161 mundntn.
1238 2136 1333 2162 iterum
1349 2136 1470 2170 relinquo
1485 2135 1554 2162 hunc
1569 2135 1708 2161 mttndum.
1725 2140 1752 2161 et
1766 2134 1836 2160 vado
1856 2136 1897 2163 ad

1082 2170 1200 2197 Patrem.
1218 2171 1316 2197 Dicunt
1335 2171 1358 2197 ei
1375 2170 1498 2205 discipuli
1519 2171 1587 2205 eju~.
1611 2171 1680 2197 Ecce.
1700 2177 1770 2196 nunc
1795 2171 1896 2203 palam

1084 2205 1213 2240 loqueris.
1230 2212 1256 2233 et
1273 2207 1442 2240 proverbium
1458 2207 1560 2233 nullum
1575 2205 1652 2233 dicis.
1669 2205 1743 2232 Nunc
1757 2213 1822 2239 ergo
1839 2213 1897 2232 co-

1082 2242 1237 2276 gnoscimus
1252 2243 1312 2276 quia
1334 2242 1387 2268 scis
1401 2243 1491 2268 omnia
1503 2262 1510 2273 ,
1526 2247 1553 2269 et
1568 2250 1621 2267 non
1638 2249 1705 2275 opus
1719 2245 1762 2267 e~t
1778 2246 1807 2267 ut
1822 2243 1894 2276 quis

1084 2282 1110 2312 te
1127 2277 1282 2312 interroget.
1300 2277 1326 2304 in
1343 2277 1394 2304 hoc
1410 2278 1546 2304 credimus
1558 2277 1620 2311 quia
1636 2281 1661 2303 tn
1677 2284 1691 2302 ιι
1706 2277 1760 2303 Deo
1772 2278 1846 2302 veni>
1857 2278 1894 2304 ti.

1084 2311 1284 2346 ReSpOndit’cis
1295 2313 1385 2340 Jesus.
1401 2312 1476 2340 Modo
1487 2313 1608 2339 creditis.
1623 2312 1693 2338 Ecce
1704 2312 1793 2338 veniet
1806 2312 1894 2340 hora.

1084 2354 1111 2374 et
1126 2355 1196 2375 nunc
1217 2350 1299 2376 venit.
1322 2353 1350 2375 ut
1364 2348 1556 2385 dispergamini
1574 2347 1757 2383 unusquisque
1778 2347 1806 2374 in
1819 2355 1895 2382 pro-

876 2416 992 2445 CODEX
1006 2416 1243 2444 CORBEIENSIS.

266 2465 312 2492 2|.
333 2466 396 2500 quia
406 2465 496 2493 veniet
510 2464 569 2492 dies
583 2464 652 2499 ejus.

266 2501 313 2527 22.
331 2508 411 2528 nemo
425 2501 530 2528 auferet
545 2508 559 2526 a
580 2500 665 2526 vobis.

266 2535 310 2562 9.5.
334 2543 377 2562 me
389 2544 440 2562 non
457 2535 656 2570 interrogabilis
667 2533 824 2570 quidquam.

267 2570 312 2597 24.
335 2570 499 2605 utgaudium
515 2577 633 2602 vestrum
646 2571 680 2600 sit
695 2570 844 2605 impletum.

265 2607 311 2633 27.
333 2607 394 2640 quia
407 2613 454 2632 vos
470 2614 513 2633 me
526 2607 622 2633 amatis
633 2627 640 2639 ,
654 2611 681 2634 et
694 2605 805 2636 creditis
821 2604 841 2632 ³.
857 2625 863 2633 .
880 2612 895 2634 a
909 2604 962 2632 Deo
976 2604 1026 2632 Pa-

1081 2466 1123 2490 tre
1137 2464 1218 2491 exivi.

1116 2499 1161 2526 ‘28.
1182 2505 1209 2527 et
1220 2499 1279 2527 veni
1297 2499 1323 2526 in
1336 2500 1407 2527 lntnc
1423 2499 1562 2528 mundum.

1118 2534 1162 2561 50.
1182 2534 1210 2561 lu
1224 2537 1274 2562 hoc
1288 2535 1342 2562 dixi
1358 2536 1444 2567 vobis,
1459 2536 1520 2569 quia
1534 2543 1548 2563 a
1564 2535 1618 2563 Deo
1634 2534 1719 2563 exivi.

1118 2569 1162 2599 '52.
1185 2570 1368 2605 unusquisque
1379 2572 1405 2601 in
1421 2578 1480 2600 sua.

844 2661 1043 2693 VARIANTES
1061 2660 1267 2690 LECTIONES.

260 2713 268 2728 ⁵
287 2713 347 2738 Mm.
358 2711 525 2736 oonvertetur.
542 2708 614 2738 Vulg.
629 2711 750 2733 vertetur.

260 2743 270 2758 ¹
288 2743 341 2769 Gut.
354 2749 368 2768 a
377 2743 451 2767 Patre
463 2746 519 2765 meo
533 2740 565 2764 in.
576 2738 1026 2772 Mm.l’atrimeoin.Vulg.Patremln.

1079 2709 1252 2767 Dgoiqtiquo
1263 2714 1278 2733 ι
1287 2708 1350 2741 Deo,
1362 2709 1429 2735 exivi
1439 2715 1453 2734 ιι
1464 2709 1548 2735 Patre.
1562 2710 1621 2735 Mm.
1632 2715 1680 2741 ego
1688 2714 1703 2733 a
1713 2708 1788 2734 Patre
1799 2715 1860 2735 meo
1871 2717 1889 2736 ι

266 2829 392 2873 (αῌιτιρῑ
404 2829 466 2873 eod.
478 2830 557 2859 Cant.
581 2829 674 2868 ἡμέρα.
687 2843 723 2850 ——
735 2827 823 2866 (b):lta
838 2832 865 2857 et
1268 2829 1344 2864 exivi,
1360 2830 1437 2858 deest
1447 2830 1555 2864 iterum,
1572 2828 1649 2857 Exivi
1662 2836 1678 2856 α
1690 2827 1779 2865 Patre,
1794 2828 1884 2865 etiam

227 2866 254 2898 in
269 2865 330 2892 cdd.
346 2866 422 2893 Cant.
