4042 6192
316 228 432 285 469
1346 226 1794 287 EVANGELIUM
1834 226 2208 287 SECUNDUM
2248 225 2632 289 JOHANNEM.
3505 221 3611 277 470

701 339 932 401 CODEX
970 340 1512 403 VEBCELLENSIS.
2444 341 2680 399 CODEX
2734 342 3180 409 VERONENSIS.

316 450 408 501 ne,
441 442 498 490 et
528 450 620 490 me
649 434 817 489 solum
1149 435 1383 505 {acerem
1407 478 1422 502 ,
1454 452 1573 505 per-
2016 446 2071 492 et
2100 451 2185 489 me
2213 436 2389 495 solum
2850 445 3023 497 mato.
3070 435 3214 503 quod

319 508 338 537 ¹
364 505 688 575 relinquatis
720 522 733 559 :
1150 504 1203 559 5.
1240 507 1341 560 l‘eci
1372 504 1541 567 illud:
1574 517 1628 565 et
2017 507 2335 575 relinquatis
2364 526 2375 561 :
2408 516 2463 563 et
2850 506 3043 560 dediSti
3068 505 3198 560 mihi

313 577 412 633 sed
436 593 547 631 non
580 592 674 631 ero
1154 593 1296 632 nunc
1322 576 1496 632 hono-
2018 593 2124 633 non
2154 593 2269 631 sum
2294 580 2473 633 solus.
2852 586 2910 631 ut
2953 577 3183 631 facerem
3214 595 3228 631 :

312 649 488 713 solus,
523 651 646 717 quia
678 648 775 702 Pa-
1154 648 1301 703 rilica
1334 664 1419 703 me
1448 657 1500 701 tn
2017 648 2268 717 quoniam
2304 649 2462 711 Pater
2854 647 2905 701 5.
2954 657 3008 700 et
3036 663 3176 701 nunc
3203 650 3312 706 cla-

316 728 401 775 ter
437 734 650 774 mecum
1156 719 1314 773 Pater
1338 760 1353 784 ,
1385 728 1513 788 aput
1542 727 1597 775 te
2018 735 2227 774 mecum
2260 731 2362 774 est.
2852 718 2997 772 riﬁea
3030 734 3116 772 me
3164 729 3216 773 tu

313 802 420 846 est.
1158 790 1364 860 ipsum,
1406 792 1609 859 gloria,
2019 792 2109 847 55.
2142 791 2286 844 Haec
2313 792 2521 846 locutus
2851 789 3038 853 Pater,
3090 797 3218 858 aput

310 862 403 916 55.
450 861 593 916 Haec
621 860 834 917 locutus
854 876 977 919 sum
1157 876 1314 930 quam
1364 861 1627 918 habebam
2019 878 2136 916 sum
2169 862 2355 929 vobis,
2388 872 2447 917 ut
2852 861 3227 929 temetipsum,
3271 863 3382 919 cla-

311 932 502 994 vobis,
535 943 593 985 ut
621 934 673 1012 in
1156 940 1284 1000 aput
1313 943 1361 986 te
1384 974 1397 995 ,
1429 942 1553 986 ante
2020 934 2070 1012 in
2092 948 2180 1012 _nie
2205 948 2390 1012 pacem
2852 933 3063 1012 ritatem
3087 971 3103 997 ,
3136 947 3293 1012 quam

306 1020 399 1057 me
437 1019 619 1073 pacem
647 1003 743 1057 ha-
1155 1018 1313 1070 quam
1350 1019 1505 1056 mun-
1892 1067 1896 1071 {
2022 1004 2282 1057 habeatis.
2315 1004 2371 1057 In
2855 1002 3045 1066 habui,
3088 1002 3397 1074 priusquam

309 1074 507 1129 beatis.
540 1075 596 1128 In
630 1076 771 1130 hunc
1155 1074 1208 1127 6.
1244 1074 1343 1126 dus
1372 1082 1537 1128 esset.
1571 1076 1676 1129 Ma-
2019 1074 2120 1128 hoc
2150 1090 2328 1127 autem
2852 1074 3083 1127 mundus
3122 1085 3285 1139 esset,

310 1146 574 1199 mundum
605 1162 697 1200 ve-
1155 1144 1400 1198 nil'estavi
1434 1160 1536 1200 no-
2018 1145 2221 1199 mundo
2251 1160 2499 1211 praessu-
2852 1148 2903 1197 b'.
2948 1154 3077 1211 aput
3107 1155 3177 1197 le.
3212 1147 3322 1201 Ma-

306 1218 587 1270 xationem
614 1218 633 1247 ²
666 1220 757 1270 ha-
1152 1230 1273 1268 men
1319 1225 1465 1268 tuum
2018 1232 2130 1269 ram
2172 1215 2437 1270 habebitis
2480 1234 2493 1268 :
2855 1214 3099 1267 uifestavi
3130 1229 3329 1274 nomen

309 1287 511 1342 bebitis
544 1306 559 1341 :
590 1288 683 1342 sed
707 1304 837 1359 gau-

307 1360 455 1423 dete,
482 1360 605 1430 quia
638 1375 734 1430 ego

308 1431 413 1484 vici
438 1429 717 1484 mundum.

474 1540 704 1597 CAPUT
732 1540 897 1597 XVII.

389 1634 442 1687 1.
489 1634 632 1689 Haec
667 1635 881 1690 locutus

306 1714 391 1759 est
421 1705 617 1759 Jesus:
650 1716 703 1760 et
745 1706 893 1771 adle-

2016 446 2071 492 et
2100 451 2185 489 me
2213 436 2389 495 solum

2017 507 2335 576 relinquatis
2364 526 2375 561 :
2408 516 2463 563 et

2018 593 2124 633 non
2154 593 2269 631 sum
2294 580 2441 633 solus
2459 620 2473 643 ,

2017 648 2268 717 quoniam
2304 649 2462 711 Pater

2018 735 2227 774 [DCCIIII]
2260 731 2362 774 εει.

2019 792 2109 847 55.
2142 791 2286 844 Haec
2313 792 2521 846 locutus

2019 878 2136 916 sum
2169 862 2355 929 vobis,
2388 872 2447 917 ut

2020 934 2070 987 in
2098 948 2180 986 me
2205 948 2390 1001 pacem

2022 1004 2282 1057 habeatis.
2315 1004 2371 1057 In

2019 1074 2120 1128 hoc
2150 1090 2328 1127 autem

2018 1145 2221 1199 mundo
2251 1160 2499 1213 praessu-

2018 1232 2130 1269 ram
2172 1215 2437 1270 habebitis
2480 1234 2493 1268 :

2020 1288 2113 1340 sed
2155 1288 2297 1340 buuo
2328 1290 2507 1342 animo

2019 1367 2193 1411 estote
2213 1400 2226 1423 ,
2260 1374 2359 1427 ego

2017 1428 2118 1484 vici
2151 1431 2431 1482 mundum.

2182 1538 2407 1595 CAPUT
2452 1538 2611 1594 XVII.

2095 1633 2144 1687 I.
2182 1633 2322 1687 Haec
2354 1633 2563 1688 locutus

2019 1716 2099 1759 est
2128 1704 2285 1759 Jesus
2318 1721 2331 1757 :
2367 1715 2423 1757 et

2854 1295 3000 1338 tuum
3054 1284 3292 1343 homini-

2848 1356 2948 1410 bus
2964 1396 2977 1417 ,
3014 1370 3148 1424 quos
3178 1360 3271 1414 de-

2849 1427 2975 1481 disti
3008 1426 3136 1479 mihi
3168 1428 3235 1485 de

1152 1286 1490 1353 hominibus,

1151 1370 1285 1425 quos
1314 1356 1442 1408 utihi
1475 1358 1569 1414 de-

1149 1427 1274 1480 disti
1304 1427 1370 1480 de
1406 1428 1508 1482 hoc

1151 1499 1373 1550 mundo.
1408 1498 1508 1551 Tui

1146 1577 1329 1631 erant,
1362 1577 1416 1621 et
1442 1569 1573 1624 mihi

1147 1639 1263 1692 illos
1297 1639 1491 1693 dedisti
1512 1681 1529 1707 ,

1146 1722 1200 1764 et
1228 1710 1494 1763 'verbtnn

2852 1497 2955 1551 hoc
2982 1498 3202 1552 mundo.
3246 1501 3347 1557 Tui

2852 1576 3038 1629 erant.
3070 1580 3120 1621 et
3153 1572 3283 1627 mihi

2851 1639 2972 1693 illos
3018 1638 3211 1695 dedisti
3234 1684 3248 1708 ,

2851 1719 2907 1763 ει
2944 1725 3250 1767 sermonem

304 1776 449 1829 vatis
474 1777 647 1831 oculis
1147 1790 1293 1834 tuum
1324 1792 1505 1836 custo-
2017 1776 2262 1829 allevnlis
2289 1775 2458 1829 oculis
2854 1791 3002 1834 tuum
3034 1786 3291 1840 servabe-

304 1848 420 1902 suis
453 1849 504 1901 in
532 1849 745 1903 caelum
767 1888 783 1915 ,
1144 1852 1380 1905 dierunt.
2018 1848 2069 1900 in
2098 1848 2330 1910 caelum,
2574 1890 2575 1893 η
2852 1852 2905 1905 7.
2947 1860 3092 1905 runt.
3123 1854 3188 1911 Et
3218 1871 3362 1915 nunc

306 1917 444 2004 dixit
475 1936 489 1970 :
606 1991 638 2004 ,Δ
674 1990 687 2004 1
1146 1923 1197 2003 7.
1231 1922 1383 2004 Nunc
1411 1921 1488 2004 (ᾳ)
1526 1938 1723 1995 cogno-
2016 1918 2157 2004 dixit
2183 1917 2385 2004 :.Pater
2852 1921 2935 2002 (α),
2977 1928 3204 2004 Cognovi
3255 1928 3295 2001 1-

306 1989 470 2075 Pater
496 1991 655 2075 venia
673 1990 773 2046 ho.
1143 1994 1192 2046 vi
1221 1989 1546 2075 {quoniam
1595 1989 1620 1995 “
2017 1991 2391 2075 venitnboriiv,“
2849 1989 2973 2062 qnia
2999 1989 3175 2049 omnia
3200 2040 3229 2065 ,.

309 2060 690 2135 ra,_h9noriﬁ-
1142 2058 1323 2118 οωίιίέ
1342 2108 1356 2130 ,
1393 2081 1532 2132 quae
2014 2060 2251 2113 elarilica
2291 2058 2485 2135 Filium
2848 2058 3220 2135 quaecumque

306 2147 367 2186 ca
397 2131 596 2206 filium
632 2142 779 2189 tuum
798 2175 816 2201 ,
1145 2135 1280 2189 mihi
1308 2130 1535 2203 dedisti,
2015 2139 2162 2184 tuum
2182 2172 2209 2206 ,_
2232 2140 2289 2206 ut
2307 2130 2491 2206 _Filius
2848 2130 3041 2188 dedisti
3092 2130 3256 2206 mihi,

306 2214 362 2256 ut
392 2201 717 2279 filiustuus
844 2214 849 2219 ‘
1146 2207 1199 2260 8.
1229 2221 1258 2279 a
1294 2216 1343 2259 te
1373 2201 1527 2267 sunt:
1558 2223 1629 2279 qu
1655 2248 1667 2263 .
1700 2248 1711 2260 .
1741 2224 1771 2267 a
2014 2209 2139 2279 tuus
2164 2202 2431 2279 clariﬁcet
2850 2207 2946 2259 abs
2971 2215 3023 2259 te
3049 2219 3175 2262 sunt
3206 2201 3245 2261 :"

2013 2273 2070 2324 2.
2114 2282 2167 2327 te
2191 2290 2205 2326 :
2236 2274 2375 2327 sicut
2401 2274 2495 2328 de-

2015 2342 2138 2396 disti
2171 2344 2220 2396 ei
2254 2354 2405 2411 pote-

2011 2424 2205 2468 statein
2242 2416 2421 2467 omnis

2012 2488 2195 2537 carnis
2212 2524 2224 2546 ,
2258 2496 2313 2554 ut
2344 2498 2536 2554 omne,

2010 2554 2155 2622 quod
2186 2552 2379 2607 dedisti

2011 2626 2097 2688 ei,
2130 2625 2220 2677 det
2246 2624 2325 2677 eis

2014 2697 2179 2748 vitam
2212 2706 2385 2749 aeter-

308 2283 360 2328 te
392 2274 716 2329 houorilicet
747 2294 760 2329 :

306 2344 361 2397 ‘2.
406 2345 549 2399 sicut
591 2345 786 2401 dedisti

310 2416 385 2469 illi
421 2424 749 2482 potestatem

307 2488 599 2541 universae

307 2559 490 2611 carnis
515 2599 530 2619 ,
560 2569 616 2611 ut
648 2573 764 2623 om—

307 2644 396 2691 ne,
433 2629 576 2696 quod
608 2630 701 2683 de-

304 2699 436 2753 disti
466 2702 540 2764 ei,
568 2701 663 2754 det
694 2700 757 2754 il-

305 2772 371 2824 lis
407 2772 573 2823 vitam
602 2786 695 2825 ae-

305 2852 547 2895 ternam.

304 2914 357 2967 5.
396 2912 541 2965 Ilaec
571 2922 653 2967 est
679 2921 860 2973 autem

306 2986 417 3036 vita
447 2993 667 3037 aeterna
688 3026 704 3052 ,

307 3063 367 3109 ut
396 3055 574 3107 sciant
597 3066 648 3108 te

308 3140 475 3178 unum
503 3140 693 3180 VBI‘UIII

306 3198 514 3261 Deum,
549 3205 602 3252 et
632 3212 789 3266 quem

308 3268 504 3321 misisti
534 3267 716 3322 Iesum

306 3340 361 3394 4.
396 3338 696 3411 Christum.
726 3339 840 3411 Ego
873 3350 925 3397 te
953 3344 1052 3400 ho-

308 3410 591 3464 noriticavi

308 3495 477 3551 super
501 3490 701 3535 terram
738 3499 750 3535 :

309 3564 451 3621 Opus
466 3593 481 3616 ,
524 3552 666 3621 quod
697 3553 792 3608 de-

309 3625 439 3679 disti
470 3624 603 3677 mihi
639 3632 696 3677 ut

1145 2277 1309 2331 verba
1331 2318 1345 2341 ,
1378 2292 1515 2345 quae

1147 2348 1275 2401 mihi
1304 2349 1484 2401 dedis-

1148 2419 1219 2483 ti,
1253 2419 1376 2473 dedi
1409 2419 1549 2488 illis;
1582 2429 1639 2483 et

1148 2489 1169 2519 ‘
1203 2490 1302 2558 ipsi
1334 2502 1657 2558 acceperunt

1149 2561 1238 2613 illa
1267 2576 1394 2613 vere
1413 2600 1428 2625 ,
1459 2566 1583 2629 quia

1148 2646 1178 2684 a
1213 2641 1263 2685 te
1291 2631 1379 2703 (ὁ)¹
1407 2642 1653 2706 exierunt
1682 2651 1695 2685 :
1725 2633 1797 2706 τ,

1154 2744 1165 2753 .
1204 2741 1217 2756 .
1252 2700 1550 2755 teredide-

1149 2780 1305 2835 runt,
1339 2770 1465 2840 quia
1498 2783 1551 2827 tu
1584 2790 1670 2831 me

1152 2843 1203 2897 9.
1236 2843 1448 2916 misisti.
1484 2844 1601 2916 Ego

1149 2928 1246 2983 pro
1269 2914 1376 2967 illis
1405 2929 1497 2967 ro-

1149 3000 1217 3055 go
1249 3003 1261 3037 :
1298 3000 1401 3055 non
1433 3000 1529 3053 pro

1152 3054 1354 3109 mundo
1381 3054 1485 3111 hoc

1152 3142 1282 3196 rogo
1302 3166 1317 3191 ,
1351 3128 1443 3180 sed
1476 3145 1573 3198 pro

1149 3198 1284 3276 illis»
1317 3213 1453 3276 quos
1490 3204 1592 3276 mi.-

1148 3268 1201 3321 hi
1232 3268 1459 3333 dedisti,
1490 3273 1609 3341 qui-

1150 3341 1237 3393 lO.
1282 3355 1310 3392 a
1342 3342 1415 3392 tui
1449 3353 1575 3398 sunt
1605 3363 1618 3399 :
1649 3353 1704 3401 et

1151 3425 1270 3464 mea
1303 3414 1482 3466 omnia
1502 3456 1518 3482 ,

1154 3491 1240 3534 tua
1280 3489 1435 3548 sunt,
1468 3494 1524 3539 et

1151 3566 1293 3620 quae
1323 3558 1413 3605 tua
1440 3567 1589 3624 sunt,

1153 3638 1271 3677 mea
1305 3634 1430 3678 sunt
1462 3643 1475 3679 ζ
1507 3637 1561 3682 et

2851 2279 2902 2330 8.
2947 2279 3069 2353 quia
3100 2281 3288 2353 verba,

2851 2362 2988 2420 quae
3025 2349 3254 2420 dedisti,

2849 2416 2975 2469 dedi
3004 2421 3116 2484 eis;
3150 2431 3205 2476 et

2849 2489 2951 2555 ipsi
2985 2503 3311 2558 acceperunt

2848 2573 2911 2611 ea
2929 2598 2943 2621 ,
2972 2568 3025 2612 et
3052 2575 3250 2631 Cogno-

2850 2640 3076 2695 verunt,
3108 2635 3232 2701 quia

2851 2714 2977 2752 vere
3008 2714 3039 2752 a
3070 2711 3120 2756 te

2012 2781 2158 2819 nam.

2011 2837 2065 2891 5.
2096 2837 2240 2891 Haec
2269 2846 2352 2891 est
2382 2848 2562 2897 autem

2012 2911 2122 2961 vita
2163 2920 2383 2961 aeterna
2400 2951 2415 2975 ,

2014 2988 2073 3031 ut
2101 2989 2433 3047 cognoscant

2016 3058 2068 3103 te
2097 3053 2270 3102 solum
2303 3059 2359 3104 et

2014 3134 2202 3173 verum
2255 3122 2419 3177 Deum
2441 3166 2456 3193 ,

2015 3199 2070 3244 et
2096 3206 2253 3260 quem
2283 3194 2379 3245 mi-

2016 3265 2132 3315 sisti
2170 3262 2353 3316 Jesum

2015 3332 2308 3386 Christum.

2017 3405 2071 3457 4.
2107 3402 2222 3483 Ego
2253 3417 2304 3459 te
2332 3410 2529 3469 clariﬁ—

2017 3489 2134 3527 cav:
2174 3490 2337 3542 super

2021 3555 2216 3598 terram
2235 3586 2249 3609 ,
2285 3567 2392 3604 uno

2018 3630 2182 3685 Opere
2209 3630 2465 3677 consum-

1638 3744 1870 3803 coosx
1908 3744 2293 3802 BRIXIANUS.
2338 3748 2351 3753 "
2640 3820 2647 3827 D

310 3861 569 3933 priatet
604 3876 689 3915 me
730 3861 905 3916 solum
950 3861 1285 3933 relinquatis.
1325 3873 1379 3918 et
1425 3879 1531 3918 non
1578 3878 1696 3919 sum
1740 3863 1905 3917 solus.
2014 3861 2268 3916 facerem.
2295 3870 2512 3915 etnunc
2531 3859 2770 3930 gloriﬁca
2801 3867 2968 3915 metu
2996 3859 3175 3915 Pater.
3201 3858 3426 3930 gloriam
3450 3875 3613 3930 quam

2851 2768 2927 2839 (θ)
2969 2773 3216 2851 existunt
3268 2776 3347 2851 ιε

2850 2850 2905 2893 et
2928 2843 3326 2916 crediderunt,

2850 2912 2971 2979 quia
3009 2923 3062 2965 tu
3095 2932 3182 2969 me
3212 2921 3312 2972 ιιιί-

2851 2982 2905 3060 9..
2949 2984 3087 3037 sisti.
3125 2987 3237 3060 Ego
3267 3004 3366 3060 pro

2850 3054 2932 3106 eis
2978 3069 3107 3124 rogo
3137 3056 3149 3109 ξ
3174 3054 3310 3116 ’Νοῖι

2850 3138 2949 3203 pro
2988 3128 3188 3203 mundo
3231 3147 3363 3203 rogo
3378 3174 3394 3201 ,

2850 3195 2943 3248 sed
2973 3211 3071 3264 pro
3095 3200 3177 3253 eis
3200 3242 3217 3267 ,

2850 3280 2987 3333 quos
3012 3267 3208 3324 dedisti

2851 3334 2982 3406 mihi
3001 3379 3015 3402 ,
3046 3340 3172 3406 quia

2854 3405 2939 3459 10.
2984 3405 3248 3468 ιυίίδιιῃιε
3280 3422 3337 3470 el,

2849 3490 2970 3530 mea
3001 3482 3182 3538 omnia
3199 3525 3213 3548 ,

2851 3554 2943 3599 tua
2971 3560 3124 3617 sunt,
3154 3564 3210 3608 et

2853 3627 2970 3684 tua,
3008 3620 3079 3692 (ο)
3110 3639 3231 3680 mea
3258 3624 3337 3694 '1':

311 3934 439 4000 quia
480 3931 639 3986 Pater
684 3949 893 3987 mecum
937 3942 1040 3988 est.
1077 3931 1217 3989 Haec
1248 3936 1461 3989 locutus
1492 3950 1606 3988 sum
1655 3934 1823 3988 vobis.
1854 3942 1913 3989 ut

314 4006 367 4058 in
403 4018 489 4058 me
532 4018 715 4069 pacem
758 4005 1021 4059 habeatis.
1061 4005 1116 4059 Iit
1150 4007 1252 4060 hoc
1286 4018 1464 4059 autem
1491 4006 1713 4059 mundo.
1745 4007 1913 4059 tribu-

316 4076 572 4129 lationem
619 4077 905 4130 habebitis.
957 4078 1049 4130 sed
1083 4088 1394 4131 constantes
1419 4086 1613 4130 estule.
1660 4076 1781 4145 quia
1811 4092 1912 4145 ego

315 4150 419 4199 vici
468 4146 748 4200 mundum.
802 4148 944 4201 Haec
995 4149 1202 4203 locutus
1242 4158 1326 4204 est
1368 4148 1547 4202 Iesus.
1592 4158 1645 4201 et
1680 4149 1912 4202 eleiavit

316 4217 507 4271 oeulos
558 4234 686 4271 suos
736 4220 785 4271 iu
834 4220 1039 4271 caelum
1086 4233 1135 4273 et
1187 4218 1339 4273 dixit.
1373 4220 1549 4272 Pater.
1587 4218 1908 4273 venithora.

316 4290 553 4342 clarilica
590 4288 780 4342 Filium
823 4300 991 4342 tuum.
1022 4301 1076 4342 ut
1107 4290 1277 4343 Filius
1306 4300 1427 4343 tuus
1454 4290 1713 4343 clariﬁcet
1746 4303 1816 4343 te.
1841 4289 1911 4342 si-

316 4371 405 4414 cut
434 4360 629 4413 dedisti
659 4362 707 4413 ei
738 4368 1055 4426 potestatein
1088 4366 1265 4415 omnis
1286 4363 1485 4415 carnis.
1509 4373 1561 4413 ut
1589 4376 1749 4414 omne
1772 4360 1913 4428 quod

323 4429 524 4484 dedisti
567 4432 638 4484 ei.
690 4432 780 4485 det
824 4433 870 4484 ei
912 4434 1071 4486 vitam
1112 4442 1408 4486 aeternam.
1442 4433 1582 4485 llaec
1617 4445 1697 4485 est
1736 4443 1912 4484 autent

2019 3935 2178 3987 habui
2226 3943 2354 4000 aput
2385 3941 2439 3987 te
2470 3934 2661 4001 ipsum.
2698 3933 3005 4000 priusquam
3039 3932 3268 3985 mundus
3311 3943 3471 3987 esset.
3503 3933 3614 3988 Ma-

2018 4004 2263 4058 nil‘estavi
2309 4020 2505 4059 nomen
2550 4015 2695 4057 tuum
2734 4004 3059 4065 hominibus.
3099 4018 3234 4071 quus
3265 4002 3456 4057 dedisti
3481 4005 3612 4061 mihi

2016 4078 2083 4129 de
2112 4076 2215 4130 hoc
2244 4078 2465 4129 ιιιιιιιιΙο.
2497 4074 2593 4128 Titi
2626 4084 2798 4129 erant.
2832 4081 2886 4127 et
2909 4075 3036 4128 mihi
3066 4088 3160 4126 eus
3184 4073 3398 4127 dedisti.
3423 4086 3475 4129 el
3498 4090 3614 4130 ser—

2018 4164 2231 4200 munetn
2283 4160 2429 4200 tuum
2459 4146 2849 4200 custodierunt.
2875 4144 3025 4199 Nunc
3053 4150 3127 4211 ta)
3162 4160 3386 4214 cugnow
3419 4145 3458 4215 ἰδ
3490 4147 3614 4211 quia

2017 4219 2197 4271 omnia
2228 4234 2364 4288 quae
2396 4218 2587 4271 dedisti
2618 4218 2745 4270 mihi
2773 4218 2866 4270 abs
2897 4226 2946 4269 te
2969 4227 3109 4270 sunt.
3142 4220 3264 4283 quia
3288 4217 3446 4270 verba
3477 4233 3616 4287 quae

2019 4289 2212 4343 tIEtIIsII
2262 4290 2407 4342 uiilii.
2449 4288 2571 4341 dedi
2595 4288 2695 4341 eis.
2725 4300 2777 4340 et
2804 4288 2902 4355 Ipsi
2925 4296 3615 4356 acceperuntetcognuve-

2021 4372 2163 4415 runt.
2198 4362 2319 4429 quia
2349 4376 2473 4414 vere
2510 4375 2537 4411 a
2568 4370 2617 4411 te
2647 4360 2809 4422 exivi,
2843 4366 2895 4429 et
2914 4357 3406 4429 credideruutquia
3442 4368 3494 4413 tu
3526 4374 3614 4415 me

2022 4426 2236 4486 misisti.
2271 4432 2383 4499 Ego
2411 4445 2509 4498 pro
2536 4432 2613 4482 eis
2649 4442 2799 4499 rego.
2843 4426 2957 4499 Non
2990 4443 3085 4495 pro
3115 4428 3313 4485 mundo
3336 4444 3485 4497 rogo.
3516 4431 3610 4485 sed

326 4504 435 4554 vita
464 4513 706 4555 aeterna.
740 4514 793 4555 ut
820 4514 1142 4571 cognoscunt
1168 4517 1219 4557 te
1243 4505 1413 4557 solum
1440 4520 1620 4557 verum
1651 4504 1838 4557 Deum.
1864 4513 1918 4555 et

325 4588 487 4641 quem
525 4574 715 4627 misisti
746 4573 925 4627 Jesum
955 4572 1249 4627 Christum.
1288 4576 1397 4643 Ego
1426 4583 1478 4627 te
1502 4574 1789 4628 elui-ilicavi
1822 4588 1914 4625 su-

324 4660 424 4713 per
461 4656 661 4699 terram
704 4660 839 4713 opus
885 4649 1250 4699 consummavi
1280 4647 1422 4715 quod
1460 4644 1655 4700 dedisti
1704 4643 1834 4699 tnihi
1861 4649 1921 4697 ut

1598 4759 1828 4817 CODEX
1868 4754 2338 4813 CORBEIENSIS.

2102 4876 2230 4929 (lar.
2257 4874 2418 4929 XVII.
2450 4905 2521 4916 ——
2551 4876 2603 4931 5.
2634 4877 2820 4944 Deum,
2854 4888 2907 4933 et
2937 4893 3092 4947 quem
3114 4862 3331 4935 misisti,
3361 4879 3465 4927 etc.

2103 4947 2156 5000 4.
2201 4963 2367 5019 opere
2394 4958 2787 5015 consummato,
2817 4951 2959 5018 quod
2990 4947 3205 5003 dedisti.

1546 5080 1940 5138 VARIANTES
1979 5082 2383 5139 LECTIONES.

2030 5224 2186 5267 tuum.

2034 5244 2264 5329 L“talium.
2289 5282 2389 5341 ipsa
2414 5286 2772 5341 acceperunt...
2794 5279 3441 5346 credideruntvverequuia.
3474 5274 3621 5343 Vulg.

2034 5342 2120 5389 insi
2141 5350 2498 5389 acceperunt...
2523 5342 2856 5389 crediderunt.
2881 5345 3012 5389 auia.

2031 5350 2120 5404 ipsi
2141 5350 2498 5403 acceperunt...
2523 5350 2856 5401 crediderunt,
2881 5350 3012 5406 quia.

2093 5405 2115 5436 ⁵
2150 5404 2255 5455 ϐαι.
2282 5412 2326 5455 et
2345 5407 2463 5455 Mm.
2486 5403 2597 5466 quia
2621 5417 2717 5465 ego
2737 5406 2848 5468 vici,
2881 5412 2977 5456 etc.

2023 4519 2117 4572 pro
2144 4505 2225 4557 his
2251 4516 2388 4571 quos
2416 4502 2607 4555 dedisti
2640 4498 2790 4555 mihi.
2822 4498 2945 4572 quia
2974 4498 3046 4551 tui
3083 4509 3228 4557 sunt.
3260 4508 3317 4555 et
3345 4516 3464 4561 mea
3491 4516 3610 4561 om-

2024 4568 2109 4628 nia
2144 4584 2229 4627 tua
2269 4568 2415 4625 Sunt.
2443 4581 2498 4625 et
2529 4581 2616 4624 tua
2647 4573 2719 4637 (ε)
2746 4584 2861 4622 mea
2885 4568 2943 4638 οἷ’.

398 4872 489 4947 55.
532 4874 586 4927 1η
636 4872 737 4929 hoc
768 4888 947 4932 autem
987 4878 1191 4933 mundo
1238 4893 1546 4947 pressuram
1590 4875 1856 4931 habebitis
1899 4890 1914 4927 :

317 4946 421 4999 sed
445 4946 697 5014 gaudete,
726 4947 747 4977 ⁸
774 4951 1026 5017 quoniam
1050 4965 1149 5021 ego
1174 4946 1273 5005 vici
1307 4949 1587 5004 mundum.

398 5218 416 5253 ι
454 5219 577 5286 Min.
596 5222 661 5271 ut'
674 5220 964 5283 relinquatis
986 5229 1076 5286 :_et
1093 5233 1189 5271 non
1212 5234 1321 5272 sum
1344 5222 1497 5273 solus.
1529 5218 1676 5286 Vulg.
1703 5225 1815 5270 et...
1838 5232 1921 5268 re-

319 5282 569 5346 linquatis
589 5298 603 5346 ξ
624 5292 676 5331 et
700 5297 794 5331 non
819 5282 1095 5346 Sumsolus.

396 5344 566 5411 illum.
593 5345 807 5394 habetis.
844 5344 986 5411 Vulg.
1008 5345 1280 5407 habebitis!

394 5414 415 5443 ³
453 5409 558 5460 Gal.
608 5414 652 5459 et
702 5412 820 5458 Mm.
871 5407 1152 5459 seﬁuouem
1202 5421 1387 5460 meum.
1444 5407 1591 5475 Vulg.
1645 5420 1924 5458 sermonem

1652 5534 2020 5592 BLANCIIINI
2056 5533 2289 5593 NOTAE.

409 5651 487 5723 (a)
517 5650 591 5706 Ita
623 5657 675 5706 et
692 5646 854 5727 Goth.
884 5646 1285 5727 {wwxa.__——(b)
1306 5647 1546 5705 Tex.Gr.
1582 5648 1741 5705 habet
1769 5650 1984 5723 ἐξῆλθον,
2014 5648 2153 5721 quod
2184 5657 2241 5707 et
2266 5648 2397 5705 exivi
2418 5690 2431 5713 ,
2464 5656 2515 5703 et
2553 5648 2802 5717 exierunt,
2832 5648 3114 5720 signiﬁcat.
3134 5680 3207 5692 —
3236 5650 3308 5727 (c)
3338 5651 3466 5713 Post
3493 5667 3629 5720 mea,

327 5719 498 5793 deest
523 5731 673 5795 sunt,
702 5719 863 5791 etiam
886 5719 938 5775 iu
968 5727 1078 5785 tex.
1102 5719 1196 5786 Gr.
