4042 6192
420 242 520 297 471
962 231 1235 293 EUSEBll
1274 227 1613 288 VERCELL.
1656 223 2108 283 EVANGEHUM
2144 220 2289 280 CUM
2332 221 2559 282 VARIIS
2593 220 2751 281 COD.
2788 221 3182 281 COLLATUM.

2563 339 2798 398 CODEX
2835 340 3291 399 VERONENSIS.

822 352 1057 412 CODEX
1096 344 1632 407 VERCELLENSIS.

1261 441 1350 497 15.
1393 439 1414 469 ³
1440 437 1559 492 Νοιι
1593 450 1762 505 rogo,
1794 442 1853 489 ut

1262 511 1351 567 16.
1394 510 1553 565 tollas
1579 507 1702 563 illos
1741 506 1809 562 de

1262 581 1466 638 mundo
1492 598 1506 636 :
1542 594 1648 633 non

1264 661 1410 718 sunt,
1441 667 1497 707 s.
1531 666 1630 706 .c.
1658 688 1672 703 .
1705 659 1723 703 t
1751 648 1828 721 (a)
1854 663 1955 722 ego
1983 649 2027 720 1-

1260 740 1366 781 non
1394 738 1512 777 sum
1542 721 1612 777 de

1260 796 1365 852 hoc
1393 792 1612 849 mundo.

424 448 749 505 honoriﬁca-

421 530 511 576 tus
540 535 657 575 sum
687 522 741 576 in
770 519 841 575 il-

420 593 510 646 11.
546 592 632 645 lis.
666 591 735 646 Et
769 591 823 645 hi
854 589 908 645 in
941 589 1042 646 hoc

417 662 620 717 mundo
641 670 790 723 sunt.

416 744 472 788 et
497 749 597 804 ego
628 733 694 787 ad
726 742 779 788 te
805 748 899 789 ve-

416 804 510 858 nio
532 846 545 867 ,
578 812 633 857 et
654 804 766 873 jam
798 819 909 860 non
1260 804 1365 874 hoc
1393 804 1613 874 mundo“.
1714 862 1725 874 .

416 862 542 930 sum,
565 875 619 929 in
647 862 751 931 hoc
1260 869 1350 923 17.
1396 864 1682 921 Sanctifica
1713 862 1782 917 il-

415 946 619 1001 mundo
636 989 651 1010 ,
684 948 700 976 ³
734 954 790 1001 et
815 947 868 1001 in
1260 939 1342 993 los
1370 935 1651 1010 in‘verita-

412 1018 518 1073 hoc
555 1006 756 1072 mundo
1260 1017 1391 1063 tem.
1430 1006 1668 1061 Verbum

413 1099 559 1143 sunt.
1262 1089 1411 1135 tuum
1442 1093 1628 1132 verum

412 1160 574 1213 Pater
601 1167 821 1225 sancte,
1262 1151 1495 1225 18_._est_.
1545 1148 1697 1225 Sicut
1741 1146 1816 1219 (b)
1854 1162 1948 1225 _me
1983 1148 2025 1219 -ι-

411 1245 569 1285 serva
597 1244 691 1285 eos
722 1230 776 1285 iu
806 1218 818 1225 ’
1260 1221 1454 1276 misisti
1479 1220 1533 1273 in
1558 1220 1631 1290 (c)
1667 1218 1810 1273 hunc
1840 1218 1881 1289 ἰ-

412 1301 631 1355 nomiue
661 1310 750 1356 tuo
784 1318 797 1353 :
1260 1291 1520 1347 mundum
1545 1333 1557 1355 ,
1591 1300 1646 1344 et

414 1380 499 1436 et,
532 1373 583 1425 in
613 1371 715 1427 hoc
742 1388 902 1429 mun-
1258 1379 1359 1436 ego
1387 1363 1507 1416 misi
1539 1361 1661 1416 illos

416 1434 503 1495 12⁷.
532 1441 603 1496 do
632 1458 753 1497 cum
784 1460 962 1501 essem
1256 1434 1309 1488 in
1339 1434 1481 1488 hunc
1512 1448 1671 1487 mun-

413 1527 534 1567 cum
568 1514 707 1587 illis,
739 1530 842 1587 ego
1388 1506 1515 1559 dum
1547 1522 1559 1556 :
1593 1513 1647 1559 et
1679 1517 1777 1573 pro
1808 1502 1875 1557 il-

409 1576 703 1639 servabam'
775 1576 804 1587 ν
1252 1576 1319 1631 lis
1350 1590 1449 1646 ego
1474 1589 1561 1629 me
1586 1589 1745 1629 sanc-

407 1669 504 1709 eos
533 1656 584 1709 in
616 1656 789 1710 nomi—
1254 1645 1434 1712 tiﬁco;
1469 1656 1525 1699 ut
1552 1645 1661 1699 sint

406 1741 477 1801 ne
498 1737 619 1801 tuo.
653 1726 801 1801 Quos
1251 1718 1354 1801 ipsi
1382 1716 1621 1800 sanctiii:

407 1796 605 1851 dedisti
644 1797 810 1868 mihi,
1248 1796 1356 1868 cati
1398 1796 1451 1843 in
1499 1796 1641 1868 veri:

1247 1858 1340 1914 20.
1383 1867 1569 1915 tatem.
1606 1856 1725 1912 Non

1248 1945 1348 2001 pro
1390 1931 1474 1985 his
1514 1938 1722 2001 tantum

1249 2017 1384 2083 rogo
1401 2044 1416 2069 ,
1445 2000 1541 2057 sed
1573 2016 1671 2083 pro

1249 2070 1387 2140 illis,
1420 2089 1491 2144 q.
1528 2113 1542 2126 .
1576 2070 1590 2126 i
1621 2070 1798 2126 credi—
1854 2138 1858 2141 _

1251 2144 1358 2198 turi
1398 2152 1523 2199 sunt
1567 2157 1666 2212 per

1252 2215 1478 2271 verbum
1509 2214 1630 2270 illo-

1251 2286 1343 2341 21.
1386 2302 1504 2341 rum
1530 2287 1584 2340 in
1612 2299 1734 2355 me;
1778 2289 1798 2319 ⁸
1832 2291 1890 2343 ιιι

1252 2373 1444 2413 omnes
1472 2373 1640 2411 unum

1252 2431 1382 2497 sint,
1413 2431 1556 2486 sicut
1584 2437 1643 2482 tu

1252 2502 1414 2558 Pater
1441 2502 1496 2557 in
1528 2516 1614 2558 me
1632 2544 1646 2570 ,

1248 2583 1307 2630 et
1330 2588 1431 2644 ego
1461 2574 1514 2628 in
1549 2582 1623 2644 te,
1648 2582 1708 2630 ut

1247 2656 1304 2701 et
1332 2648 1407 2702 illi
1438 2659 1653 2719 quoque
1773 2717 1781 2719 _
1860 2712 1867 2719 ο

1253 2719 1307 2772 in
1340 2718 1497 2791 nobis
1526 2716 1596 2791 (ε)
1626 2719 1737 2773 sint
1757 2717 1797 2787 1'
1822 2734 1835 2768 :

1249 2799 1306 2842 ut
1336 2788 1567 2843 mundus

1247 2860 1325 2914 sic
1350 2858 1557 2925 credat,
1590 2858 1717 2929 quia

1248 2938 1305 2984 tu
1338 2945 1425 2985 me
1447 2930 1663 2983 misisti.

1248 3000 1340 3055 22.
1385 3002 1452 3055 Ει
1477 3015 1578 3072 ego
1605 2999 1855 3072 gloriam,

1246 3087 1406 3142 quam
1434 3072 1630 3127 dedisti

1242 3140 1395 3209 inihi,
1422 3144 1443 3175 ⁵
1471 3142 1593 3198 dedi
1618 3140 1720 3198 illis
1744 3159 1758 3207 ;

1242 3223 1302 3269 ut
1326 3215 1434 3269 sint
1464 3230 1652 3281 unum,

1239 3287 1382 3342 sicut
1403 3294 1457 3340 et
1486 3300 1586 3342 nos

1238 3373 1405 3413 unum
1428 3370 1637 3413 sumus.

1234 3427 1326 3485 25.
1371 3428 1437 3484 Ει
1460 3443 1560 3501 ego
1590 3429 1645 3485 in
1674 3427 1815 3495 illis,

405 1868 703 1934 custodiri;
738 1878 793 1923 et

406 1939 588 1994 neimo
619 1941 639 1970 ¹
672 1941 813 2010 perit

405 2011 474 2064 de
503 2011 644 2075 illis.
676 2011 779 2065 nisi
807 2012 872 2066 [i-

404 2080 511 2135 lius
533 2082 820 2151 perditio-‘

405 2153 525 2235 nis2
557 2153 892 2235 ut_Scriptu-

404 2239 463 2278 ra
509 2223 761 2294 implere-

403 2295 494 2349 15.
538 2305 647 2349 tur.
684 2295 837 2351 Nunc
864 2310 960 2352 au-

404 2374 511 2421 tem
540 2375 594 2419 at
623 2376 675 2420 te
698 2367 890 2435 venio,

405 2445 460 2491 et
493 2435 626 2508 haec
656 2436 850 2508 loquor

402 2508 460 2561 in
491 2507 596 2561 hoc
623 2507 780 2564 muri-

403 2580 473 2632 do
495 2621 508 2643 ,
544 2587 600 2632 ut
630 2578 866 2637 habeant

399 2648 655 2720 gaudium
686 2665 808 2706 me-

398 2735 492 2774 um
533 2721 811 2789 expletum

398 2791 455 2845 in
493 2792 821 2860 semetipsis.

400 2864 490 2916 14.
534 2861 647 2931 Ego
673 2859 797 2916 dedi
828 2859 937 2917 illis

400 2932 626 2987 verbum
675 2943 757 2987 ιιι-

400 3019 491 3058 um
514 3045 529 3071 ,
562 3010 617 3058 et
648 3004 734 3058 hic
761 3018 918 3059 mun-

398 3075 501 3131 dus
530 3074 644 3128 odit
686 3075 839 3140 illos,

398 3145 525 3216 quia
558 3160 664 3200 non
692 3153 819 3200 sunt

396 3217 466 3271 de
495 3216 598 3271 hoc
623 3231 779 3270 mun-

397 3287 470 3343 do
489 3330 502 3353 ,
531 3288 673 3342 sicut
701 3302 802 3357 ego

398 3374 508 3413 non
534 3374 651 3413 sum
673 3358 743 3413 de

396 3432 502 3487 hoc
538 3428 758 3487 mundo.

2130 446 2186 493 et
2214 435 2540 493 clariﬁcatus

2133 508 2224 563 11.
2264 523 2384 563 sum
2414 509 2467 562 in
2497 508 2595 564 eis.
2632 507 2701 563 Et

2126 580 2236 648 jam
2275 594 2381 633 non
2412 594 2532 634 sum

2129 651 2182 705 iu
2218 651 2319 706 hoc
2345 650 2546 706 mundo
2565 691 2579 715 ,

2129 730 2184 777 et
2211 721 2266 775 hi
2296 721 2349 775 in
2383 720 2486 776 hoc

2130 792 2333 847 mundo
2363 799 2511 858 sunt,

2129 874 2186 920 et
2211 879 2311 947 ego
2341 864 2408 919 ad
2433 873 2484 919 te

2127 950 2308 991 vento.

2128 1005 2288 1062 Pater
2317 1014 2502 1062 sancte
2522 1046 2536 1071 ,

2126 1093 2281 1132 serva
2308 1091 2403 1133 COS

2127 1148 2181 1204 in
2213 1147 2432 1203 nomine

2128 1220 2218 1275 12.
2261 1228 2372 1273 ιιιο.
2404 1216 2538 1274 Cum

2127 1305 2306 1347 essem
2335 1305 2456 1346 cum

2126 1363 2228 1427 eis,
2260 1376 2361 1431 ego
2387 1376 2573 1417 serva-

2127 1432 2250 1489 bam
2281 1447 2377 1488 eos
2403 1433 2457 1487 in

2127 1504 2346 1559 nomine
2378 1513 2487 1557 tuo.

2126 1574 2273 1643 Quos
2301 1574 2499 1629 dedisti

2124 1645 2279 1711 mihi,
2312 1644 2611 1711 custodiri;

2123 1726 2178 1773 ει
2202 1731 2362 1772 nemo
2391 1731 2459 1771 ex

2123 1787 2202 1843 eis
2229 1788 2388 1858 perit,
2423 1788 2525 1842 nisi

2121 1858 2264 1915 filius
2292 1858 2629 1928 perditionis,

2121 1939 2181 1985 ut
2210 1930 2488 2001 Scriptura

2121 2001 2428 2071 impleatur.

2126 2073 2215 2128 15.
2258 2072 2408 2126 Nune
2434 2080 2615 2128 autem

2121 2143 2189 2198 ad
2218 2152 2271 2199 te
2298 2144 2486 2208 venio,

2120 2224 2177 2271 et
2201 2215 2335 2269 haec
2365 2215 2555 2283 loquor

2118 2285 2172 2341 in
2205 2285 2308 2341 hoc
2334 2284 2556 2351 mundo,

2118 2364 2177 2412 ut
2207 2356 2439 2413 habeant

2115 2428 2370 2499 gaudium
2400 2441 2582 2484 meum

2116 2498 2375 2570 inpletum
2397 2500 2453 2554 in

2114 2573 2445 2641 semetipsis.

2115 2644 2206 2700 ιι.
2250 2643 2363 2716 Ego
2391 2643 2515 2698 dedi

2113 2717 2195 2772 eis
2222 2729 2529 2771 sermonem

2113 2795 2293 2852 tuum,
2326 2796 2381 2841 et

2112 2858 2343 2913 mundus
2370 2857 2493 2912 odio

2111 2927 2300 2984 habuit
2329 2943 2426 2984 eos
2446 2969 2459 2993 ,

2111 2999 2233 3069 quia
2263 3015 2373 3054 non
2400 3005 2529 3053 sunt

2110 3072 2179 3127 de
2206 3070 2431 3126 mundo.

2027 3177 2040 3189 ι
2112 3141 2197 3196 15.
2241 3141 2356 3196 Non
2388 3155 2557 3211 rogo,

2119 3224 2178 3269 ut
2208 3213 2365 3269 tollas
2394 3208 2489 3267 eos
2530 3211 2599 3267 de
2629 3208 2831 3267 mundo
2854 3249 2870 3278 ,

2108 3285 2204 3341 sed
2236 3296 2295 3340 ut
2320 3298 2505 3340 serves

2106 3371 2202 3411 eos
2229 3371 2259 3411 a
2286 3357 2449 3411 malo.

2107 3427 2193 3484 16.
2238 3428 2313 3484 De
2336 3427 2440 3484 hoc
2468 3424 2669 3482 mundo
2736 3512 2747 3523 Ι

1729 3588 1961 3647 CODEX
2000 3586 2395 3645 BRIXIANUS.

398 3718 451 3765 et
468 3710 798 3781 gloriﬁcatus
816 3725 934 3766 sum
949 3710 1005 3765 in
1016 3709 1117 3766 eis.
1138 3709 1325 3781 Etiam
1340 3726 1445 3767 non
1459 3726 1578 3766 sum
1592 3711 1645 3765 in
1660 3709 1762 3765 hoc
1775 3708 1997 3765 mundo.

392 3791 448 3835 et
474 3782 575 3849 ipsi
600 3783 651 3836 in
682 3782 785 3835 hoc
808 3781 1009 3835 mundo
1052 3791 1198 3836 sunt.
1221 3792 1275 3836 et
1301 3798 1401 3852 ego
1443 3781 1509 3836 ad
1538 3789 1591 3837 te
1619 3782 1805 3836 venio.
1839 3781 2000 3852 Pater

391 3860 580 3905 sancte
605 3867 866 3906 conserva
889 3866 984 3906 eos
1006 3853 1057 3906 in
1078 3854 1296 3908 nomine
1319 3851 1412 3908 tuo
1455 3866 1591 3921 quos
1613 3852 1809 3907 dedisti
1842 3851 1994 3904 mihi.

391 3930 454 3975 ut
471 3924 578 3976 sint
604 3938 767 3975 unum
796 3924 934 3977 sicut
962 3932 1020 3977 et
1050 3937 1171 3976 nos.
1195 3921 1327 3976 Cum
1361 3938 1537 3978 essem
1559 3936 1681 3976 cum
1710 3924 1788 3977 eis
1815 3923 1865 3976 in
1896 3922 1998 3976 hoc

390 3994 616 4047 mundo.
638 4007 739 4061 ego
757 3994 1041 4046 servabam
1061 3994 1221 4048 eosin
1244 3996 1464 4048 nomine
1495 4001 1607 4047 tuo.
1625 3994 1771 4058 Quos
1801 3993 1996 4047 dedisti

389 4064 543 4117 mihi.
576 4063 861 4119 custodivi.
899 4074 950 4116 et
976 4080 1136 4117 nemo
1166 4080 1234 4118 ex
1261 4065 1341 4118 his
1372 4065 1551 4133 periit.
1579 4063 1686 4119 nisi
1709 4064 1849 4119 ﬁlius
1878 4079 1995 4130 per-

388 4133 631 4190 ditioois.
688 4143 744 4187 ut
779 4134 1055 4189 Seribtura
1085 4135 1394 4205 impleatur.
1429 4134 1580 4189 Nunc
1626 4145 1805 4189 autem
1837 4136 1903 4189 ad
1943 4144 1993 4191 te

386 4207 547 4277 veuio
585 4216 638 4261 et
666 4205 799 4261 haec
830 4208 1025 4275 loquor
1053 4207 1107 4260 in
1137 4208 1237 4261 hoc
1260 4206 1480 4260 mundo.
1511 4214 1568 4259 ιιι
1598 4206 1832 4277 habeant
1864 4222 1994 4277 gau-

387 4275 537 4331 dium
586 4292 764 4332 meum
808 4279 1088 4344 impletum
1137 4277 1189 4332 in
1238 4278 1562 4346 semetipsis.
1617 4276 1727 4347 Ego
1762 4275 1886 4333 dedi
1914 4280 1994 4333 eis

387 4361 693 4404 sermonem
746 4358 917 4403 tuum.
968 4357 1022 4404 et
1072 4350 1304 4404 mundus
1347 4350 1473 4405 odio
1500 4349 1690 4402 habuit
1720 4365 1833 4404 eos.
1868 4351 1992 4419 quia

387 4432 495 4473 non
528 4430 653 4475 sunt
674 4420 742 4474 de
765 4421 867 4474 hoc
894 4420 1113 4475 mundo.
1146 4423 1288 4476 sicut
1312 4431 1368 4476 et
1388 4436 1489 4476 ego
1517 4434 1623 4474 non
1647 4434 1766 4474 sum
1798 4422 1866 4476 de
1892 4424 1994 4475 hoc

384 4489 609 4548 mundo.
641 4489 760 4547 Non
796 4506 928 4562 rogo
968 4502 1025 4548 ut
1070 4493 1227 4549 tollas
1261 4506 1356 4549 eos
1414 4489 1485 4549 de
1537 4491 1761 4548 mundo.
1802 4491 1898 4548 sed
1936 4500 1994 4547 ut

2105 3722 2400 3765 conserves
2438 3723 2533 3765 eos
2571 3723 2600 3763 a
2640 3707 2897 3778 maligno.
2935 3707 3011 3762 De
3057 3706 3158 3763 hoc
3188 3704 3390 3761 mundo
3418 3719 3520 3778 non
3552 3716 3727 3763 sunt.

2106 3783 2248 3837 sicut
2274 3791 2326 3833 et
2347 3796 2446 3851 ego
2475 3795 2579 3836 non
2608 3794 2726 3834 sum
2749 3777 2816 3834 de
2841 3780 2943 3833 hoc
2967 3778 3187 3851 mundo.
3217 3777 3503 3833 Sanetiﬁca
3527 3791 3631 3851 eos
3658 3780 3731 3835 in

2968 452 3074 492 non
3101 444 3256 502 sunt,

2966 509 3106 564 sicut
3134 506 3212 577 (a)
3239 521 3340 576 ego
3364 506 3404 576 -ι-

2965 594 3071 634 non
3099 593 3217 633 sum
3248 578 3316 634 de

2964 650 3069 706 hoc
3099 649 3316 705 mundo.

2967 721 3056 775 17.
3095 719 3381 776 Sanctiﬁca
3412 732 3507 775 eos

2962 792 3016 846 in
3048 791 3292 847 veritate.

2961 864 3154 918 Sermo
3182 873 3302 917 tuus

2959 935 3161 990 veritas
3191 943 3293 988 est.

2961 1006 3051 1087 i8_.
3073 1006 3245 1087 .Sic.ut
3273 1002 3347 1076 (b)
3372 1019 3458 1061 me
3478 1004 3519 1075 ’ξ’

2963 1077 3158 1132 misisti
3180 1078 3231 1131 in

2961 1146 3034 1220 (c)
3059 1148 3199 1203 hunc
3222 1146 3264 1218 -ι-
3294 1162 3451 1203 mun-

2961 1220 3109 1281 dum,
3138 1229 3191 1274 et
3215 1234 3314 1289 ego

2960 1291 3085 1345 misi
3112 1304 3207 1346 eos

2960 1362 3013 1416 in
3046 1363 3188 1416 hunc
3214 1377 3370 1416 mun-

2961 1431 3046 1504 19.
3091 1432 3217 1487 dum
3248 1452 3261 1485 ;
3293 1442 3349 1488 et
3379 1447 3475 1504 pro

2958 1503 3037 1558 eis
3063 1504 3342 1559 sanctitico

2958 1589 3045 1630 me
3078 1575 3285 1643 ipsum;

2960 1653 3019 1700 ut
3043 1646 3153 1700 siut
3180 1647 3280 1716 ipsi

2956 1716 3277 1772 sanctiﬁcati

2954 1787 3008 1842 in
3038 1790 3283 1844 veritate.

2954 1858 3047 1915 20.
3089 1858 3205 1913 Νοιι
3238 1873 3335 1930 pro
3362 1858 3445 1914 his
3471 1873 3563 1914 ro-

2956 1945 3023 1999 go
3048 1931 3394 1999 tantum,sed

2958 1998 3054 2070 pro
3085 2001 3185 2067 his,
3219 1998 3300 2071 (ά)
3327 2001 3416 2071 qui

2954 2072 3175 2128 credunt
3204 2070 3245 2142 -ί-
3271 2070 3365 2141 per

2953 2157 3254 2198 sermonem
3276 2157 3370 2198 ΕΟ·

2953 2229 3070 2269 rum
3098 2215 3151 2269 in
3183 2227 3269 2268 me
3294 2229 3309 2278 ;

2952 2285 3042 2340 21.
3082 2295 3143 2341 ιιι
3165 2298 3355 2341 omnes

2950 2372 3116 2412 unum

2949 2428 3080 2493 sint,
3111 2428 3251 2484 sicut

2952 2509 3005 2554 tu
3037 2499 3199 2555 Pater
3229 2500 3280 2554 in

2950 2586 3060 2635 me,
3083 2582 3139 2626 et
3159 2585 3257 2639 ego
3282 2570 3334 2624 in

2949 2652 3024 2709 te,
3059 2650 3117 2697 ut
3140 2650 3196 2696 et
3221 2641 3322 2711 ipsi

2947 2714 3001 2769 in
3035 2713 3192 2785 nobis
3222 2712 3296 2785 (ε)
3330 2711 3541 2782 εἰιιιτε

2946 2796 3006 2839 ιιι
3032 2783 3265 2839 mundus

2945 2856 3151 2920 credat,
3184 2855 3310 2923 quia

2948 2936 3002 2982 tu
3035 2942 3121 2981 me
3148 2926 3363 2981 misisti.

2944 2997 3036 3052 22.
3080 2997 3150 3053 Ει
3176 3012 3277 3069 ego
3301 2998 3417 3051 cla-

2945 3070 3045 3124 rita
3055 3079 3184 3135 tem,
3215 3083 3377 3139 quam

2945 3140 3142 3196 dedisti
3166 3140 3323 3205 mihi,
3352 3138 3477 3194 dedi

2948 3213 3060 3278 eis;
3091 3221 3148 3265 ut
3174 3211 3281 3265 sint
3302 3226 3491 3279 unum,

2947 3285 3087 3339 sicut
3107 3291 3161 3338 et
3182 3296 3282 3337 nos

2948 3369 3109 3410 unum
3141 3366 3345 3409 sumus.

2948 3425 3039 3481 25.
3081 3425 3196 3497 Ego
3225 3425 3279 3480 in
3299 3424 3401 3494 eis,

3620 220 3749 276 472

2105 3853 2357 3907 veritate.
2382 3853 2573 3906 Sermo
2596 3858 2733 3903 tuus
2777 3851 2977 3905 veritas
3005 3861 3110 3906 est.
3134 3850 3273 3905 sicut
3313 3858 3367 3903 tu
3399 3863 3485 3903 me
3511 3850 3731 3905 misisti

2102 3922 2155 3996 iu
2207 3922 2278 3996 (c)
2310 3922 2450 3978 hunc
2477 3922 2518 3992 -ι-
2553 3920 2833 3996 mundum.
2870 3936 2970 3996 ego
3005 3922 3123 3976 misi
3167 3936 3264 3996 eos
3282 3922 3346 3996 _in
3376 3920 3516 3974 hunc
3546 3934 3734 3996 mun-

2102 3992 2251 4048 dum.
2293 4003 2349 4048 et
2389 4008 2486 4063 pro
2516 3994 2597 4048 eis
2637 4008 2737 4062 ego
2770 4008 2856 4047 me
2887 3995 3063 4062 ipsum
3095 3992 3396 4047 sanctiﬁco.
3430 3999 3489 4044 ut
3515 3992 3624 4044 sint
3658 4003 3736 4048 et

2103 4066 2202 4132 ipsi
2222 4065 2557 4120 Asanctilicali
2606 4065 2659 4118 in
2688 4065 2916 4119 veritate
2962 4063 3077 4118 Non
3124 4079 3221 4132 pro
3250 4063 3333 4117 liis
3363 4075 3540 4116 autem
3571 4076 3730 4132 rogo

2101 4145 2332 4190 tantum.
2372 4135 2468 4192 sed
2509 4146 2562 4191 et
2593 4150 2691 4206 pro
2723 4136 2828 4190 illis
2852 4136 2943 4206 qui
2972 4135 3227 4190 credituri
3254 4142 3382 4189 sunt
3413 4136 3463 4186 in
3491 4148 3575 4187 me
3599 4150 3730 4206 per

2102 4209 2327 4263 verbum
2375 4204 2609 4262 illorum.
2653 4216 2712 4261 ut
2754 4204 2943 4262 omnes
2973 4222 3136 4260 unum
3166 4205 3293 4260 sint.
3328 4206 3472 4259 Sicut
3510 4212 3563 4257 tu
3598 4204 3723 4258 Pa-

2100 4288 2182 4333 ter
2231 4280 2281 4333 in
2316 4294 2422 4335 me.
2466 4290 2519 4334 et
2562 4294 2663 4344 ego
2709 4277 2761 4332 in
2807 4288 2877 4333 te.
2925 4287 2982 4332 ut
3022 4287 3077 4333 et
3122 4279 3222 4346 ipsi
3268 4279 3321 4331 in
3350 4275 3503 4330 nobis
3534 4292 3721 4332 unum

2098 4350 2225 4405 sint.
2272 4360 2330 4405 ut
2372 4352 2457 4405 hic
2496 4350 2726 4404 mundus
2770 4350 2978 4404 credat.
3020 4348 3144 4417 quia
3174 4358 3228 4403 tu
3258 4364 3343 4403 me
3372 4346 3592 4401 misisti.
3643 4348 3723 4403 Et

2097 4436 2198 4491 ego
2247 4422 2475 4498 gloriam
2515 4436 2676 4492 quam
2724 4420 2920 4476 dedisti
2978 4419 3109 4475 mihi
3154 4419 3276 4498 dedi
3320 4419 3418 4498 eis.
3460 4429 3533 4498 ,ιιι
3595 4418 3723 4476 sint

2098 4508 2261 4547 unum
2311 4494 2453 4550 sicut
2500 4491 2554 4549 et
2591 4507 2690 4549 nos
2726 4507 2892 4549 unum
2929 4504 3134 4550 sumus.
3190 4491 3304 4563 Ego
3336 4491 3390 4547 in
3426 4491 3525 4544 eis.

1676 4650 1911 4709 CODEX
1945 4649 2420 4710 CORBEIENSIS.

463 4788 551 4865 11.
591 4789 644 4844 in
673 4788 779 4865 hoc
808 4784 1076 4865 mundo...
1107 4825 1120 4841 .
1153 4825 1167 4840 .
1196 4796 1388 4843 recent.
1419 4805 1598 4858 manu,
1626 4805 1763 4865 quos
1792 4789 1987 4848 dedisti

388 4858 544 4929 mihi,
569 4871 627 4917 ut
648 4861 759 4917 sint
789 4874 976 4925 unum,
1009 4858 1149 4914 sicut
1177 4867 1232 4915 et
1258 4873 1375 4915 nos.

2170 4788 2255 4863 16.
2299 4790 2375 4845 Ab
2408 4790 2505 4845 hoc
2532 4790 2784 4845 versiculo
2809 4806 2967 4861 usque
3005 4790 3075 4845 ad
3097 4806 3291 4846 nonum
3320 4792 3503 4863 capitis
3531 4804 3708 4861 xvm,

2090 4861 2264 4918 Codex
2286 4879 2384 4927 ms.
2419 4871 2681 4918 truncatus
2709 4872 2803 4918 est.

1610 4998 2006 5057 VARIANTES
2044 4999 2453 5061 LECTIONES.

446 5140 464 5172 ³
500 5139 621 5189 Mm.
668 5141 721 5189 et
759 5152 848 5189 nos
867 5154 1018 5191 unum
1039 5154 1223 5192 sumus.
1243 5140 1414 5205 Pater,
1443 5152 1576 5190 cum.
1622 5139 1772 5204 Vulg.
1796 5143 1850 5189 et
1871 5151 1978 5189 nos.

380 5202 617 5327 capillor.
647 5263 847 5327 peribit,
877 5264 989 5312 nisi.
1021 5262 1168 5327 Vulg.
1193 5267 1359 5327 periit,
1381 5266 1493 5315 nisi.

443 5328 464 5358 ³
498 5326 603 5377 Gal.
633 5326 696 5375 ex
722 5326 867 5395 malo.
895 5328 1016 5377 Mm.
1040 5326 1157 5391 quia
1179 5326 1275 5379 non
1295 5340 1471 5392 rogo...
1522 5341 1588 5379 ex
1626 5328 1771 5380 malo.
1827 5327 1976 5395 Vulg.

380 5400 478 5440 non
502 5399 685 5451 rogo...
709 5389 899 5439 amato.

2154 5138 2177 5169 ⁸
2211 5141 2336 5203 Μηιᾷ
2358 5144 2413 5188 ιιι
2434 5152 2609 5191 omnes
2622 5153 2773 5190 unum
2796 5142 2911 5200 sint,
2936 5142 3061 5191 sicut
3103 5144 3157 5191 et
3196 5152 3286 5190 nos
3324 5152 3472 5190 unum
3495 5152 3706 5203 sumus,

2090 5202 2218 5266 sicut
2234 5207 2284 5266 tu
2306 5200 2455 5266 Pater
2480 5204 2528 5251 in
2548 5215 2649 5263 ine,
2678 5208 2731 5252 et
2755 5215 2851 5265 ego
2871 5205 2918 5251 in
2952 5212 3024 5264 te,
3048 5212 3103 5254 ιιι
3123 5205 3213 5266 ipsi
3233 5204 3283 5266 in
3306 5204 3445 5252 nobis
3467 5204 3517 5252 iu
3535 5200 3703 5255 unum

2089 5264 2219 5329 sint.
2239 5262 2382 5325 Vulg.
2428 5271 2482 5313 ut
2524 5262 2697 5329 omnes
2718 5262 2869 5314 unum
2888 5262 3158 5329 sint,’sicut'
3188 5272 3237 5316 tu
3263 5265 3413 5317 Pater
3431 5268 3481 5315 in
3504 5278 3609 5327 me,
3640 5274 3700 5322 et

2091 5338 2188 5387 ego
2210 5328 2259 5374 in
2288 5332 2435 5389 te,gut
2453 5333 2505 5389 et
2521 5327 2613 5389 ipsi
2640 5330 2688 5389 in
2711 5329 2855 5377 nobis
2878 5327 3029 5377 unum
3051 5329 3167 5380 sint.

2152 5390 2174 5421 ⁸
2208 5390 2326 5438 Mm.
2346 5387 2415 5438 do
2436 5387 2552 5439 illis.
2580 5388 2727 5455 Vulg.
2751 5389 2865 5440 dedi
2888 5391 2979 5441 eis.

1708 5535 2076 5593 BLANCHINI
2112 5534 2345 5594 NOTAE.

453 5656 528 5729 (a)
551 5657 688 5737 Ante
712 5674 823 5728 ego,
854 5657 1006 5737 deest
1034 5666 1102 5737 et2
1127 5656 1368 5737 etiamin
1396 5664 1508 5737 ter.
1531 5655 1652 5737 “Gr.
1684 5653 1863 5737 ——7_(b)
1884 5658 2024 5711 Ante
2052 5673 2161 5737 uie.
2196 5658 2347 5737 deest
2373 5670 2455 5737 tu,
2487 5660 2692 5737 itemin
2717 5672 2824 5737 tex.
2851 5659 2946 5717 Gr.
2976 5688 3051 5706 —-
3078 5661 3347 5737 (c)gAddit
3377 5662 3693 5737 huuctcod.

381 5725 596 5803 (ιυοτιυθ
625 5725 780 5783 Cani-
804 5728 1159 5803 whom—(ti)
1188 5728 1264 5786 Ita
1292 5740 1346 5788 et
1375 5730 1497 5787 cod.
1525 5728 1683 5785 Cant.
1716 5725 1816 5783 τῶῡ
1841 5725 2293 5787 άτιστευόντωνρ-
2321 5728 2392 5801 (e)
2424 5735 2563 5789 Ante
2586 5732 2877 5801 sint,deest
2904 5725 3097 5790 unum.‘
3111 5725 3271 5791 etiam
3294 5734 3349 5791 in
3377 5734 3497 5791 cod.
3516 5732 3657 5792 Cant
3675 5763 3693 5787 ι
