4042 6192
428 222 532 279 473

800 338 1027 398 CODEX
1066 340 1607 400 VERCELLENSIS.

416 440 475 507 et
506 438 561 487 ιιι
590 431 643 487 in
674 446 791 507 me;
822 443 878 489 ut
1251 444 1483 507 quenter
1508 451 1640 493 con-

419 503 534 558 sint
565 504 789 573 perfecti
1253 503 1478 564 venerat
1497 508 1568 564 ibi

416 574 475 629 in
506 590 703 639 unum;
734 582 791 630 ut
1043 620 1055 633 .
1248 578 1405 635 Iesus
1429 595 1551 635 cum
1575 579 1688 636 dis-

415 646 558 721 s_ciat
587 646 676 701 hic
702 661 858 701 mun-
1251 651 1445 721 eipulis
1475 651 1607 705 suis.

416 716 643 792 dus_.q.
677 757 690 771 .
725 759 739 773 .
767 733 799 792 a
827 727 881 792 tu
915 735 1002 792 tne
1250 716 1499 792 5.'lgitur
1533 721 1722 790 Iudas,
1754 736 1844 779 ac-

414 787 666 861 emisisti,
695 798 751 844 et
780 788 860 861 (a)
886 791 901 821 ¹
926 790 1009 846 di-
1248 787 1401 861 cepta
1432 793 1653 849 cohorte
1686 787 1717 848 a

411 858 520 914 Iexi
541 861 579 930 ’ξ-
605 860 619 913 i
649 901 666 917 .
698 899 759 933 ._l.
790 858 875 929 os,
900 862 1039 919 sicut
1250 864 1269 894 ³
1298 858 1639 933 Principibus

412 943 470 985 et
500 942 554 985 ιιι
579 946 668 987 me
694 931 833 987 dile-

410 1002 560 1056 xisti.

408 1071 503 1130 Ἃ.
546 1075 730 1139 Pater,
760 1089 894 1145 quos
924 1077 1105 1135 dedis-

410 1145 453 1199 ti
479 1145 633 1213 mihi,
664 1148 790 1201 volo

409 1223 471 1268 ut
498 1216 585 1271 ubi
617 1232 720 1287 ego
750 1234 894 1286 sum,

409 1294 470 1341 et
494 1287 576 1342 illi
598 1288 707 1343 sint
739 1306 856 1345 me-

1244 934 1621 1001 Sacerdotum,

1239 1014 1294 1061 et
1320 1006 1387 1062 de
1413 1008 1713 1063 Pharisaeis

1248 1078 1544 1147 ministros,

1246 1151 1394 1205 venit
1417 1150 1488 1206 ibi
1524 1165 1647 1205 eum

1247 1219 1566 1289 lancternis,
1592 1229 1647 1277 et

1243 1291 1600 1361 lampadibus,
1630 1299 1684 1347 et

404 1371 558 1431 cum;
596 1368 654 1414 ut
684 1360 834 1418 vide-
1241 1360 1427 1419 armis.

402 1432 755 1518 antgloriam
1242 1432 1297 1487 4.
1345 1434 1507 1518 Iesus
1530 1434 1603 1507 (c)
1624 1445 1803 1492 autem
1828 1433 1869 1507 -ξ-
1899 1436 2001 1492 sci-

403 1515 607 1574 nieam,
641 1518 802 1574 quam
1241 1519 1339 1561 ens
1364 1515 1568 1574 omnia,

402 1571 599 1628 dedisti
622 1573 751 1629 mihi
774 1591 787 1630 :

398 1644 657 1714 quoniam
682 1644 769 1700 di-

398 1714 581 1771 lexisti
604 1732 689 1771 me
713 1732 807 1772 an-

400 1795 455 1840 te
481 1788 742 1843 constitut
770 1830 783 1843 .
821 1829 833 1842 .
862 1829 874 1842 .

1241 1590 1379 1646 quae
1414 1586 1573 1633 erant

1164 1716 1169 1721 '
1238 1650 1341 1704 sibi
1368 1658 1617 1717 ventura,

1237 1722 1388 1787 exiit,
1419 1729 1474 1776 et
1501 1722 1575 1775 ait
1602 1722 1667 1776 il-

1236 1790 1302 1864 lis
1336 1809 1348 1845 :
1376 1791 1395 1823 ³
1420 1791 1590 1859 Quem
1617 1807 1781 1864 quae-

396 1872 524 1912 nem
557 1860 762 1915 mundi.
1234 1863 1397 1918 ritis?

393 1928 486 1983 25.
530 1929 694 2004 Pater
716 1930 891 2001 juste,
922 1941 975 1989 et
998 1931 1088 1990 hic
1232 1934 1286 1988 5.
1330 1934 1748 2004 Responderunt

394 2000 633 2056 mundus
656 2000 729 2057 te’
1230 2004 1307 2059 illi
1340 2023 1353 2060 :
1387 2000 1571 2063 Iesum
1600 2006 1703 2061 Na-

394 2085 505 2126 non
532 2086 731 2144 cogno-
1229 2091 1542 2133 zaraenum.

1230 2148 1376 2202 Dixit
1404 2150 1506 2204 illis
1530 2166 1545 2203 :
1575 2149 1685 2219 Ego

396 2144 477 2196 vit
505 2160 518 2197 :
550 2158 653 2214 ego
672 2152 852 2200 autem

1230 2234 1371 2274 sum.
1407 2219 1564 2276 Iesus
1591 2232 1773 2276 autem

396 2222 456 2285 te
482 2215 733 2285 adgnovi,
765 2226 821 2272 et

392 2284 453 2339 hi
483 2284 749 2363 cognove-

390 2367 541 2428 runt,
570 2359 693 2428 quia
727 2371 782 2413 tu

392 2425 486 2482 26.
529 2425 616 2483 me
644 2429 859 2486 misisti.
889 2430 956 2487 Et

1232 2292 1432 2358 stabat,
1465 2302 1518 2347 ct
1546 2291 1731 2358 Iudas,

1230 2362 1322 2432 qui
1350 2378 1471 2428 eum
1500 2373 1612 2419 tra-

1230 2434 1440 2489 diturus
1468 2446 1607 2501 erat,

1229 2519 1350 2560 cum
1378 2506 1506 2561 illis.

1228 2576 1282 2648 6.
1326 2575 1404 2648 Ut
1421 2591 1551 2648 ergo
1582 2575 1807 2648 dixitil-

1226 2646 1293 2701 lis
1320 2665 1331 2699 :
1365 2645 1617 2718 Ego'sum
1644 2666 1657 2702 :
1682 2647 1823 2705 abie-

1227 2727 1355 2774 runt
1377 2729 1544 2785 retro,

1226 2800 1281 2844 et
1308 2790 1624 2846 ceciderunt

1229 2861 1283 2915 in
1310 2870 1545 2918 terram.

1229 2932 1281 2987 7.
1325 2932 1522 2988 Iterum
1551 2932 1675 2989 illos
1706 2934 1791 2990 in-

1229 3005 1522 3074 terrogavit
1557 3023 1568 3055 :

1226 3075 1398 3141 Quem
1426 3074 1641 3144 quaeri-

1228 3148 1293 3201 lis
1310 3146 1332 3200 ?
1350 3146 1434 3202 Ad
1466 3147 1542 3202 illi
1565 3148 1716 3203 dixe-

1224 3227 1349 3273 runt
1375 3237 1388 3272 :
1415 3218 1598 3274 Iesum
1629 3220 1733 3274 Na-

1225 3289 1281 3345 8.
1320 3306 1630 3346 zaraenum.
1666 3290 1689 3321 ⁴
1716 3291 1804 3346 Di-

1223 3362 1276 3416 xi
1304 3362 1476 3429 vobis,
1502 3377 1605 3431 ego

1218 3447 1337 3487 sum
1365 3450 1378 3487 :
1410 3434 1454 3488 si
1480 3448 1613 3504 ergo

1217 3518 1304 3558 me
1333 3506 1616 3574 quaeritis,

1215 3576 1378 3631 sinite
1408 3576 1507 3630 hos
1534 3576 1611 3631 ire
1635 3592 1649 3629 :

1214 3645 1266 3700 9.
1313 3654 1370 3700 ut
1390 3648 1411 3677 ⁸
1449 3647 1737 3715 impleatur

1212 3717 1457 3784 verbum,
1482 3717 1625 3788 quod

1209 3789 1384 3843 dixit:
1416 3790 1704 3857 Quoniam,

1212 3875 1350 3931 quos
1379 3860 1577 3916 dedisti

390 2508 581 2554 notum
604 2500 671 2555 ad
702 2502 811 2557 illis

387 2568 495 2624 feci
527 2586 727 2628 nomen

391 2650 568 2711 tuum,
599 2653 649 2699 et
678 2644 864 2713 cogni-

387 2720 506 2767 tum
540 2756 553 2767 .
585 2754 600 2771 .
628 2753 643 2768 .
677 2714 849 2779 ciam;

387 2793 455 2839 ut
483 2786 702 2857 caritas,
734 2802 839 2857 qua

384 2870 479 2910 me
508 2855 769 2923 dilexisti,
796 2859 867 2913 sit

384 2926 575 3052 iﬁeis,
602 2937 661 2984 et
684 2942 784 3000 ego
813 2932 864 2985 in

387 3013 404 3052 ι
451 3014 516 3052 ιε.

387 3013 516 3054 IIIIS.

537 3068 772 3127 CAPUT
812 3070 1002 3130 XVIII.

452 3142 500 3196 l.
531 3142 626 3196 llis
654 3144 837 3211 dictis,
861 3144 1017 3201 Iesus
1034 3146 1149 3203 exi-

382 3213 446 3276 it,
471 3224 522 3269 et
545 3214 785 3283 discipu-

382 3284 423 3339 li
454 3285 570 3355 ejus
599 3294 752 3341 trans

381 3364 681 3412 torrentem

385 3427 465 3497 (ὁ)
496 3429 655 3483 Cedri
682 3428 744 3499 -ξι,
766 3429 860 3486 ubi
883 3440 1002 3489 erat

380 3498 597 3570 hortus,
628 3500 681 3553 in
700 3498 867 3570 ’quem

379 3569 590 3625 introiit
620 3569 787 3627 simul

379 3655 502 3713 cum
527 3642 811 3713 discipulis

375 3710 438 3767 2.
477 3714 607 3768 suis.
644 3710 862 3771 Sciebat

376 3794 558 3841 autem
589 3794 645 3839 et
672 3788 847 3840 locum

376 3855 529 3911 illum
556 3872 570 3909 :
601 3858 729 3928 quia
754 3856 864 3914 fre-

1408 223 1854 284 EVANGELIUM
1893 220 2263 284 SECUNDUM
2302 220 2716 281 IOHANNEM.’

2029 495 2042 503 ,
2114 444 2169 491 et
2193 443 2248 489 tu
2274 433 2329 489 in
2356 448 2474 500 me;

2061 2100 2065 2105 ε
2099 2088 2279 2134 autem
2312 2088 2364 2135 te
2389 2093 2593 2149 cognov

3602 217 3710 275 474

2545 338 2773 397 CODEX
2809 337 3262 398 VERONENSIS.

2942 432 3119 503 locum
3149 450 3162 487 :
3194 432 3321 503 quia

2940 502 3253 575 frequenter

2938 575 3093 631 Iesus
3121 589 3391 631 convene-

2940 655 3025 701 rat
3050 647 3180 701 illuc
3205 661 3330 701 cum

2938 717 3216 786 discipulis
3244 718 3378 773 suis.

2938 790 2996 844 5.
3036 788 3203 845 Iudas
3231 803 3381 860 ergo,

2937 876 3068 932 cum
3087 861 3383 932 accepisset

2936 947 2968 987 a
2993 931 3251 994 cohorte.

2937 1013 2993 1059 et
3012 1018 3043 1057 a
3066 1003 3325 1059 Priucini-

2936 1074 3037 1130 bus
3064 1074 3438 1139 Sacerdotum,

2939 1156 2993 1201 et
3024 1145 3289 1201 Farisaeis

2938 1217 3237 1285 ministros,
3269 1218 3417 1272 venit

2934 1288 3062 1345 illuc
3088 1303 3210 1344 cum
3244 1289 3359 1343 lan-

2935 1362 3122 1426 ternis,
3153 1370 3207 1416 et
3228 1359 3457 1427 lacibus,

2932 1441 2985 1488 et
3010 1431 3196 1486 armis.

2934 1505 3008 1586 4..
3030 1502 3187 1558 Iesus
3213 1500 3288 1585 (c)_
3309 1512 3491 1560 autem
3514 1500 3556 1572 ἦ·

2933 1589 3113 1630 selens
3142 1588 3345 1641 omnia,

2933 1662 3072 1718 quae
3102 1654 3327 1702 ventura

2933 1728 3089 1774 crant
3116 1732 3279 1788 super

2933 1805 3079 1855 eum,
3105 1790 3387 1859 processit.

2932 1870 2989 1917 et
3008 1862 3145 1916 dixit
3170 1861 3248 1917 eis
3282 1878 3297 1915 :

2930 1932 3101 2001 Quem
3122 1931 3405 2003 quaeritis?

2930 2005 2985 2058 5.
3026 2004 3441 2074 Responderunt

2928 2078 2976 2131 ei
3008 2092 3020 2128 :
3051 2073 3233 2130 Iesum
3265 2073 3580 2128 Nazoreum.

2929 2145 3068 2201 Dicit
3093 2146 3173 2201 eis
3205 2161 3224 2203 :
3255 2145 3364 2216 Ego

2928 2233 3070 2273 sum.
3099 2216 3289 2272 Stabat

2926 2298 3108 2345 autem
3140 2297 3196 2344 et
3223 2288 3317 2344 Iu-

2925 2361 3044 2427 das,
3072 2362 3160 2429 qui
3188 2360 3365 2415 trade-

2924 2432 3015 2487 bat
3037 2447 3160 2486 eum
3190 2446 3311 2486 cum

2925 2505 2979 2559 6.
3022 2503 3171 2571 ipsis.
3206 2501 3277 2558 Ut
3309 2515 3440 2573 ergo

2926 2576 3060 2630 dixit
3092 2574 3203 2629 eis:
3236 2573 3351 2644 Ego

2924 2662 3043 2701 sum
3074 2663 3088 2700 :
3116 2646 3365 2700 abierunt

2924 2729 3244 2781 retrorsum,
3272 2727 3328 2771 et

2923 2788 3235 2845 ceciderunt
3264 2788 3318 2843 in

2924 2869 3142 2916 terram.

2112 517 2170 561 ut
2193 507 2302 560 sint
2327 520 2582 561 consum-

2112 578 2240 632 mati
2267 578 2317 631 in
2341 592 2504 632 unum
2528 592 2542 643 ;

2111 657 2166 703 Εἰ
2186 656 2477 703 οοιιηοεοιιι

2110 718 2363 784 mundus,
2397 718 2521 789 quia

2112 800 2166 846 tu
2197 806 2284 846 me
2313 791 2505 846 misisti
2525 833 2540 855 ,

2108 872 2162 918 et
2194 861 2271 932 (α)
2311 862 2475 917 dilexi
2502 861 2544 932 τ

2108 948 2229 1001 eos,
2255 934 2393 989 sicut
2418 942 2473 988 et

2108 1014 2165 1059 tu
2192 1021 2280 1060 me
2309 1004 2565 1061 dilexisti.

2107 1076 2200 1131 24.
2240 1076 2419 1142 Pater,
2444 1091 2581 1147 quos
2605 1076 2697 1133 de-

2106 1147 2230 1203 disti
2255 1148 2384 1203 mihi
2404 1190 2419 1217 ,
2452 1148 2580 1204 volo

2106 1229 2164 1274 ut
2190 1220 2283 1274 ubi
2305 1236 2405 1290 ego
2428 1236 2570 1286 sum,

2105 1299 2161 1346 et
2182 1290 2257 1345 illi
2284 1291 2393 1346 sint
2423 1307 2537 1346 me—

2104 1378 2258 1429 cum;
2284 1373 2339 1416 ut
2357 1363 2577 1420 videant

2105 1434 2402 1489 claritatem
2432 1450 2607 1491 meam
2625 1476 2640 1502 ,

2102 1520 2261 1575 quam
2283 1506 2480 1561 dediSIi

2102 1576 2235 1649 mihi
2262 1595 2275 1630 :
2308 1580 2561 1649 quoniam

2105 1647 2338 1704 dilexisti
2368 1664 2454 1705 me

2103 1730 2229 1775 ante
2252 1721 2596 1776 constitutio-

2102 1806 2224 1846 nem
2255 1792 2461 1848 mundi.

2098 1863 2190 1916 25.
2234 1864 2391 1920 Pater
2414 1865 2579 1934 juste,

2099 1934 2329 1991 mundus
2360 1948 2410 1991 te
2441 1951 2548 1992 non

2097 2008 2351 2077 cognovit
2380 2026 2391 2060 :
2424 2023 2525 2079 ego

2101 2150 2175 2215 vi,
2206 2158 2260 2204 et
2282 2149 2334 2204 Ιιί
2362 2164 2562 2221 cogno-

2091 2231 2307 2284 verunt,
2335 2223 2459 2292 quia
2486 2231 2540 2277 tu

2095 2310 2179 2349 tne
2211 2294 2423 2351 misisti.

2093 2368 2180 2423 26.
2228 2365 2291 2421 Ει
2323 2375 2509 2423 ηοιυιιι
2535 2364 2636 2421 feci

2091 2440 2173 2494 eis
2198 2453 2395 2494 nomen

2093 2520 2266 2575 tuum,
2291 2519 2345 2564 et
2374 2516 2563 2564 notum

2091 2579 2281 2635 faciam
2304 2598 2318 2647 ;
2353 2590 2413 2636 ut
2436 2578 2574 2634 dile-

2092 2652 2222 2733 ctin,
2251 2668 2356 2722 qua
2383 2652 2524 2733 dile-

2092 2723 2217 2777 xisti
2238 2739 2345 2790 me,
2383 2725 2433 2779 in
2468 2723 2599 2792 ipsis

2090 2796 2183 2863 sit,
2211 2802 2267 2851 et
2294 2810 2395 2866 ego
2426 2796 2480 2850 in
2506 2795 2657 2865 ipsis.

2231 2906 2458 2964 CAPUT
2496 2906 2686 2964 XVIII.

2089 3006 2143 3061 1.
2184 3003 2328 3060 Haec
2354 3017 2475 3059 cum
2506 3001 2589 3056 di-

2086 3077 2258 3132 xisset
2285 3075 2470 3140 Iesus,
2499 3072 2667 3129 exivit

2088 3162 2208 3203 cum
2241 3145 2521 3216 discipulis

2086 3219 2199 3273 suis
2226 3226 2373 3273 trans
2403 3227 2512 3271 tor-

2086 3298 2298 3345 rentem
2327 3286 2565 3343 ﬂuminis

2086 3360 2163 3433 (b)
2195 3361 2352 3433 cedri
2374 3360 2436 3431 1-,
2478 3357 2572 3413 ubi

2084 3432 2203 3487 erat
2231 3432 2441 3494 hortus,
2477 3434 2531 3485 in

2082 3517 2244 3574 quem
2272 3502 2518 3574 introivit

2082 3568 2221 3644 ipse,
2248 3580 2304 3629 et
2329 3568 2577 3644 discipuli

2079 3642 2137 3700 2.
2176 3644 2314 3714 ejus.
2342 3642 2558 3698 Sciebat

2081 3725 2259 3771 autem
2282 3724 2339 3770 et
2361 3714 2454 3769 Iu-

2080 3789 2176 3843 das
2198 3827 2213 3851 ,
2249 3787 2339 3857 qui
2369 3784 2547 3841 trade-

2082 3860 2175 3914 bat
2201 3874 2343 3923 eum,
2380 3859 2555 3929 ipsum

2922 2933 2976 2986 7.
3016 2932 3213 2986 lterum
3240 2945 3371 3001 ergo

2919 3018 3015 3058 eos
3046 3003 3402 3073 interrogavit

2921 3074 3078 3130 Iesus
3104 3093 3116 3127 :
3142 3073 3315 3141 Quem

2915 3145 3208 3217 quaeritis?
3234 3143 3315 3198 Illi

2922 3216 3101 3271 autem
3133 3216 3387 3270 diXerunt
3416 3232 3429 3267 :

2920 3287 3104 3343 Jesnnt
3131 3287 3452 3341 Nazoreum.

2920 3358 2974 3412 8.
3018 3358 3313 3425 Respondit
3339 3356 3499 3412 Iesus
3522 3371 3535 3407 :

2920 3428 3038 3483 Dixi
3068 3429 3245 3493 vobis,
3274 3428 3395 3496 quia

2918 3514 3019 3569 ego
3048 3514 3166 3553 sum
3198 3516 3209 3551 ί
3234 3498 3281 3552 si
3302 3512 3432 3568 ergo

2918 3570 3175 3639 quaeritis
3196 3585 3301 3633 me,

2920 3638 3083 3695 sinite
3113 3640 3213 3694 hos
3237 3638 3387 3693 abire
3420 3655 3433 3689 :

2919 3712 2972 3765 9.
3016 3721 3073 3765 ut
3099 3710 3415 3780 impleretur

2921 3797 3124 3850 sermo,
3147 3796 3308 3851 quem

2921 3854 3057 3910 dixit
3086 3872 3099 3908 :
3130 3854 3262 3921 Quia
3284 3895 3300 3921 ,
3328 3866 3465 3923 quos

1713 3952 1942 4010 CODEX
1980 3949 2373 4009 BRIXIANUS.

374 4053 433 4119 et
461 4052 513 4098 tu
545 4044 599 4099 in
634 4059 721 4119 me
744 4053 801 4100 ut
829 4045 1178 4117 sintperfecti
1219 4046 1271 4100 in
1305 4062 1489 4102 unum.
1518 4058 1574 4104 et
1602 4060 1658 4104 ut
1687 4057 1979 4119 cognoscat

373 4115 466 4187 hic
480 4116 720 4171 mundus
736 4119 859 4187 quia
880 4128 932 4172 tu
950 4115 1034 4172 ine
1054 4119 1267 4175 misisﬁ.
1284 4128 1338 4173 et
1355 4120 1588 4175 dilexisti
1603 4136 1716 4176 eos.
1737 4115 1877 4175 sicut
1893 4136 1977 4176 me

371 4186 635 4242 dilexisti.
661 4186 847 4261 Pater
892 4205 1027 4258 quos
1063 4189 1256 4244 dedisti
1301 4190 1432 4245 mihi
1483 4193 1605 4247 volo
1656 4202 1714 4247 ut
1751 4193 1839 4247 ubi
1876 4206 1977 4261 ego

372 4273 516 4313 sum.
551 4268 605 4332 et
640 4259 718 4332 illi
745 4262 855 4314 sint
891 4276 1102 4316 mecutn
1137 4279 1149 4313 :
1182 4271 1244 4326 ut
1268 4262 1485 4317 videant
1515 4265 1745 4332 gloriam
1776 4259 1972 4327 meum,

371 4344 536 4403 quam
568 4330 764 4385 dedisti
787 4332 949 4403 mihi,
975 4332 1100 4403 quia
1133 4333 1371 4387 dilexisti
1404 4330 1671 4390 mefante
1715 4337 1977 4389 constitu-

373 4401 581 4455 tionem
633 4402 843 4457 mundi.
890 4401 1049 4458 Pater
1085 4403 1248 4473 juste.
1288 4404 1374 4459 hic
1405 4405 1643 4460 mundus
1671 4414 1723 4461 te
1759 4422 1865 4461 non
1888 4420 1979 4461 co-

370 4473 578 4548 gnovit.
614 4488 720 4543 ego
749 4484 1042 4548 autent_te_
1058 4490 1163 4529 non
1194 4476 1419 4545 cognovi
1442 4485 1498 4531 et
1524 4476 1577 4531 hi
1603 4487 1971 4548 cognoverunt

367 4544 496 4611 quia
549 4550 603 4597 tu
643 4558 729 4599 me
759 4546 972 4599 misiSti.
1003 4544 1073 4599 Et
1110 4544 1294 4601 notum
1324 4548 1422 4602 leci
1456 4549 1536 4601 eis
1564 4544 1760 4604 nonien
1796 4559 1967 4604 tuum.

369 4622 431 4688 et
471 4626 656 4688 notum
683 4614 879 4671 faciam
908 4626 967 4670 ut
993 4617 1230 4682 dilectio,
1259 4618 1377 4687 quia
1408 4618 1642 4674 dilexisti
1676 4635 1782 4675 me.
1816 4621 1868 4674 in
1894 4621 1974 4688 ip-

368 4686 450 4739 sis
498 4686 568 4740 sit
610 4696 664 4742 et
711 4701 833 4758 ego.
885 4689 937 4742 in
987 4689 1141 4770 ipsis.
1179 4686 1501 4770 _llaec.cum
1542 4691 1772 4746 dixisset
1816 4686 1973 4745 Iesus

369 4770 625 4827 egressus
669 4770 751 4812 est
794 4773 918 4814 cum
966 4758 1245 4827 discipulis
1287 4760 1421 4815 suis.
1472 4770 1621 4815 trans
1676 4771 1971 4816 torrentem

368 4829 617 4904 (_2_ed_ron_._
667 4830 756 4904 ubi
798 4840 915 4904 erat
940 4831 1150 4904 hortus.
1188 4830 1241 4884 in
1270 4846 1433 4904 queln
1455 4832 1713 4904 introibit
1748 4834 1885 4904 ipse.
1918 4842 1974 4887 et

365 4899 621 4969 discipuli
651 4901 786 4970 ejus.
821 4900 1037 4957 Sciebat
1076 4908 1256 4957 autem
1284 4899 1340 4957 et
1364 4901 1532 4957 Iudas
1553 4907 1640 4972 qui
1676 4899 1971 4958 traditurus

366 4979 491 5027 erat
515 4986 640 5028 eum
670 4972 847 5044 ipsum
876 4972 1076 5030 locum.
1099 4973 1225 5044 quia
1254 4973 1566 5046 frequenter
1586 4973 1745 5030 Iesus
1773 4988 1972 5030 conve-

2082 4048 2265 4104 niebat
2296 4048 2424 4102 illuc
2463 4060 2585 4101 cum
2629 4043 2906 4116 discipulis
2936 4043 3067 4098 suis.
3103 4043 3268 4099 Iudas
3302 4059 3431 4114 ergo
3458 4052 3679 4115 accepta

2086 4121 2365 4175 cohortem
2417 4118 2670 4172 militum.
2722 4125 2777 4171 et
2824 4116 3165 4187 quibusdam.
3215 4132 3280 4171 ex
3336 4116 3679 4185 Principibus

2080 4191 2434 4247 Saeerdutum
2484 4199 2541 4244 et
2581 4186 2995 4242 I’liarisanrum
3036 4186 3318 4241 ministris.
3362 4189 3507 4242 venit
3552 4188 3679 4242 illuc

2080 4278 2200 4317 cum
2253 4262 2496 4316 Iaternis.
2529 4269 2581 4314 et
2614 4259 2839 4313 facibus.
2872 4267 2926 4312 et
2966 4260 3153 4311 armis.
3201 4258 3360 4313 Iesus
3388 4260 3459 4329 (c)
3494 4267 3675 4313 autem

2080 4334 2121 4405 ’ξ-
2149 4333 2706 4405 scieusomniaquac
2731 4340 2953 4405 ventura
2998 4340 3151 4382 erant
3178 4344 3361 4405 super:
3376 4346 3521 4384 eum.
3556 4344 3680 4405 pro-

2079 4400 2279 4460 cedens
2321 4404 2468 4458 loras
2496 4402 2633 4455 dixit
2661 4401 2760 4453 eis.
2796 4400 2963 4466 Quem
3007 4400 3286 4466 quaeritis.
3330 4400 3679 4469 Responden-

2084 4487 2162 4530 tes
2209 4476 2256 4529 ei
2304 4475 2555 4529 dixerunt
2601 4469 2782 4525 Iesum
2829 4469 3151 4524 Nazoreum.
3199 4470 3337 4525 Dicit
3378 4473 3457 4527 eis
3496 4472 3674 4528 Iesus.

2084 4547 2194 4616 Ego
2224 4561 2367 4600 sum.
2398 4543 2588 4616 Stabat
2625 4550 2804 4596 autem
2834 4553 2887 4595 ct
2915 4540 3101 4616 Iudas.
3125 4542 3505 4616 _qui__tradebat
3530 4556 3673 4616 eum.

2079 4612 2202 4672 cum
2248 4617 2396 4687 ipsis.
2437 4615 2726 4683 Postquam
2752 4628 2898 4687 ergo
2927 4612 3062 4687 dixit
3088 4612 3189 4667 eis.
3225 4614 3338 4687 Ego
3362 4629 3500 4667 sum.
3528 4613 3677 4666 abie—

2080 4697 2205 4743 runt
2247 4683 2538 4741 retrosum.
2571 4694 2624 4739 et
2652 4683 2965 4738 ceciderunt
2994 4685 3045 4737 in
3076 4683 3297 4739 terram.
3324 4686 3522 4738 lterum
3545 4698 3674 4751 ergo

2080 4758 2433 4829 interrogavit
2479 4770 2594 4829 eos.
2645 4755 2815 4821 Quem
2844 4756 3143 4829 quaeritis.
3186 4754 3270 4829 Illi
3316 4763 3493 4829 autem
3524 4752 3678 4829 dixe:

2077 4839 2205 4885 runt
2248 4824 2435 4885 Iesum
2482 4826 2801 4882 Nazoreum.
2844 4824 3143 4896 Respondit
3192 4826 3273 4880 eis
3321 4824 3500 4879 Iesus.
3555 4825 3675 4882 Dixi

2076 4902 2252 4958 vobis.
2284 4902 2409 4971 quia
2437 4915 2539 4970 ego
2573 4914 2690 4954 sum
2721 4903 2769 4953 si
2804 4912 2933 4967 ergo
2958 4895 3048 4951 ine
3073 4895 3349 4971 quaeritis.
3370 4895 3543 4971 sinite
3575 4896 3674 4952 hos

2075 4975 2247 5030 abire.
2295 4965 2352 5028 ut
2399 4965 2714 5042 impleretur
2755 4965 2938 5026 sermo
2974 4981 3135 5037 quem
3167 4966 3321 5024 dixit.
3359 4965 3494 5037 Quia
3536 4983 3674 5040 quos

514 5152 517 5155 .
1651 5096 1888 5154 CODEX
1917 5094 2395 5154 CORBEIENSIS.

445 5190 724 5249 Codexms.
742 5194 1056 5251 Corbeiensis
1084 5210 1243 5267 usque
1268 5193 1337 5249 ad
1365 5208 1568 5249 versum
1586 5207 1777 5262 nonum
1804 5192 1961 5261 hujus
1987 5191 2169 5262 capitis
2195 5203 2326 5243 xvm
2357 5194 2626 5245 truncatus
2650 5194 2746 5239 est.

1588 5307 1986 5365 VARIANTES
2072 5302 2437 5364 ECTIONES.

434 5380 451 5412 ¹
492 5380 597 5431 Gut.
616 5381 773 5432 dilexi
792 5396 896 5433 eos.
933 5383 1078 5435 Vala.
1099 5382 1321 5433 dilexisti
1345 5394 1449 5431 eos.

430 5444 452 5473 ³
489 5446 606 5495 Mm.
629 5456 655 5492 a
676 5445 993 5496 Pontiﬁcibus

357 5486 655 5575 ruant};
673 5486 1965 5575 θῖάξῖῖίῐῖῑίοὶιῖιῑίῖεῖιῑέῖέῐῑξιῐέῑεειείέῖῑιίίέῑίδξ,

359 5569 514 5618 venit
536 5570 667 5621 illuc.

1080 5445 1319 5495 harisaeis
1340 5444 1587 5506 ministros
1605 5444 1795 5506 missos,
1818 5455 1971 5492 vene-

2132 5383 2153 5448 ?
2189 5380 2297 5448 (ξω.
2322 5384 2369 5448 et
2396 5384 2516 5448 Mn}.
2536 5379 2662 5448 Quid
2701 5383 2973 5448 quaeritis?
3028 5379 3175 5446 Vulg.
3206 5385 3364 5445 Quem
3397 5384 3671 5448 quaeritis?

2134 5443 2158 5511 ξ
2191 5444 2300 5511 (fat.
2324 5444 2435 5511 Iam
2452 5445 2580 5511 dixi.
2614 5443 2761 5511 Vulg.
2782 5444 2916 5497 Dixi.

2138 5507 2301 5574 δραι.
2347 5508 2627 5574 impleatur.
2663 5507 2782 5558 Min.
2826 5509 3087 5574 impleatur
3121 5509 3512 5574 sermo,:quem
3551 5509 3669 5561 dixi.

2082 5566 2229 5635 Vulg.
2248 5566 2539 5635 impleretur
2560 5583 2743 5634 sermo,
2765 5566 2914 5634 quem
2931 5572 3073 5621 dixit.

1694 5651 2063 5711 BLANCHINI
2097 5654 2327 5713 NOTAE.

441 5744 525 5815 (α)
552 5746 627 5807 Ita
659 5758 711 5808 et
740 5743 861 5810 cod.
889 5747 1045 5809 Cant.
1088 5746 1355 5825 amna...
1383 5768 1455 5791 ε·-
1482 5746 1558 5819 (b)
1584 5746 1660 5806 Ita
1683 5749 1876 5823 etcod.
1896 5749 1970 5804 Ca

2088 5750 2179 5805 lat.
2202 5756 2257 5805 et
2280 5750 2373 5807 Gr.
2392 5756 2485 5805 τοῦ
2506 5747 2714 5830 κέδρου.
2730 5747 2877 5825 —(c)
2905 5748 3064 5828 Ita-et
3083 5751 3204 5812 cod.
3237 5752 3390 5813 Cant.
3418 5754 3490 5812 δέ.
