4042 6192
394 263 493 318 177

779 380 1006 436 (ΣΟΠΕΧ
1044 378 1581 437 VERCELLENSIS.

388 470 519 524 huic
544 471 746 525 mundo
778 490 789 523 :
1221 469 1335 524 Non
1368 484 1507 523 sum.

386 552 439 595 et
469 556 573 611 ego
604 557 811 608 semper
1220 542 1311 594 ‘26.
1356 542 1494 611 Dicit
1524 555 1658 593 unus
1685 553 1749 595 ex

387 610 554 667 docui
586 614 637 665 in
666 613 833 682 Synr
1221 610 1396 667 servis
1418 611 1571 665 Prin-

387 699 549 753 goga,
580 692 633 736 et
659 681 715 735 in’
739 692 873 737 tem-
1222 683 1358 751 cipis
1384 681 1649 737 Sacerdo-

388 755 501 820 plo.
534 768 641 819 quo
668 769 856 809 omnes
1224 762 1355 815 tum,
1382 754 1471 821 qui
1489 767 1618 821 cog-

388 825 577 879 .ludaei
606 840 806 879 conve-
1222 834 1379 878 natus
1408 833 1524 878 erat
1551 824 1617 876 il-

390 898 544 951 niunt
562 939 576 957 .
600 905 654 950 et
682 898 732 949 in
757 897 974 953 occulto

390 968 525 1020 nihil
557 968 767 1021 loculus

387 1038 479 1091 2i.
512 1053 646 1092 sum.
682 1037 820 1104 Quid
852 1054 937 1094 me

389 1109 737 1178 interrogasg?

388 1180 688 1248 Interroga,

389 1251 483 1319 qui
507 1251 796 1304 audierunt

389 1322 517 1390 quid
555 1321 659 1374 illis
693 1322 843 1375 locu-

391 1404 477 1445 tns
499 1410 617 1445 sum
657 1411 670 1447 :
701 1403 752 1446 et
778 1407 904 1448 ecce
935 1392 989 1447 hi

391 1464 591 1527 sciunt,
624 1479 759 1533 quae

389 1536 499 1589 dixi
531 1549 652 1603 ego.

388 1605 479 1659 2‘2.
523 1604 657 1659 Cum
687 1606 823 1663 haec
849 1605 939 1662 ille

391 1678 640 1741 dixisset,
667 1692 807 1731 unus

392 1748 615 1801 adstans
637 1764 704 1801 ex

1224 896 1349 959 lius,
1381 895 1533 962 cujus
1555 894 1681 948 abs-

1142 972 1153 979 '
1222 966 1430 1019 ciderat
1470 965 1660 1020 Petrus

1224 1037 1521 1091 auriculam
1552 1053 1563 1087 :

1223 1107 1410 1161 Nonne
1446 1122 1545 1175 ego

1226 1189 1277 1233 te
1305 1180 1410 1232 vidi
1435 1179 1486 1231 in
1515 1180 1640 1231 hor-

1222 1249 1311 1303 27.
1359 1260 1411 1303 to
1441 1264 1561 1304 cum
1590 1248 1691 1306 eo?
1713 1248 1821 1305 lte-

1223 1337 1339 1374 rum
1372 1336 1498 1389 ergo
1527 1336 1619 1373 ne-

1224 1391 1391 1460 gavit.
1416 1405 1467 1444 et
1490 1390 1670 1444 statim

1224 1463 1396 1532 gallus
1420 1470 1607 1516 canta-

1223 1534 1322 1585 vit.

1223 1602 1315 1657 28.
1360 1602 1643 1657 Adducunt
1668 1617 1755 1659 er-

1228 1688 1296 1743 go
1327 1673 1508 1728 Jesum
1534 1675 1662 1729 mis-

1226 1760 1345 1799 sum
1377 1746 1441 1798 ad
1473 1744 1735 1815 Caipham

1228 1815 1532 1885 Principcm

1229 1886 1583 1941 Sacerdotum

1228 1958 1283 2010 in
1306 1959 1569 2027 praetori-

1232 2044 1340 2081 um.
1368 2029 1499 2081 Erat
1520 2044 1612 2081 an-

393 1818 658 1871 ministris
689 1818 783 1873 de-

393 1888 472 1942 dit
500 1890 736 1957 palmam

394 1960 447 2013 in
478 1960 669 2013 faciem
699 1959 845 2014 Jesu.

392 2032 601 2085 dicens.
628 2030 706 2084 Si.
753 2072 765 2085 .
808 2045 895 2087 res

393 2102 589 2169 pondis
612 2102 765 2155 'l‘rin-
1235 2107 1343 2153 lein
1378 2114 1555 2159 mane.
1590 2108 1643 2155 et

395 2173 500 2241 cipi
528 2173 785 2227 Sacerdo-
1235 2170 1334 2239 ipsi
1368 2186 1472 2225 non
1504 2172 1587 2224 in-

398 2254 509 2296 tum
533 2243 557 2295 ?
1235 2242 1500 2295 troierunt
1532 2245 1583 2295 in

396 2314 488 2367 25.
534 2314 834 2381 Respondit
860 2314 935 2371 illi
1234 2315 1590 2381 praetorium,

395 2384 554 2438 Jesns
589 2402 602 2438 :
641 2387 694 2441 Si
734 2387 871 2443 male
1235 2384 1624 2451 polluerentur.

1231 2455 1326 2507 sed
1357 2466 1412 2507 ut
1441 2472 1592 2507 man-

1234 2525 1493 2579 dncarent
1523 2525 1651 2578 Pas-

1236 2596 1356 2648 cha.

1238 2666 1328 2720 29.
1373 2664 1515 2718 Exiit
1545 2673 1723 2727 autem

1238 2736 1444 2791 Pilatus
1470 2736 1535 2790 ad
1570 2737 1630 2789 il-

1240 2807 1323 2861 los
1346 2808 1497 2871 foris,
1552 2817 1609 2862 et
1637 2808 1718 2863 di-

1240 2880 1317 2932 xit
1346 2897 1356 2931 :
1388 2878 1560 2944 Quam
1590 2894 1675 2934 ac-

1238 2951 1573 3003 cusationem

1233 3022 1455 3081 adfertis
1484 3020 1551 3077 de

1236 3090 1338 3145 hoc
1362 3091 1608 3147 homine?

1234 3162 1325 3217 30.
1374 3163 1687 3232 Responde-

1234 3245 1357 3287 runt
1390 3234 1579 3289 Judaei
1598 3276 1611 3298 ,

1233 3314 1285 3358 et
1316 3307 1571 3360 dixerunt

1234 3376 1352 3431 illi:
1386 3376 1442 3430 Si
1474 3393 1579 3430 non
1606 3391 1693 3433 es,

1233 3456 1317 3501 set
1350 3448 1623 3502 malefaci-

1234 3533 1331 3572 ens
1360 3520 1467 3581 hic,
1495 3535 1648 3573 num-

1233 3605 1390 3657 quam
1426 3589 1571 3642 illum

1235 3659 1545 3714 tradidisse-

1234 3745 1375 3785 mus.

1235 3802 1323 3856 ⁸51.
1366 3803 1453 3856 Ait
1484 3802 1583 3857 illis
1616 3801 1855 3857 Pilatus:

1235 3874 1475 3941 Accipite
1502 3874 1652 3927 illum

1232 3958 1361 4012 ergo
1385 3960 1500 4007 vos,
1535 3955 1588 3999 et

1230 4014 1523 4070 secundum

398 2457 607 2509 locutus
630 2474 770 2523 sum,

399 2528 765 2582 testimonium

400 2598 417 2627 ¹
444 2598 533 2652 dic
559 2599 627 2653 de
656 2601 832 2666 malo;

396 2668 444 2722 si
476 2677 655 2723 autem
692 2672 774 2725 be-
800 2706 805 2727 ρ

400 2754 491 2803 ne,
520 2741 650 2807 quid
680 2758 764 2799 ine

399 2812 620 2865 caedis?

395 2880 491 2955 ει.
535 2882 677 2955 Misit
723 2899 850 2955 ergo
879 2884 943 2939 il-

398 2952 509 3005 lum
542 2953 696 3009 Anna

395 3025 635 3077 vinctum
662 3025 727 3079 ad

396 3092 635 3163 Caiphan
668 3097 823 3151 Prin-

396 3168 571 3233 cipem
600 3168 795 3224 Sacer-

397 3236 611 3291 dotutn.

396 3307 489 3362 25.
536 3310 665 3373 Erat
691 3321 871 3369 autem

397 3381 584 3433 Simon
612 3380 803 3435 Petrus

396 3460 572 3516 stans,
606 3460 661 3505 et
690 3451 802 3505 cal-

402 3522 587 3575 liciens
615 3537 673 3578 se
696 3523 764 3576 ad

396 3590 599 3661 ignem.

401 3664 663 3718 Dixerunt
690 3680 819 3734 ergo

400 3734 474 3786 illi
508 3752 519 3787 :
554 3736 823 3803 Numquid

398 3816 448 3857 et
482 3813 536 3859 tu
570 3822 707 3860 unus
736 3824 796 3861 es

395 3874 463 3928 de
495 3877 778 3943 discipulis

399 3948 559 4011 ejus?
591 3950 667 4001 Ad
700 3950 789 4003 ille
820 3964 913 4005 ne-

395 4019 564 4086 gavit,
593 4029 646 4075 et
666 4020 803 4075 dixit
836 4039 849 4075 :

1359 263 1808 322 EVANGELIUM
1846 261 2222 321 SECUNDUM
2259 260 2649 319 JOHANNEM.

3565 258 3670 315 4⁸78

2506 375 2738 432 CODEX
2779 375 3227 433 VERONENSIS.

2081 471 2284 526 mundo
2314 489 2326 525 :
2356 486 2459 541 ego
2490 494 2493 495 ν
2908 486 3047 527 sum.

2081 558 2296 608 semper
2324 540 2486 596 docui
2908 543 2999 595 26.
3044 540 3180 595 Dicit
3209 557 3346 599 unus

2082 615 2135 667 in
2175 613 2479 683 Synagoga,
2909 628 2975 667 ex
3006 614 3175 667 servis

2081 694 2135 739 et
2168 686 2219 737 in
2246 685 2466 751 templo,
2913 684 3205 748 Pontificis,

2124 772 2191 808 U0
2222 769 2411 808 omnes

2082 771 2191 880 quo
2222 771 2411 808 omnes

2120 823 2272 879 udaei
2303 839 2498 880 conve-

2085 898 2263 959 niunt,
2296 906 2348 950 et
2380 896 2431 949 in

2084 968 2297 1021 occulto
2327 968 2537 1023 locutus

2084 1053 2201 1091 sum
2236 1038 2386 1091 nihil.

2084 1109 2146 1163 21
2162 1149 2176 1161 .
2192 1108 2327 1177 Quid
2360 1126 2442 1163 me
2472 1111 2555 1167 in-

2086 1182 2365 1247 terrogas?
2387 1181 2556 1237 Inter-

2086 1266 2213 1319 roga
2237 1266 2351 1314 eos,
2384 1256 2476 1322 qui

2086 1324 2369 1375 audierunt
2399 1325 2525 1391 quid

2087 1394 2294 1447 locutus
2316 1408 2433 1447 sum

2088 1465 2218 1531 ipsis
2247 1481 2259 1514 :
2285 1478 2413 1519 ecce

2088 1534 2140 1588 hi
2168 1535 2363 1596 sciunt,
2400 1551 2517 1603 quas

2086 1605 2311 1657 dixerim
2344 1621 2464 1675 ego.

2088 1675 2175 1728 ἓξ.
2222 1676 2362 1730 llaec
2391 1686 2569 1734 autem

2088 1762 2208 1800 cum
2240 1747 2481 1815 dixisset,

2089 1832 2228 1871 unus
2254 1818 2320 1871 de
2347 1819 2441 1871 ad-

2089 1888 2357 1942 stantibus
2388 1892 2487 1944 mi-

2092 1958 2277 2012 nistris
2308 1960 2456 2015 dedit

2096 2030 2326 2097 palmam
2357 2031 2508 2097 Jcsu,

2911 764 3170 823 cognatus
3194 763 3206 819 ι

2912 826 3049 892 ers,
3079 824 3231 892 cujus

2913 896 3137 949 abscidit
3170 896 3267 951 Pe-

2916 976 3030 1021 trus
3057 970 3270 1021 auricu-

2916 1038 3019 1091 lam
3051 1054 3063 1091 :
3097 1038 3210 1092 Non
3234 1054 3335 1110 ego

2919 1118 2970 1163 te
3001 1110 3105 1163 vidi
3130 1111 3183 1163 in

2917 1178 3072 1234 horto
3100 1196 3219 1235 cum

2914 1252 3003 1304 97.
3049 1252 3174 1305 illo?
3196 1252 3395 1306 lterum

2916 1337 3043 1391 ergo
3072 1318 3303 1392 negavit,

2914 1402 2968 1446 et
2988 1394 3164 1447 statim

2914 1464 3087 1533 gallus
3116 1465 3371 1519 cantavit.

2916 1536 3006 1589 ‘28.
3052 1536 3337 1591 Adducunt
3362 1534 3544 1591 Jesum

2915 1620 2944 1659 a
2969 1606 3205 1675 Caiplian

2917 1676 2969 1729 in
2999 1688 3214 1748 praeto-

2915 1749 3075 1802 rium.
3106 1750 3233 1803 Erat

2916 1833 3092 1873 autem
3126 1836 3281 1877 mane
3296 1862 3313 1889 ,

2916 1902 2968 1944 et
2998 1890 3099 1961 ipsi

2917 1976 3023 2015 non
3054 1964 3221 2018 intro-

2920 2033 3097 2087 ierunt
3128 2039 3179 2089 iu

2090 2100 2277 2154 dicens
2311 2119 2323 2153 :
2364 2101 2451 2157 Sic
2838 2142 2841 2147 .
2920 2106 3268 2172 praetorium,

2093 2172 2390 2238 reSpondes
2920 2185 2977 2230 ut
3008 2191 3111 2229 non
3142 2192 3269 2231 con-

2094 2242 2327 2311 Principi
2363 2244 2461 2298 Sa-
2922 2247 3330 2313 taminarentur,

2092 2316 2421 2390 cerdotnm?
2466 2386 2493 2390 __
2585 2386 2594 2390 Α
2926 2321 3001 2390 (a)
3031 2319 3123 2371 sed
3152 2319 3193 2389 -ζ-

2092 2382 2184 2437 25.
2230 2386 2521 2454 Respondit
2548 2386 2599 2445 ei
2922 2382 3310 2444 manducarent

2094 2455 2252 2509 Jesus
2286 2475 2299 2509 :
2334 2459 2388 2510 Si
2424 2458 2561 2519 male
2922 2461 3145 2515 Pascha.

2094 2525 2304 2579 locutus
2330 2544 2471 2595 sum,
2923 2530 3015 2586 29.
3060 2531 3238 2585 Exivit
3262 2541 3392 2598 ergo

2098 2598 2464 2653 testimonium
2924 2602 3125 2655 Pilatus
3152 2601 3218 2655 ad

2967 2609 3125 2655 ilatus
3152 2618 3177 2654 a

2924 2688 3016 2728 eos
3040 2673 3203 2737 foras,

2923 2754 2977 2799 et
3006 2744 3139 2797 dixit
3170 2762 3182 2796 :

2924 2816 3092 2883 Quam
3119 2830 3271 2869 accu-

2923 2889 3187 2940 sationem
3221 2884 3315 2937 ad-

2924 2957 3076 3012 fertis
3096 2958 3355 3011 adversus

2922 3028 3196 3083 hominem

2923 3100 3105 3155 hunc?

2922 3173 3010 3227 5t).
3058 3169 3499 3240 Responderunt,

2924 3254 2978 3296 et
3001 3244 3253 3297 dixerunt

2922 3316 2970 3367 ei
3005 3332 3017 3366 :
3049 3316 3103 3367 Si
3136 3329 3242 3368 non

2923 3395 3066 3438 esset
3088 3385 3181 3438 hic

2098 2598 2464 2653 testimonium

2096 2669 2319 2736 perhibe
2340 2670 2407 2724 de
2437 2685 2547 2724 ma-

2097 2737 2149 2792 lo
2174 2756 2188 2804 ;
2217 2741 2260 2793 si
2287 2751 2465 2796 autem

2098 2811 2253 2874 bene,
2286 2813 2413 2881 quid

2098 2899 2182 2935 me
2208 2884 2423 2937 caedis?

2093 2953 2185 3007 24.
2229 2955 2373 3008 Misit
2400 2970 2529 3027 ergo

2094 3040 2215 3078 eum
2249 3027 2433 3081 Annas

2092 3098 2331 3150 vinctum
2360 3098 2427 3153 ad

2094 3168 2331 3236 Caiphan
2362 3186 2495 3240 pon-

2094 3240 2318 3292 tilicem.

2093 3310 2184 3365 25.
2227 3311 2352 3364 Erat
2378 3321 2557 3369 autem

2096 3382 2280 3436 Simon
2316 3382 2504 3443 Petrus

2093 3460 2264 3517 stans,
2298 3461 2352 3505 et
2378 3454 2519 3508 cale—
2923 3453 3257 3518 mali-factor,

2094 3522 2295 3575 faciens
2326 3540 2404 3578 se.
2924 3541 3029 3579 non
3056 3526 3147 3578 tibi

2094 3594 2354 3646 Dixerunt
2922 3596 3261 3650 traderemus

2093 3678 2222 3732 ergo
2242 3665 2289 3716 ei
2322 3682 2335 3716 :
2370 3665 2534 3720 Num-
2922 3682 3066 3720 eum.

2093 3734 2219 3803 quid
2247 3745 2301 3788 et
2328 3744 2383 3791 tu
2922 3738 3011 3791 5|.
3058 3737 3195 3791 Dicit
3219 3736 3300 3791 eis

2093 3821 2159 3860 ex
2188 3805 2467 3875 discipulis
2924 3809 3162 3863 Pilatus:
3193 3806 3297 3862 Ac-

2094 3877 2208 3948 rjus
2239 3879 2333 3932 es?
2924 3881 3085 3948 cipite
3108 3896 3229 3933 eum

2092 3947 2316 4016 Negavit
2343 3951 2454 4015 ille,

2093 4029 2147 4072 et
2175 4021 2343 4075 dixit:
2368 4024 2487 4079 Non

2928 3966 3045 4015 vos,
3076 3962 3129 4005 et
3156 3966 3242 4005 se—
3286 3952 3297 3960 ’

2928 4022 3160 4079 cundum
3193 4024 3272 4077 lc-

1710 4131 1939 4190 CODEX
1978 4135 2368 4191 BRIXIANUS.

398 4232 518 4287 huic
535 4232 867 4302 mundo.ego
879 4247 1096 4303 semper
1112 4231 1268 4287 docui
1286 4231 1337 4285 in
1350 4229 1628 4303 Synagoga
1641 4238 1715 4284 .et
1733 4230 1783 4284 in
1800 4231 2001 4297 templo

398 4308 483 4357 ulii
500 4303 891 4363 ontneandaei
909 4302 1258 4359 conveniunt.
1276 4314 1329 4356 et
1345 4303 1394 4354 iu
1412 4302 1625 4355 occulto
1640 4316 1742 4355 n0n
1771 4317 1888 4355 snm
1918 4308 1997 4355 lo-

396 4388 553 4429 cutus
571 4377 885 4444 quidquam.
906 4376 1043 4441 Quid
1064 4392 1147 4429 me
1168 4376 1490 4441 interrogas.
1510 4372 1783 4444 Interroga
1801 4388 1894 4427 eos
1910 4374 1997 4441 qui

397 4462 479 4499 me
502 4443 813 4501 aiulicrnnt.
844 4448 972 4517 quid
1008 4448 1114 4500 illis
1144 4461 1261 4499 sum
1295 4445 1530 4497 loeutus.
1575 4460 1701 4497 ecce
1740 4443 1789 4499 hi
1822 4446 2001 4499 sciunt

434 4535 534 4571 uae
565 4519 793 4573 dixerim
826 4534 946 4587 ego.
990 4518 1135 4573 Haec
1175 4524 1354 4571 autem
1402 4531 1521 4568 cum
1566 4516 1999 4587 dixissetrunus

434 4604 464 4641 e
510 4586 1186 4643 adstantibus,ministris.
1240 4589 1452 4655 alapam
1502 4590 1767 4655 percussit
1812 4586 1995 4643 Jesnm

395 4659 606 4714 dicens.
637 4658 726 4715 Sic
758 4660 1048 4724 resiimidis
1076 4659 1309 4723 Principi
1339 4659 1711 4713 Sacerdotium.
1752 4659 1997 4726 Respon-

400 4732 477 4785 dit
507 4733 553 4785 ei
589 4730 766 4784 .li-sus.
803 4731 857 4785 Si
887 4732 1026 4785 male
1058 4732 1265 4784 locutus
1293 4744 1431 4783 sunt.
1479 4731 1844 4789 testiinonium
1878 4746 1998 4791 pcr-

396 4801 522 4855 hihe
561 4801 629 4854 de
670 4802 832 4854 malo.
875 4804 917 4855 si
952 4812 1131 4854 autem
1165 4803 1304 4854 liene
1333 4800 1461 4867 quid
1494 4816 1578 4853 mc
1614 4801 1813 4853 caedis.
1856 4799 1997 4861 Misit

395 4888 528 4941 ergo
558 4888 682 4926 cum
717 4878 899 4927 Aonas
929 4873 1168 4925 vinctum
1200 4873 1267 4924 ad
1292 4870 1534 4937 Caiplian
1571 4872 1869 4938 Principem
1900 4872 1996 4923 Sa-

394 4945 703 4997 cerdotum.
753 4943 876 4996 Erat
911 4953 1091 4996 autem
1134 4942 1319 4997 Simon
1363 4942 1555 4995 Petrus
1586 4950 1733 4993 stans
1763 4950 1816 4993 et
1852 4942 1995 4994 cale-

393 5013 599 5068 faciens
626 5030 705 5067 se.
753 5015 1011 5067 Dixerunt
1049 5028 1176 5078 ergo
1202 5013 1275 5066 ei.
1308 5011 1579 5080 Numquid
1611 5021 1661 5063 et
1693 5020 1744 5063 tu
1779 5026 1843 5065 ex
1883 5010 1993 5065 dis-

392 5087 588 5155 cipulis
609 5084 726 5154 ejus
748 5100 827 5140 es.
860 5087 952 5139 Ille
974 5095 1153 5140 autem
1179 5086 1418 5154 negavit.
1447 5092 1502 5136 et
1522 5080 1676 5137 dixit.
1707 5080 1822 5145 Non
1846 5099 1987 5137 sum.

2108 4233 2243 4287 Dicit
2271 4248 2410 4293 unus
2432 4248 2500 4287 ex
2532 4232 2705 4289 servis
2733 4232 2999 4301 Principis
3026 4228 3403 4301 Sacerdotium.
3432 4234 3691 4294 cognatus

2106 4304 2243 4369 ejus.
2276 4305 2429 4373 Cujus
2455 4305 2681 4365 ahscidit
2712 4304 2900 4357 Petrus
2922 4298 3247 4355 amiculam.
3290 4298 3482 4373 Nonne
3510 4312 3609 4365 ego
3638 4307 3688 4349 te

2108 4377 2211 4430 vidi
2243 4377 2294 4431 in
2331 4370 2488 4433 horto
2517 4391 2636 4428 Ctlllt
2670 4373 2783 4433 illo.
2831 4373 3026 4427 lterum
3063 4389 3190 4441 ergo
3225 4371 3437 4437 negavit
3473 4370 3683 4441 i'elius.

2104 4456 2159 4501 ct
2189 4448 2367 4501 statim
2399 4446 2571 4515 gallus
2592 4445 2847 4497 cantavit.
2888 4444 2961 4515 Illi
2993 4438 3169 4496 autem
3201 4442 3468 4495 adducunt
3501 4438 3684 4515 .Iesnln

2104 4520 2167 4570 ad
2202 4509 2427 4581 (Σεὶιιιηῖ
2474 4517 2525 4569 in
2560 4528 2653 4584 pia
2676 4515 2856 4568 -Iorio.
2900 4514 3030 4567 Erat
3058 4521 3234 4567 autem
3270 4528 3447 4565 mane.
3476 4519 3551 4584 _el
3586 4509 3685 4576 ipsi

2106 4604 2210 4643 non
2241 4582 2641 4643 iutroieruntin
2677 4587 3007 4653 prauorium.
3041 4593 3097 4639 ut
3122 4602 3223 4638 non
3256 4582 3687 4656 contaminaren-

2104 4668 2209 4715 tur.
2245 4660 2337 4712 sed
2366 4670 2421 4711 ut
2446 4650 2829 4715 manducarcut
2862 4655 3081 4711 Pascha.
3123 4656 3299 4728 Exivit
3327 4668 3453 4719 ergo
3482 4650 3686 4728 Pilatus

2100 4730 2165 4783 ad
2199 4746 2292 4783 eos
2325 4728 2492 4784 foras.
2536 4741 2589 4787 ct
2620 4730 2771 4782 dixit.
2809 4730 2977 4794 Quam
3012 4726 3407 4783 arcusa:ioncm
3441 4719 3685 4773 adfertis.

2099 4802 2358 4859 adversus
2392 4800 2665 4859 hominem
2700 4804 2859 4854 hunc.
2904 4799 3405 4871 ReSpiuidernii_t_et
3437 4794 3689 4871 duxerunt

2100 4876 2170 4927 ei.
2207 4873 2261 4927 Si
2300 4887 2406 4926 n0u
2443 4881 2588 4925 esset
2618 4874 2702 4925 hic
2733 4863 3064 4931 lliailei'actoi‘.
3112 4884 3213 4920 non
3249 4864 3343 4917 tibi
3379 4863 3689 4917 llﬂliitiiSaC‘

2101 4959 2219 4997 mus
2249 4960 2391 4997 cum.
2437 4944 2581 4997 Dixit
2608 4958 2739 5012 ergo
2770 4944 2848 4997 eis
2878 4943 3103 4996 Pilatus.
3148 4937 3389 5005 Accipite
3414 4948 3539 4991 eum
3571 4948 3686 4986 vos.

2098 5024 2153 5069 et
2182 5016 2477 5071 secundum

1697 5196 1932 5253 CODEX
1966 5198 2434 5263 CORBEIENSIS.

468 5292 557 5348 92.
597 5309 736 5348 unus
756 5293 975 5349 adstans
1024 5309 1091 5348 ex
1121 5293 1383 5347 ministris
1405 5291 1554 5347 dedit
1576 5292 1806 5360 palmam
1838 5291 1988 5354 Jesu,

392 5365 586 5429 dicens
615 5382 627 5417 :
659 5365 748 5421 Sic
777 5366 1076 5441 respondes
1117 5364 1351 5436 Principi
1383 5362 1778 5419 Sacerdotum?

2167 5293 2259 5415 ale.
2294 5294 2314 5323 '
2346 5292 2412 5347 ad
2468 5292 2725 5364 Caipham
2775 5292 2828 5348 in
2872 5292 2913 5366 -ι-
2959 5290 3313 5365 praetorium,
3367 5301 3434 5343 ne
3484 5285 3691 5358 pollue-

2167 5381 2193 5415 ΙΙ
2225 5379 2308 5415 lll‘.

2098 5379 2308 5417 I‘CIIIUI‘.

1613 5452 2007 5510 VARIANTES
2044 5452 2447 5513 LECTIONES.

460 5552 475 5581 ¹
516 5554 633 5601 Mm.
654 5552 893 5616 perbibeo
914 5554 996 5603 de.
1029 5550 1177 5615 Vulg.
1204 5551 1413 5616 perhibe
1436 5550 1519 5601 de.

2160 5552 2180 5581 ²
2218 5553 2275 5601 Et
2293 5552 2362 5604 ita
2384 5551 2492 5603 cod.
2512 5551 2617 5603 Gal.
2641 5558 2685 5604 et
2708 5553 2825 5603 Mm.

1719 5654 2086 5721 BLANCHINI
2124 5656 2354 5737 nom.

474 5752 547 5823 ta)
586 5751 714 5817 Post
762 5755 871 5827 sed,
916 5753 1074 5815 deest
1113 5762 1198 5823 ut,
1244 5752 1408 5813 etiam
1447 5752 1503 5810 in
1548 5750 1679 5816 Cod.
1720 5751 1875 5811 Cant.
1923 5761 1979 5811 et
2008 5754 2167 5817 Goth.
