4042 6192
406 248 514 309 479
938 248 1216 309 EUSEBII
1253 247 1597 307 VERGELL.
1632 243 2088 306 EVANGELIUM
2113 234 2252 305 CUM
2294 245 2520 304 VARllS
2557 245 2713 304 COD.
2752 246 3149 307 COLLATUM.

785 362 1019 422 CODEX
1062 362 1594 423 VERCELLENSIS.

406 457 582 529 legem
610 463 850 529 vestram

402 528 643 597 judicate
671 528 740 585 de

408 601 521 656 illo.

410 672 672 728 Dixerunt
710 672 725 702 ³
767 684 859 726 er-
900 724 901 727 η

404 756 474 812 go
502 743 575 797 illi
604 741 793 799 Judaei
827 761 840 795 :

404 812 572 870 Nobis
603 828 708 869 non

405 885 535 941 licet
557 900 745 956 quem-

444 971 565 1011 uam
594 956 811 1012 occide-

439 1027 494 1082 2.
537 1042 629 1094 re;
662 1037 720 1082 ut
746 1026 967 1083 verbum

401 1097 531 1155 Jesu
557 1098 814 1168 implere-

405 1179 513 1235 tur,
546 1168 690 1240 quod
715 1169 797 1224 di-

403 1240 503 1305 xit,
532 1240 734 1310 signiﬁ-

403 1326 534 1367 cans
572 1313 592 1343 ³
630 1326 735 1383 qua
765 1325 911 1383 mor-

402 1392 456 1438 te
486 1391 631 1439 esset
654 1382 823 1438 mori-

401 1464 576 1509 turus.

400 1524 489 1580 55.
534 1524 757 1581 Intravit
777 1540 907 1595 ergo

398 1596 591 1653 iterum
618 1597 670 1651 in
696 1612 834 1663 pra:-

401 1667 601 1723 torium
627 1667 769 1724 Pila-

399 1747 485 1794 tus
513 1747 569 1794 et
593 1753 753 1795 V008-

399 1809 475 1865 vit
504 1810 571 1864 ad
599 1826 658 1867 se
683 1810 889 1878 Jesum,

397 1890 455 1936 et
476 1881 611 1936 dixit
631 1883 699 1937 ad
723 1897 847 1938 eum
875 1900 887 1937 :

397 1950 480 2007 Tu
508 1966 569 2008 es
599 1953 713 2010 Rex
734 1954 830 2009 Ju-

398 2022 488 2078 54.
530 2022 826 2081 daeorum?
848 2025 917 2081 Et

399 2096 681 2162 respondit

398 2164 581 2241 Jesus;
601 2166 719 2241 Atye
744 2167 879 2225 haec
902 2167 1061 2241 dicis,
1085 2183 1153 2226 an

399 2237 491 2291 alii
519 2236 614 2293 tibi
642 2238 791 2296 dixe-

397 2308 558 2363 runt?

396 2380 487 2436 55.
533 2378 829 2453 ReSpondit
850 2383 995 2441 Pila-

398 2458 484 2506 tus
509 2467 523 2505 :
551 2451 819 2525 Numquid

397 2530 453 2577 et
476 2537 577 2593 ego
603 2524 801 2582 Judae-

398 2608 462 2648 us
482 2597 636 2650 sum?
665 2597 810 2653 Gens

399 2672 509 2731 tua,
546 2674 601 2720 et
628 2667 841 2724 Princi—

399 2748 497 2804 pes
526 2734 791 2795 Sacerdo-

401 2814 512 2860 tutn
544 2808 783 2865 tradide-

400 2885 529 2931 runt
555 2886 607 2934 te
634 2883 733 2937 mi-

401 2946 463 3019 hi
488 2963 504 3000 :
535 2952 661 3019 quid
689 2951 877 3009 fecis-“

401 3018 491 3095 56.
514 3018 612 3095 _ti?
643 3024 891 3095 Respon-

401 3088 482 3144 dit
506 3088 665 3150 Jesus
695 3113 709 3150 :
734 3088 977 3169 Regnum

402 3174 583 3217 meum
615 3182 727 3222 non

402 3241 487 3287 est
512 3233 579 3291 de
612 3238 713 3295 hoc
742 3254 897 3293 ntun-

401 3302 511 3359 do:
540 3310 584 3362 si
625 3309 646 3341 ³
685 3327 751 3366 ex
779 3311 880 3367 hoc

403 3378 608 3437 mundo
634 3391 781 3438 esset

404 3460 630 3517 regnum
658 3468 772 3510 mc-

403 3531 519 3599 lﬂp,
551 3524 744 3599 minis-

404 3596 471 3643 tri
502 3596 606 3651 mei
634 3611 765 3652 con-

404 3673 701 3733 certarent,

405 3744 476 3785 ne
495 3752 596 3794 ego
618 3739 797 3794 trade-

1239 471 1382 514 nunc
1405 464 1584 511 autem

1240 542 1467 600 regnum
1494 541 1609 583 me.

1238 615 1329 655 um
1356 615 1464 655 non
1491 609 1577 655 εει

1239 670 1385 727 hinc.

1237 743 1325 797 57.
1371 742 1461 797 Ait
1487 742 1693 800 Pilatus
1727 760 1739 799 :
1771 743 1851 799 'l‘u

1237 829 1367 885 ergo
1388 814 1501 869 Rex
1532 829 1591 869 es

1236 884 1562 944 Judaeorum
1589 885 1613 938 ἲ

1235 955 1550 1026 Respondet
1570 956 1730 1015 Jesus
1755 976 1770 1014 :

1234 1028 1316 1083 Tu
1339 1028 1498 1094 dicis,
1521 1030 1646 1098 quia

1232 1098 1349 1155 Rex
1374 1113 1491 1154 sum
1520 1114 1640 1169 ego.

1232 1170 1314 1225 Ad
1348 1174 1450 1227 hoc
1478 1183 1639 1227 natus

1231 1256 1373 1307 sum,
1400 1251 1451 1298 et
1481 1242 1548 1297 ad
1578 1241 1682 1312 hoc

1230 1314 1355 1369 veni
1386 1314 1440 1369 in
1469 1313 1612 1370 hunc

1230 1386 1512 1452 mundum,

1230 1464 1289 1511 ut
1318 1457 1560 1513 testimo-

1230 1529 1378 1582 nium
1410 1528 1595 1598 perhi-

1227 1598 1384 1655 beam
1418 1601 1561 1654 veri-

1230 1670 1327 1724 tati
1357 1688 1371 1723 :
1399 1669 1576 1725 omnis
1611 1711 1625 1736 ,

1227 1740 1318 1812 qui
1349 1741 1419 1796 de
1448 1742 1591 1797 veri-

1229 1820 1338 1869 tate
1354 1821 1459 1879 est,
1483 1827 1584 1868 au-

1225 1883 1304 1938 dit
1330 1898 1520 1940 vocem

1225 1969 1425 2011 meam.

1226 2026 1318 2082 58.
1355 2027 1447 2083 Ait
1466 2026 1544 2082 illi
1563 2024 1764 2083 Pilatus
1788 2042 1801 2080 :

1226 2098 1365 2167 Quid
1391 2106 1475 2153 est
1494 2113 1586 2153 ve-

1227 2173 1362 2225 ritas
1391 2168 1415 2222 ?
1442 2168 1533 2235 Et,
1556 2183 1680 2225 cum

1230 2241 1335 2296 hoc
1353 2239 1581 2295 dixisset
1608 2282 1625 2308 ,

1228 2314 1425 2368 iterum
1451 2310 1585 2367 foris

1226 2384 1251 2416 ⁸
1278 2398 1532 2454 egressus
1557 2390 1644 2441 est

1226 2455 1297 2511 ad
1324 2455 1593 2524 Judaeos,

1227 2537 1286 2585 et
1312 2530 1387 2583 ait
1408 2528 1512 2583 illis
1537 2545 1549 2581 ε
1578 2526 1701 2600 Ego;

1228 2601 1433 2655 nullam
1465 2600 1519 2654 in

1230 2672 1326 2725 illo
1353 2671 1571 2725 invenio

1230 2742 1320 2796 59.
1362 2756 1601 2795 causam.
1638 2740 1735 2796 Est

1230 2821 1415 2866 autem
1433 2810 1585 2865 vobis

1232 2883 1253 2914 ⁵
1282 2891 1572 2938 consuetu-

1230 2956 1322 3021 do,
1356 2962 1413 3009 ttt
1438 2967 1601 3008 unum

1232 3027 1499 3083 dimittam

1232 3098 1387 3154 vobis
1416 3115 1430 3151 :
1464 3095 1625 3151 vultis

1232 3184 1363 3240 ergo
1404 3168 1603 3240 Regem

1232 3239 1563 3298 Iudaeorum
1584 3239 1608 3292 ?

1235 3314 1325 3369 40.
1367 3308 1751 3366 Clamaverunt

1234 3393 1415 3440 autem
1446 3396 1657 3447 omnes,

1234 3456 1476 3511 dicentes
1505 3452 1660 3508 :Non

1235 3527 1401 3592 hunc,
1425 3524 1523 3581 sed
1548 3524 1652 3579 Ba-

1236 3599 1463 3655 rabban.
1498 3597 1625 3651 Erat

1236 3680 1416 3725 autem
1441 3667 1643 3724 Barab-

1238 3741 1335 3798 bas
1366 3741 1526 3796 latro.

2538 360 2768 420 CODEX
2807 362 3261 422 VERONENSIS.

2100 471 2224 542 εδει)
2244 464 2479 542 vestram

2094 529 2336 599 iudicate
2353 529 2421 585 dc

2099 615 2185 655 ΘΟ.

2100 671 2363 727 Dixerunt
2391 686 2523 727 ergo

2098 743 2147 800 ei
2170 742 2358 798 Judaei
2387 761 2399 795 :
2429 742 2591 799 Nobis

2096 830 2203 869 non
2234 813 2363 869 licet
2389 815 2473 869 ἰη-

2098 885 2343 941 terlicere
2367 900 2555 956 quem-
2614 922 2615 925 η

2093 956 2185 1011 52.
2224 972 2419 1025 quam;
2446 968 2503 1012 ut
2523 971 2637 1013 serv

2094 1043 2183 1082 mo
2213 1027 2342 1083 Jesu
2367 1029 2467 1082 im-

2094 1099 2302 1167 pleatur
2325 1142 2339 1165 ,
2367 1114 2527 1169 quem

2091 1169 2225 1224 dixit
2249 1211 2264 1237 ,
2289 1170 2493 1241 signiﬁ-

2090 1254 2220 1296 cans
2247 1257 2349 1311 qua
2392 1249 2566 1296 morte

2093 1320 2417 1367 moreretur.

2088 1382 2178 1437 55.
2226 1383 2476 1438 Introivit

2088 1468 2219 1525 ergo
2250 1454 2443 1508 iterum

2086 1524 2141 1580 in
2162 1524 2495 1595 praetorium

2088 1595 2313 1659 Pilatus,
2344 1605 2398 1651 et

2089 1668 2302 1723 vocavit
2326 1665 2509 1722 Jesum
2541 1708 2556 1735 ,

2089 1746 2145 1795 et
2164 1738 2299 1793 dixit
2323 1737 2401 1792 illi
2436 1754 2448 1790 :

2090 1809 2170 1864 Tu
2193 1824 2252 1865 es
2280 1808 2395 1864 Rex

2086 1880 2412 1936 Judaeorum
2438 1880 2463 1935 ?

2088 1953 2180 2007 54.
2229 1950 2529 2022 Respondit
2572 1949 2775 2008 Jesus:

2089 2022 2137 2077 A
2168 2033 2219 2078 te
2257 2024 2489 2092 metipso

2093 2093 2169 2166 (α)
2187 2102 2256 2166 tu
2285 2094 2322 2164 ‘r
2352 2096 2453 2166 hoc,

2090 2165 2247 2232 dicis,
2278 2179 2345 2219 an
2368 2165 2460 2219 alii

2092 2236 2188 2291 tibi
2215 2236 2468 2291 dixerunt

2090 2308 2159 2361 de
2195 2307 2323 2361 me?

2091 2378 2181 2434 55.
2239 2378 2538 2449 Respondit
2580 2376 2725 2435 Pila-

2092 2459 2180 2505 tus
2207 2449 2521 2520 :Nnntquid

2093 2536 2193 2592 ego
2218 2519 2458 2577 Judaeus

2092 2593 2249 2649 sum?
2278 2592 2423 2649 Gens
2453 2604 2562 2658 tua,

2094 2673 2151 2721 et
2180 2664 2441 2735 Princeps

2095 2737 2449 2793 Sacerdntum

2028 2850 2035 2859 .
2096 2807 2437 2863 tradiderunt

2097 2888 2151 2935 te
2169 2878 2299 2932 mihi
2328 2896 2340 2931 :
2364 2877 2491 2948 quid

2096 2950 2272 3006 fecisti
2294 2950 2318 3003 ?

2094 3020 2187 3078 56.
2237 3017 2534 3091 Respondit
2562 3016 2721 3075 Jesus
2743 3030 2761 3085 ;

2100 3093 2344 3163 Regnum
2390 3105 2571 3145 meum

2100 3179 2207 3219 non
2231 3172 2314 3219 est
2331 3163 2402 3218 de

2099 3234 2301 3291 mundo
2331 3234 2471 3289 hoc:

2098 3308 2145 3361 si
2170 3306 2238 3361 de
2258 3307 2362 3361 hoc

2100 3376 2303 3434 mundo
2329 3384 2479 3432 esset

2101 3464 2324 3519 regnum
2353 3461 2532 3519 meum
2554 3486 2569 3513 ,

2100 3518 2335 3575 ministri
2359 3518 2467 3575 mei
2517 3570 2519 3574 4

2100 3591 2469 3655 decertarent,

2101 3671 2160 3718 ut
2186 3678 2293 3717 non
2331 3660 2579 3718 traderer

2102 3734 2322 3790 Judaeis
2357 3752 2371 3789 :
2399 3748 2543 3788 nunc

2930 475 3110 516 meum
3136 474 3244 515 non

2930 540 3012 587 est
3041 531 3187 585 hinc.

2931 604 3025 673 57.
3056 602 3195 673 Dixit
3216 600 3401 673 itaque

2929 675 2977 728 ei
3004 672 3212 728 Pilatus
3242 692 3255 726 :

2928 743 3076 814 Ergo
3104 743 3221 800 Rex

2927 830 2987 871 es
3018 815 3119 869 tu?

2925 886 3227 957 Respondit
3273 886 3429 944 Jesus
3458 903 3471 940 :

2925 957 3007 1030 '_l'u
3036 959 3172 1013 dicis
3191 999 3207 1025 ,
3238 958 3362 1030 quia

2926 1028 3045 1085 Rex
3076 1044 3195 1084 sum

2927 1114 3047 1170 ego.

2928 1172 3042 1242 Ego
3079 1170 3145 1226 ad
3170 1171 3275 1228 hoc

2926 1251 3088 1297 natus
3110 1258 3253 1310 sum,

2926 1322 2983 1370 et
3012 1315 3075 1369 ad
3114 1313 3217 1369 hoc

2924 1386 3049 1445 veni
3082 1387 3133 1440 in
3158 1386 3300 1442 hunc

2926 1455 3208 1520 mundum,
3232 1466 3293 1512 ut

2927 1528 3295 1583 testimonium

2923 1598 3237 1667 perbibeam
3266 1599 3401 1657 veri-

2925 1669 3022 1724 tati
3058 1688 3071 1724 :
3103 1671 3281 1727 omnis

2923 1739 3017 1810 qui
3044 1750 3128 1796 est
3153 1757 3221 1798 ex

2925 1812 3173 1879 veritate,
3199 1814 3351 1870 audit

2924 1897 3099 1939 meam
3126 1899 3336 1942 vocem.

2922 1954 3010 2009 '58.
3040 1955 3235 2010 Dicitei
3272 1957 3359 2011 Pi-

2923 2024 3061 2081 latus
3092 2044 3105 2079 :
3133 2026 3287 2096 Quidf

2921 2106 3006 2152 est
3030 2098 3224 2152 veritas
3248 2097 3272 2150 ?

2922 2167 3009 2232 Et,
3038 2183 3159 2224 cum
3188 2168 3288 2224 hoc

2922 2239 3170 2304 dixisset,
3198 2239 3392 2297 iterum

2919 2311 3089 2366 exivit
3115 2310 3183 2366 ad

2920 2381 3179 2448 Judaeos,
3211 2390 3267 2438 et

2922 2452 3052 2525 dicit
3078 2454 3158 2509 eis
3182 2471 3195 2507 :
3218 2454 3331 2525 Ego

2925 2524 3127 2579 nullam
3158 2524 3306 2582 inve?

2924 2596 3018 2651 nio
3037 2596 3088 2651 in
3116 2610 3184 2653 eo

2924 2681 3141 2723 causam
3150 2711 3164 2723 .

2924 2738 3014 2795 59.
3060 2738 3157 2794 Est
3172 2747 3351 2795 autem
3373 2753 3503 2796 con-

2923 2809 3153 2865 suetudo
3178 2810 3331 2866 vobis
3363 2853 3379 2880 ,

2925 2889 2985 2936 ut
3005 2897 3171 2936 unum
3189 2882 3272 2937 di-

2926 2952 3135 3008 mittam
3160 2954 3212 3008 in
3235 2953 3337 3008 Pa-

2930 3025 3058 3079 scha
3087 3024 3241 3081 vobis
3268 3043 3282 3080 :

2930 3109 3061 3165 ergo
3089 3096 3271 3150 dimit-

2930 3175 3039 3239 tam
3062 3168 3214 3222 vobis
3240 3167 3445 3239 Regem

2930 3236 3298 3294 Judaeorum?

2929 3309 3024 3365 40.
3065 3306 3448 3365 Clamaverunt

2931 3394 3062 3451 ergo
3088 3395 3281 3436 omnes
3314 3398 3328 3435 :

2928 3450 3046 3506 Non
3074 3450 3237 3519 hunc,
3264 3450 3359 3507 sed

2930 3522 3236 3577 Barabban.

2932 3593 3061 3648 Erat
3083 3604 3263 3649 autem

2937 3663 3213 3720 Barabbas

2936 3735 3099 3792 latro.

3592 245 3698 303 480

405 3814 495 3857 rer
518 3809 743 3866 Judaeis
772 3827 786 3864 :
2103 3815 2283 3861 autem
2313 3818 2547 3875 regnum

1733 3922 1965 3982 CODEX
2002 3919 2393 3978 BRIXIANUS.

408 4024 584 4093 legem
635 4032 869 4078 vestram
916 4022 1151 4094 iudicate
1207 4036 1373 4094 eum,
1427 4022 1688 4077 Dixerunt
1745 4033 1874 4089 ergo
1948 4019 1999 4073 ei
2109 4025 2237 4094 tem.
2267 4030 2699 4094 regnumpieum
2728 4029 2835 4071 non
2859 4026 2943 4094 est
2966 4017 3297 4094 liinc.__Dixit
3325 4020 3505 4094 itacuie
3531 4020 3587 4094 ei
3610 4022 3706 4076 Pi-

405 4086 616 4150 Judaei.
683 4094 850 4149 Nobis
900 4086 1006 4149 non
1064 4094 1190 4149 licet
1226 4092 1477 4148 occidere
1543 4086 1889 4162 quemquam.
1942 4099 2001 4143 ut
2108 4088 2456 4162 IulusLErgo
2502 4086 2613 4142 Rex
2659 4096 2831 4162 es_tu.
2866 4086 3184 4162 Respondit
3220 4090 3377 4146 Jesus
3419 4086 3503 4146 Tu
3541 4092 3704 4148 dicis.

406 4180 589 4221 sermo
634 4165 762 4220 Jesu
820 4166 1140 4234 impleretur
1186 4179 1351 4237 quem
1373 4164 1532 4219 dixit.
1561 4158 1871 4237 signiﬁcans
1894 4175 1999 4231 qua
2107 4159 2232 4237 quia
2265 4158 2378 4237 Rex
2422 4174 2542 4237 sum
2571 4173 2691 4228 ego.
2724 4158 2836 4237 Ego
2864 4159 2916 4213 in
2960 4158 3060 4237 ltoc
3102 4171 3433 4237 natusnsum.
3481 4173 3537 4217 et
3561 4163 3707 4237 ideo

408 4247 584 4293 morte
608 4246 753 4292 esset
786 4228 1099 4292 moriturus.
1133 4228 1382 4291 Introibit
1409 4250 1537 4305 ergo
1564 4228 2002 4305 itéruminjtrae-
2107 4228 2311 4305 veniin
2345 4229 2565 4305 mundo.
2610 4238 2668 4283 ut
2707 4228 3076 4305 testimonium
3121 4232 3432 4301 perbibeam
3462 4236 3705 4290 veritati.

409 4308 607 4363 torium
648 4309 871 4364 Pilatus.
919 4320 973 4364 et
1003 4312 1214 4363 vocavit
1241 4307 1424 4363 Jesum
1468 4302 1525 4361 et
1561 4305 1696 4360 dixit
1722 4304 1793 4360 ei.
1829 4303 1908 4358 Tu
1942 4316 2000 4357 es
2108 4302 2289 4356 omnis
2324 4302 2413 4372 qui
2452 4311 2534 4355 est
2561 4315 2628 4355 ex
2650 4302 2897 4356 veritate.
2930 4303 3083 4357 audit
3109 4318 3292 4359 vocem
3334 4320 3531 4360 meum.
3562 4305 3712 4362 Dicit

409 4379 523 4435 Rex
549 4379 899 4435 Judaeorum.
933 4380 1232 4450 Respondit
1260 4379 1518 4450 JesusLA
1551 4386 1602 4433 te
1631 4376 1861 4450 metipso
1902 4375 2003 4428 hoc
2110 4373 2160 4429 ei
2192 4373 2415 4450 Pilatus.
2441 4372 2577 4450 Quid
2606 4381 2691 4450 est
2716 4373 3306 4450 vcritas._E_t__eum_hoc
3331 4376 3575 4450 dixisset.
3602 4380 3711 4434 ite—

410 4451 547 4525 dicis
574 4466 643 4525 an
663 4452 757 4525 alii
790 4452 883 4525 tibi
914 4442 1165 4525 dixerunt
1193 4452 1261 4507 de
1291 4466 1396 4525 me.
1438 4448 1754 4525 Respondit
1769 4446 1995 4525 Pilatus.
2112 4458 2229 4525 rum
2259 4443 2425 4498 exivit
2446 4444 2511 4525 ad
2535 4442 2792 4525 Judaegs.
2824 4454 2879 4500 et
2905 4447 2981 4525 ait
3009 4445 3133 4500 illis.
3170 4447 3280 4516 Ego
3308 4448 3515 4525 n_u||am_
3540 4448 3709 4525 iuve-

411 4522 675 4592 Nutnquid
706 4538 806 4592 ego
837 4522 1076 4577 Judaeus
1103 4539 1244 4578 sum.
1289 4522 1437 4578 Gens
1469 4516 1593 4592 tua.
1627 4529 1682 4592 et
1721 4518 2002 4592 Principes
2111 4516 2203 4569 nio
2231 4529 2449 4592 causam
2492 4516 2545 4568 in
2575 4516 2806 4592 eo._l£st
2834 4519 3392 4592 autemconsuetudo
3431 4519 3605 4592 vobis.
3654 4530 3711 4575 ut

411 4586 786 4650 Sacefdotuni.
822 4594 1158 4648 tradiderunt
1187 4606 1239 4649 te
1268 4592 1420 4648 mihi.
1471 4591 1601 4663 quid
1631 4589 1829 4663 fecisti.
1862 4587 1999 4663 Res-
2112 4601 2274 4640 unum
2311 4586 2583 4663 dimittam
2611 4586 2762 4663 vobis
2793 4588 2844 4641 in
2884 4587 3113 4663 Pasclla.
3144 4589 3311 4663 vultis
3338 4604 3489 4660 ergo.
3514 4589 3711 4663 dimit-

413 4666 601 4736 pondit
625 4664 801 4720 Jesus.
828 4664 1071 4734 Regnum
1102 4680 1277 4720 meum
1306 4679 1411 4719 non
1437 4657 1521 4720 es't
1545 4663 1615 4719 de
1646 4661 1757 4736 hoc
1776 4660 1997 4736 mundo.
2110 4666 2219 4711 tam
2241 4657 2397 4736 vobis
2420 4657 2996 4736 Regem_._|nda_eorum.
3029 4657 3488 4736 Exclamaverunt
3510 4662 3709 4717 iterum

412 4728 457 4790 si
487 4753 554 4792 ex
595 4737 696 4792 hoc
726 4728 937 4791 mundo
955 4746 1103 4790 esset
1132 4751 1356 4805 regnum
1389 4751 1589 4790 meum.
1626 4733 1864 4805 ministri
1892 4731 1999 4786 mei
2109 4742 2303 4805 omnes
2327 4728 2591 4805 dicentes.
2626 4728 2745 4785 Non
2777 4730 2941 4801 hunc,
2984 4730 3081 4789 sed
3109 4730 3414 4790 Barabban.
3448 4733 3582 4792 Erat
3604 4750 3707 4791 au—

414 4807 600 4879 utique
626 4815 1023 4865 concertarent.
1064 4821 1132 4863 ne
1171 4800 1415 4863 traderer
1449 4804 1686 4863 Judaeis.
1734 4818 1878 4859 nunc
1904 4817 2001 4857 au-
2110 4808 2216 4856 tem
2255 4800 2527 4858 Barabbas
2565 4800 2724 4856 latro.

1666 4917 1937 4993 ;conex
1972 4914 2443 4976 CORBEIENSIS.

484 5020 578 5077 40.
618 5020 789 5079 Rabbi
818 5023 1102 5081 Barabam.

3030 5042 3033 5043 ν
3650 5044 3714 5052 .--.

1642 5110 2037 5171 VARIANTES
2073 5112 2478 5173 LEGTIONES.

478 5212 495 5243 ι
534 5210 976 5276 ϐαεζριῖεοίπυςιᾳᾳί
1009 5211 1209 5263 :Nobis.
1237 5215 1357 5264 Mm.
1383 5222 1506 5276 ergo
1544 5210 1627 5263 ei:
1661 5209 1832 5261 Nobis.
1860 5205 2006 5271 Vulg.
2110 5222 2214 5276 sam
2239 5212 2412 5276 mortis
2431 5212 2628 5276 invenio
2652 5213 2703 5261 in
2725 5224 2805 5263 eo.
2844 5213 2965 5276 Mm.
2992 5209 3304 5276 adludaeos
3338 5211 3482 5276 foras,
3524 5214 3713 5266 etdicit

414 5286 536 5340 ergo
560 5275 605 5323 ei
631 5273 807 5340 Judaei
834 5287 845 5321 :
873 5273 1041 5324 Nobis.
1243 5338 1251 5340 _
1445 5273 1464 5276 ‘
1537 5336 1547 5340 _
2112 5274 2280 5340 πόρος
2310 5273 2639 5340 ε-Εεοηνριιῃ.
2687 5277 2842 5325 exivit
2888 5274 2946 5324 ad
2986 5273 3218 5335 Judaeos,
3256 5279 3309 5324 et
3327 5275 3453 5327 dixit
3469 5273 3566 5326 eis.
3602 5276 3713 5340 Ego

476 5338 497 5368 ί
532 5340 652 5389 Mm.
670 5337 782 5401 quia
801 5342 937 5386 esset
953 5343 1109 5386 morte
1133 5338 1415 5388 moriturus.
1451 5336 1597 5401 Vulg.
1631 5350 1728 5400 qua
1746 5344 1902 5386 morte
1924 5348 2007 5385 es-
2110 5336 2295 5401 nullam
2318 5337 2516 5386 invenio
2541 5336 2678 5386 in'eo
2697 5349 2909 5387 causam.

413 5406 493 5450 set
516 5399 801 5451 moriturus.
1549 5399 1566 5401 "
1653 5399 1659 5400 “
2174 5399 2195 5430 ³
2230 5401 2348 5448 Μηι.
2397 5400 2698 5448 consuetudo
2741 5401 3008 5458 vobiscum,
3055 5407 3108 5449 ut
3134 5411 3286 5449 unum
3308 5400 3545 5451 dimittam
3570 5400 3713 5450 vobis

478 5460 501 5493 ³
532 5469 635 5536 Cat.
660 5463 723 5536 de
748 5462 989 5513 mundo...
1012 5474 1078 5513 ne
1102 5459 1343 5511 traderer.
1393 5460 1539 5526 Vulg.
1565 5461 1630 5512 de
1652 5461 1743 5511 hoc
1764 5462 2002 5512 mundo...
2109 5462 2324 5536 vinctum
2367 5462 2417 5536 in
2458 5460 2672 5536 Pas'cbax
2691 5460 2837 5529 Vulg.
2884 5461 3191 5517 consuetudo
3213 5463 3371 5528 vobis,
3395 5472 3449 5514 ut
3467 5475 3611 5513 unum
3635 5463 3712 5515 di-

417 5531 473 5576 ut
497 5536 593 5573 non
616 5527 856 5577 traderer.
1493 5523 1510 5526 ﬁ
1920 5564 1921 5567 η
2108 5524 2294 5574 mittam
2309 5524 2448 5575 vobis
2469 5524 2521 5574 in
2536 5523 2740 5577 Pascha.

478 5586 504 5620 ι
538 5586 645 5639 Gat.
667 5590 824 5642 exivit
846 5587 906 5640 ad
929 5586 1169 5654 Judaeos,
1187 5593 1240 5639 et
1253 5585 1375 5639 dicit
1398 5587 1532 5638 eis...
1557 5583 1664 5649 Ego
1685 5587 1867 5637 nullam
1890 5602 2004 5639 cau-

1744 5669 2112 5732 BLANCHINI
2148 5671 2402 5747 now;

3652 3882 3693 3902 τι

492 5766 568 5841 (α)
599 5763 761 5821 Addit
801 5775 875 5836 tu,
916 5766 1077 5823 etiam
1120 5777 1228 5826 lex.
1262 5769 1357 5827 Gr.
1385 5770 1505 5826 m5."
