2021 3096
223 133 277 165 δ83
486 131 621 167 EUSEBII
640 137 811 167 VERCELL.
832 136 1059 169 EVANCELIUM
1078 140 1149 170 CUM
1170 141 1282 171 VARUS
1301 141 1379 172 COD.
1400 143 1597 174 COLLATUM.
1813 148 1865 178 ιιι

418 193 534 223 CODEX
553 194 821 225 VERCELLENSIS.

223 246 264 269 tes
277 251 283 270 :
294 243 315 269 si
327 242 399 270 hunc
411 241 451 270 dis

222 277 341 311 miseris,
356 285 408 305 nou

222 321 252 340 es
268 316 369 341 amicus
382 312 450 341 Cae-

220 349 300 375 saris.
312 349 406 376 Omnis

221 385 303 416 enitn,
319 385 364 418 qui
381 383 433 411 Re-

220 427 280 454 gem
294 427 324 446 se
336 419 407 453 facit,

220 455 384 482 contradicit

221 491 342 518 Caesari.

222 526 266 553 15.
287 526 354 552 Cum
366 524 486 553 audisset

222 564 287 596 ergo
302 561 404 588 Pilatus

222 596 288 623 haec
302 596 395 628 verba,

223 631 349 663 produxit
363 630 391 658 [ο
411 651 418 658 .
442 651 448 657 .
473 652 480 659 ,

221 666 322 696 Jesum.
340 671 366 694 et
379 667 450 694 sedit

222 710 272 736 pro
284 702 412 729 tribunali

223 736 263 773 (a)
279 737 305 764 in
318 738 406 765 locum
419 737 451 773 δι’,
467 738 512 773 qui

221 781 235 823 ἲ
239 772 442 841 ῗέῗῖἶὲἒῗὶοωε,

222 843 354 871 llebreice
369 851 416 871 au-

222 883 275 906 tent
290 878 415 907 Geunae-

221 913 265 941 1ι1ι.
287 922 326 941 sa.
343 915 408 943 Erat

221 954 311 976 autem
324 958 397 983 prae-

221 985 325 1020 paratio
340 985 425 1013 Plias-

221 1020 297 1053 chae,
315 1021 382 1048 hora
392 1029 423 1049 e-

222 1061 265 1082 rat
275 1057 383 1084 circiter

222 1096 298 1118 sexta
312 1113 319 1124 ,
335 1097 361 1120 et
376 1093 386 1108 ’
399 1092 438 1120 ait

221 1126 331 1154 Judaeis
345 1136 352 1155 :
367 1127 437 1156 Ecce

222 1162 281 1189 Rex
293 1168 393 1191 vester.

223 1198 267 1225 15.
288 1198 329 1226 Ad
345 1199 383 1226 illi
398 1198 437 1235 (ir)
451 1199 542 1227 excla-

223 1240 364 1270 vitaverunt
378 1243 385 1261 :
401 1234 422 1270 1-

222 1268 310 1302 Tolle,
325 1268 477 1304 tolle,'cru-

221 1305 245 1330 ci
261 1312 322 1331 eum
336 1305 366 1331 ﬁ-

221 1347 264 1371 ge.
278 1340 322 1366 Ait
338 1340 390 1367 illis

221 1374 342 1402 Pilatus:
358 1375 458 1411 Regem

221 1415 342 1437 vestrum
354 1417 412 1438 cru-

221 1445 326 1481 ciﬁgatn
339 1445 350 1472 ?

221 1499 228 1506 .
252 1501 258 1507 .
280 1480 465 1515 esponderuut

221 1515 383 1544 Sacerdotes
397 1526 404 1544 ε

219 1551 275 1579 Nos
292 1559 344 1579 non
359 1552 409 1579 ha-

220 1587 315 1614 bemus
326 1587 439 1622 Regem,

220 1623 272 1649 nisi
286 1622 442 1651 Caesarem.

220 1658 263 1685 16.
285 1659 359 1685 Tunc
377 1658 461 1686 tradi-

219 1693 260 1720 dit
269 1701 330 1721 eum
347 1694 400 1721 illis
412 1715 419 1728 ,

219 1733 249 1756 ut
263 1730 403 1765 cruciﬁge-

219 1769 294 1792 retur
301 1784 307 1791 ο

218 1800 435 1834 Adsumpserunt

220 1835 255 1870 (ι)
268 1837 348 1871 igitur
359 1836 378 1871 -ἲ
389 1836 482 1864 Jesum
494 1844 502 1870 ;

218 1872 261 1897 17.
283 1876 310 1898 et
325 1876 432 1905 gestans
443 1872 482 1900 si-

218 1905 244 1932 bi
260 1913 380 1939 crucem,
395 1914 455 1940 per-

216 1940 290 1968 venit
304 1941 331 1968 iit
346 1942 445 1975 locum,

218 2046 246 2073 Si
255 2046 324 2072 hunc
335 2044 540 2072 dimiseris.non
549 2044 826 2072 esamicusCaesaris.
835 2046 928 2073 Omnis
942 2048 1012 2075 enim

217 2081 262 2116 qui
275 2088 303 2108 se
313 2081 411 2115 Regem
420 2081 663 2116 l'acit.c0ntradicit
673 2080 791 2108 Caesari.
805 2081 907 2109 Pilatus
922 2087 1012 2110 autem

218 2115 259 2143 liis
268 2117 357 2143 verbis
365 2116 474 2143 auditis.
483 2116 594 2152 adduxit
603 2115 784 2143 l‘orasJesutn.
796 2122 822 2144 et
830 2118 896 2144 sedit
905 2126 953 2152 pro
968 2120 1015 2145 tri-

217 2152 307 2178 bunali
315 2152 354 2187 (a)
363 2153 388 2179 in
396 2151 510 2187 locum-I-
518 2153 561 2186 qui
572 2152 670 2181 dicitur
682 2152 875 2179 Litliostratus.
885 2151 1015 2181 llelwaice

218 2192 308 2214 autem
331 2187 481 2214 Gennesar.
508 2188 573 2214 Erat
596 2194 686 2214 autem
713 2195 857 2221 parasceie
881 2189 1013 2217 Pascltae.

215 2223 282 2249 liora
298 2223 375 2256 quasi
390 2229 477 2250 sexta.
494 2229 520 2250 et
534 2223 602 2250 dixit
616 2223 736 2250 Iudaeis.
755 2224 823 2250 Ecce
838 2224 896 2251 Rex
911 2231 1013 2252 wster.

215 2258 257 2286 Illi
276 2264 367 2285 autent
382 2259 418 2291 (ιν)
442 2259 673 2286 exclamaverunt.

216 2295 268 2328 ﬁge
283 2301 355 2321 eum.
370 2294 443 2320 Dixit
460 2294 500 2321 eis
521 2294 630 2321 Pilatus.
648 2294 750 2329 Regem
766 2300 885 2322 vestrum
905 2296 1012 2323 cruciﬁ-

214 2337 286 2364 gam.
304 2329 515 2363 Responderunt
532 2329 671 2364 Principes
684 2331 871 2358 Sacerdotum.
888 2331 946 2358 Non
962 2331 1011 2358 11η-

213 2365 309 2392 bemus
321 2365 421 2400 Regem
434 2365 484 2391 nisi
498 2363 654 2401 Caesarem.
667 2364 743 2393 'l‘unc
756 2374 830 2401 ergo.
846 2367 957 2394 tradidit
968 2368 1010 2394 eis

214 2400 299 2427 illum.
316 2405 344 2427 ut
354 2401 569 2435 cruciﬁgeretur.
586 2400 625 2427 Illi
640 2408 704 2427 vero
715 2400 893 2436 susceperunt
903 2403 1008 2430 Jcsum.

215 2440 243 2462 et
256 2435 402 2464 duxerunt.
415 2441 442 2464 et
454 2440 568 2471 portans
580 2435 631 2464 sibi
645 2443 762 2472 crucem.
776 2435 862 2464 exivit
876 2438 902 2465 in
917 2437 1008 2465 locum

251 2550 300 2588 14.
316 2550 382 2578 Erat
404 2555 493 2588 autem
515 2549 685 2588 praeparatio
706 2548 848 2584 Pascliae;
871 2550 939 2579 hora
964 2558 1014 2579 au-

215 2592 280 2621 tem,
293 2586 359 2614 hora
373 2586 449 2621 quasi
463 2586 551 2615 sexta.

216 2740 261 2762 ωε.

248 2768 258 2783 ¹
276 2766 329 2792 Gal.
341 2766 400 2792 dicit
410 2766 464 2791 eis:
478 2764 551 2790 Ecce.
565 2765 624 2790 Mm.
638 2764 698 2789 dicit
707 2764 746 2789 eis
759 2764 871 2789 Judaeis.
889 2763 962 2795 Vulg.
975 2763 1013 2788 di-

640 244 684 276 qui
702 244 852 277 appellatur

640 278 781 305 (Inlbarizte
803 279 841 305 lo-

639 321 696 344 cus,
715 314 784 348 quod
800 315 839 340 di-

638 350 706 376 citur
724 350 849 376 lluebrai—

638 392 668 411 ce
684 385 693 399 ³
714 386 857 419 Golgolha,

640 420 682 447 18.
706 421 748 447 ubi
767 421 841 447 illum
857 428 920 448 cru-

637 455 781 483 ciﬁxerunt
790 477 798 489 ,

636 495 666 518 et
678 498 738 518 cum
751 499 784 518 eo
796 491 846 519 ali-

637 532 669 553 os
682 526 749 554 duas
761 527 845 554 latro-

638 569 696 593 nes,
712 562 786 595 hinc,
798 562 845 589 ad-

659 604 692 624 ue
707 597 790 629 illinc,
808 605 865 625 me-

658 632 711 659 ium
730 637 819 661 autem

637 667 740 695 Jesum.

640 703 684 730 19.
706 703 820 739 Scripsit
835 708 926 732 autem

638 742 666 765 et
679 739 787 766 titulum
802 740 841 767 Pi-

639 773 720 807 latus,
734 780 761 802 et
774 781 854 809 posu-

639 809 660 836 it
673 814 753 844 supra
765 818 827 838 cru—

639 851 709 872 cem.
722 845 788 872 Erat
801 853 848 872 au-

640 884 694 906 tem
708 881 837 914 scriptum

639 914 718 943 Jesus
726 915 858 944 Nazarae-

639 958 688 977 nus
705 951 762 978 Rex
781 951 828 979 Ju-

639 986 777 1014 daeorum.

638 1021 696 1058 20.7
707 1022 783 1050 Hunc
792 1029 857 1058 ergo

639 1056 746 1084 titulum
762 1059 826 1085 ntul-

638 1092 658 1119 ti
673 1093 794 1125 legerunt

638 1127 812 1163 Judaeorum,

638 1164 700 1198 quia
713 1164 737 1190 in
751 1171 817 1198 pro-

639 1199 711 1225 ximo
726 1201 836 1227 eratci-

638 1234 713 1261 vitati
727 1235 814 1269 locus,

638 1269 682 1297 ubi
696 1270 805 1297 cruciﬁ-

637 1313 687 1332 xus
703 1311 761 1333 erat
772 1305 851 1334 .lesus

638 1345 666 1367 et
678 1346 737 1367 erat
758 1342 842 1376 scrip-

639 1380 694 1401 tmu
712 1376 842 1404 Hebraei-

638 1417 680 1442 ce,
693 1409 812 1445 Graece,
827 1416 854 1439 et

638 1445 743 1473 Latine.

637 1480 682 1507 21.
707 1481 835 1509 Dicebant
847 1490 890 1509 er-

637 1523 670 1550 go
683 1515 770 1543 Pilato
784 1517 862 1545 Prin-

637 1552 711 1585 cipes
725 1552 822 1579 Sacer-

636 1587 741 1619 dotum,
757 1593 784 1615 et
797 1588 875 1616 Prin-

636 1622 710 1656 cipes
722 1623 840 1650 Judaeo-

635 1665 695 1684 rum
711 1667 717 1683 :
734 1658 794 1686 Noli
807 1659 874 1686 scri-

636 1692 702 1720 bere
716 1694 771 1720 Rex
787 1694 834 1722 Ju-

636 1727 765 1756 daeorum
778 1737 786 1762 ;
800 1730 859 1764 sed,

636 1767 697 1798 quia
713 1764 769 1798 ipse
782 1765 823 1792 di-

636 1799 674 1827 xit
688 1808 694 1826 :
706 1799 764 1827 Rex
779 1808 838 1828 sum

635 1834 810 1864 Judaeorum.

635 1869 680 1897 9.2.
702 1870 854 1905 Respondit
868 1873 900 1899 ilo

636 1905 669 1932 lis
686 1905 789 1939 Pilatus
806 1916 812 1933 :

635 1941 742 1973 scribsi,
759 1943 845 1969 scrib-

828 1908 905 1940 Quod

1288 199 1404 229 CODEX
1424 200 1649 234 VERONENSIS.

1072 251 1163 274 rentes
1179 256 1184 273 :
1201 248 1228 274 Si
1244 248 1317 276 hunc
1488 252 1553 279 exiit
1569 252 1595 279 in
1607 259 1669 280 ettm

1072 282 1202 322 dimittes,
1221 291 1273 322 non
1489 287 1590 321 locum,
1604 290 1648 322 qui

1072 325 1100 344 es
1114 319 1215 345 amicus
1230 319 1299 347 Cae-
1488 319 1587 350 dicitur
1600 319 1663 351 Cal-

1072 353 1150 393 saris;
1162 354 1273 388 Omnes,
1488 358 1579 385 variae
1591 359 1677 393 locus,

1089 390 1115 415 ui
1132 388 1232 424 Regem
1490 394 1637 422 Habraeice

1082 425 1269 464 'acits_e,_con-
1488 429 1531 456 18.
1552 429 1699 464 Golgotlta,
1715 430 1761 460 ubl

1072 460 1179 487 Iradicit
1190 461 1255 488 Cae-
1485 472 1547 492 eum
1559 460 1669 493 cruciﬁ-

1071 496 1149 533 sari._
1166 530 1173 533 Δ
1487 505 1595 533 xerunt,

1072 530 1115 558 15.
1134 530 1236 567 Pilatus
1247 538 1321 567 ergo,

1070 572 1131 592 cum
1146 566 1267 594 audisset

1070 599 1120 628 bos
1134 609 1284 636 sermones,

1070 636 1181 663 adduxit
1193 637 1264 664 foras

1070 671 1173 704 Jesum,
1189 678 1217 699 et
1231 672 1301 700 sedit

1070 714 1119 741 pro
1134 708 1261 735 tribunali

1071 743 1110 777 (a)
1125 742 1155 779 in
1169 744 1255 770 locum
1270 744 1299 779 -ξ,

1070 778 1116 811 qui
1132 778 1230 805 dicitttr

1071 813 1255 841 Litliostrotus
1265 835 1272 847 ,

1072 848 1221 876 Hebraelce

1486 540 1588 562 etcum
1600 544 1632 563 80

1486 571 1554 598 alios
1568 571 1648 605 duos,

1487 606 1561 634 hinc.
1576 611 1604 634 et
1617 607 1690 639 hinc,

1487 642 1605 670 medium
1620 648 1711 671 autem

1486 676 1590 704 Jesum.

1488 712 1533 739 19.
1555 712 1670 749 Scripsit

1488 752 1578 775 autem

1489 787 1516 810 et
1527 783 1634 811 titulum

1489 818 1592 846 Pilatus
1602 841 1610 853 ,
1626 827 1655 848 et

1489 857 1579 888 posuit
1592 862 1676 889 super

1072 890 1161 911 autem
1176 884 1283 912 Genne-
1489 884 1609 917 crucem.
1627 884 1693 919 Erat

1073 919 1129 961 tua.
1141 955 1161 961 __
1199 960 1203 961 ν
1490 929 1579 961 autem
1591 927 1739 961 scriptum:

1074 955 1118 981 11.
1141 955 1207 983 Erat
1218 961 1308 984 autem
1488 959 1568 987 Jesus
1583 955 1668 989 Naza-

1073 998 1219 1025 parasceve
1423 1008 1426 1011 -
1489 1003 1570 1022 renus
1585 996 1641 1024 Rex

1073 1026 1204 1060 Pascltae,
1222 1027 1289 1055 hora
1489 1030 1661 1060 Judaeorum.

1073 1063 1149 1095 quasi
1168 1068 1256 1095 sexta,

1073 1101 1101 1123 et
1116 1097 1181 1124 dicit
1195 1097 1242 1124 .Iu-

1073 1131 1149 1159 daeis
1163 1141 1169 1159 :
1185 1133 1255 1160 Ecce

1073 1166 1131 1194 Rex
1145 1173 1245 1195 vester.

1075 1202 1118 1230 15.
1141 1203 1387 1244 (1’)”Clanrnayerunt
1396 1203 1418 1239 -ι-
1489 1209 1551 1242 quia
1568 1202 1652 1244 prope

1075 1245 1140 1271 ergo
1154 1239 1191 1265 illi
1210 1247 1216 1265 :
1234 1239 1323 1274 Tolle,
1489 1239 1629 1272 c'ivita'teni

1074 1274 1150 1307 tolle,
1166 1275 1295 1310 cruciﬁge
1490 1284 1548 1306 erat
1563 1280 1637 1307 locus
1646 1301 1653 1314 ,

1074 1316 1145 1336 eum.
1491 1314 1536 1342 ubi
1547 1316 1693 1344 cruciﬁxus

1074 1345 1143 1380 Dicit
1160 1345 1200 1372 eis
1214 1346 1257 1373 Pi-
1490 1355 1532 1378 est
1545 1350 1624 1378 Jesus
1639 1361 1645 1378 :
1662 1357 1689 1380 et

1072 1379 1142 1407 latus
1156 1389 1162 1407 ε
1178 1382 1279 1423 Regem
1489 1391 1548 1423 erat
1562 1379 1693 1423 scriptum

1071 1421 1191 1456 sestrum
1207 1418 1297 1444 cruci»
1489 1418 1637 1450 Hebraeice
1649 1444 1656 1456 ,

1072 1450 1150 1490 ﬁgam
1167 1452 1196 1490 ἲνΔ
1488 1456 1590 1485 Graece
1605 1479 1612 1490 ,
1627 1450 1655 1486 et

1070 1485 1280 1521 Responderunt
1488 1491 1596 1520 Latine.

1070 1521 1216 1550 Pontifices
1232 1531 1238 1548 :

1070 1555 1128 1584 Non
1142 1558 1272 1585 habemus

1070 1591 1182 1627 Regem,
1199 1593 1252 1620 nisi

1071 1626 1154 1655 Caesa
1159 1637 1215 1656 rem
1220 1649 1226 1655 .

1072 1663 1212 1700 16._‘Tunc
1227 1672 1290 1700 ergo

1070 1698 1180 1726 tradidit
1194 1700 1234 1727 eis

1488 1066 1548 1104 2‘0.»
1574 1067 1649 1095 Hunc
1663 1075 1726 1104 ergo

1491 1102 1596 1129 titulum
1612 1104 1688 1131 multi

1490 1137 1614 1172 legerunt
1624 1138 1673 1167 Ju-

1489 1172 1618 1200 daeorum
1627 1194 1635 1207 ,

1488 1527 1531 1555 21.
1571 1528 1702 1557 Dicebant

1488 1571 1554 1598 ergo
1567 1563 1656 1592 Pilato

1488 1598 1630 1633 Principes

1488 1633 1653 1662 Iudaeorum
1667 1644 1675 1663 :

1488 1669 1548 1696 Noli
1563 1671 1683 1699 scribere

1489 1704 1547 1732 Rex
1561 1705 1675 1734 Judaeo-

1070 1733 1157 1775 illum,
1171 1740 1200 1762 ut
1489 1748 1549 1777 rum
1561 1749 1568 1772 ;
1582 1733 1646 1775 sed,
1661 1742 1725 1777 quia

1069 1770 1143 1805 cruci
1156 1778 1218 1798 eum
1490 1770 1579 1802 dixit:
1597 1770 1653 1805 Rex

1069 1804 1194 1841 ﬁgerent.
1489 1817 1549 1838 sum
1564 1804 1681 1841 Judaeo-

1070 1840 1257 1875 Susceperuut
1490 1853 1561 1874 rum.

1069 1875 1107 1937 Sc)
1121 1884 1186 1912 ergo
1202 1877 1326 1919 inlesum
1342 1887 1349 1912 ;

1088 1912 1116 1937 7.
1137 1917 1164 1937 et
1176 1913 1299 1937 balnlans

1088 1912 1116 1938 7.
1137 1917 1164 1938 et
1176 1913 1299 1947 bajulans

1068 1946 1121 1974 sibi
1134 1946 1253 1982 crucem,

1489 1880 1535 1917 22.
1554 1882 1703 1917 Respondit

1490 1916 1593 1961 Pilatus
1608 1916 1615 1945 ἐ
1632 1919 1709 1961 Quod

1490 1959 1587 1988 scrtpst
1600 1959 1709 1990 scripsi.

883 2000 998 2029 CODEX
1016 2002 1214 2033 BRIXIANUS.

696 2258 716 2293 -ι-
730 2259 817 2287 Tolle.
834 2260 908 2287 tolle.
924 2261 1014 2287 cruci-

1067 2050 1120 2090 qnui_
1134 2050 1234 2090 dicitur
1255 2051 1388 2090 Calvariae
1406 2054 1493 2083 locus.
1513 2057 1584 2090 quod
1608 2057 1708 2085 dicitur
1725 2059 1869 2087 llebreice.

1070 2086 1217 2122 Colgothu.
1237 2088 1281 2114 ubi
1298 2097 1359 2115 cum
1383 2086 1588 2120 crucilixeruul.
1614 2099 1640 2121 et
1662 2103 1722 2121 rum
1746 2102 1780 2122 eo
1803 2086 1872 2122 alios

1067 2121 1146 2149 tiuus.
1163 2122 1226 2149 hinc
1240 2129 1267 2150 et
1287 2124 1359 2152 hinc.
1378 2126 1496 2154 medium
1513 2136 1603 2155 autem
1626 2128 1729 2156 Jesum.
1751 2121 1871 2158 Scribsit

1067 2163 1157 2199 t-t‘utem
1180 2162 1209 2185 et
1222 2160 1330 2199 titulum
1353 2161 1463 2199 Pilatus.
1487 2168 1514 2190 et
1535 2166 1623 2198 posuit
1646 2173 1727 2199 super
1748 2174 1872 2194 crucem.

1055 2193 1133 2219 “Erat
1149 2200 1238 2221 autem
1255 2195 1397 2224 scribtum.
1413 2197 1493 2225 Iesus
1513 2193 1660 2227 Nazoreus.
1680 2193 1739 2228 Rex
1753 2201 1871 2229 Judaeo—

1069 2236 1138 2269 rum.
1161 2229 1237 2257 llunc
1253 2238 1317 2270 ergo
1331 2232 1436 2259 titulum
1456 2234 1533 2261 multi
1553 2235 1676 2270 legerunt
1689 2236 1868 2264 Judaeorum.

1065 2265 1127 2300 quia
1150 2272 1233 2298 prope
1252 2267 1390 2294 civuatem
1412 2273 1473 2296 erat
1501 2265 1639 2298 locusvubi
1661 2273 1807 2300 crucilixus
1828 2277 1871 2300 est

1063 2298 1152 2327 Jesus.
1168 2304 1194 2326 et
1210 2306 1268 2327 erat
1283 2303 1413 2330 scribtmn
1434 2304 1582 2333 lltrbraeice
1596 2306 1699 2335 Graece
1715 2298 1742 2334 et
1757 2298 1869 2335 Latine.

1065 2335 1194 2375 Dicebant
1206 2344 1271 2375 ergo
1283 2337 1370 2365 Pilato
1383 2339 1523 2375 Principes
1535 2341 1710 2369 Judaeorum.
1726 2343 1787 2370 Noli
1803 2345 1871 2370 scri-

1063 2370 1127 2411 bere
1139 2370 1197 2398 Rex
1208 2370 1385 2411 Judaeorum.
1397 2375 1445 2402 sed
1455 2370 1517 2409 quia
1531 2378 1587 2411 ipse
1600 2378 1676 2406 dixnt.
1691 2378 1747 2406 Rex
1756 2387 1814 2405 sum
1827 2378 1872 2406 Ju-

1061 2405 1204 2434 daeoruut.
1222 2407 1373 2444 Respondit
1386 2410 1426 2438 eis
1438 2405 1547 2440 Pilatus.
1557 2413 1633 2447 Quod
1648 2405 1746 2442 scribsi
1757 2405 1869 2442 scribsi.

859 2501 974 2531 CODEX
993 2502 1226 2537 CORBEIENSIS.

1105 2554 1147 2581 15.
1169 2557 1204 2582 At
1223 2555 1261 2583 illi
1277 2554 1500 2586 clamaverunt...
1519 2555 1662 2596 Principes
1677 2557 1868 2589 Sacerdotem.

838 2640 1038 2674 VARlANTES
1057 2640 1259 2672 LECTIONES.

246 2704 254 2719 ¹
271 2704 323 2730 ϐαι.
335 2703 509 2730 Lithostratus.
518 2702 578 2726 Mm.
588 2701 774 2728 Litliosstrotus.
788 2702 861 2734 Vulg.
872 2702 1011 2728 Lithosu'o—
1064 2698 1313 2734 citiludaeingcce.

1098 2733 1109 2749 ³
1125 2733 1178 2769 Gut.
1193 2731 1306 2769 Golgota,
1316 2736 1409 2769 etcum
1421 2739 1460 2759 eo.
1483 2734 1556 2769 Vulg.
1574 2734 1708 2768 Golgotha,
1720 2735 1763 2762 ubi
1784 2739 1869 2762 cruci-

1067 2763 1175 2788 ﬁxerunt
1185 2769 1252 2795 eum,
1266 2767 1359 2789 etcum
1375 2768 1415 2790 eo.

879 2814 1063 2843 BLANCHINI
1081 2815 1198 2843 NOTE.
1515 2843 1518 2845 λ

249 2876 290 2913 (a)
306 2874 345 2903 Ita
357 2878 385 2902 et
402 2878 461 2902 tu.
477 2874 526 2903 Gr.
551 2874 588 2906 sl:
607 2874 695 2903 τόπον.
711 2887 746 2895 -
759 2873 798 2910 (θ)
811 2871 851 2901 Ita
873 2877 902 2901 et
922 2876 977 2901 tcx.
993 2871 1041 2901 Gr.
1054 2872 1269 2912 s‘zpu'uyacm.—-
1283 2873 1318 2910 (ε)
1329 2872 1367 2902 lla
1380 2878 1407 2904 et
1418 2875 1479 2904 cod.
1494 2874 1573 2906 Cant.
1590 2875 1646 2906 οὖν.
