4042 6192
348 300 446 357 tas
1328 298 1779 359 cvaueeuuu
1820 272 2194 359 sccuunuu
2232 297 2617 357 JOHANNEM.
3532 300 3635 361 ne

735 410 961 470 CODEX
1007 411 1545 471 VERCELLENSIS.
2478 411 2711 467 CODEX
2752 412 2985 469 VERON
2996 414 3213 473 ENSIS.

338 508 432 563 25.
478 509 548 561 si.
582 508 719 563 Mili—
1177 511 1397 574 Mulier,
1430 527 1556 566 ecce
2040 508 2131 563 25.
2212 507 2406 561 Milites
2436 520 2565 575 ergo
2591 540 2606 570 ,
2880 509 3032 561 matri
3066 525 3078 559 :
3109 508 3336 574 Mulier,

344 590 425 633 tes
450 595 607 648 ergo,
638 593 755 633 cum
1178 582 1347 636 Filius
1374 592 1514 637 tuus.
2041 594 2163 633 cum
2194 577 2432 635 πυρίη-ἒ
2878 593 3004 633 cccc
3036 578 3201 635 Filius

339 651 643 705 crueilix’is—
1172 651 1259 705 27.
1342 652 1543 706 Deinde
1570 652 1704 707 dicit
2042 648 2247 704 xissent
2280 649 2497 714 Jesum,
2880 649 2968 702 27.
3049 663 3192 705 tuus.
3228 652 3432 708 Deinde

340 730 463 775 seut
492 720 697 785 Jesum,
729 732 820 777 ac-
1175 723 1453 791 discipulo:
1483 725 1502 754 ¹
1538 725 1631 779 Εοσ
2042 729 2371 788 acceperunt
2878 721 3009 775 dicit
3036 721 3301 791 discipulo
3328 744 3341 775 :

342 802 600 859 ceperunt
629 808 743 846 ves-
1175 809 1236 848 ce
1263 805 1435 849 mater
1461 804 1573 849 tua.
2042 793 2364 845 vestimenta
2882 791 3021 847 Ecce
3054 805 3224 847 mater
3256 802 3367 849 tua.

346 866 561 918 timenta
595 863 711 932 ejus
731 903 746 931 ,
1174 864 1253 919 Ex
1280 866 1368 918 illa
1402 866 1532 919 hora
2043 863 2161 930 ejus
2185 904 2199 927 ,
2230 872 2283 916 et
2316 861 2394 915 fe-
2879 862 2949 918 Et
2976 878 3045 917 ex
3075 865 3163 918 illa
3194 866 3326 919 hora

345 948 397 989 et
431 936 671 988 iecerunt
1177 937 1383 1004 accepit
1421 936 1569 990 illam
2043 942 2234 988 cerunt
2261 940 2413 1001 quat-
2877 938 3083 1003 accepit
3112 936 3258 990 illam

345 1014 595 1074 quattuor
627 1021 747 1073 par-
1177 1006 1471 1075 discipulus
2045 1014 2167 1057 tuor
2200 1020 2319 1070 par-
2368 1073 2377 1075 Α
2878 1008 3174 1075 discipulus
3207 1010 3257 1059 in
3291 1021 3407 1060 sua.

347 1073 446 1140 tes,
472 1077 683 1131 unicui-
1179 1078 1270 1131 ille
1300 1073 1351 1131 in
1384 1094 1502 1131 sua.
2046 1086 2126 1128 les
2155 1117 2169 1137 ,
2201 1073 2407 1129 unicui-
2877 1076 2969 1131 28.
3022 1073 3240 1132 ‘Postea
3267 1077 3460 1146 Jesus,

346 1163 445 1219 que
481 1149 645 1219 militi
1176 1148 1268 1219 es.
1348 1148 1474 1202 Post
1506 1149 1605 1203 ltoc
1629 1191 1643 1215 ,
1675 1146 1868 1203 videns
2044 1162 2149 1215 que
2177 1146 2348 1219 militi_
2882 1150 3062 1203 sciens
3088 1150 3211 1216 quia

348 1216 573 1288 partem.
621 1218 751 1272 Erat
1178 1217 1337 1275 Jesus
1365 1220 1385 1249 ³
1415 1220 1557 1289 quod
1591 1235 1714 1289 per-
2044 1227 2273 1286 partem.
2309 1216 2437 1289 Erat
2882 1220 3061 1273 omnia
3094 1234 3221 1273 con-

348 1287 521 1343 antem
556 1291 695 1341 tuni-
1179 1289 1315 1344 fecta
1347 1287 1473 1344 sunt
1502 1287 1617 1343 oml
2044 1297 2223 1341 autem
2266 1287 2445 1340 tunica
2883 1301 3146 1344 summam
3174 1300 3340 1355 sunt,

349 1375 407 1415 ca
435 1360 502 1413 de
523 1375 737 1415 summo
762 1398 778 1427 ,
1179 1361 1299 1420 nia.
1328 1370 1384 1414 et
1410 1376 1601 1415 consu-
2044 1359 2193 1412 rudis
2211 1400 2225 1422 ,
2258 1359 2494 1424 desuper
2883 1371 2941 1413 ut
2967 1362 3304 1428 compleatur

349 1431 440 1487 sed
470 1439 615 1485 texta
643 1432 695 1485 iu
1181 1439 1394 1485 mantur
1418 1432 1600 1501 Scrip—
2044 1440 2295 1484 contexta
2329 1444 2424 1497 per
2881 1430 3188 1501 Scriptura,
3220 1432 3355 1487 dixit
3386 1448 3399 1484 :

352 1541 365 1554 .
408 1544 421 1557 .
466 1512 599 1557 tum.
1182 1512 1366 1566 turae,
1400 1504 1512 1555 ait:
1544 1503 1621 1557 Si-
2046 1508 2236 1554 totum.
2880 1502 2971 1559 29.
3052 1504 3207 1558 Sitio.
3242 1504 3349 1557 Vas

350 1572 435 1626 24.
482 1574 742 1628 Dixerunt
768 1590 847 1629 er~
1180 1572 1269 1627 29.
1351 1572 1445 1627 tio.
1480 1573 1657 1628 Pelvis
1692 1589 1789 1644 po-
2042 1571 2133 1644 24.
2213 1571 2474 1625 Dixerunt
2503 1582 2633 1642 ergo
2882 1574 3115 1644 positum
3144 1584 3259 1628 erat

354 1661 415 1715 go
437 1644 501 1697 ad
541 1644 777 1700 invicem
806 1664 819 1701 :
1180 1644 1281 1697 sita
1302 1654 1429 1715 erat
1458 1659 1580 1699 ace-
1692 1642 1705 1644 “
2044 1642 2109 1715 ad
2143 1644 2374 1715 invicem
2407 1660 2417 1693 :
2884 1642 3038 1699 aceto
3080 1646 3320 1715 plenum.

353 1714 461 1769 Non
486 1715 704 1769 scinda-
1000 1738 1008 1744 π
1181 1722 1237 1769 ιο
1264 1714 1417 1784 plena
1452 1732 1463 1767 :
1497 1715 1654 1786 lrtyso-
2050 1713 2167 1768 Non
2201 1713 2511 1786 scindatuus
2887 1713 3176 1785 Spongiam
3207 1730 3336 1786 ergo

356 1802 467 1841 mus
494 1786 664 1849 illam,
1181 1783 1621 1855 po’circumdan-
2050 1799 2170 1839 eam
2191 1825 2205 1849 ,
2240 1783 2334 1856 sed
2363 1798 2479 1837 sor-
2889 1783 3100 1856 plenam
3130 1783 3285 1843 aceto

356 1865 432 1911 set
452 1858 749 1913 snrtiamur
1182 1854 1262 1910 tes
1285 1898 1299 1921 ,
1332 1858 1647 1927 eptulerunt
2053 1857 2248 1909 tiamur
2277 1854 2345 1908 de
2886 1854 3127 1927 perticae
3154 1860 3263 1912 cir-

357 1930 504 1995 cujus
530 1929 601 1981 sit
635 1947 646 1980 :
686 1938 742 1984 tit
1183 1928 1271 1981 50.
1349 1928 1428 1981 ori
1455 1928 1589 1995 ejus.
1620 1926 1755 1982 Cum
2052 1943 2112 1982 ea
2148 1926 2300 1994 cujus
2332 1928 2403 1977 sit
2435 1941 2450 1989 ;
2552 1982 2555 1985 ,
2886 1926 3276 1992 cumponentcs
3303 1966 3317 1993 ,

358 1998 625 2070 scriptura
1183 1998 1484 2067 accepisset
1514 2016 1580 2070 a-
2053 2010 2109 2070 ut
2139 1997 2413 2070 Scriptura
2887 2001 3200 2055 obtulerunt
3223 2002 3304 2055 ori
3335 2000 3473 2070 ejus.

358 2069 675 2140 adimplere-
1184 2079 1383 2140 cetum,
1414 2069 1547 2123 dixit
1582 2086 1593 2121 :
2050 2068 2340 2140 impleatur
2372 2086 2384 2120 :
2888 2072 2976 2125 50.
3052 2071 3183 2125 Cum
3209 2087 3337 2140 ergo

361 2150 439 2194 tur
471 2139 502 2193 :'
1189 2139 1575 2195 Consumatum
2054 2139 2371 2193 Diviserunt
2890 2144 3191 2211 accepisset
3218 2139 3379 2196 Je’sus

424 2211 733 2267 Diviserunt
1186 2222 1290 2265 est.
1323 2214 1387 2264 Et
1409 2210 1676 2266 inclinans
2051 2211 2378 2266 vestimenta
2890 2210 3102 2267 acetum
3129 2255 3143 2278 ,
3176 2214 3312 2268 dixit
3341 2229 3356 2268 :

426 2284 714 2338 vestimen-
1186 2291 1378 2350 caput,
1410 2282 1577 2335 tradi-
2054 2297 2175 2335 mea
2205 2290 2258 2335 et
2289 2282 2345 2335 in
2890 2283 3277 2339 Cunsumatum
3308 2293 3413 2340 est.

428 2363 475 2407 ta
505 2369 622 2407 mea
654 2355 788 2423 sibi,
1187 2352 1267 2407 dit
1294 2356 1564 2423 spiritum.
2055 2362 2262 2406 vestem
2296 2366 2472 2407 meam
2893 2354 2963 2408 Et
2994 2356 3250 2411 inclinato

432 2369 475 2407 ta
505 2369 622 2407 mea
654 2369 788 2423 smt,
1187 2369 1267 2407 att
1294 2369 1564 2478 εἶμι-ηοω.
2055 2369 2262 2406 chtem
2296 2369 2472 2407 meam
2893 2369 2963 2408 bl
2994 2369 3250 2411 mctmato

432 2426 447 2455 ¹
470 2435 522 2481 et
550 2441 717 2506 supra
1188 2425 1279 2505 ὄρ.
1344 2424 1495 2478 udaei
1522 2438 1672 2493 ergo,
1707 2439 1841 2493 quo-
2061 2423 2326 2507 miserunt
2892 2427 3103 2507 capite,
3135 2426 3354 2480 tradidit

429 2497 724 2550 vestimen-
1192 2496 1335 2548 uiam
1360 2510 1493 2549 ceua
2058 2503 2281 2548 sortem.
2895 2496 3165 2561 Spiritum.

431 2576 539 2640 tum
574 2582 758 2622 meum
1194 2580 1325 2640 pura
1355 2574 1492 2629 erat,
1522 2578 1590 2619 ne
2058 2562 2355 2640 Etmilites
2895 2566 2984 2640 31.
3061 2567 3249 2622 Judaei
3277 2582 3439 2640 ergo,

431 2639 697 2693 miserunt
1193 2632 1417 2689 Sabbato
1444 2650 1556 2688 ma-
2058 2634 2274 2706 quidem
2307 2632 2442 2686 haec
2896 2639 3020 2706 quia
3048 2654 3181 2693 cena
3218 2632 3349 2706 pura

431 2718 652 2762 sortem.
1195 2717 1389 2760 nerent
1416 2721 1538 2760 cor—
2058 2704 2326 2774 fecerunt.
2898 2704 3015 2763 erat
3032 2752 3045 2774 ,
3080 2721 3135 2763 ιιι
3163 2704 3267 2764 non

366 2778 450 2834 25.
489 2780 718 2834 Stabant
748 2789 926 2835 autem
1197 2792 1325 2846 pora
1356 2778 1407 2830 in
1437 2792 1560 2830 cru-
2057 2773 2150 2829 9-5-
2228 2774 2452 2831 Slabant
2482 2788 2574 2827 till-
2899 2773 3244 2836 remanerent
3268 2782 3318 2836 in

368 2864 517 2921 secus
544 2864 763 2905 crucem
1196 2862 1292 2914 ce,
1328 2847 1586 2921 (eratiaut
1630 2887 1643 2902 .
1692 2890 1702 2900 .
2061 2856 2168 2901 tem
2189 2847 2343 2917 juxta
2899 2866 3116 2906 crucem
3142 2867 3367 2921 corpora

370 2920 487 2976 Iesu
518 2932 693 2975 mater
1198 2934 1426 2987 magnus
1455 2920 1489 2972 d
1533 2956 1546 2970 .
1592 2952 1607 2971 .
1653 2959 1665 2972 .
2060 2934 2279 2973 crucem
2897 2923 3125 2977 sabbato
3146 2965 3162 2989 ,
3196 2920 3334 2987 (erat

375 2992 485 3062 ejus
516 2993 680 3046 Maria
702 3033 715 3057 ,
1200 2990 1344 3063 illius
1374 2989 1566 3044 sabba-
2061 2988 2190 3063 Jesu
2220 2999 2393 3043 mater
2897 2995 3041 3063 enim
3076 2988 3302 3063 magnus

374 3060 421 3117 et
449 3077 601 3117 soror
624 3079 737 3117 ma-
1202 3060 1262 3129 ti)
1294 3076 1525 3130 rogaver
1566 3102 1579 3114 .
1625 3099 1641 3115 .
2064 3061 2214 3129 ejus,
2245 3069 2469 3115 etsoror
2898 3062 3016 3118 dies
3045 3060 3190 3121 illius
3221 3067 3345 3120 sab-

377 3135 463 3208 tris
481 3134 600 3208 ejus
629 3150 743 3208 ma-
1204 3132 1471 3208 Pilatum,
1506 3143 1563 3187 ut
2063 3133 2253 3208 matris
2280 3133 2395 3201 ejus
2424 3130 2591 3208 Maria
2899 3134 3030 3208 l_iati)
3062 3146 3389 3208 rogaverunt

374 3204 443 3257 ria
472 3205 790 3274 Cleophaes.
1195 3218 1351 3274 crura
1384 3203 1490 3257 illis
2064 3203 2264 3274 Cleolte
2287 3244 2300 3265 ,
2330 3210 2387 3257 et
2422 3202 2585 3257 Maria
2900 3202 3167 3273 Pila'turu',
3197 3220 3257 3263 ut

372 3274 454 3347 26.
528 3273 686 3330 Jesus
713 3283 929 3339 autem,
959 3285 1015 3329 ut
1196 3273 1444 3347 frangere
1487 3310 1500 3326 .
1539 3308 1571 3347 _._
2065 3273 2402 3347 Magdalene.
2434 3346 2439 3347 γ
2469 3345 2500 3347 Η
2902 3276 3281 3347 frangerentur

370 3346 497 3401 vidit
530 3356 758 3401 matrem
1196 3352 1313 3406 tur,
1345 3345 1365 3373 ⁸
1395 3354 1448 3398 et
1482 3344 1637 3399 tolle—
2061 3346 2155 3399 26.
2230 3343 2363 3399 Cum
2395 3345 2622 3401 vidisset
2905 3343 3063 3401 crura
3097 3365 3285 3404 eorum
3308 3391 3322 3413 ,

370 3432 511 3471 suam
532 3457 545 3478 .
579 3427 632 3471 et
661 3418 773 3471 dis-
1193 3424 1379 3469 rentur
1404 3415 1471 3470 de
1495 3431 1635 3469 cru—
2064 3427 2243 3469 autem
2272 3416 2429 3469 Jesus
2908 3427 2964 3471 et
2991 3420 3325 3475 tollerentur.

369 3488 595 3557 cipulum
619 3487 697 3564 (α)
727 3487 826 3542 δάε
1194 3486 1283 3541 52.
1361 3501 1463 3564 ος..
1482 3486 1758 3540 Venerunt

2066 3494 2295 3564 matrem
2323 3527 2337 3551 ,
2372 3495 2435 3564 et
2481 3554 2491 3564 _
2586 3556 2598 3564 _
2908 3488 3018 3564 52ἽΔ
3078 3490 3515 3564 Veneruntergo

369 3554 590 3630 stantem
622 3554 705 3629 ἦέ,
741 3574 903 3627 quem
1193 3572 1324 3625 ergo
1353 3556 1555 3630 milites
1584 3573 1598 3621 ;
2067 3556 2389 3630 discipulum
2420 3554 2498 3627 (a)
2534 3556 2629 3610 ad-
2906 3560 3108 3613 milites
3138 3572 3209 3625 ;et
3239 3562 3312 3630 (ὑ)
3345 3562 3413 3616 il-

370 3625 649 3700 diligebat,
682 3625 771 3683 di-V
1194 3637 1249 3700 et
1278 3628 1434 3697 primi
1462 3628 1584 3696 qui-
2068 3635 2300 3700 stantem
2331 3625 2372 3695 ἰ·
2392 3625 2604 3700 ,__tjttem
2906 3629 3011 3682 lius
3038 3630 3079 3700 -ι-
3102 3625 3320 3698 quidem

370 3700 435 3754 cit
461 3696 814 3756 inatrisuae:
1195 3696 1317 3755 dem
1346 3740 1359 3764 ,
1400 3713 1559 3752 crura
2068 3696 2365 3765 diligebat,
2397 3696 2527 3751 dicit
2908 3696 3100 3768 primi,
3122 3696 3403 3774 fregerunt

1681 3788 1913 3845 CODEX
1953 3782 2352 3844 BRIXIANUS.

371 3883 561 3939 Milites
584 3897 735 3952 ergo.
764 3891 1043 3951 postquam
1074 3882 1455 3935 cruciﬁxerunt
1484 3880 1688 3935 Jesum.
1723 3882 1955 3937 sustule—
2071 3880 2277 3935 Deinde
2324 3879 2455 3934 dicit
2497 3881 2762 3950 discipulo
2803 3884 2899 3938 illi.
2945 3886 3081 3943 Ecce
3123 3898 3294 3945 mater
3337 3900 3446 3946 tua.
3492 3886 3559 3948 Et
3599 3912 3664 3951 cx

368 3966 485 4009 runt
528 3958 854 4026 vestimenta
893 3954 1029 4022 ejus.
1074 3963 1127 4007 et
1158 3952 1402 4007 fecerunt
1452 3962 1707 4022 quattuor
1751 3964 1951 4021 partes.
2071 3953 2162 4026 i_|la
2214 3952 2356 4026 liora
2376 3956 2583 4021 accepit
2623 3969 2740 4026 eam
2785 3955 3085 4026 discipulus
3118 3961 3167 4012 in
3208 3976 3324 4017 sua.
3378 3965 3503 4018 Post
3535 3967 3666 4022 linec

370 4027 653 4095 unicuique
685 4025 863 4078 militi.
899 4034 1102 4093 partem
1133 4034 1187 4078 et
1214 4026 1472 4077 tunicam.
1503 4026 1629 4077 Erat
1657 4032 1835 4077 autem
1871 4033 1956 4077 tu-
2070 4023 2249 4095 Jesus.
2286 4025 2465 4077 sciens
2502 4025 2708 4078 omnia.
2748 4026 2858 4095 jam
2905 4023 3273 4085 consummata
3315 4050 3438 4089 esse
3472 4047 3526 4090 ιιι
3568 4039 3669 4090 itii-

368 4096 480 4151 nica
516 4094 865 4176 in’cossutilis.
898 4096 1133 4176 desuper
1160 4103 1408 4176 contexta
1443 4110 1536 4176 per
1569 4095 1952 4176 to_tum._Dixe-
2070 4094 2659 4176 plereturrScrilitura.
2720 4094 2855 4176 {linit
2903 4101 3059 4155 Sitio.
3083 4102 3210 4176 _Vas
3252 4120 3380 4176 ergo
3431 4110 3665 4176 positum

370 4179 485 4250 runt
511 4182 645 4249 ergo
668 4168 733 4220 ad
762 4168 1010 4250 invicem.
1035 4166 1149 4247 Non
1176 4165 1948 4250 scindamustutiicnmistam.
2071 4173 2189 4219 erat
2229 4175 2384 4219 aceto
2434 4168 2670 4250 plenum.
2719 4169 2795 4222 Illi
2828 4181 3030 4225 autem.
3081 4165 3346 4242 inplente:-
3387 4165 3665 4250 spongiam

370 4240 457 4320 sed
489 4240 783 4320 sortiantur
820 4237 888 4319 de
928 4238 1199 4320 illarujus
1244 4240 1330 4291 sit.
1379 4248 1436 4318 ut
1466 4237 1778 4306 impleretur
1809 4238 1955 4320 scri-
2071 4246 2247 4320 aceto.
2300 4252 2470 4307 ysttpo
2517 4242 3010 4320 circumpuuentes.
3064 4237 3377 4302 olilulerunt
3416 4237 3495 4303 ori
3526 4237 3665 4320 Ejus.

370 4310 519 4364 btura
567 4325 685 4377 qua:
729 4309 877 4361 dicit.
934 4307 1244 4363 Diviscruut
1289 4310 1607 4362 vestimenta
1657 4322 1771 4360 mea
1823 4307 1945 4362 sibi.
2071 4310 2204 4360 Cum
2243 4322 2373 4376 ergo
2420 4311 2719 4379 aecepissct
2759 4311 2917 4365 Jestts
2964 4324 3173 4368 acetum
3204 4318 3355 4371 dixit.
3404 4307 3669 4375 Consum-

372 4392 625 4459 et_s_upur
668 4388 886 4459 vestem”
919 4394 1091 4432 meam
1134 4381 1397 4459 illiset-unt
1444 4389 1665 4459 sortem:
1720 4379 1786 4459 Et
1823 4380 1955 4432 haec
2068 4389 2271 4459 rnatum
2319 4388 2419 4432 est.
2466 4379 2532 4433 Et
2589 4381 2843 4459 inclinato
2874 4386 3073 4449 capite.
3125 4389 3345 4441 tradidit
3390 4393 3660 4459 spiritum.

371 4452 583 4520 quidem
631 4452 828 4504 milites
865 4452 1125 4503 fecerunt.
1175 4450 1401 4505 Stabant
1432 4458 1605 4503 autem
1635 4450 1784 4518 juxta
1833 4464 1963 4502 cru-
2066 4448 2255 4503 Judaei
2303 4465 2450 4518 ergo.
2485 4453 2739 4519 quoniam
2788 4448 3082 4507 Parns’ceve
3114 4469 3229 4510 erat
3262 4473 3313 4511 ut
3347 4448 3452 4515 noii
3495 4479 3667 4515 rema-

368 4537 484 4602 cem
512 4522 662 4575 .lesu.
697 4520 1035 4602 malerejuf.
1084 4530 1334 4602 etsirtir
1368 4522 1566 4602 matris.
1596 4521 1743 4602 ejus.
1790 4521 1951 4573 Maria
2071 4531 2266 4602 tierent
2294 4535 2544 4602 corpora.
2574 4523 2624 4574 in
2648 4538 2814 4577 cruce
2842 4525 3085 4602 sabbato.
3115 4530 3389 4585 eratenitu
3420 4548 3661 4602 magnus.

367 4593 620 4671 Qleopae.
666 4603 721 4647 et
765 4592 1492 4671 Maria.Magdalenae..t;utu
1523 4592 1755 4671 vidisset
1776 4603 1954 4644 autem
2069 4590 2185 4645 dies
2215 4591 2302 4643 ille.
2330 4592 2561 4645 sabbati.
2604 4603 2933 4671 rogaverunt
2980 4597 3208 4671 Pilatum
3258 4614 3313 4654 ut
3353 4590 3665 4671 l‘rungErcu-

366 4663 781 4742 {esusmntretu
828 4674 881 4717 et
918 4665 1256 4742 dtscipulutir
1284 4663 1358 4742 (tt)
1389 4663 1703 4742 adstantem
1731 4662 1770 4731 -ι-
1796 4678 1956 4730 quem
2070 4673 2177 4742 tur.
2208 4676 2600 4742 crtira_eo_r_u_m.
2634 4673 2689 4742 _et
2721 4665 3057 4742 tollerentur.
3096 4670 3365 4725 Venerunt
3395 4662 3525 4742 ergo
3566 4676 3667 4728 mi-

368 4736 645 4806 diligebat.
696 4736 773 4788 ait
814 4734 972 4788 matri
1023 4750 1153 4788 suae.
1208 4732 1397 4787 Mulier
1437 4748 1562 4788 ecce
1608 4732 1776 4786 Filius
1811 4744 1952 4785 tuus.
2070 4732 2215 4786 lites.
2250 4740 2303 4785 et
2334 4732 2407 4802 (ὁ)
2452 4733 2595 4787 illius
2625 4733 2665 4804 -ι-
2709 4735 2927 4806 quidem
2961 4741 3141 4809 primi.
3175 4732 3674 4812 l'regeruutvcrura.

1637 4844 1871 4901 CODEX
1908 4843 2384 4902 CORBEIENSIS.

440 4946 532 5000 25.
573 4944 864 5025 unicuique
905 4941 1062 5023 militi
1089 4952 1320 5025 partem.
1373 4941 1575 5025 Tunica
1608 4948 1813 5025 autem,
1846 4954 1971 5010 quae
2287 4952 2340 4995 et
2365 4942 2684 5025 discipulum
2714 4946 3035 5011 adstantem,
3069 4962 3226 5018 quem
3254 4944 3537 5025 diligebat.

372 5028 490 5073 erat
518 5011 859 5071 contexta'de
888 5015 1153 5084 superiori
1184 5030 1275 5085 per
1309 5022 1504 5078 totum,
1554 5026 1657 5065 non
1692 5020 1808 5065 erat
1837 5026 1971 5065 con-
2153 5011 2245 5085 29.
2291 5011 2524 5081 perticae
2547 5016 3041 5084 circumpouentcs.

372 5089 636 5168 “91k.”
824 5166 830 5168 _
1061 5156 1074 5168 I
1476 5154 1558 5168 An
1619 5153 1640 5168 Δ.
1689 5161 1701 5168 Δ
1759 5166 1762 5168 Δ
1830 5150 1887 5168 μ
2153 5083 2242 5136 51.
2297 5086 2550 5168 quoniam
2596 5083 2886 5168 parasceve
2939 5102 3164 5147 eoenam
3209 5108 3553 5168 paraverunt,
3599 5118 3668 5158 ne

444 5160 535 5213 24.
578 5158 837 5233 Dixerunt
858 5171 987 5233 ergo
1010 5156 1077 5210 ad
1099 5155 1403 5210 alterum...
1436 5164 1493 5209 ut
1526 5153 1804 5224 Scriptura
1830 5150 1850 5185 ⁸
1876 5153 1973 5209 im-
2080 5150 2451 5233 remanerent,
2482 5150 2731 5212 etcferat
2769 5156 2912 5213 enim
2960 5176 3184 5233 magnus
3210 5150 3671 5229 'diesilli—us-‘sa'li:

374 5232 623 5303 pleatur:
656 5228 696 5297 -ι-
729 5224 1091 5295 ἱιδτῑίιίίειιιιι,
1125 5234 1229 5282 etc.
2080 5224 2255 5277 bathi.

1604 5318 2006 5376 VARIANTES
2045 5316 2460 5373 LECTIONES.

441 5421 457 5450 ³
499 5420 613 5467 Mm.
640 5420 694 5465 et
716 5427 866 5475 super
892 5420 1099 5463 vestem.
1133 5410 1279 5473 Vulg.
1309 5417 1363 5462 et
1381 5415 1428 5460 iu
1450 5418 1661 5463 vestem.
1752 5470 1761 5475 _
1836 5473 1872 5475 ῃ
2078 5406 2224 5475 dixit.

441 5483 462 5511 ³
498 5481 601 5529 Gal.
620 5478 751 5528 Ecce
770 5468 925 5526 Mater
948 5489 1077 5525 mea.
1105 5468 1298 5525 Receitl.
1323 5487 1487 5536 manu,
1532 5481 1633 5525 tua.
1665 5470 1811 5540 Vulg.
1836 5473 1970 5524 Ecce
2143 5470 2165 5541 ξ
2332 5468 2656 5541 et_tellere_n_t.
2685 5472 2832 5541 Vulg.
2856 5482 2910 5530 et
2933 5478 3244 5533 tollerentur.

376 5543 537 5594 Mater
560 5550 658 5590 tua.
1474 5533 1481 5536 ’
1765 5533 1784 5540 ⁷
2143 5533 2165 5563 ⁸
2199 5535 2258 5582 Et
2278 5533 2347 5583 ila
2370 5533 2476 5585 Gal.
2502 5541 2545 5585 et
2571 5539 2689 5587 Mm.

442 5605 464 5635 ³
500 5606 617 5653 Mm.
643 5605 757 5665 quia
786 5599 889 5661 jam
920 5599 1182 5650 omnia.....
1202 5598 1338 5649 dicit.
1375 5597 1519 5663 Vulg.
1557 5600 1671 5662 quia
1703 5600 1973 5649 omnia.....

1732 5681 2105 5739 BLANGHINI
2134 5681 2361 5739 nor/rs.
3274 5758 3283 5767 ο

454 5778 535 5852 (a)
556 5777 635 5835 Ita
659 5786 710 5834 et
736 5784 847 5834 tax.
870 5775 964 5834 Gr.
990 5782 1397 5853 παρσστῶτα.--
1425 5776 1501 5849 (b)
1540 5775 1618 5831 lui
1649 5774 1739 5832 hic
1760 5775 2017 5848 antiquus
2060 5776 2331 5845 interpres
2359 5775 2536 5831 reddit
2567 5776 2850 5835 articulum
2904 5785 3308 5855 praepositivum
3350 5794 3685 5857 Graecorum.
