4042 6192
266 265 379 323 495

266 481 376 527 1111⁵.

263 544 355 601 Ἃ.
400 545 647 601 Thomas
671 562 807 604 unus

264 616 332 672 de
358 633 455 673 xu.
491 618 585 688 qui
612 619 741 675 dici-

268 698 351 744 tur
376 688 683 761 Dydymus,

268 776 374 815 IlOll
404 772 504 814 Illll
532 776 658 817 cum

272 832 397 895 illis,
426 832 647 903 quando

270 905 359 959 ‘25.
397 905 543 960 venit
566 903 748 961 Jesus.
780 905 871 962 Di-

277 976 463 1031 cebant
490 990 622 1047 ergo

280 1048 351 1103 illi
376 1056 428 1101 et
448 1047 537 1102 alii
566 1048 678 1102 dis-

284 1119 429 1187 cipuli
462 1137 475 1171 :
509 1117 754 1174 Vidimus

289 1190 576 1245 Dominum.

287 1262 359 1316 Ad
387 1262 471 1317 ille
500 1260 636 1316 dixit
662 1278 723 1317 a-

286 1334 314 1387 d
343 1348 427 1387 eos
453 1352 469 1389 :
494 1332 608 1387 Nisi
639 1334 720 1388 vi-

289 1406 405 1459 dero
428 1405 479 1458 in
510 1404 680 1459 mani-

290 1476 376 1531 bus
402 1475 513 1547 ejus
536 1491 662 1531 ves-

291 1548 453 1617 tigium
482 1548 665 1602 clavo-

292 1635 414 1683 rum,
440 1629 489 1675 et
515 1617 682 1675 mise—

294 1706 346 1744 ro
367 1691 577 1759 digitum

292 1777 444 1816 meum
471 1762 521 1816 in
550 1762 729 1819 locum

294 1834 557 1899 clavorum,
586 1842 644 1889 et

296 1908 468 1961 misero
492 1921 599 1959 ma-

292 1992 377 2032 nus
402 1978 448 2031 in
478 1978 613 2031 latus

293 2051 407 2118 ejus,
432 2066 532 2102 non
562 2063 686 2103 sum

293 2120 585 2175 crediturus.

292 2190 367 2247 26.
403 2191 522 2246 Post
546 2192 667 2247 dies
687 2199 812 2248 octo
832 2192 933 2248 ite-

291 2278 389 2317 rum
418 2264 556 2319 venit
588 2280 602 2317 :
637 2263 713 2317 si-

292 2335 381 2389 mul
406 2335 541 2389 intus
567 2344 728 2391 erant

292 2405 531 2477 discipuli,
560 2416 617 2462 et

291 2477 501 2533 Thomas
526 2493 653 2532 cum

295 2548 402 2604 illis.
436 2550 584 2606 Venit
604 2549 766 2605 .lesus

293 2623 439 2676 Osteis
458 2622 646 2687 clusis,

292 2701 336 2745 et
360 2692 495 2749 stetit
524 2694 577 2748 in
611 2707 726 2747 me-

291 2763 385 2827 dio,
413 2773 464 2820 et
490 2764 667 2819 dixit:
698 2765 715 2796 ¹
740 2763 851 2820 Pax

292 2836 563 2890 Vobiscum.

291 2906 367 2960 27.
395 2910 413 2939 ⁸
442 2907 646 2963 Deinde
677 2906 754 2962 ait
780 2907 847 2963 ad

292 2977 511 3033 Thoman
543 2998 554 3031 :
586 2980 786 3035 Osten-

293 3048 351 3103 de
374 3050 466 3106 hoc
488 3051 717 3119 digitum

296 3129 445 3182 tuttm.
471 3133 525 3179 et
544 3120 672 3177 vide

297 3208 463 3249 manus
486 3208 657 3257 meas,

1262 267 1707 328 EVANGELIUM
1750 266 2124 328 SECUNDUM
2162 269 2550 327 JOHANNEM.
3466 280 3570 340 691

653 380 882 440 CODEX
917 381 1459 443 VERCELLENSIS.

1100 479 1193 533 29.
1238 480 1378 534 Deus
1410 496 1581 535 meus.
1606 481 1693 535 Ait

1102 550 1179 606 illi
1206 551 1365 605 .lcsus
1397 571 1409 605 :
1442 553 1647 619 Quoni-

1101 638 1188 676 am
1212 623 1233 654 ³
1261 624 1462 683 νιόίδιὶ.
1495 638 1615 679 cre-

1101 694 1288 749 didisti
1320 711 1331 746 :
1364 695 1506 751 beati

1100 766 1189 836 qui
1220 782 1325 820 non
1359 767 1509 823 vide-

1101 850 1247 903 runt,
1279 846 1335 893 et
1363 839 1511 895 credi
1526 868 1541 881 -

1100 909 1319 964 derunt.

1100 980 1189 1036 30.
1230 980 1393 1035 Multa
1420 982 1665 1052 quidem,

1099 1062 1153 1123 et
1180 1052 1284 1106 alia
1314 1054 1469 1123 signa

1100 1122 1228 1179 fecit
1254 1122 1413 1179 usus
1437 1139 1620 1181 coram

1100 1194 1384 1264 discipulis
1414 1211 1509 1251 su-

1101 1266 1169 1330 is,
1198 1282 1338 1335 quae
1367 1284 1473 1322 non

1099 1352 1175 1392 εει
1190 1337 1299 1407 ipta
1335 1348 1461 1393 sunt

1101 1408 1153 1462 in
1187 1409 1288 1463 ltoe
1319 1410 1476 1464 libro.

1098 1479 1191 1535 31.
1234 1480 1379 1535 Haec
1407 1491 1589 1537 autem

1098 1553 1299 1620 scripta
1331 1562 1477 1621 sunt,

1099 1632 1158 1677 ut
1185 1625 1442 1689 credatis,

1103 1694 1119 1724 ’⁵
1145 1696 1401 1765 quoniam

1098 1777 1180 1820 est
1205 1767 1454 1822 Christus
1477 1766 1644 1822 Filius

1097 1838 1192 1893 Dei
1220 1854 1235 1903 ;
1270 1848 1323 1892 et
1353 1848 1411 1892 ut
1439 1839 1671 1893 creden-

1099 1917 1181 1963 tes
1201 1951 1215 1968 .
1244 1910 1409 1965 vitam
1444 1909 1541 1965 ha-

1099 1980 1271 2035 beatis
1300 1982 1350 2034 in
1381 1997 1480 2037 uo-

1098 2052 1247 2108 mine
1274 2052 1415 2123 cjus.

1267 2216 1501 2274 CAPUT
1540 2218 1686 2275 XXI.

1168 2405 1219 2461 1.
1264 2404 1393 2461 Post
1420 2404 1556 2462 haec
1584 2414 1768 2463 osten-

1098 2474 1178 2533 dit
1208 2492 1267 2531 se
1292 2478 1486 2532 iterum

1096 2547 1257 2603 Jesus
1286 2548 1567 2617 discipulis

1099 2619 1176 2744 ac)
1199 2620 1311 2673 suis
1339 2618 1379 2689 -ι-
1410 2621 1475 2671 ad
1508 2632 1660 2673 mare

1143 2730 1155 2742 .
1199 2688 1503 2744 Tiberiadis
1532 2705 1548 2743 :
1580 2699 1636 2744 et

1143 2730 1155 2742 .
1199 2688 1503 2745 Tiberiadis
1532 2705 1548 2743 :
1580 2699 1636 2745 et

1100 2760 1263 2817 simul
1290 2770 1447 2815 erant
1554 2814 1555 2817 η

1102 2832 1289 2887 Simon
1315 2832 1510 2887 Petrus
1524 2872 1539 2897 ,

1100 2912 1156 2958 et
1181 2903 1415 2957 Thomas
1442 2945 1456 2967 ,
1487 2904 1577 2974 qui

1101 2974 1299 3030 dicitur
1331 2976 1494 3047 Didy-

1100 3062 1222 3101 mus
1245 3086 1261 3113 ,
1292 3058 1345 3101 et
1371 3046 1533 3101 Nata-

1103 3118 1223 3172 nael
1258 3120 1277 3149 ⁸
1307 3135 1337 3171 a
1367 3116 1512 3174 Cana

1102 3187 1346 3245 Galileae
1369 3231 1381 3249 .
1415 3202 1468 3245 et
1497 3189 1559 3244 ﬁ—

2397 388 2630 447 CODEX
2670 388 3125 448 VERONENSIS.

1970 483 2059 537 24.
2103 482 2345 538 Thomas
2372 492 2551 540 autem
2805 485 2897 539 29.
2946 486 3077 539 Dici!
3110 488 3158 541 ei
3188 489 3345 545 Jesus
3376 508 3389 546 :

1972 570 2109 609 unus
2140 572 2205 609 cx
2234 571 2334 609 xu.
2806 557 2940 623 Quia
2975 558 3151 612 vidisti
3184 577 3270 615 me
3292 605 3305 625 ,

1969 628 2059 695 qui
2094 627 2229 681 dici-
2807 629 3088 683 credidisti
3124 652 3137 685 :
3174 632 3315 687 heati

1971 707 2056 751 tur
2087 699 2342 766 Didymus
2372 740 2385 763 ,
2806 700 2895 770 qui
2926 715 3031 754 non
3064 700 3216 757 vide-

1971 784 2078 823 non
2112 780 2228 824 erat
2256 784 2379 823 cum
2806 781 2929 826 runt
2953 813 2966 835 ,
3000 781 3056 826 et
3085 789 3203 828 cre-

1970 842 2050 895 eis
2073 886 2086 905 ,
2119 842 2336 908 quando
2806 844 3081 898 diderunt.

1969 912 2329 988 regnitlesus.
2756 968 2761 975 ,
2808 914 2897 971 50.
2942 914 3102 988 Multa
3135 917 3389 988 quidem,

1968 983 2062 1059 25.
2106 984 2373 1059 Dixerunt
2401 998 2532 1055 ergo
2809 995 2864 1059 et
2889 986 2993 1059 alia
3024 983 3176 1059 signa

1968 1053 2019 1107 ei
2045 1057 2211 1109 ceteri
2242 1055 2403 1109 disci-
2469 1053 2486 1055 ⁷
2808 1056 2938 1111 fecit
2964 1053 3123 1114 Jesus
3150 1061 3200 1114 in

1970 1127 2080 1200 puli
2109 1145 2121 1200 ς
2154 1126 2404 1200 Vidimus
2809 1143 3106 1200 conspectu
3137 1132 3303 1188 disci-

1970 1197 2281 1251 Dominum.
2318 1199 2415 1254 Ille
2810 1197 3059 1269 pulorum
3089 1220 3309 1259 suorum
3338 1248 3348 1267 ,

1967 1279 2145 1340 autem
2176 1269 2313 1323 dixit
2341 1272 2419 1324 eis
2455 1288 2464 1320 :
2809 1287 2949 1340 quae
2983 1290 3091 1327 non
3120 1286 3245 1329 sunt

2809 1343 3009 1411 scripta
3035 1345 3086 1398 in
3122 1347 3260 1401 libro

2810 1415 2898 1469 51.
2944 1414 3065 1470 hoc.
3104 1418 3246 1474 llaec
3270 1434 3368 1476 au-

2812 1495 2917 1540 tem
2951 1490 3153 1557 scripta

1967 1337 2079 1393 Nisi
2116 1340 2302 1395 videro
2331 1340 2384 1393 in

1968 1412 2221 1466 manibus
2255 1411 2372 1479 ejus

1968 1481 2196 1550 ﬁguram
2228 1484 2408 1537 clavo-

1966 1569 2084 1607 rum
2106 1596 2120 1618 ,
2155 1564 2210 1608 et
2244 1555 2452 1609 mittam
2810 1566 2967 1623 sunt,
3000 1555 3204 1617 ut'cre-

1966 1624 2192 1699 digitnm
2227 1641 2407 1699 meum
2809 1628 2951 1681 datis
2973 1672 2987 1695 ,
3017 1633 3143 1699 quia

1968 1695 2021 1749 in
2056 1698 2231 1751 locum
2264 1697 2377 1751 cla-
2810 1702 2890 1768 (α)
2926 1695 3083 1757 Jesus
3110 1706 3361 1763 Christus

2809 1783 2893 1826 est
2921 1772 3209 1848 Filitterei
3240 1777 3312 1848 1-;

2811 1850 2867 1897 et
2899 1856 2955 1897 ut
2984 1847 3215 1901 creden-

2814 1923 2917 1980 tes,
2953 1920 3115 1991 tfitam
3144 1920 3219 1991 (ὁ)
3247 1928 3422 1978 aeter-

2814 2000 2935 2059 nam
2960 1988 2999 2059 -ξ-
3028 1988 3271 2047 habeatis

2814 2058 2867 2111 in
2894 2058 3115 2116 nomine
3140 2062 3279 2131 ejus.

2990 2173 3218 2231 CAPUT
3259 2175 3404 2232 XXI.

2892 2268 2939 2321 l.
2982 2266 3176 2322 Postea
3209 2269 3382 2325 mani-

2817 2340 3031 2393 festavit
3062 2354 3121 2393 se
3147 2344 3245 2395 ite-

2815 2426 2932 2462 rum
2967 2409 3125 2463 Iesus
3150 2411 3237 2464 di-

2812 2482 3037 2552 scipulis
3060 2479 3135 2549 (c)
3168 2480 3281 2535 suis
3308 2482 3349 2552 -ί-

2836 2549 2891 2621 d)
2922 2566 3087 2618 super
3113 2566 3260 2608 mare
3286 2549 3328 2621 f

2859 2623 3133 2677 iheriadis.

2810 2692 3180 2748 Manifestavit

2810 2776 2989 2819 autem
3023 2766 3103 2819 sic
3132 2781 3145 2817 :

2810 2836 2865 2889 ἓ.
2913 2837 3077 2891 Erant
3101 2837 3259 2893 simul

2811 2908 2999 2963 Simon
3025 2908 3217 2964 Petrus
3236 2952 3249 2974 ,

2812 2990 2866 3033 et
2895 2979 3133 3033 Thomas
3154 3022 3167 3039 .
3201 2982 3293 3050 qui

2813 3050 3013 3105 dicitur
3044 3052 3305 3122 Didymus
3324 3096 3338 3117 ,

2814 3133 2869 3177 et
2897 3122 3157 3195 Natanael
3182 3164 3197 3191 ,
3230 3126 3320 3195 qui

2815 3202 2938 3247 erat
2962 3210 2989 3246 a
3018 3194 3162 3249 Cana

1970 1782 2162 1822 vorum
2186 1811 2200 1834 ,
2232 1779 2285 1823 et
2312 1770 2436 1823 mit—

1970 1847 2077 1892 tam
2110 1856 2328 1893 manum

1968 1925 2145 1965 meam
2178 1912 2230 1965 iu
2266 1912 2404 1967 latus

1971 1981 2090 2051 ejus
2110 2023 2125 2049 ,
2160 1998 2268 2038 non

1971 2054 2215 2107 credam.

1968 2123 2059 2177 26.
2107 2125 2232 2179 Post
2256 2124 2373 2181 dies
2402 2132 2526 2181 octo

1973 2196 2172 2251 iterum
2202 2205 2359 2250 erant

1970 2266 2223 2336 discipuli
2259 2270 2435 2329 intus.

1972 2349 2026 2393 et
2054 2338 2292 2392 Thomas
2321 2355 2443 2394 cum

1972 2409 2073 2463 eis.
2114 2410 2265 2463 Venit
2295 2411 2455 2465 .lesus

1966 2479 2149 2547 januis
2178 2482 2342 2533 clusis
2364 2522 2378 2545 ,

1969 2560 2025 2605 et
2055 2552 2201 2605 stetit
2234 2551 2286 2604 iu
2311 2565 2426 2605 me-

1968 2620 2080 2685 dio,
2113 2631 2169 2675 et
2196 2622 2380 2675 dixit:

1972 2691 2081 2745 Pax
2116 2693 2292 2745 vobis.

1970 2763 2061 2816 ‘27.
2105 2762 2311 2817 Deinde
2341 2764 2475 2819 dicit

1969 2834 2211 2890 Thomae
2244 2853 2256 2887 :
2288 2835 2430 2891 infer

1969 2906 2197 2976 digitum
2231 2919 2379 2962 tuum

1971 2976 2108 3041 huc,
2140 2991 2193 3033 et
2221 2980 2344 3033 vide

1971 3064 2164 3103 manus
2192 3066 2341 3105 meas
2363 3092 2378 3114 ,

1971 3130 2025 3175 et
2056 3121 2206 3176 mitte
2242 3136 2459 3177 manum

1973 3192 2025 3245 in
2056 3194 2195 3246 latus
2225 3209 2407 3248 meum
2438 3212 2450 3246 :

1103 3261 1137 3314 li
1168 3260 1536 3325 Zaehacdaei,
1973 3272 2029 3317 et
2058 3266 2166 3317 noli
2200 3281 2323 3319 esse

1104 3342 1159 3387 et
1184 3334 1273 3386 alii
1304 3349 1367 3386 ex
1397 3333 1561 3388 disci-
1973 3334 2285 3390 incredulus
2305 3376 2320 3401 ,
2350 3336 2445 3392 sed

1106 3404 1247 3470 pulis
1277 3403 1397 3473 ejus
1424 3405 1551 3457 duo.
1974 3404 2169 3461 ﬁdelis.

1102 3476 1157 3529 ’5.
1202 3475 1339 3547 Dicit
1371 3476 1493 3529 illos
1519 3475 1604 3531 Si-
1973 3476 2064 3531 28.
2110 3476 2584 3547 Respondit‘Tho-

1104 3562 1229 3601 mou
1258 3545 1450 3599 Petrus
1484 3564 1495 3597 :
1973 3563 2090 3602 mas
2118 3589 2131 3607 .
2162 3545 2369 3602 ct'dicit

1104 3617 1257 3673 Vado
1298 3616 1514 3685 piscari.
1974 3620 2024 3674 ei
2062 3618 2367 3674 :Dominus

1106 3689 1300 3743 Dicunt
1326 3688 1401 3743 illi
1430 3706 1444 3741 :
1476 3686 1583 3743 Ve-
1974 3706 2127 3743 mens
2148 3730 2164 3757 ,
2196 3702 2251 3745 et
2278 3689 2422 3745 Deus

1106 3762 1286 3815 nimus
1312 3759 1474 3815 simul
1973 3776 2149 3816 meus.

1599 3880 1826 3938 CODEX
1869 3880 2157 3938 BRIXIAN
2166 3882 2271 3940 US.

299 3986 389 4035 tur.
427 3980 661 4036 Thomas
697 3988 876 4035 autem
934 3992 1072 4033 unus
1113 3992 1178 4033 ex
1228 3976 1534 4032 duodecim.
1612 3978 1700 4046 qui
1740 3978 1875 4033 dici-
1976 3994 2129 4033 mens
2167 3990 2220 4031 et
2252 3978 2394 4034 Deus
2435 3993 2606 4033 mens.
2653 3978 2793 4033 Dicit
2818 3977 2869 4033 ei
2902 3977 3080 4033 Iesus.
3114 3978 3247 4045 Quia
3284 3980 3464 4036 vidisti
3495 3998 3585 4037 tuo

299 4060 372 4121 tur
430 4053 728 4121 Didymus,
779 4067 884 4105 non
950 4058 1233 4105 eratcum
1287 4049 1385 4121 eis.
1455 4050 1669 4121 quando
1714 4052 1873 4121 rvenit
1975 4050 2275 4105 credidisti.
2328 4051 2469 4105 beati
2522 4052 2611 4121 qui
2664 4067 2770 4105 non
2816 4051 3064 4104 viderunt
3108 4060 3163 4106 et
3210 4053 3579 4107 crediderunt.

294 4120 451 4178 Iesus.
522 4119 785 4179 Dixerunt
841 4137 970 4191 ergo
1036 4122 1084 4175 ei
1143 4122 1232 4174 alti
1300 4119 1571 4189 discipuli.
1628 4120 1871 4175 Vidimus
1974 4122 2135 4175 Multa
2169 4123 2410 4191 quidem.
2444 4132 2496 4175 ct
2526 4119 2629 4175 alia
2659 4124 2808 4191 signa
2845 4121 3169 4177 fecitJe~us.
3207 4124 3258 4177 in
3292 4135 3585 4189 conspcctu

299 4193 582 4251 Dominum.
655 4196 746 4249 Ille
803 4206 981 4247 autem
1048 4192 1185 4246 dixit
1228 4193 1326 4246 eis.
1384 4192 1495 4247 Ni~i
1549 4192 1754 4245 videro.
1815 4193 1866 4246 in
1974 4193 2387 4262 discipulorum.
2438 4210 2576 4263 quae
2632 4210 2737 4247 non
2779 4201 2907 4247 sunt
2955 4194 3150 4246 Scrihta
3190 4196 3242 4261 in
3281 4195 3380 4249 hoc
3423 4196 3580 4251 libro.

295 4268 519 4321 manilius
575 4268 693 4336 ejus
751 4266 949 4320 locum.
1007 4265 1281 4318 clavorum
1312 4274 1368 4319 et
1402 4267 1606 4317 mittam
1640 4264 1867 4333 digitum
1978 4264 2119 4318 Haec
2151 4274 2327 4319 autem
2362 4266 2559 4319 scribta
2594 4274 2737 4320 sunt,
2778 4275 2836 4317 ut
2865 4265 3121 4336 credatis.
3160 4268 3284 4329 quia
3319 4270 3397 4334 (α)
3428 4267 3588 4320 .lcsus

288 4353 449 4391 meum
508 4342 560 4394 iu
607 4335 877 4391 l‘nratniua
931 4337 1227 4390 clavorum.
1286 4347 1339 4389 et
1396 4336 1864 4407 ittilialttrutanttm
1972 4337 2221 4391 Christus
2250 4350 2352 4391 ρει.
2396 4336 2563 4389 Filius
2599 4338 2757 4406 Dei-1'
2796 4349 2847 4390 et
2882 4346 2948 4407 ut
2967 4335 3291 4407 credentis:
3309 4338 3469 4390 Vitam
3509 4338 3583 4407 (ὁ)

287 4425 449 4464 meum
495 4412 545 4464 in
577 4411 716 4463 latus
746 4409 882 4478 ejus.
918 4424 1025 4462 non
1060 4409 1300 4487 credam.
1432 4418 1549 4475 post
1580 4406 1694 4460 dies
1720 4416 1864 4461 octo.
1975 4420 2251 4487 aeternam
2384 4408 2646 4487 habeatis.
2701 4405 2751 4487 iu
2807 4405 3026 4487 nomine
3062 4409 3213 4487 .cjtts.
3262 4406 3395 4487 [Post
3438 4405 3587 4487 haec

282 4480 464 4536 iterum
494 4493 647 4536 erant
672 4476 920 4548 discipuli
950 4479 1253 4544 ejusiutus,
1281 4477 1593 4532 etThnmas
1615 4495 1736 4532 cum
1765 4482 1864 4532 eis.
1978 4476 2345 4533 manili-sumit
2384 4494 2443 4532 se
2490 4480 2682 4531 itcrnm
2722 4478 2901 4531 Je~us.
2943 4477 3224 4543 discipulis
3255 4476 3327 4548 (c)
3370 4481 3480 4533 μιιίε
3522 4479 3582 4549 -ικ

280 4552 430 4608 Venit
461 4553 641 4618 itaque
672 4551 848 4606 Iesus.
877 4552 1053 4617 ianuis
1079 4550 1297 4603 clausis.
1332 4558 1386 4603 et
1411 4553 1557 4605 stetit
1583 4552 1633 4603 in
1668 4549 1868 4603 medio.
1977 4550 2042 4603 ad
2070 4567 2217 4604 mare
2240 4550 2563 4602 'l‘ihcriadis.
2590 4549 2952 4602 Manifestavit
2981 4556 3159 4601 autem
3185 4566 3265 4602 se.
3292 4551 3389 4604 sic.
3423 4552 3588 4604 Erant

1978 4622 2162 4675 simul.
2188 4622 2373 4673 Simon
2396 4620 2605 4673 Petrus.
2627 4631 2673 4674 el
2697 4620 2955 4673 Thomas.
2978 4619 3067 4683 qui
3086 4620 3283 4673 dicitur
3302 4622 3584 4689 Didymus.

1981 4702 2033 4745 et
2083 4692 2401 4745 Nathanael.
2448 4693 2536 4758 qni
2583 4702 2719 4745 erat.
2772 4707 2801 4746 a
2846 4689 3027 4745 Canan
3072 4690 3335 4746 Galilcae.
3381 4704 3433 4745 et
3493 4690 3587 4745 ﬁlii

269 4779 443 4823 luam.
472 4779 523 4821 et
546 4766 696 4821 mitte
730 4768 780 4820 in
810 4766 950 4819 latus
973 4780 1170 4817 meum.
1198 4775 1249 4817 et
1277 4764 1383 4816 noli
1417 4764 1875 4817 e~seincredu|us
1983 4761 2238 4816 Znhedei.
2288 4772 2342 4815 et
2392 4762 2480 4814 alii
2534 4762 2642 4817 duo
2691 4780 2755 4818 ex
2803 4763 3084 4829 discipulis
3133 4763 3269 4830 ejus.
3320 4763 3455 4816 Dicit
3505 4762 3586 4817 eis

267 4840 365 4897 sed
396 4840 592 4895 ﬁdelis.
634 4837 933 4908 Respondit
975 4834 1215 4891 Thomas
1255 4843 1309 4890 et.
1345 4834 1476 4891 dicit
1503 4837 1571 4890 ei.
1618 4835 1877 4888 Dominus
1980 4834 2167 4889 Simon
2194 4834 2420 4906 Petrus.
2458 4833 2610 4889 Vado
2651 4836 2865 4906 piscari.
2898 4835 3092 4890 Dicunt
3132 4833 3201 4887 ei.
3232 4832 3488 4889 Venimus
3534 4847 3589 4888 et

1557 4946 1792 5007 CODEX
1830 4949 2303 5007 CORBEIENSIS.

345 5050 499 5108 Deest
529 5051 713 5123 folium
735 5068 766 5105 a
784 5064 929 5107 vers.
958 5047 1031 5106 εδ
1053 5047 1263 5103 excluso
1289 5043 1487 5117 Capitis
1512 5059 1581 5098 xx
1604 5059 1761 5114 usque
1786 5041 1853 5096 ad
1877 5057 2020 5099 vers.
2057 5044 2090 5097 8
2122 5042 2322 5114 Capitis
2352 5059 2462 5099 xxr.

1532 5157 1926 5237 VARIANTES
1956 5157 2356 5214 LECTIONES.

340 5263 355 5293 ι
393 5257 1228 5325 Μω.Ρακγνοιχίμεσιιω.νιιις.Ρθχ
1252 5256 1406 5325 conis.
1514 5319 1556 5325 __
1597 5313 1609 5325 .
1702 5316 1768 5325 __
1823 5314 1835 5325 _
1974 5252 2222 5325 viderunt.
2367 5312 2399 5325 ,γ
2764 5319 2773 5325 Δ
2830 5322 2840 5325 Δ
2922 5311 2935 5325 1
3012 5320 3021 5325 Δ
3189 5314 3199 5325 ,

338 5326 358 5355 ⁸
394 5309 949 5386 ἆαιζᾶεἷήόθίτὶιοωεθ
975 5337 988 5369 :
1018 5309 1217 5385 porrige
1254 5319 1481 5383 digitum.
1514 5313 1660 5381 Vulg.
1687 5314 1871 5365 deinde
1976 5376 1988 5386 _
2039 5314 2061 5386 ξ
2095 5315 2202 5386 Gut.
2230 5312 2460 5386 quoniam
2484 5309 2711 5386 Iesus...
2726 5319 2781 5362 ut
2820 5311 3129 5386 crede_ntes,_
3156 5314 3305 5386 vitam
3349 5316 3586 5386 aeternam

264 5372 1094 5449 dicitThomae.inferdigituni._
1238 5445 1252 5449 _
1308 5372 1370 5449 ν,
1474 5444 1483 5449 _
1611 5372 1633 5381 ’
1765 5441 1808 5449 η
1973 5376 2204 5449 lieheatis
2248 5372 2316 5424 in.
2370 5372 2510 5439 Vulg.
2551 5376 2663 5437 quia
2685 5374 2895 5426 Jesus...
2937 5384 2990 5426 ut
3011 5372 3299 5438 credentes,
3329 5375 3475 5424 vitam
3500 5374 3589 5423 ha-

263 5477 269 5491 ι
340 5450 361 5480 ³
397 5452 502 5499 Gal.
533 5450 690 5498 tldisti
716 5460 813 5504 me,
855 5440 907 5496 ei
929 5445 1178 5496 credidisti
1205 5445 1372 5494 :beati
1404 5444 1485 5506 qui
1509 5456 1587 5491 me
1611 5455 1707 5491 non
1731 5441 1871 5490 vide-
1973 5440 2212 5506 beatisin.

266 5518 409 5563 runt.
445 5508 591 5577 Vulg.
610 5510 775 5562 vidisti
803 5499 890 5559 me
914 5507 1124 5571 Thema,
1151 5499 1439 5557 credidisti}
1468 5507 1601 5555 beati
1645 5506 1728 5564 qui
1775 5517 1871 5552 non
2039 5503 2059 5533 ⁵
2098 5502 2209 5552 Gal.
2238 5514 2263 5550 a
2288 5500 2540 5552 Channan.
2572 5499 2719 5567 Vulg.
2737 5500 2929 5553 aCana.

1618 5608 1985 5668 BLANClllNl
2024 5608 2255 5666 NOTAE.

349 5734 431 5807 (a)
459 5736 539 5810 ita
565 5744 622 5792 et
644 5736 769 5793 cod.
794 5734 951 5810 Cant.
986 5733 1556 5810 ’tnaoﬁg_Xptar¢3;_oi6;
1574 5732 1839 5810 ἐστιέδεοξ
1853 5736 2015 5810 9:05;
2029 5759 2101 5769 -υ
2125 5726 2203 5810 (_b)_
2230 5726 2398 5810 Addit
2423 5737 2711 5810 qeternam,
2746 5724 2907 5781 etiam
2936 5722 3057 5780 cod.
3088 5722 3241 5781 Cant.
3277 5727 3494 5781 αἰώνιον.
3522 5751 3588 5765 -—-

280 5798 365 5883 (cl
391 5798 553 5866 A'ddit
582 5808 849 5877 suis,cod.
903 5822 1118 5880 quoque
1160 5798 1316 5861 (lant.
1375 5802 1757 5873 αὐτοῦ.--(ά)
1797 5802 1932 5857 Tex.
1976 5800 2091 5873 Gr._
2124 5800 2207 5855 ἐπὶ
2247 5809 2339 5860 τῆς
2375 5798 2657 5857 θαλασσης.

298 3274 343 3317 el
364 3265 501 3319 mitte
534 3280 728 3319 manus

298 3343 398 3390 tuas
423 3339 470 3391 in
495 3337 636 3392 latus

299 3422 451 3462 meum
482 3428 494 3461 :
523 3418 580 3464 et
608 3406 719 3462 noli

300 3492 401 3533 esse
422 3480 671 3535 incredu-

300 3548 388 3616 lus,
414 3552 502 3606 sed
532 3550 725 3605 ﬁdelis.

299 3620 374 3676 28.
412 3621 702 3692 Respondit
729 3619 991 3687 Thomas,

299 3702 344 3746 et
366 3692 487 3748 dixit
516 3695 593 3749 illi
628 3712 642 3749 :
678 3692 756 3747 Tu
788 3707 850 3748 es

302 3763 531 3822 Dominus
555 3779 733 3831 meus,
764 3773 823 3821 et

2812 3264 3053 3320 Galilcae
3073 3307 3087 3330 ,
3115 3278 3169 3321 et
3198 3266 3270 3320 ﬁli

2784 3335 3082 3391 'Zehedae-i
3108 3379 3123 3401 ,
3154 3349 3207 3391 et
3238 3337 3332 3392 alii

2812 3406 3065 3474 discipuli
3095 3409 3211 3475 ejus
3240 3410 3370 3462 dtto.

2814 3477 2868 3532 5.
2916 3477 3050 3531 Dicit
3079 3478 3157 3532 eis
3191 3479 3382 3534 Simon

2815 3548 3009 3603 Petrus
3043 3565 3055 3601 :
3091 3547 3242 3603 Vado

2815 3618 3037 3685 piscari.

2817 3691 3008 3744 Dicunt
3042 3690 3091 3744 ei
3128 3708 3139 3743 :
3174 3691 3279 3748 Ve-

2815 3762 2995 3817 nimus
3021 3772 3077 3818 et
3103 3778 3204 3819 nos

272 4634 329 4680 et
357 4627 495 4679 dixit
537 4623 642 4677 Pax
676 4623 847 4677 vobis.
882 4622 1085 4675 Deinde
1115 4621 1243 4675 dicit
1274 4620 1534 4674 Thomae.
1567 4620 1709 4675 lnfer
1738 4624 1874 4689 digi-

273 4707 383 4751 tum
418 4706 569 4751 tuum
606 4696 727 4749 huc.
762 4706 815 4748 et
846 4694 961 4748 ride
994 4709 1182 4745 mauus
1206 4706 1373 4746 meas.
1407 4702 1462 4746 et
1490 4692 1623 4746 aller
1655 4709 1869 4747 mancm
