4042 6192
448 213 555 276 495

846 330 1078 400 CODEX
1116 329 1650 390 VERCELLENSIS.

450 439 506 486 et
536 443 633 483 nos
656 436 859 482 tecum.
1283 425 1336 479 8.
1384 425 1486 478 Alii
1509 422 1761 492 discipuli
1791 422 1842 480 in

453 501 754 564 Exierunt,
789 505 844 551 et
1285 495 1532 550 navicula
1566 511 1657 550 ve-

451 569 821 628 ascenderunt
1286 576 1483 621 nerunt
1505 566 1526 597 δ
1552 584 1564 620 :
1592 566 1611 638 (
1636 581 1743 621 non

453 645 507 700 in
537 641 840 696 naviculam
873 655 886 692 :
1286 639 1429 694 enim
1460 638 1618 708 longe

450 717 541 769 illa
573 721 729 767 nocte
755 709 836 764 ni-
1285 719 1402 765 erat
1428 719 1600 776 terra,
1640 709 1720 766 fe-

449 787 528 841 hil
560 792 841 854 ceperunt.
868 853 872 854 7
1287 797 1346 836 re
1371 782 1566 835 cubitis
1601 782 1681 854 vi-

450 857 504 912 4.
549 853 678 917 Sed,
711 869 832 908 cum
865 853 878 882 ‘
911 868 1027 916 ma-

454 946 522 986 ne
553 929 750 982 factum

450 1009 627 1064 esset,
654 998 810 1052 Jesus
833 996 982 1052 stetit

453 1073 506 1127 in
537 1071 753 1131 littore;
786 1083 893 1121 non

451 1143 594 1199 enim
627 1137 872 1196 sciebant

452 1212 726 1280 discipuli,
757 1209 903 1282 quod

451 1287 506 1341 5.
548 1277 718 1339 Jesus
733 1277 897 1336 esset.
935 1277 1024 1332 Ait
1043 1277 1108 1334 il-

452 1358 517 1411 lis
549 1374 561 1408 :
595 1353 814 1409 Habetis
842 1353 938 1418 ali~

452 1426 580 1498 quid
604 1428 623 1456 ²
651 1424 895 1498 pulmen-

454 1497 565 1554 tum
589 1497 730 1553 vos?

453 1568 872 1638 Responderunt
901 1565 974 1620 illi
1012 1583 1022 1616 ε

456 1644 508 1697 6.
553 1637 688 1695 Non.
724 1637 807 1692 Ad
837 1637 902 1696 il-

454 1713 507 1767 le
537 1712 672 1766 dixit
701 1710 808 1764 illis
841 1726 853 1760 :
886 1708 1007 1766 Mit—

456 1785 551 1838 tite
581 1783 634 1837 in
661 1781 916 1837 deXtram

455 1855 529 1928 (ὁ)
557 1866 764 1928 partem
789 1851 879 1928 τ’
905 1849 1054 1906 navi-

453 1923 526 1997 gii
547 1923 566 1993 ,⁷
591 1935 645 1997 et
671 1923 912 1980 invenie-

456 1996 545 2054 tis.
585 1996 846 2052 Miserum

453 2069 565 2134 illi,
594 2077 648 2123 et
674 2067 814 2121 trah.
861 2097 905 2121 .-

453 2156 514 2195 re
544 2154 647 2194 non
677 2147 828 2208 pote-

452 2223 575 2266 rant
601 2212 792 2266 retiam

452 2297 583 2353 prae
607 2280 787 2336 multi-

454 2355 696 2411 tudinem
726 2355 834 2422 pis-
975 2413 982 2422 ,

452 2425 506 2479 7.
549 2426 713 2481 cium.
742 2424 880 2480 Dicit
905 2437 992 2478 er,

448 2513 517 2566 go
547 2495 847 2560 discipulus

452 2569 572 2635 ille,
604 2583 761 2638 quem
793 2567 917 2638 dili-

447 2639 606 2710 gebat
622 2637 798 2710 Jesus
817 2677 832 2702 ,
866 2637 969 2692 Pe-

451 2709 537 2764 tro
569 2728 580 2763 :
616 2709 875 2762 Dominus
904 2717 1010 2764 est.

450 2781 520 2835 Et
554 2779 742 2836 Simon
764 2778 867 2834 Pe-

454 2863 568 2906 trus
589 2893 604 2917 ,
639 2850 822 2903 audito

448 2923 572 2994 quia
603 2920 858 2977 Dominus
890 2926 975 2976 est
992 2959 1006 2986 ,

453 2996 689 3049 tunicam
725 3008 784 3048 se
956 3012 962 3019 ·

488 3065 750 3121 raecinxit
772 3106 785 3128 ,

446 3082 605 3209 {erat
633 3136 778 3209 enim

1289 891 1303 904 .
1339 859 1362 905 '.
1407 854 1522 922 nti)
1556 852 1738 909 trahe-

1286 924 1416 979 bant
1444 925 1636 980 retiam

1286 997 1534 1064 piscium.

1286 1067 1338 1120 9.
1383 1065 1452 1121 Ut
1476 1081 1602 1136 ergo
1629 1065 1855 1132 descen-

1285 1139 1481 1193 derunt
1509 1138 1560 1191 in
1591 1147 1696 1192 ter-

1285 1215 1400 1265 ram
1425 1251 1440 1274 ,
1468 1210 1654 1264 vident

1257 1291 1261 1294 '
1287 1281 1552 1338 carbones
1582 1281 1663 1335 in-

1289 1366 1506 1417 censos,
1540 1360 1594 1406 et
1627 1352 1735 1421 pis-

1291 1439 1410 1479 cem
1439 1439 1699 1493 superpo-

1291 1497 1451 1550 situm
1473 1536 1486 1562 ,
1521 1504 1575 1548 et
1601 1511 1696 1570 pa-

1294 1583 1438 1622 nem.

1301 1639 1384 1693 l0.
1427 1637 1565 1691 Dicit
1591 1635 1701 1692 illis
1721 1635 1880 1702 Jesus
1907 1652 1919 1688 :
1951 1632 2059 1692 Ad-

1293 1709 1465 1765 l‘eritis
1492 1707 1562 1763 de
1592 1708 1699 1778 pis-

1293 1781 1466 1843 cibus,
1496 1795 1630 1849 quos
1657 1793 1750 1834 ce-

1294 1853 1383 1906 11.
1427 1851 1602 1919 pistis.
1629 1849 1838 1908 Ascen-

1291 1923 1371 1978 dit
1397 1923 1580 1978 Simon
1616 1921 1715 1976 Pe-

1291 2004 1409 2049 trus
1432 2036 1448 2061 ,
1481 2002 1536 2048 et
1565 1995 1733 2049 traxit

1290 2066 1482 2122 retiam
1505 2064 1572 2119 ad
1597 2074 1705 2121 ter-

1290 2152 1406 2192 ram
1434 2137 1648 2207 plenam

1290 2208 1500 2279 magnis
1529 2208 1693 2279 pisci-

1289 2277 1402 2335 bus'
1418 2295 1567 2334 CLIII.
1600 2277 1670 2334 Et

1289 2367 1412 2406 cum
1440 2352 1459 2381 ⁵
1485 2352 1615 2405 tanti
1646 2364 1736 2406 es-

1291 2432 1412 2478 sent
1431 2464 1447 2488 ,
1481 2437 1587 2476 non
1616 2431 1702 2477 est

1289 2495 1458 2549 scissa
1487 2493 1646 2548 retia.

1291 2565 1378 2620 12.
1422 2565 1511 2619 Ait
1537 2565 1642 2618 illis
1670 2562 1828 2621 Jesus
1861 2582 1872 2617 :
1901 2578 1993 2622 ve-

1289 2637 1401 2691 nite
1420 2678 1434 2699 ,
1469 2635 1704 2704 prande—

1290 2716 1365 2762 te.
1399 2707 1466 2760 Et
1497 2721 1657 2762 nemo

1288 2777 1524 2832 audebat
1549 2793 1617 2832 ex

1289 2847 1569 2917 discipulis
1599 2862 1656 2902 e-

1283 2919 1374 2990 jus
1403 2922 1639 2972 interro-

1287 3005 1416 3057 gare
1439 2990 1588 3044 illum
1624 3006 1635 3042 :

1288 3061 1308 3092 °
1330 3061 1413 3116 Tu
1442 3061 1530 3129 qui
1559 3061 1656 3116 es?
1680 3060 1855 3116 scien-

1288 3143 1402 3201 tesl,
1435 3129 1580 3202 quod
1597 3132 1870 3202 Dominus

1287 3200 1378 3258 l5.
1417 3200 1519 3259 est.
1547 3200 1615 3274 (Γ)
1634 3202 2048 3274 νθηίισμθειιε,

1283 3282 1341 3330 et
1372 3276 1390 3305 ⁷
1420 3276 1652 3344 sumpsit
1679 3290 1772 3346 pa—

488 3145 605 3191 erat
633 3136 778 3190 enim
806 3151 905 3189 nu—

448 3206 592 3291 dus)
623 3216 678 3262 et
707 3206 853 3261 misit

447 3294 508 3335 $8
535 3297 590 3334 ιιι
620 3293 790 3334 mare.

967 204 1241 273 EUSEBII
1281 213 1618 277 VERCELL.
1661 213 2113 276 EVANGELlUM
2153 214 2295 271 CUM
2339 213 2563 283 VARUS
2597 212 2754 276 COD.
2797 209 3188 270 COLLATUM.

2065 2443 2074 2452 -
2163 2435 2271 2474 non
2300 2430 2548 2490 poterant
2573 2435 2664 2478 re.-

3646 195 3756 264 496

2587 329 2822 388 CDDEX
2864 328 3316 389 VERONENIIB.

2989 423 3133 478 misit
3164 437 3225 478 se
3257 422 3308 476 in
3340 433 3512 476 mare.

2987 495 3040 549 8.
3081 493 3262 554 Ceteri
3292 507 3425 548 vero
3449 491 3532 549 di-

2987 567 3177 635 scipuli
3203 563 3420 635 navigio
3472 566 3480 572 ’

2987 647 3252 693 venerunt
3284 654 3299 690 ζ

2987 709 3118 782 (non
3150 709 3292 764 enim
3321 707 3485 778 longe

2990 789 3145 836 erant
3174 795 3205 835 a
3237 789 3461 845 terram,

2989 852 3084 923 Sed
3116 851 3269 923 quasi
3295 848 3378 923 (ά)
3407 865 3439 906 a
3478 849 3521 920 1'
3545 864 3649 921 su-

2991 922 3116 978 bitis
3139 920 3252 994 cc.)

2991 994 3268 1050 trahentes
3294 994 3486 1050 retiam

2994 1067 3242 1131 piscium.

2989 1137 3046 1208 9.
3093 1137 3161 1194 Ut
3197 1151 3329 1208 ergo
3356 1137 3578 1194 discen-

2992 1207 3191 1264 derunt
3226 1207 3282 1264 in
3315 1218 3537 1272 terram,

2995 1281 3247 1335 viderunt
3274 1280 3470 1335 carbo-

2995 1367 3090 1406 nes
3123 1353 3395 1416 incensos,
3428 1360 3485 1406 et

2997 1422 3202 1494 piscem
3232 1423 3545 1494 impositum
3563 1463 3578 1486 ,

2155 433 2330 479 tecum
2342 465 2354 478 .

2157 496 2224 550 Et
2250 497 2529 562 exierunt,

2155 577 2211 623 et
2241 567 2606 626 ascenderunt

2155 638 2208 692 in
2245 654 2434 693 navem
2469 656 2480 688 :
2511 646 2568 695 et
2596 637 2688 694 illa

2158 719 2316 764 nocte
2346 709 2634 778 prendidc—

2158 789 2282 834 runt
2312 780 2467 835 nihil.

2156 853 2208 908 ἆυ.
2251 853 2408 907 Mane
2437 862 2617 907 autem

2154 924 2233 994 (a)
2259 923 2370 995 jam
2401 923 2442 995 ἰ-
2473 923 2646 992 facto,

2153 997 2304 1050 stetit
2329 993 2358 1049 J
2363 993 2487 1049 esus
2520 997 2571 1052 in

2152 1065 2348 1130 litore;
2379 1081 2482 1122 non
2513 1077 2596 1124 ta-

2156 1152 2279 1192 men
2311 1148 2684 1207 cognoverunt

2156 1207 2403 1278 discipuli
2427 1249 2442 1275 ,
2477 1209 2600 1279 quia

2157 1279 2314 1334 Jesus
2340 1288 2445 1335 est.

2158 1351 2212 1406 5.
2259 1352 2395 1405 Dicit
2421 1365 2552 1420 ergo
2587 1352 2666 1410 eis

2159 1423 2319 1477 Jesus
2354 1441 2368 1476 :
2395 1421 2596 1491 Pueri,

2161 1493 2422 1564 numquid
2457 1493 2700 1565 pulmen-
2999 1493 3053 1549 et
3084 1510 3304 1565 panem.

2164 1563 2360 1620 tarium
2390 1563 2648 1621 habetis?
3005 1563 3099 1622 1οζ
3134 1566 3274 1622 Dicit
3303 1566 3384 1623 eis

2162 1635 2584 1706 Responderunt
3000 1637 3159 1692 Jesus
3193 1655 3206 1690 :

2162 1707 2212 1761 ei
2247 1724 2261 1763 :
2297 1707 2434 1763 Non.
2997 1708 3223 1765 Adferte
3246 1725 3311 1767 ex

2162 1779 2216 1835 6.
2260 1777 2403 1834 Dicit
2431 1779 2512 1836 eis
2547 1795 2560 1832 :
2998 1779 3260 1850 piscibus,

2164 1850 2357 1922 Mittite
2535 1920 2561 1922 ,ν
2582 1921 2586 1922 ν
2997 1866 3134 1921 quos
3177 1851 3546 1922 prendidistis.

3000 1923 3090 1978 Η.
3122 1924 3387 1980 Ascendit

3000 1993 3190 2050 Simon

3001 2066 3218 2134 Petrus,
3245 2076 3302 2122 et
3330 2068 3496 2122 trahit

2955 2142 2957 2144 ’
2999 2151 3170 2194 retem
3202 2138 3421 2208 plenum
3446 2139 3516 2194 ad

3000 2217 3200 2282 terram
3232 2212 3441 2282 magnis
3470 2208 3552 2280 pi-

2997 2281 3180 2336 scibus
3211 2281 3359 2350 cum
3395 2283 3460 2336 Et

2997 2367 3120 2407 cum
3147 2354 3277 2407 tanti
3305 2361 3508 2419 essent,

3000 2440 3105 2478 non
3130 2433 3212 2478 est
3233 2433 3448 2496 ruptum

2999 2502 3132 2549 rete.

3000 2565 3091 2621 12.
3133 2564 3274 2620 Dicit

2997 2636 3078 2691 eis
3106 2636 3264 2692 Jesus
3297 2655 3312 2690 :

2997 2707 3194 2763 Venite
3213 2749 3228 2772 ,
3257 2708 3542 2776 prandete.

2998 2778 3170 2834 Nemo
3197 2781 3270 2850 (ε)
3297 2790 3477 2835 tamen
3499 2779 3542 2850 *ξ’

2997 2851 3324 2907 discentium
3356 2850 3528 2908 aude-

3000 2923 3094 2978 bat
3119 2922 3460 2992 interrogare

2999 3008 3123 3076 eum
3155 3010 3168 3045 :
3200 3004 3254 3048 tu
3287 2995 3409 3075 quis
3437 2993 3531 3050 es?

2999 3075 3262 3130 scientes,
3292 3079 3421 3134 quia

3003 3136 3264 3192 Dominus
3295 3146 3402 3190 est.

2899 3259 2908 3266 ,
3001 3207 3087 3290 t5.
3133 3205 3655 3290 (f)Yetiit-llesus,

2997 3287 3054 3335 et
3083 3287 3294 3350 accepit
3327 3293 3424 3349 pa-

2161 1922 2214 1975 in
2242 1921 2493 1994 dex‘tram
2522 1920 2599 1994 (ὁ)
2627 1936 2752 1992 par-

2163 2002 2271 2048 tem
2303 1993 2345 2064 -ι-
2374 1993 2642 2049 ηδνὶετε-

2161 2073 2270 2119 tem
2289 2106 2302 2128 ,
2336 2073 2392 2119 et
2418 2066 2499 2120 in-

2161 2136 2420 2190 venietis.

2160 2205 2428 2262 Miserunt
2455 2220 2586 2276 ergo
2605 2247 2620 2271 ,
2649 2214 2706 2262 et

2161 2292 2293 2347 prae
2327 2275 2675 2334 multitudine

2161 2349 2390 2420 piscium
2422 2350 2585 2408 etiam

2162 2491 2291 2546 tiam
2325 2491 2562 2550 trahere.

2163 2564 2215 2617 7.
2261 2563 2399 2618 Dicit
2427 2577 2559 2634 ergo
2585 2562 2748 2620 disci-

2160 2635 2320 2704 pulus
2353 2635 2444 2689 ille
2459 2677 2473 2699 ,
2509 2651 2669 2705 quem

2159 2705 2419 2775 diligebat
2447 2706 2605 2766 Jesus
2637 2726 2650 2762 :

2161 2776 2426 2832 Dominus
2455 2787 2560 2834 est.

2157 2847 2347 2920 Simon
2380 2847 2450 2918 (c)
2486 2849 2666 2920 itaque
2693 2849 2733 2920 ’ἴ

2159 2917 2353 2973 Petrus
2374 2959 2387 2980 .

2159 3004 2279 3043 cum
2313 2989 2498 3044 audis-

2158 3070 2270 3144 set,
2301 3061 2426 3144 quia
2461 3061 2722 3122 Dominus

2157 3141 2243 3186 est
2269 3174 2284 3197 ,
2316 3141 2493 3188 tunica
2521 3148 2643 3191 suc-

2157 3202 2331 3276 cinxit
2359 3219 2455 3276 se,
2485 3203 2505 3276 (
2529 3215 2649 3276 erat

2159 3275 2306 3329 enim
2337 3273 2512 3330 nudus
2535 3273 2554 3347 )
2585 3286 2641 3334 et

1779 3394 2010 3458 CODEX
2050 3394 2452 3453 BRIXIANUS.

446 3515 546 3555 nos
577 3507 774 3554 tecum.
805 3495 870 3559 Et
891 3494 1159 3550 exierunt.
1186 3502 1240 3549 et
1265 3490 1629 3547 ascenderunt
1664 3491 1716 3563 in
1747 3507 1964 3563 navem.
1992 3502 2047 3563 et

445 3573 497 3626 in
530 3571 620 3625 illa
650 3579 810 3625 nocte
852 3566 986 3620 nihil
1033 3573 1313 3633 ceperunt.
1358 3563 1512 3618 Mane
1541 3562 1722 3619 autem
1751 3563 1826 3635 (a)
1857 3562 1969 3632 jam
2003 3562 2044 3634 -ι-

441 3643 606 3696 facto.
638 3642 787 3696 stetit
825 3639 982 3696 Jesus
1020 3639 1072 3692 in
1104 3638 1280 3691 litore.
1324 3651 1427 3689 non
1461 3643 1643 3690 tamen
1672 3643 2046 3706 cognoverunt

445 3713 694 3779 discipuli
733 3709 1027 3782 ejus.quia
1070 3708 1240 3782 Jesus
1264 3718 1378 3782 est._
1405 3707 1543 3782 Dicit
1584 3722 1712 3782 ergo
1744 3709 1823 3761 eis
1859 3705 2040 3782 .lesus.

444 3778 608 3838 Pucri
630 3778 889 3849 numquid
918 3778 1340 3846 pulmentarium
1367 3778 1598 3831 habetis.
1626 3778 2046 3849 Responderunt

443 3856 515 3909 ei.
565 3852 703 3907 Non.
743 3847 820 3904 Ad
871 3852 961 3904 ille
1001 3851 1135 3903 dixit
1172 3850 1271 3902 eis.
1324 3849 1513 3902 Mittite
1555 3849 1604 3901 in
1647 3849 1926 3902 dexteram
1966 3847 2042 3917 (b)

445 3933 654 3994 partem
687 3921 728 3992 -ιν
761 3923 910 3976 navis
953 3923 1140 3994 retiam
1177 3928 1231 3974 et
1269 3919 1574 3974 invenietis.
1609 3918 1867 3994 Miserum
1892 3933 2044 3988 ergo.

443 3989 500 4051 et
530 4011 636 4048 non
670 3989 918 4060 poterant
954 3990 1169 4045 trahere
1207 4005 1346 4061 eam.
1385 4005 1512 4058 prae
1557 3989 1904 4061 multitudine
1932 3994 2044 4058 pis-

440 4068 607 4120 cium.
644 4064 781 4118 Dicit
801 4079 928 4130 ergo
955 4060 1387 4126 discipulus'ille.
1414 4076 1572 4130 quem
1599 4060 1857 4129 diligebat
1885 4060 2045 4114 Jesus

368 4145 371 4148 ’
445 4138 607 4192 Petro
643 4135 900 4190 Dominus
920 4143 1019 4188 est.
1044 4132 1233 4187 Simon
1256 4146 1385 4186 vero
1411 4131 1623 4194 Petrus,
1655 4146 1778 4185 cum
1803 4131 2046 4186 audisset

441 4210 564 4278 quia
597 4207 856 4264 Dominus
896 4214 1000 4278 est.
1044 4206 1281 4278 tunicam
1321 4219 1381 4259 se
1417 4202 1704 4278 succiiixit.
1741 4213 1859 4278 erat
1897 4203 2042 4278 enim

444 4273 641 4336 nudus.
691 4286 747 4334 et
788 4277 937 4334 misit.
983 4291 1043 4332 sc
1096 4277 1148 4331 iu
1198 4289 1366 4330 mare.
1416 4274 1519 4329 Alii
1560 4285 1740 4329 autem
1792 4273 2044 4342 discipuli

2158 3491 2695 3570 navigio-venerunt.
2716 3510 2838 3570 _no_n
2870 3495 3015 3552 enim
3045 3497 3206 3570 longe
3236 3507 3391 3554 erant
3414 3514 3445 3552 ι
3477 3507 3640 3554 terra.
3670 3495 3771 3554 sed

2156 3565 2312 3640 quasi
2338 3563 2417 3636 (d)
2440 3579 2480 3640 a_
2501 3565 2538 3636 1·
2559 3566 2758 3640 cubitis
2780 3567 3047 3623 ducentis.
3073 3563 3350 3626 trahentes
3372 3579 3487 3626 rete
3511 3570 3769 3640 piscium.

2158 3633 2229 3690 Ut
2261 3633 2410 3717 .ergo
2449 3633 2853 3717 descenderunt
2908 3641 2959 3694 in
3005 3649 3212 3717 terram
3263 3633 3543 3717 viderunt_
3562 3656 3770 3717 prunas

2156 3708 2380 3782 positas.
2399 3717 2472 3782 et
2499 3708 2699 3782 piscem
2733 3711 3159 3779 superpositum.
3189 3722 3244 3768 et
3273 3727 3489 3782 panem.
3516 3708 3660 3768 Dicit
3685 3714 3772 3767 eis

2155 3775 2336 3857 Jesus.
2367 3777 2691 3857 “Aﬂ'erteﬁde
2735 3775 2972 3848 piscibus
3015 3798 3153 3857 quos
3192 3775 3354 3839 modo
3392 3785 3630 3853 cepistis.
3666 3786 3771 3857 As—

2157 3847 2339 3902 cendit
2365 3850 2550 3924 Simon
2585 3847 2775 3924 Petrus
2806 3864 2857 3908 et
2891 3847 3058 3907 traxit
3085 3856 3275 3910 retiam
3310 3858 3360 3909 in
3389 3847 3610 3910 terram.
3645 3855 3766 3924 ple-

2157 3935 2281 3998 nam
2313 3922 2534 3998 magnis
2571 3922 2829 3991 piscibus.
2879 3937 3096 3981 centum
3130 3926 3516 3998 quinquaginta
3565 3922 3763 3980 tribus.

2155 3989 2225 4044 Et
2254 4006 2373 4044 cum
2406 3989 2538 4046 ίςιιιιί
2572 3989 2778 4049 essent.
2815 4011 2920 4050 non
2953 4004 3038 4052 est
3073 3989 3301 4052 scissum
3336 3989 3470 4054 rete.
3511 3997 3649 4052 Dicit
3686 4013 3768 4052 eis

2153 4060 2332 4142 Jesus.
2370 4062 2590 4142 Venite.
2620 4065 2902 4134 pran’dcte.
2937 4065 3107 4123 Nemo
3145 4069 3217 4142 (ρ)
3260 4079 3440 4126 tamen
3463 4069 3505 4140 1-
3530 4069 3772 4142 audebat

2153 4147 2240 4213 ex.
2264 4132 2550 4213 discipulis
2583 4132 2919 4213 interrogare
2959 4155 3111 4213 eunti.
3138 4132 3218 4196 Τά
3251 4144 3372 4212 quis
3411 4132 3492 4197 es:
3525 4141 3768 4196 scientes

2153 4205 2275 4273 quia
2303 4205 2561 4264 Dominus
2581 4218 2683 4264 est.
2712 4205 2872 4266 Venit
2908 4225 3039 4281 ergo
3085 4205 3283 4270 Jesusﬁ
3313 4222 3370 4270 et
3408 4213 3616 4283 accepit
3665 4228 3766 4282 pa-

1729 4390 1963 4447 CODEX
2000 4388 2482 4454 CORBEIENSIS.

455 4493 457 4496 i
517 4523 570 4578 9.
616 4519 802 4576 vident
828 4517 1092 4574 carbones
1124 4517 1395 4584 incensos,
1429 4523 1484 4570 et
1514 4513 1738 4586 piscem,
1767 4519 1822 4568 et
1855 4526 2047 4582 panem
2111 4515 2113 4517 ’

445 4592 870 4664 superpositum.

518 4660 628 4723 1οξ
648 4678 786 4736 quos
815 4674 956 4717 nunc
977 4662 998 4693 ³
1019 4660 1261 4730 cepistis.

2233 4513 2321 4566 12.
2363 4513 2535 4570 Nemo
2562 4525 2669 4573 tam
2691 4521 2712 4552 θ
2743 4521 2997 4577 audebat.

2232 4585 2320 4641 15.
2363 4589 2486 4657 quia
2510 4589 2627 4660 ipse
2651 4599 2736 4647 est
2769 4591 3048 4650 Dominus.

1695 4775 2091 4836 VARIANTES
2129 4773 2534 4833 LECTIONES.

516 4876 530 4904 ι
570 4875 657 4923 Gut
695 4871 838 4923 Mane
865 4876 1032 4919 autem
1046 4867 1146 4930 jam
1171 4866 1316 4926 facto,
1343 4867 1481 4916 stetit
1521 4867 1585 4915 iu.
1619 4864 1765 4931 Vulg.
1795 4869 1937 4918 Mane
1963 4883 2047 4920 au-

449 4943 548 4984 tem
573 4935 717 4992 facto,
744 4935 881 4984 stetit
903 4933 1051 4982 Jesus
1075 4933 1140 4980 in.

515 4999 534 5029 ³
570 4998 677 5058 Gut.
706 4989 1091 5058 Pulinentarium
1133 5005 1228 5042 non
1245 4990 1474 5042 habetis?
1507 4989 1649 5058 Vulg.
1675 4990 1918 5056 Numquid
1937 4993 2044 5056 pul-

452 5057 744 5108 mentarium
765 5057 957 5105 habetis
972 5057 996 5105 ‘l

516 5121 537 5151 ³
572 5121 677 5169 Gal.
703 5119 836 5165 navis
853 5125 1050 5179 rete,et
1075 5117 1352 5180 invenietis.
1384 5116 1622 5166 Miserum.
1648 5129 1792 5180 ergo,
1812 5116 2044 5180 etiam...

448 5195 478 5232 a
497 5181 826 5231 multitudine.
857 5177 977 5246 Mnt.
996 5181 1279 5246 invenietis.
1307 5177 1557 5246 Digrerunt
1581 5192 1730 5246 ergo;
1747 5177 2046 5246 Praeceptor,

452 5258 542 5306 per
563 5251 711 5294 totam
729 5247 920 5289 noctem
951 5239 1246 5306 laborantes,
1269 5239 1390 5289 nihil
1413 5239 1686 5305 coepimus,
1709 5243 1759 5291 in
1783 5239 1936 5306 verbo
1959 5239 2047 5292 au;

449 5300 551 5370 tem
573 5309 824 5355 mittemus
845 5308 978 5370 rete.
1008 5300 1385 5370 hliseruuiergo
1404 5300 1545 5364 retia,
1572 5300 1758 5370 etj:im._
1785 5305 1933 5370 Vulg,
1959 5318 2047 5356 na-

453 5369 726 5442 vigiirete,
777 5373 829 5417 et
873 5363 1158 5442 invenietis.
1203 5363 1442 5414 Miserum
1476 5363 1706 5429 ergo,'et
1739 5363 1906 5430 jam":
1929 5382 2048 5432 prae

452 5431 780 5483 multitudine.
875 5431 902 5448 η

2211 4872 2235 4939 ξ
2278 4871 2398 4939 111m.
2428 4871 2637 4939 in_mare
2669 4885 2679 4921 :
2707 4883 2805 4939 non
2830 4872 2983 4939 enim.
3017 4870 3166 4939 Vulg.
3191 4886 3288 4924 non
3306 4876 3457 4925 enim.

2215 4931 2236 4999 ι]
2273 4933 2384 4999 qui.
2414 4934 2500 4999 toti
2528 4941 2719 4999 essent.
2746 4931 2892 4999 Vulg.
2917 4939 3040 4986 tanti
3065 4931 3254 4999 essent.

2215 4994 2248 5104 ἓ
2419 4996 2485 5057 ei,
2507 5003 2620 5056 tu...
2643 4994 2879 5048 Domiuu's
2903 5006 3057 5052 esset.
3106 4996 3258 5064 Vulg.
3276 5012 3410 5063 etim,
3442 5005 3556 5052 tu...
3582 5001 3762 5053 Donn-

2272 5071 2299 5102 e
2357 5095 2366 5103 .

2155 5070 2383 5188 "93055;.
2403 5122 2598 5188 accepit
2619 5133 2813 5188 panem,
2841 5127 2892 5188 et
2913 5122 3061 5188 dedit
3078 5123 3169 5173 eis.
3196 5127 3314 5174 Mm.
3345 5127 3536 5187 accepit
3558 5139 3756 5188 panem,

2154 5185 2230 5292 ἷξε
2251 5180 2540 5237 benedixit;
2577 5180 2632 5232 et
2662 5180 2810 5238 dedit
2827 5186 2919 5236 eis.
2965 5182 3114 5252 Vulg.
3147 5188 3322 5258 accipit
3349 5180 3642 5251 panem,'e_t
3672 5180 3762 5240 dat

2216 5305 2238 5337 ⁸
2272 5306 2379 5355 Gal.
2402 5297 2778 5368 praehendisiis.

2217 5369 2238 5400 θ
2275 5369 2382 5419 Gat.
2410 5381 2557 5421 ausus
2582 5376 2676 5422 est.

1792 5531 2161 5591 BLANCHINI
2196 5535 2427 5593 ΝΟΤιΕ.

537 5649 808 5736 (α)τΑ(1‹1ἰι
825 5653 1046 5739 ji‘nnLet
1069 5645 1455 5739 _tex‘.h(_}r;‘n:6n:
1489 5675 1559 5735 στ-
1579 5645 1853 5739 (b),
1885 5653 2450 5739 partemkeliamntet‘t.
2475 5654 2572 5739 Gr.
2604 5656 2753 5739 μέθη.
2773 5683 2858 5739 _—
2887 5652 3156 5739 (c)_Addit
3182 5657 3372 5739 itaque,
3403 5661 3607 5739 pariter
3634 5669 3753 5718 tex.

537 5674 808 5736 μητειιιυιι
856 5674 960 5712 aut,
991 5674 1046 5705 et
1077 5674 1184 5705 text.
1217 5674 1312 5704 ur.
1338 5674 1455 5737 non:
1489 5675 1559 5735 στ-
1579 5674 1656 5719 tu;
1685 5674 1848 5702 nuuu
1885 5674 2097 5717 partem,
2151 5674 2314 5710 etlam
2342 5674 2450 5720 lex.
2475 5674 2572 5710 ω.
2604 5674 2753 5739 μιρη.
2789 5683 2858 5694 —
2887 5674 2960 5727 te)
2991 5674 3156 5724 Quatt
3182 5674 3372 5726 itaque,
3403 5674 3573 5731 partite

457 5723 551 5780 Gr.
598 5674 901 5793 cum-((1)
946 5719 1019 5775 Ita
1060 5729 1116 5776 et
1158 5729 1265 5777 tex.
1296 5719 1391 5777 Gr.
1431 5716 1710 5794 enm—(2)
1742 5716 1876 5778 Cod.
1906 5719 2064 5781 Cant.
2091 5721 2166 5783 δέ.
2197 5754 2269 5770 -—-
2291 5723 2361 5798 (Γ)
2391 5725 2530 5782 Ante
2569 5735 2728 5794 venit,
2755 5725 2909 5796 deest
2940 5734 3009 5796 et,
3041 5734 3206 5797 etlam
3236 5731 3293 5790 in
3339 5739 3448 5798 lex.
3477 5729 3573 5791 Gr.
