2021 3096
124 147 177 175 497

319 198 433 231 ΟΟΒΕΧ
451 200 732 232 VERCELLENSIS.

123 257 183 278 nem
194 268 203 283 ,
219 254 248 277 et
259 249 333 278 dedit
538 250 615 278 bulas
628 257 682 285 quo
696 250 733 278 vi.
758 271 764 277 .
784 266 797 271 -

123 286 185 318 illis,
201 290 231 313 et
243 286 325 321 piscis
538 293 599 313 cum
614 290 685 313 aute.
708 306 715 313 .

105 322 109 324 ’
123 321 258 349 similiter.
378 352 381 354 Α
539 322 673 349 senueris.
696 342 703 348 .
723 337 736 342 -

123 358 166 385 14.
188 357 247 385 Hoc
257 357 314 392 jam
327 357 410 385 tertio
540 357 645 385 tendes.
668 378 674 384 .
697 373 710 378 -

125 393 262 421 ‘oslendit
276 400 306 421 se
541 401 592 420 nus
606 397 675 420 tuas.
699 414 705 420 .
725 408 738 413 —

127 428 202 457 Jesus
215 428 357 464 discipulis
368 449 376 462 ,
542 433 583 456 ter
598 434 632 457 te.
656 450 662 455 .
686 438 692 455 -.
712 444 726 449 -

129 469 267 501 postquam
282 471 297 491 ι
541 464 589 499 git.
613 486 619 491 .
644 486 650 492 .
675 485 681 491 .
706 485 712 491 .
735 485 742 492 .

131 500 239 528 mortuis
253 507 298 528 re-
542 504 569 528 te
583 508 646 534 quo.
668 521 675 527 .
701 522 707 528 .
730 520 736 527 .
759 521 765 527 .

132 537 171 564 15.
190 536 319 564 surrexit.
333 535 401 563 Cum
543 536 587 563 19.
608 536 659 563 vis.
682 536 738 569 Hoc
752 540 840 564 autent

131 580 190 607 ergo
201 572 311 606 prandi-
542 571 618 603 dixit,
632 571 736 606 signiti-

132 608 240 641 derunt,
255 609 265 623 ¹
276 608 317 635 ait
330 607 410 636 Jesus
542 614 607 634 cans
620 615 701 642 quam

134 643 205 671 Petro
220 653 226 671 :
543 648 657 670 mortem
670 643 718 670 lto-

132 679 217 707 Simon
232 679 336 707 Johan-

132 715 170 742 nis
181 723 253 742 ntnas
267 723 311 742 me
321 715 334 742 i

132 751 171 778 Ait
181 750 217 777 illi
234 759 240 777 :
255 750 355 785 Utique
366 771 374 784 ,

134 786 246 814 Domine.
265 784 365 813 Aitiiiii
380 784 401 813 ε’

134 822 209 849 Pasce
224 822 262 858 (α)
280 829 347 858 oves
358 822 378 856 -ὶ-
393 829 451 849 me-

135 857 173 885 l6.
191 865 230 885 as.
245 858 317 885 Dicit
332 857 370 885 illi
385 857 435 885 ite.

133 901 185 920 rum
199 902 204 919 :
220 893 313 922 Simon

133 929 272 961 Iohannes.
289 936 365 956 amas
383 929 447 957 me?
460 929 506 956 Di-

134 965 166 991 cit
177 965 211 992 illi
224 974 231 991 :
246 965 361 1000 Utique'.
378 965 504 992 Domine.

134 1000 173 1028 17.
191 1001 234 1027 Ait
252 1001 291 1028 illi
312 1010 319 1027 :
340 1000 423 1028 Pasce
441 1008 507 1028 oves
542 1007 608 1027 cena
623 1007 703 1033 supra

134 1043 209 1063 meas.
219 1036 290 1063 Dicit
304 1036 343 1063 illi
357 1037 453 1063 tertio:
464 1033 508 1064 Si-
544 1038 637 1069 pectus
648 1034 723 1068 Jesu,
737 1038 764 1062 et

136 1079 190 1098 mon
201 1071 348 1105 Johannes,
363 1079 440 1099 amas
544 1071 570 1098 d.

134 1114 173 1134 me
183 1108 193 1134 ’Ξ
206 1107 327 1135 Contris-

542 679 698 705 noriticatu-

541 721 588 741 rus
601 714 612 729 ⁵
626 718 700 741 esset
711 714 806 741 Deum.

541 749 588 777 Ait
600 749 639 777 illi
655 758 661 776 :
677 750 799 783 Sequere

541 785 587 812 ΞΟ.
609 793 661 813 me.
676 785 709 812 Et
726 792 840 812 convcr-

542 828 587 848 sus
602 821 698 848 Petrus
712 821 751 847 vi-

541 856 582 883 dit
604 856 777 891 discipulum,
794 864 846 892 q...
862 856 923 884 dili-

542 892 630 925 Jesus,
647 900 763 926 sequen-
830 892 923 928 [gebat

542 932 608 961 tem,
622 928 667 963 qui
678 932 708 963 et
718 935 760 956 re-

543 964 673 991 cubucrat
688 965 713 990 in

595 1091 600 1097 .
616 1075 673 1111 erat
686 1080 692 1097 :
710 1070 834 1112 Domine,

547 1125 553 1133 .
578 1128 584 1133 .
606 1125 614 1133 .
635 1114 658 1134 ts
674 1111 725 1138 est,
742 1114 789 1142 qut

136 1146 199 1170 tatus
209 1147 249 1171 est
261 1143 314 1170 Pe-
545 1142 591 1169 21.
615 1162 621 1168 .
645 1162 651 1168 .
674 1161 681 1169 .
702 1143 748 1169 dct
763 1142 806 1169 te?
821 1142 897 1169 Hunc

135 1183 195 1211 trus,
211 1179 279 1214 quod
295 1178 345 1207 di—.
547 1199 553 1205 .
577 1197 583 1203 -
607 1198 614 1205 .
637 1197 644 1204 ο
669 1199 674 1204 -
698 1197 704 1204 -
729 1198 735 1203 -
756 1178 853 1214 Videtis

135 1213 328 1242 xitilli’tertio:
547 1233 553 1240 .
577 1234 583 1240 .
607 1233 613 1239 .
636 1231 643 1238 .
667 1233 673 1240 .
695 1220 737 1245 us,
751 1214 789 1240 ait
803 1213 836 1240 ad

136 1250 209 1277 Amas
221 1250 344 1278 me?Ait
548 1269 554 1276 .
578 1269 584 1275 .
607 1269 614 1276 .
638 1268 644 1275 .
667 1269 673 1275 .
697 1249 820 1282 Domine,
840 1248 883 1275 ltic

135 1285 170 1312 illi
187 1285 296 1313 :Omnia
309 1291 338 1312 tu
549 1305 555 1311 .
581 1304 586 1310 .
611 1306 616 1311 .
640 1304 646 1310 .
670 1304 676 1311 .
700 1305 706 1311 .
728 1284 811 1318 quid?

135 1321 387 1354 nostiDomine;tu
548 1340 554 1347 .
596 1341 602 1346 .
644 1340 650 1347 .
691 1339 698 1346 .
738 1339 745 1346 .
787 1340 793 1346 .
836 1339 842 1346 .
883 1339 889 1345 .

135 1357 183 1384 scis
196 1357 266 1392 quod
278 1364 341 1383 amo
374 1391 385 1392 γ
546 1356 593 1383 2‘2.
617 1375 622 1382 .
647 1375 654 1381 .
677 1374 685 1382 .
709 1375 715 1381 .
739 1375 745 1381 .
769 1372 776 1381 ι
799 1375 806 1382 .
828 1361 875 1382 vo-

136 1396 169 1419 te.
182 1392 192 1407 ³
209 1392 279 1420 Dixit
294 1392 335 1419 illi
352 1401 358 1419 :
373 1391 437 1419 Pas-

136 1435 163 1454 ce
176 1435 237 1455 oves
251 1435 306 1455 me-

137 1463 177 1490 18.
197 1471 234 1490 as.
250 1465 351 1496 Amen.

138 1506 209 1526 amen
223 1499 282 1527 dico
297 1499 331 1526 ti-

138 1534 173 1562 hl.
187 1540 243 1562 cum
258 1542 298 1562 es.
323 1556 328 1562 .
352 1554 360 1562 .
380 1533 430 1561 do-

140 1569 285 1603 lescentior,

141 1606 288 1642 praecinges

142 1645 164 1668 te
178 1642 270 1677 ipsum,
287 1650 312 1670 e.
338 1663 344 1669 .
364 1657 376 1661 -

548 1392 574 1418 Io
588 1398 709 1422 tuanere,

547 1427 612 1454 dum
625 1427 716 1460 venio,

547 1463 610 1497 quid
627 1462 659 1489 ad
677 1463 724 1489 te?
740 1462 780 1489 in-

550 1498 654 1526 terdum
667 1502 696 1525 tu

549 1541 592 1561 me
605 1541 729 1568 sequere.

547 1569 593 1598 25.
614 1569 648 1595 Et
662 1570 672 1584 ’⁵
685 1569 751 1596 exiit
766 1569 809 1596 hic

548 1612 639 1632 sermo
652 1605 678 1632 in
693 1604 745 1631 fra-

550 1645 615 1672 tres,
629 1640 701 1675 quod
716 1640 762 1668 ille

645 141 868 175 EVANGELIUM
888 144 1073 174 SECUNDUM
1092 141 1285 174 JOHANNEM.

1718 143 1771 172 498

1187 203 1300 232 CODEX
1325 200 1552 233 VERONENSIS.

1391 260 1464 279 esses
1477 252 1579 286 junior,

1392 288 1583 322 praecingebas

1393 329 1428 355 te,
1443 329 1469 350 et
1483 324 1576 350 auibu-

1393 360 1468 386 labas
1484 369 1489 385 ε
1504 367 1563 386 cunt
1579 366 1627 387 au—

1393 399 1446 422 tem
1463 395 1595 428 senueris,

1393 430 1523 458 extendes
1534 438 1630 458 manus

1393 470 1462 498 tttas,
1476 471 1503 493 et
1518 466 1587 494 alius
1602 472 1628 494 te

1392 502 1555 537 praecingat,
1568 506 1595 530 et
1607 502 1657 530 du-

1392 538 1428 565 cit
1442 545 1495 572 quo
1510 544 1536 564 tu
1551 545 1605 565 non

1394 573 1436 600 19.
1459 573 1509 600 vis.
1527 573 1583 601 Hoc
1597 578 1686 602 autem

974 258 1047 284 nem,
1059 256 1086 279 et
1101 251 1180 278 dabat

973 287 1013 314 eis
1025 308 1032 318 .
1049 291 1075 314 et
1092 287 1193 322 piscem

974 322 1111 350 similiter.

974 359 1018 385 M.
1039 358 1096 385 Hoc
1105 357 1160 393 jam
1175 359 1257 386 tertio

975 393 1156 421 manifestavit
1171 401 1200 421 se

974 429 1053 457 Jesus
1064 429 1203 463 discipulis

974 465 1042 497 suis,
1058 470 1198 500 postquam

974 501 1103 528 surressit
1116 509 1130 527 a
1147 501 1269 529 mortuis.

975 537 1019 563 15.
1040 536 1108 564 Cum
1124 544 1188 571 ergo
1203 544 1283 572 pran-

975 572 1117 604 didissent,
1134 572 1199 600 dicit

975 608 1079 635 Simoni
1095 608 1175 635 Petro

974 643 1053 671 Jesus
1069 652 1076 670 :
1094 643 1186 671 Simon
1201 644 1248 671 Jo-

974 679 1073 707 hannis
1084 679 1180 712 diliges
1191 680 1256 708 me?

977 715 1044 742 Dicit
1056 715 1101 742 ei:
1119 714 1232 749 Utique,

976 750 1101 783 Domine,
1118 755 1145 776 tu
1160 751 1213 778 scis

975 787 1036 821 quia
1047 793 1109 813 amo
1122 791 1157 813 te.

977 822 1045 849 Dicit
1056 821 1081 849 ei
1096 830 1102 849 :
1117 822 1201 850 Pasce

977 857 1016 894 (α)
1028 864 1093 894 Wes
1109 857 1129 892 τ
1145 865 1229 885 meas.

976 892 1020 920 16.
1043 892 1141 920 lterum
1159 894 1224 922 dicit
1239 894 1263 922 ei
1277 903 1284 921 ε

977 929 1069 957 Simon
1084 928 1224 961 Johannis.

977 965 1073 1000 diliges
1088 966 1151 992 me?
1166 966 1235 993 Dicit

976 1000 1001 1028 ei
1018 1010 1024 1027 :
1039 1001 1126 1027 Etiam
1143 1002 1196 1029 Do-

977 1036 1060 1069 mine,
1078 1040 1104 1062 ttt
1117 1037 1170 1064 scis

977 1071 1040 1107 quia
1055 1077 1117 1099 amo
1131 1077 1167 1100 te.

978 1108 1045 1135 Dicit
1059 1107 1083 1134 ei
1101 1116 1107 1134 :
1123 1108 1207 1136 Pasce

979 1143 1024 1170 17.
1045 1143 1164 1171 oviculas
1183 1151 1266 1171 meas.

980 1178 1048 1205 Dicit
1063 1179 1087 1205 ei
1109 1180 1188 1207 tertio
1203 1189 1208 1206 :
1226 1179 1269 1206 Si-

979 1222 1042 1241 mon
1053 1214 1195 1248 Johannis,

979 1257 1054 1276 amati
1070 1252 1130 1276 me?
1142 1250 1215 1277 Cnu-

979 1285 1102 1312 tristatus
1115 1290 1157 1313 est
1168 1286 1218 1312 Pe-

981 1325 1050 1351 trus,
1067 1320 1130 1354 quia
1146 1321 1213 1348 dixit

981 1356 1004 1383 ei
1020 1356 1111 1389 tertio,
1127 1357 1209 1384 Amas
1218 1356 1284 1385 me?

1392 609 1459 636 dixit
1472 608 1628 644 signiﬁcans

1392 652 1443 680 qtta
1460 649 1546 671 morte
1562 646 1617 672 cla—

1393 681 1545 708 riﬁcaturus
1556 685 1629 708 esset
1644 681 1737 709 Deum.

1394 716 1438 748 Et,
1453 723 1513 743 cttm
1531 716 1582 743 hoc
1595 716 1636 744 di-

1394 752 1489 784 xisset,
1506 751 1571 779 dicit
1586 753 1610 779 ei
1627 762 1633 779 ε

1394 787 1440 814 20.
1462 787 1583 822 Sequere
1600 796 1654 816 me.
1670 788 1741 815 Con-

1395 831 1489 850 versus
1503 824 1600 851 Petrus

1396 858 1464 886 vidit
1476 859 1551 886 illum
1566 859 1607 886 di-

1395 895 1539 929 scipulum,
1558 903 1637 928 quem

1395 931 1523 965 diligebat
1537 930 1625 963 .icsus,

1395 971 1564 1000 sequenti-ui,
1580 968 1624 1001 qui

1395 1008 1421 1029 et
1439 1003 1560 1029 recubuit
1573 1003 1605 1029 ad

1395 1045 1489 1066 cenam
1501 1046 1582 1072 super
1597 1046 1644 1073 pe—

1395 1079 1455 1101 ctus
1470 1073 1540 1107 ejus,
1556 1078 1582 1100 et
1597 1074 1639 1101 di-

1397 1110 1435 1136 xit
1452 1118 1458 1135 :
1475 1109 1600 1142 Domine,

1396 1145 1457 1179 quis
1473 1150 1514 1172 est
1524 1164 1531 1176 .
1545 1146 1591 1179 qui

1395 1181 1442 1208 21.
1465 1180 1553 1207 tradet
1568 1181 1616 1208 te?
1633 1180 1710 1207 Hunc

1396 1223 1460 1250 ergo
1474 1223 1535 1242 cum
1548 1214 1588 1243 vi-

1397 1251 1483 1278 disset
1496 1250 1601 1284 Petrus,

1398 1287 1462 1314 dicit
1478 1287 1511 1313 ad
1525 1286 1617 1315 .lesum
1635 1296 1641 1313 :

1400 1322 1522 1356 Domine,
1535 1323 1579 1350 hic

1398 1362 1489 1385 autem
1505 1358 1586 1393 quid?

1398 1393 1443 1421 22.
1461 1393 1530 1421 Dicit
1543 1394 1567 1422 ei
1583 1394 1662 1423 Jesus
1677 1403 1684 1421 :

1400 1429 1446 1457 Sic
1460 1430 1522 1456 volo
1535 1438 1596 1457 cum

1400 1473 1552 1498 remattere,
1568 1466 1654 1494 donec

1399 1501 1491 1536 venio,
1506 1502 1569 1536 quid
1582 1502 1615 1529 ad

1401 1534 1446 1574 te}
1466 1541 1494 1574 Ψ
1510 1534 1553 1574 the
1567 1544 1696 1574 sequere-

1400 1571 1446 1599 25.
1467 1570 1558 1599 Exivit
1571 1570 1636 1608 ergo
1649 1572 1692 1599 ltic

1400 1615 1490 1635 sermo
1506 1608 1643 1642 apud~fra—

1401 1647 1468 1676 tres,
1485 1644 1547 1679 qttia
1563 1643 1644 1672 disci-

981 1391 1051 1418 Dicit
1066 1392 1092 1419 ei
1107 1400 1113 1418 :
1132 1392 1219 1420 Etiam

981 1427 1106 1460 Domine,
1122 1432 1149 1454 tu
1165 1428 1218 1456 scis

981 1463 1083 1495 omnia,
1100 1469 1128 1491 tu
1144 1465 1214 1491 nosti

982 1499 1044 1531 quia
1060 1506 1120 1526 amo
1137 1504 1173 1526 te.

983 1534 1053 1566 Dicit
1067 1534 1091 1561 ei
1106 1544 1112 1561 :
1126 1534 1209 1563 Pasce

983 1577 1048 1597 oves
1062 1577 1146 1597 meas.

985 1605 1028 1632 18.
1050 1607 1147 1639 Amen,
1163 1614 1242 1635 amen

984 1641 1044 1668 dico
1058 1642 1115 1675 tibi,
1128 1650 1189 1669 cum

789 1695 906 1725 CODEX
925 1694 1123 1727 BRIXIANUS.

144 1767 197 1788 nem
207 1765 232 1788 et
245 1759 408 1788 benedicens
419 1757 495 1786 dedit
510 1757 559 1785 eis.
572 1761 600 1784 et
611 1758 713 1793 piscem
730 1756 863 1784 similiter.
879 1757 935 1784 Hoc

142 1796 189 1830 jam
202 1796 287 1824 tertio.
297 1795 486 1823 manifestatus
498 1799 539 1821 est
548 1793 627 1830 {esus
636 1793 775 1827 discipulis
784 1794 849 1830 suis.
861 1797 934 1826 post-

144 1828 214 1866 quam
225 1831 372 1859 resurrexit
386 1838 400 1857 a
415 1828 620 1866 niortttiSLCttm
634 1836 698 1866 ergo
714 1828 933 1866 tuatttlucasseut.

144 1864 201 1895 dicit
214 1867 316 1895 Simoni
331 1867 411 1894 Petro
424 1865 515 1893 Jesus.
532 1864 625 1892 Sitnnn
640 1864 770 1891 Johannis
787 1864 875 1897 diligis
892 1871 935 1890 mc

146 1903 196 1936 plus
209 1903 258 1931 his.
273 1903 342 1930 Dicit
354 1902 390 1929 ei.
407 1902 495 1928 Etiam
509 1900 631 1927 Domine.
645 1905 671 1926 tu
687 1900 739 1926 scis
750 1900 810 1933 quia
824 1907 884 1936 :lIlEO
900 1905 935 1925 tu.

146 1937 207 1966 Dicit
226 1940 249 1966 ei
273 1939 359 1965 Pasce
382 1944 467 1972 agnos
490 1943 588 1972 meos.‘
601 1935 783 1972 ltcimnitlit-it
801 1936 825 1972 ei
846 1935 934 1972 .it‘SllS.

146 1973 228 2002 Simon
239 1974 380 2002 Johannis.
396 1969 486 2007 diligis
506 1979 560 1998 me.
576 1970 621 1998 Ait
640 1970 689 1998 illi.
708 1971 793 1998 Etiam
811 1969 935 1997 Domine.

148 2014 171 2036 tu
185 2011 233 2037 scis
247 2010 309 2045 quia
324 2016 387 2036 amo
403 2013 438 2035 te.
463 2007 535 2045 Dic_it_
547 2007 573 2034 ei
590 2007 674 2045 Pasce
692 2013 757 2033 Oves
772 2014 854 2045 meas.
871 2007 939 2045 Dicit

148 2045 168 2071 ei
182 2042 362 2073 Jcsus‘tertio.
379 2045 472 2071 Simon
495 2042 636 2070 Johannis.
655 2049 730 2069 amas
746 2050 799 2069 me.
817 2042 938 2069 Contris—

149 2085 211 2108 tatus
222 2086 262 2109 est
276 2082 371 2108 Petrus
383 2081 444 2115 quia
457 2079 525 2105 dixit
538 2078 561 2105 ei
571 2079 657 2115 tertio
669 2079 750 2115 Amas
761 2085 814 2115 me.
830 2077 863 2104 Et
873 2078 939 2105 dicit

149 2116 179 2142 ei.
200 2117 317 2144 Domine.
344 2121 370 2142 ιιι
393 2113 485 2142 omnia
507 2114 588 2140 nosti.
614 2118 641 2140 tu
662 2114 717 2140 scis
732 2113 793 2148 quia
817 2121 879 2140 amo
900 2117 936 2140 te.

149 2151 210 2181 Dicit
230 2154 253 2181 ei
273 2152 363 2180 Jesus.
386 2151 469 2178 Pasce
490 2157 555 2177 oves
571 2156 654 2176 meas.
672 2149 761 2177 Amen
781 2156 859 2176 amen
877 2149 938 2176 dico

990 1757 1047 1784 tibi.
1064 1766 1124 1785 cum
1138 1766 1213 1786 esses
1223 1759 1341 1794 jubenis.
1356 1759 1484 1794 cingebas
1499 1764 1524 1787 te
1539 1759 1638 1794 ipsum.
1656 1763 1683 1786 et
1692 1758 1786 1794 ambu-

987 1794 1061 1820 Iabas
1081 1794 1126 1829 tibi
1153 1795 1272 1822 volebas.
1298 1803 1358 1823 cum
1383 1793 1473 1822 autem
1498 1795 1630 1822 senueris.
1654 1793 1787 1821 extendes

988 1836 1082 1865 manus
1103 1835 1171 1857 tuas.
1189 1834 1216 1857 et
1229 1829 1299 1857 alius
1318 1833 1344 1859 te
1359 1831 1458 1865 cinget.
1477 1836 1504 1858 et
1518 1831 1599 1858 ducet
1617 1837 1670 1864 quo
1686 1834 1712 1856 tu
1734 1836 1788 1856 non

988 1865 1038 1891 vis.
1057 1863 1113 1892 Hoc
1126 1870 1214 1892 autem
1228 1865 1305 1893 dixit.
1318 1863 1483 1901 signiﬁcans.
1497 1874 1547 1901 qua
1560 1863 1647 1893 morte
1658 1865 1787 1893 clariﬁca-

989 1904 1065 1927 turus
1087 1906 1162 1928 esset
1186 1901 1281 1929 Detun.
1307 1903 1339 1929 Et
1361 1902 1411 1929 hoc
1436 1909 1496 1929 cum
1524 1902 1649 1929 dixisset.
1675 1902 1712 1928 ait
1738 1901 1788 1928 illi.

990 1936 1110 1977 Sequere
1135 1945 1187 1965 me.
1214 1937 1367 1977 Con-versus
1389 1942 1479 1977 autem
1502 1938 1600 1965 Petrus
1624 1937 1688 1964 vidit
1713 1937 1788 1977 illum

990 1970 1151 2005 discipulum
1165 1979 1244 2007 quem
1261 1972 1390 2008 diligebat
1405 1970 1493 2006 .Iestis,
1510 1978 1679 2007 sequentem.
1701 1972 1746 2007 Qui
1762 1978 1789 1998 ct

991 2008 1114 2035 recubuit
1128 2009 1153 2036 in
1165 2016 1241 2035 cena.
1255 2009 1344 2043 Super
1355 2014 1446 2044 pectus
1460 2009 1535 2036 Jesu.
1548 2014 1574 2036 et
1587 2009 1662 2036 dixit.
1679 2008 1791 2035 Domine

991 2044 1051 2077 quis
1075 2048 1115 2071 est
1135 2045 1179 2079 qni
1198 2044 1308 2071 tradidit
1328 2050 1362 2072 to.
1381 2045 1457 2071 Ilunc
1472 2050 1581 2079 ergout
1598 2044 1668 2071 vidit
1687 2044 1791 2070 Pt-trus.

991 2079 1059 2106 dixit
1070 2079 1103 2107 ad
1114 2079 1206 2107 Jcsnm
1220 2080 1333 2107 Domine
1346 2080 1389 2108 hic
1399 2085 1488 2108 autem
1502 2080 1576 2115 quid.
1590 2080 1657 2107 Dicit
1668 2080 1691 2106 ei
1703 2079 1792 2106 Jesus.

989 2115 1016 2142 Si
1031 2123 1093 2142 eum
1109 2117 1171 2143 volo
1185 2124 1296 2143 manere
1308 2116 1395 2143 donec
1406 2116 1521 2143 veniam.
1535 2116 1598 2150 quid
1611 2116 1643 2142 ad
1655 2120 1691 2142 te.
1706 2119 1734 2141 tu
1749 2121 1791 2141 se-

993 2158 1076 2185 qttcre
1092 2159 1146 2179 me.
1162 2152 1194 2179 Et
1205 2152 1289 2179 exivit
1303 2152 1346 2179 hic
1362 2159 1452 2179 sermo
1466 2151 1498 2178 ad
1509 2150 1617 2178 fratres.
1634 2151 1697 2185 quia
1712 2150 1793 2178 disci-

779 2208 894 2236 CODEX
912 2209 1147 2240 CORBEIENSIS.

178 2273 219 2301 15.
242 2272 354 2305 Omittit,
370 2271 429 2306 plus
444 2270 504 2298 his?

176 2310 219 2337 16.
239 2310 300 2342 quia
316 2304 398 2343 dilig'o
414 2310 448 2334 te.
471 2325 480 2343 .
503 2325 509 2332 .
526 2305 537 2320 '
551 2312 616 2343 oves
629 2311 713 2332 meas.
728 2304 748 2343 -ξ-

175 2346 219 2373 17.
242 2339 393 2376 Domine,"
408 2342 498 2369 omnia
514 2346 540 2367 tu
554 2341 617 2372 scis,
630 2344 657 2367 tu
673 2339 742 2366 nosti
755 2339 816 2375 quia
827 2347 887 2366 amo
902 2342 939 2367 te.

177 2382 222 2408 18.
242 2387 303 2408 cum
330 2386 405 2407 esses
432 2377 572 2413 juveuior,
603 2376 796 2411 praecingebas
823 2380 884 2402 tc...
916 2380 941 2402 te

140 2417 309 2453 praecinget.
431 2449 438 2453 _
504 2448 513 2453 _
636 2452 639 2453 ν
702 2447 708 2453 ,
796 2446 839 2453 1,

176 2452 222 2481 20.
243 2447 323 2488 quem
348 2449 478 2486 diligebat
499 2448 589 2482 Jesus,
615 2452 643 2475 et
663 2447 708 2483 qui
730 2447 898 2474 recubuit....
915 2450 943 2473 ct

993 2269 1099 2297 dixerat
1113 2270 1137 2297 ei
1152 2280 1157 2297 :
1175 2269 1297 2301 Domine,
1313 2269 1422 2304 quiest,
1439 2269 1483 2303 qui
1501 2268 1589 2296 tradet
1603 2269 1649 2295 te?

1019 2305 1087 2367 122.?
1095 2305 1123 2332 Si
1139 2305 1178 2333 sic
1198 2306 1261 2332 volo
1277 2302 1338 2333 eum
1355 2312 1477 2337 manere,
1490 2305 1501 2320 "
1516 2305 1603 2332 donec
1618 2304 1708 2336 venio,
1731 2302 1795 2338 quid

1044 2344 1083 2367 te.

1011 2348 1026 2367 (ι
1044 2348 1087 2367 te!

993 2348 1007 2368 a
1029 2376 1074 2404 25.
1096 2377 1106 2393 ³
1121 2376 1165 2404 Sic
1180 2383 1269 2404 sermo
1286 2376 1357 2411 apud
1379 2376 1511 2405 fratres...
1532 2375 1578 2404 sed
1605 2375 1665 2403 volo
1686 2381 1796 2401 manere

994 2420 1068 2446 eum,
1086 2412 1107 2428 ‘°
1119 2412 1206 2440 donec
1219 2414 1338 2446 veniam,
1355 2412 1419 2449 quid
1433 2413 1467 2441 ad
1480 2413 1527 2441 te?

766 2508 963 2536 VABIANTES
983 2507 1187 2536 LECTIONES.

175 2572 185 2587 ¹
205 2570 259 2595 Gai.
272 2568 438 2594 manilestavit
449 2574 477 2593 se
491 2567 566 2591 .lesus
575 2573 629 2591 cttm
641 2565 776 2596 discipulis.
799 2567 857 2590 Mm.
869 2567 946 2590 mani-

139 2604 248 2628 festatus
258 2604 297 2625 est
308 2607 364 2625 cum
375 2598 508 2631 discipulis.
530 2598 604 2631 Vulg.
625 2598 796 2622 manifestalus
815 2601 853 2622 est
874 2597 947 2622 Jestts

138 2633 279 2663 discipulis.

176 2666 186 2680 ¹
204 2664 259 2689 Gut.
273 2666 295 2688 et
305 2664 365 2688 Mm.
378 2662 410 2686 At
421 2661 463 2685 ille
476 2662 509 2686 ait
521 2668 527 2686 :
540 2660 648 2685 Ellum...
664 2660 727 2685 Dicit
738 2660 761 2685 ei
774 2660 855 2685 Jestts.
872 2660 946 2692 Vulg.

145 2696 217 2723 Dicit
225 2696 260 2719 ei:
271 2693 461 2719 Etiam...Dixit
473 2693 506 2717 ei.

178 2728 188 2743 ³
206 2727 261 2751 Gal.
275 2728 297 2750 et
308 2726 367 2750 Mm.
379 2725 444 2749 Dicit
457 2725 481 2748 ei
496 2723 593 2748 :Pasce
611 2729 689 2754 agnos
699 2729 777 2748 meos.
795 2723 867 2755 Vulg.
880 2722 950 2748 Dixit.

144 2760 169 2784 ei
185 2765 190 2782 :
204 2757 281 2782 Pasce
293 2762 355 2781 oves
365 2762 443 2780 meas.

178 2790 189 2805 ι
208 2789 263 2813 Gal.
277 2790 346 2813 esset
356 2787 497 2812 Dominttm.
510 2786 584 2819 Vulg.
597 2788 665 2811 esset
675 2784 766 2810 Deum.

1031 2566 1041 2582 “
1059 2567 1113 2591 Gal.
1134 2566 1217 2591 Exivit
1239 2572 1350 2598 ergo._....
1372 2571 1421 2589 non
1433 2565 1596 2590 morlretur...
1609 2566 1666 2598 quid
1679 2566 1709 2591 ad
1722 2565 1765 2591 te?
1776 2567 1803 2591 tu

1000 2603 1179 2653 rqielesgquere.
1202 2596 1275 2628 Vulg.
1297 2596 1364 2621 Exiit
1383 2602 1493 2627 ergo.....
1513 2603 1561 2622 non
1579 2596 1725 2623 meritum...
1743 2597 1802 2628 quid

999 2636 1013 2653 a

1033 2659 1044 2674 ε
1062 2659 1091 2683 Ει
1103 2657 1138 2684 ita
1149 2659 1203 2683 Gal.
1217 2659 1307 2684 etMm.

1033 2691 1043 2723 ’ξ
1062 2691 1115 2715 Gal.
1125 2693 1149 2723 et
1158 2691 1218 2715 Mm.
1230 2693 1255 2715 lu
1268 2691 1349 2715 omnia
1360 2690 1409 2716 scis
1420 2691 1476 2723 quia
1486 2696 1540 2715 amo
1551 2694 1584 2716 te.

1033 2722 1044 2737 ³
1061 2723 1115 2747 Gut.
1127 2722 1207 2746 donec
1216 2723 1298 2747 venio.

1032 2753 1043 2768 '
1061 2754 1115 2778 Gal.
1125 2753 1166 2777 hic
1176 2760 1269 2778 sermo.

1036 2786 1057 2801 ιο
1076 2786 1130 2810 Gal.
1143 2785 1222 2811 donec
1233 2785 1314 2810 venio.

832 2848 1017 2878 BLANCHINI
1036 2848 1152 2878 NOTAE.

185 2912 228 2950 (ιι)
242 2912 281 2940 lta
294 2915 332 2940 et
353 2911 414 2940 cod.
436 2909 515 2939 Cant.
531 2910 661 2950 πρόϐατα.
