2021 3096
162 119 220 150 501

704 123 927 154 EVANGELIUM
945 123 1131 153 SECUNDUM
1151 123 1278 153 LUCAM.

1768 124 1821 154 102

349 187 566 230 INCIPIT
603 187 1001 231 EVANGELIUM
1038 187 1374 231 SECUNDUM
1410 188 1635 231 LUCAM.

363 268 479 296 CODEX
501 268 768 299 VERCELLENSIS.

216 325 333 355 CAPUT
352 326 498 355 PRIMUM.

206 384 369 425 l.Qoo_niam
383 385 445 420 qui-

167 419 231 448 dem
246 421 322 448 multi

170 455 211 493 (a)
230 461 291 484 tem.
315 476 321 483 .
363 476 371 483 .
409 477 416 484 .

590 444 596 451 ι
637 445 644 450 -
685 445 691 451 ι
733 444 739 450 .
780 443 787 450 ο
829 443 835 449 ι
877 442 883 450 1
925 443 931 450 σ

589 461 615 487 6.
635 459 723 492 datis,
738 463 766 487 et
776 459 858 495 justi-

174 511 182 519 .
221 512 228 518 .
266 512 272 518 .
312 512 319 519 .
360 512 367 519 .
409 513 415 520 .
457 513 464 520 .
504 512 512 520 .
588 495 758 523 ﬁcationibus

587 531 706 559 Domini.

179 1245 423 1273 Lnoscaseorum
585 1265 592 1272 .
635 1266 640 1273 .
681 1266 688 1274 .
730 1267 737 1274 .
777 1266 784 1274 .
827 1267 832 1273 .
873 1267 929 1274 ..

179 1286 322 1309 sermonum
586 1300 929 1310 .-.,--..

180 1335 188 1343 .
206 1336 213 1344 .
234 1336 240 1343 .
261 1337 268 1344 .
291 1337 297 1343 .
320 1337 328 1345 .
343 1316 407 1344 ibus
584 1317 611 1345 9.
632 1324 744 1344 censum
759 1324 808 1352 po.

291 1373 298 1381 .
322 1357 385 1380 .tu.
410 1373 416 1378 .
584 1353 781 1389 neretingres-

586 1392 889 1417 ........tem-

182 1441 931 1452 ιο.......ιι..ο.-

180 1547 188 1556 ο
226 1551 231 1556 ι
268 1552 275 1558 ι
314 1551 320 1558 ο
361 1551 369 1559 ι
409 1550 417 1558 ι
456 1551 464 1559 ο
506 1552 513 1559 ι
588 1552 594 1558 -
634 1552 642 1560 ο
681 1552 689 1559 α
731 1552 737 1559 ι
779 1552 785 1560 α
828 1552 834 1559 ι
875 1551 882 1560 ι
923 1552 930 1560 Ι

179 1585 929 1595 .....-ι...-ι..ι-

172 1657 182 1665 ε
224 1659 230 1666 .
269 1659 275 1665 ι
316 1659 323 1665 ο
363 1659 370 1666 ο
412 1658 419 1665 ι
460 1658 467 1664 ι
508 1659 514 1665 .
588 1659 595 1666 ι
636 1659 643 1666 ο
684 1659 691 1666 .
733 1660 739 1666 .
781 1660 788 1668 .
829 1660 836 1667 ι
877 1661 883 1667 .
925 1660 930 1665 .

170 1764 179 1772 ι
221 1765 228 1772 .
270 1765 276 1772 ι
316 1767 323 1773 ι
363 1767 371 1774 ο
412 1766 419 1773 ο
458 1765 467 1772 ο
508 1766 514 1773 ι
588 1767 595 1773 .
636 1768 642 1774 ι
683 1766 690 1774 ι
731 1767 739 1775 ι
781 1767 787 1773 ι
828 1767 835 1774 α
876 1766 883 1774 Ι
923 1767 930 1774 θ

223 1802 229 1808 ι
270 1801 278 1808 ι
316 1801 324 1809 ι
364 1802 371 1809 ι
412 1802 419 1809 ι
460 1801 467 1808 α
508 1802 515 1810 ν
589 1802 595 1809 ι
635 1802 643 1809 ι
683 1803 690 1809 ι
732 1802 738 1808 ι
778 1802 785 1808 .
827 1801 834 1809 ο
875 1802 881 1808 .
924 1801 930 1808 ι

221 1838 227 1843 .
269 1837 276 1843 ι
315 1837 322 1844 ο
363 1837 370 1845 ι
411 1838 417 1844 .
459 1838 464 1843 ι
505 1838 511 1844 .
588 1837 596 1845 ο
637 1839 642 1845 .
683 1839 690 1847 ι
734 1838 740 1844 .
781 1836 788 1845 ι
830 1838 835 1844 .
878 1838 884 1845 .
925 1837 931 1844 ι

221 1872 228 1880 ι
270 1874 276 1880 ι
318 1874 324 1880 .
365 1874 372 1881 ι
413 1873 421 1881 ι
462 1874 468 1881 ι
510 1874 516 1881 η
591 1874 595 1879 -
638 1876 644 1882 .
684 1873 691 1880 ι
733 1874 739 1880 ι
780 1872 786 1879 ι
828 1874 834 1880 ν
875 1873 881 1880 ι
922 1873 928 1880 ι

222 1909 228 1915 -
270 1909 275 1915 -
316 1909 324 1917 υ
364 1910 371 1916 υ
412 1909 419 1917 ι
459 1910 467 1918 ι
508 1911 514 1916 -
590 1909 594 1914 -
635 1910 643 1917 ο
684 1910 690 1917 ι
732 1911 737 1917 .
779 1908 786 1916 ι
827 1908 834 1916 ο
875 1911 881 1916 .
924 1910 930 1916 .

1233 269 1350 297 CODEX
1369 269 1595 298 VERONENSIS.

1067 327 1183 356 CAPUT
1202 327 1346 356 PRIMUM.
1437 317 1502 353 iusti
1518 317 1601 356 ambo

1438 358 1504 381 ante
1518 352 1674 385 Dominum,

1055 387 1082 413 1.
1102 386 1235 419 Quoniam
1253 386 1314 421 qui-
1439 389 1600 416 incedentes
1613 388 1640 415 in

1018 421 1082 449 dem
1096 422 1175 449 multi

1104 425 1184 463 nulli
1438 425 1565 463 omnibus
1572 431 1656 463 _man-

1019 462 1110 485 conati
1125 462 1187 485 sunt

1437 460 1519 494 datis,
1531 464 1558 487 et
1570 459 1613 495 ju-

1019 493 1150 521 ordinare
1163 501 1224 520 nar-

1064 495 1150 534 liuare
1163 501 1224 520 nar-
1437 495 1649 534 stiﬁcationibus

1018 532 1152 557 rationem
1167 536 1259 556 rerum
1269 549 1277 562 ,
1438 532 1485 559 Dei
1499 532 1559 559 sine
1573 538 1660 565 quae-

1019 572 1087 600 quae
1101 565 1126 591 iu
1142 565 1221 593 nobis

1438 568 1519 598 rella,
1532 571 1561 594 et
1573 574 1626 594 non

1018 600 1174 635 completae

1437 608 1497 631 erat
1511 602 1566 630 illis

1018 641 1098 668 sunt.
1112 638 1183 663 sicut
1437 639 1464 666 7.
1486 639 1569 670 ﬁlius,
1584 645 1618 665 eo

1017 671 1046 698 2.
1068 672 1239 699 tradiderunt

1437 674 1510 710 quod
1526 677 1600 710 esset

1018 707 1169 749 ῃᾳὺρςηίμεί
1183 707 1218 735 ab
1437 707 1556 749 Elisabel
1569 713 1625 749 ste_—

1018 750 1098 771 mtuo
1111 751 1162 777 ψει

1437 746 1507 778 rilis.
1524 749 1552 773 et
1562 744 1643 771 ambo

1018 778 1145 816 viderunt
1154 800 1161 816 ι
1176 783 1203 806 et
1437 782 1447 797 ¹
1464 780 1585 816 processi
1597 784 1677 808 erant

1436 817 1465 844 in
1479 817 1576 845 diebus

1436 854 1504 880 suis.

1017 815 1134 842 ministri
1150 814 1208 842 fue-

1017 856 1082 878 runt
1092 857 1197 878 sermo-

1017 886 1076 919 nis;
1436 889 1463 917 8.
1484 888 1598 916 Factnm
1615 891 1657 915 est

1020 922 1046 950 5.
1069 922 1169 957 placuit
1180 926 1208 949 et
1221 922 1273 949 mi-
1436 928 1527 952 autem
1535 946 1543 958 ,
1557 930 1622 951 cum

1019 958 1059 991 hi,
1074 957 1113 993 (b)
1127 964 1155 985 et
1168 958 1289 993 Spirituo
1438 960 1600 988 Sacerdotio

1020 993 1121 1021 Sancto
1132 994 1163 1029 1-,
1177 995 1184 1009 ¹
1196 994 1248 1031 βά·
1436 995 1599 1031 fungeretur

1020 1034 1116 1057 secuto
1130 1037 1144 1056 ει
1163 1029 1235 1064 prin-
1436 1029 1597 1059 Zaccharias

1018 1065 1091 1101 cipio
1104 1064 1142 1101 (ε)
1155 1066 1242 1092 omni-
1435 1067 1462 1094 in
1479 1067 1602 1098 ordinem

1016 1100 1067 1128 bus
1080 1101 1101 1136 -ξ-
1110 1100 1231 1135 ⁷(11118θη-
1434 1103 1502 1130 vicis
1517 1109 1584 1129 suae

1018 1141 1071 1169 ter,
1084 1145 1117 1164 ex
1131 1137 1227 1164 ordine
1434 1143 1498 1166 ante
1511 1138 1607 1169 Deum,

1017 1173 1066 1199 tibi
1081 1172 1201 1200 scribere
1209 1193 1217 1205 ,
1434 1173 1585 1202 secundum

1017 1208 1120 1242 optime
1134 1207 1226 1236 Theo-
1434 1208 1607 1237 consuetudi-

1017 1243 1044 1269 4.
1067 1244 1150 1277 pltile,
1166 1248 1193 1269 ut
1207 1251 1253 1269 co-
1433 1253 1495 1272 nem
1512 1245 1609 1272 Sacer-

1018 1286 1133 1312 ευθέως
1147 1286 1239 1306 COl'Ulll

1018 1315 1179 1347 verborum,

1018 1350 1052 1377 de
1064 1350 1161 1385 quibus

1018 1388 1139 1413 eruditus
1152 1394 1198 1418 es,

1018 1423 1170 1449 veritatem.

1018 1459 1045 1486 5.
1070 1458 1129 1484 Fuit
1143 1459 1167 1484 in
1180 1458 1237 1485 die-

1018 1494 1070 1521 lms
1086 1495 1200 1521 Ilt‘lotlis

1018 1530 1100 1564 Regis
1116 1529 1218 1557 Judeue

1019 1565 1118 1593 Sacerd
1124 1574 1154 1592 os

1016 1602 1126 1636 quidam
1142 1608 1190 1628 no-

1016 1638 1091 1665 mine
1106 1636 1227 1664 Zaccha-

1016 1673 1073 1700 rias
1086 1673 1120 1700 de
1133 1673 1194 1700 vice

1018 1708 1097 1741 Avia,
1110 1713 1138 1736 et

1018 1752 1086 1771 uxor
1099 1744 1169 1771 illius

1018 1780 1052 1807 de
1065 1780 1171 1807 ﬁliabus

1017 1817 1120 1847 Aaron,
1136 1819 1163 1842 et

1018 1859 1118 1879 nomen
1133 1850 1192 1886 ejus

1018 1887 1148 1914 Elisubel.

1019 1923 1046 1950 6.
1068 1922 1155 1950 Erant
1181 1926 1270 1950 autem

1433 1280 1512 1314 dotii,
1529 1284 1604 1307 sorte

1434 1317 1510 1349 exiit,
1531 1319 1559 1342 ut
1575 1315 1617 1342 in-

1434 1353 1460 1379 9.
1481 1358 1592 1379 censum
1605 1350 1669 1385 ’ρο-

1435 1392 1523 1421 neret,
1538 1387 1676 1420 ingressus

1434 1424 1462 1451 in
1474 1422 1608 1457 templnn;

1435 1460 1480 1487 10.
1499 1458 1615 1490 Domini,
1633 1461 1662 1486 et

1435 1495 1525 1523 Omnis
1540 1494 1611 1521 mul-

1436 1531 1522 1558 titudo
1538 1536 1599 1556 ora.

1435 1566 1480 1594 bat
1492 1573 1539 1594 ora
1556 1565 1597 1592 in-

1435 1602 1521 1630 censi.

1435 1638 1479 1665 11.
1500 1637 1635 1672 Apparuit
1648 1644 1696 1664 au-

1436 1678 1490 1700 tem
1506 1673 1547 1700 illi
1565 1675 1620 1700 An-

1433 1709 1521 1744 gelus,
1533 1713 1608 1744 stans

1432 1743 1447 1770 ti
1462 1744 1565 1771 dextris
1578 1743 1590 1759 ⁸
1602 1743 1643 1771 al-

1434 1780 1495 1806 tarii
1512 1779 1615 1807 incensi
1627 1787 1634 1805 :

1434 1814 1479 1842 12.
1499 1819 1527 1842 et
1542 1814 1637 1842 videns
1651 1813 1703 1840 Za-

1433 1850 1552 1883 charias,
1564 1854 1622 1877 tur-

1435 1886 1514 1914 batus
1524 1890 1577 1918 est,

1435 1926 1464 1949 et
1479 1922 1562 1949 timor
1574 1928 1618 1949 ce-

838 1985 954 2013 CODEX
973 1984 1171 2013 BBIXIANUS.

208 2032 341 2066 Quoniam
357 2032 466 2067 quidem
482 2033 560 2060 multi
576 2033 665 2060 conati
681 2039 744 2060 sunt
769 2033 895 2060 ordinare
911 2041 973 2059 nar-

169 2070 307 2096 rationem
321 2076 411 2096 rerum
427 2076 496 2103 quae
511 2071 536 2095 in
552 2070 631 2097 nobis
642 2070 796 2104 complente
810 2075 883 2096 sunt.
900 2069 971 2096 sicut

169 2104 344 2132 tradiderunt
373 2104 466 2137 nobis,
496 2105 541 2139 qui
565 2105 598 2131 ab
624 2105 701 2132 initio
728 2106 777 2140 ipsi
795 2105 928 2132 viderunt.
946 2109 973 2132 et

169 2140 289 2167 ministri
319 2142 428 2167 luerunt
454 2141 528 2167 verbi
554 2141 656 2174 plucuit
676 2145 704 2168 et
733 2140 797 2167 mihi
819 2141 973 2167 adseculoa

171 2176 317 2211 principio.
344 2175 381 2209 (ι)
399 2176 525 2202 omnibus
541 2175 561 2211 -ξ-
587 2177 732 2211 diligenter
746 2184 779 2203 ex
803 2176 898 2203 ordine
925 2176 972 2203 tibi

171 2214 305 2239 scribere.
322 2211 425 2245 optime
449 2211 572 2238 'l‘lteoﬁle
585 2216 609 2238 nl
623 2220 783 2246 cognoscas.
800 2220 893 2238 t'nrtun
915 2219 975 2238 νηϊ-

172 2247 282 2274 borum.
295 2247 329 2274 de
344 2248 441 2281 quibus
461 2248 582 2273 t'l'lttlillls
599 2256 626 2273 es
639 2253 779 2276 vernalem
797 2247 858 2274 Fuit
875 2248 899 2274 in
917 2247 974 2274 die—

171 2283 224 2310 bus
244 2282 359 2309 Herodis
380 2282 461 2316 Regis
474 2282 571 2309 Judue.
586 2283 719 2310 S-tcerdos
742 2283 848 2317 quidam
865 2282 974 2310 nomine

173 2317 347 2345 Zeccharias.
364 2318 398 2344 de
415 2319 472 2345 vice
488 2318 565 2345 Abiu.
583 2325 608 2345 et
626 2327 693 2345 uxor
708 2319 793 2345 illius.
807 2327 840 2346 ex
868 2319 974 2345 ﬁliabus

173 2354 274 2381 Aaron.
292 2358 318 2381 et
331 2361 430 2380 nomen
446 2354 516 2388 ejus.
540 2354 690 2381 Elisnbeth.
705 2354 789 2382 Erant
803 2359 894 2381 alitem
907 2354 973 2388 justi

172 2389 265 2416 ambo.
279 2390 304 2417 in
320 2396 467 2425 conspectu
483 2390 539 2417 Dei.
555 2390 711 2417 incedentes
724 2391 751 2417 in
759 2390 884 2418 omnibus
897 2396 974 2424 prue-

1025 2032 1121 2067 ceptis.
1131 2037 1157 2058 et
1168 2031 1409 2066 jnstiﬁcationilms
1422 2031 1537 2058 Domini.
1552 2030 1612 2067 sine
1623 2029 1824 2067 qua_erella.u_et

1026 2064 1079 2095 non
1095 2072 1153 2095 erat
1167 2064 1221 2095 illis
1237 2068 1316 2094 ﬁlius.
1333 2076 1364 2093 eo
1380 2068 1450 2101 ‹μι‹ιι1
1464 2072 1536 2094 essm
1552 2065 1691 2093 Elisabeth
1711 2064 1822 2101 sterilis.

1026 2108 1054 2131 et
1067 2104 1147 2130 ambo
1164 2103 1300 2138 progressi
1325 2100 1416 2129 essent
1445 2103 1470 2129 in
1498 2103 1593 2129 diebus
1620 2103 1687 2128 suis.
1706 2100 1823 2138 factum

1026 2145 1068 2167 est
1091 2135 1192 2166 autem.
1215 2135 1284 2166 'Cum
1312 2139 1470 2165 Sucerdutio
1509 2140 1675 2172 iungeretur.
1706 2135 1826 2163 Zaccha-

1026 2176 1092 2202 rius.
1124 2176 1149 2201 in
1187 2175 1282 2201 ordine
1307 2175 1372 2199 νιρὶμ
1405 2182 1469 2199 suae
1497 2180 1560 2200 ante
1590 2173 1684 2199 Deum.
1728 2179 1824 2198 set-un-

1026 2211 1090 2238 dum
1115 2210 1337 2237 constn-tmlinetn
1363 2209 1527 2236 Sncerdotii.
1542 2216 1601 2234 sors
1622 2208 1717 2234 exivit.
1738 2212 1768 2233 ut
1783 2208 1825 2233 in-

1027 2254 1138 2273 censum
1165 2250 1288 2280 pom-ret.
1306 2245 1446 2279 ingressus
1468 2244 1493 2269 in
1511 2246 1641 2278 templum
1655 2241 1776 2280 illomini
1799 2246 1827 2268 et

1026 2283 1114 2309 omnis
1129 2279 1274 2308 multitudo
1288 2280 1389 2314 populi.
1400 2284 1454 2305 ernl
1468 2288 1548 2305 ornus
1562 2284 1636 2306 toris.
1654 2279 1719 2305 hum
1731 2279 1825 2305 incen-

1025 2318 1058 2344 si.
1090 2316 1222 2352 Apparuit
1248 2322 1338 2343 aulem
1366 2315 1403 2352 illi
1430 2315 1681 2352 Angelusllomini.
1709 2318 1783 2352 stans
1808 2319 1824 2338 a

1023 2348 1237 2379 dextri's'altaris
1254 2351 1368 2378 incensi.
1384 2350 1419 2377 Et
1432 2351 1525 2378 videns
1540 2350 1711 2377 Zaccltarias.
1730 2348 1823 2378 turba-

1026 2393 1070 2415 tus
1080 2393 1132 2416 est.
1145 2393 1173 2415 et
1184 2388 1266 2415 timor
1285 2394 1333 2414 ce-

813 2446 930 2475 CODEX
944 2444 1176 2473 CORBEIENSIS.

210 2494 277 2522 Car.
291 2494 515 2529 I.—-l.Quoniam
530 2495 638 2530 quidem
655 2494 732 2523 multi
746 2494 836 2522 conati
851 2497 975 2530 sunt‘or-

173 2529 270 2558 dinare
290 2538 381 2559 rerum
395 2528 591 2564 narrationem,
607 2538 668 2567 quae
687 2531 713 2558 in
730 2529 808 2558 nobis
834 2528 976 2563 completa:

174 2570 250 2594 sunt.

1064 2494 1091 2520 5.
1109 2493 1142 2520 Et
1156 2500 1225 2520 uxor
1235 2492 1275 2520 illi
1288 2491 1322 2520 de
1334 2491 1449 2519 ﬁliabus.

1066 2530 1111 2557 l0.
1127 2529 1222 2565 Populi
1235 2528 1330 2557 orabat
1354 2527 1430 2554 foris.

799 2623 999 2654 VARIANTES
1017 2619 1222 2650 LECTIONES.

208 2672 218 2687 ¹
239 2672 291 2697 Gat.
303 2672 440 2703 adsequuto
452 2679 475 2696 a.
493 2672 566 2703 Vulg.
579 2675 694 2697 assecuta
704 2673 784 2697 omnia
796 2679 818 2697 a.

210 2703 220 2735 ξ
239 2703 293 2735 Gut.
306 2706 483 2734 processerunt
494 2702 575 2735 aetate
590 2704 623 2728 in.
640 2702 713 2735 Vulg.
725 2703 905 2735 processissent
915 2703 949 2735 in,

210 2734 220 2750 ³
238 2734 292 2759 Gal.
303 2737 419 2766 poneret,
431 2735 456 2760 in
467 2734 559 2766 templo
570 2734 707 2766 ingressus.
725 2734 801 2767 Vulg.
815 2737 930 2766 poneret,
941 2734 978 2757 in-

1030 2664 1333 2699 gressusinieniplumu.
1367 2694 1381 2699 ,.
1419 2695 1424 2699 .
1465 2694 1513 2699 _.
1570 2693 1585 2699 ..
1619 2694 1654 2699 ..

1061 2698 1072 2713 δ
1090 2698 1143 2722 Gal.
1154 2693 1239 2721 altaris
1258 2694 1448 2727 supplicationis.
1465 2694 1538 2727 Vulg.
1555 2693 1639 2719 altaris
1648 2693 1749 2719 incensi.

837 2785 1019 2816 BLANCIIINI
1037 2785 1153 2814 NOTE.

215 2847 254 2883 (a)
267 2848 338 2888 Lege
351 2852 545 2888 temptaverunt.
557 2863 591 2868 —
607 2846 644 2884 (ὁ)
657 2847 744 2888 Addit
753 2852 777 2874 et
792 2847 904 2888 Spiritui
924 2851 1012 2874 sancto
1023 2866 1031 2879 ,
1048 2845 1128 2874 etiam
1142 2843 1223 2871 Goth.
1240 2844 1282 2888 xui
1295 2846 1330 2869 τῶ
1342 2842 1466 2876 Πνεύματι
1488 2837 1563 2873 ἁγίῳ.
1588 2842 1620 2864 ex
1636 2837 1694 2864 Act.
1720 2837 1770 2872 Ap.
1782 2844 1828 2867 xv.

176 2882 252 2911 vers;
265 2882 349 2910 28.—-
362 2882 398 2919 (c)
414 2883 492 2911 Juxta
505 2882 784 2918 Graicamsyntaxim,
800 2885 891 2910 «iam.
