4042 6192
380 223 485 281 505
677 179 684 182 1
917 223 1188 283 EUSEBll
1228 223 1568 282 VERCELL.
1608 225 2063 286 EVANGELIUM
2103 227 2247 287 CUM
2289 229 2518 290 VARIIS
2552 229 2710 289 COD.
2742 233 3139 292 GOLLATUM.

775 343 1007 399 CODEX
1047 342 1596 402 VERGELLENSIS.

381 868 469 923 15.
512 870 657 925 niam
680 884 807 926 ecce

379 941 632 996 exaudita
655 951 739 998 est

381 1013 559 1067 oratio
589 1023 676 1067 tua
715 1033 726 1066 :

380 1092 435 1138 Ci.
464 1100 603 1138 llXOl‘
635 1092 728 1139 tua

379 1154 627 1211 Elisabet
658 1171 754 1224 pa-

377 1228 483 1281 riet
515 1227 612 1282 tibi
641 1227 747 1280 lili-

377 1313 494 1362 um,
520 1307 574 1352 et
602 1313 760 1353 voca—

377 1368 461 1422 vis
484 1385 683 1424 nomen

379 1441 496 1508 ejus
527 1441 735 1496 Johan-

379 1513 471 1567 14.
503 1527 636 1588 nem
667 1511 918 1588 :eritque

376 1583 632 1653 gaudium
665 1587 734 1638 ti-

380 1656 431 1708 bi
451 1696 464 1719 ,
496 1667 549 1709 et
582 1657 782 1710 exulta-

380 1725 480 1790 tio,
515 1735 570 1780 et
603 1727 761 1782 multi

381 1798 435 1851 in
464 1800 716 1854 nativita-

382 1880 434 1922 te
465 1869 583 1937 ejus
612 1871 818 1940 gaude-

384 1940 470 1995 15.
516 1941 650 1994 bunt
681 1960 693 1996 :
724 1945 829 2000 erit
910 1981 922 1986 ρ

381 2012 526 2066 enim
557 2028 710 2083 mag-

381 2085 769 2158 nus.in_cons-_

382 2155 541 2224 pcct'u
566 2155 781 2213 Domini
809 2178 822 2213 :

380 2235 436 2281 ct
467 2226 672 2291 viuum,
705 2239 761 2285 et

381 2298 554 2352 sicera
587 2314 694 2355 non

379 2368 559 2446 bibet;
593 2381 645 2446 et
673 2372 770 2446 Sp.
820 2415 834 2430 .
880 2415 894 2432 .
940 2416 953 2431 .
1003 2420 1015 2433 .

381 2441 581 2496 Sancto
610 2442 696 2497 in-

383 2513 616 2578 plebitur
638 2517 705 2570 ad
722 2548 734 2558 -
925 2563 930 2566 .

382 2583 488 2639 huc
519 2601 586 2638 ex
616 2598 770 2644 utero
797 2592 986 2649 matris

385 2655 474 2709 16.
518 2671 680 2724 suae;
705 2670 762 2716 et
790 2665 929 2718 mul-

384 2735 469 2780 tos
493 2726 728 2784 filiorum

383 2797 613 2852 Istrahel
640 2816 774 2856 con-

382 2876 560 2923 vertet
586 2871 652 2925 ad

384 2939 676 3018 Dominum
706 2945 873 3002 Deum
905 2946 984 3018 ip-

387 3012 478 3065 17.
520 3027 737 3081 sorum;
767 3028 824 3072 et
848 3047 861 3065 ι

381 3083 500 3151 ipse
528 3088 760 3152 praeibit

384 3155 437 3206 in
470 3168 736 3226 conspec-

385 3234 438 3278 ttt
471 3225 670 3296 cjusiu
692 3228 908 3300 Spiritu,

384 3304 441 3351 et
475 3301 674 3354 virtute

385 3368 573 3424 Heliae
600 3389 612 3424 :
646 3371 712 3426 ad
734 3386 864 3428 con-

382 3442 645 3497 vertenda

383 3513 545 3566 corda
571 3513 789 3570 Patrum

383 3582 450 3636 ad
477 3583 638 3649 lllios,
668 3597 724 3642 et
755 3587 840 3642 in-

382 3655 674 3712 credibiles

381 3725 449 3794 ad
476 3726 712 3794 pruden-

376 3793 511 3850 tiain
531 3798 720 3870 justo-5

378 3881 524 3930 rum,
557 3870 572 3898 ¹
601 3883 758 3936 para-

385 3953 445 3992 re
475 3937 706 3995 Domino
731 3956 825 4010 po-

385 4125 518 4181 eidit
561 4141 728 4196 super
752 4143 900 4184 cum.
960 4129 1107 4184 Dixit
1165 4136 1343 4182 autem
1397 4127 1463 4182 ad
1517 4125 1671 4182 illum
1734 4128 1994 4197 Angelus.

382 4199 462 4252 Ne
532 4199 725 4254 timeas
801 4200 1116 4255 Zaccharia.
1187 4201 1443 4270 quoniam
1475 4200 1728 4254 exaudita
1770 4210 1854 4253 est
1903 4199 1998 4254 tle-

388 4272 630 4338 precatio
689 4281 800 4326 tua.
853 4282 906 4327 et
955 4288 1092 4326 uxor
1147 4281 1233 4325 tua
1287 4271 1584 4325 Elisabeth.
1648 4273 1839 4339 pariet.
1900 4271 1995 4324 tibi

385 4342 576 4424 filium.
619 4352 673 4398 et
726 4345 948 4399 vocabis
997 4359 1195 4424 uoi_nen_
1242 4343 1361 4413 ejus
1429 4343 1686 4424 Joanpes.
1765 4351 1818 4396 et
1871 4345 1998 4424 erit

388 4415 646 4485 gaudium
702 4417 818 4469 tibi.
871 4425 925 4470 et
971 4417 1256 4469 exultatio.
1313 4424 1366 4467 et
1430 4413 1586 4468 multi
1675 4415 1726 4466 iu
1792 4413 1993 4466 nativi-

385 4494 498 4539 tate
545 4487 662 4554 ejus
705 4487 1139 4556 gaudebunterit
1178 4495 1357 4540 autem
1386 4502 1611 4554 magnus
1666 4485 1993 4556 coramDo-

384 4560 556 4611 mino.
593 4567 647 4611 et
674 4554 859 4610 vinum
884 4568 937 4610 et
965 4559 1157 4612 sicera.
1188 4575 1294 4610 non
1329 4557 1494 4611 bibet.
1525 4569 1578 4611 et
1622 4557 1824 4625 Spiritu
1849 4554 1988 4610 Sau-

384 4632 473 4683 ctu
507 4629 826 4698 replebitur.
865 4629 1040 4681 adhuc
1071 4646 1134 4682 ex
1182 4637 1338 4684 utero
1371 4629 1560 4683 matris
1588 4643 1738 4682 suae.
1774 4638 1826 4680 et
1853 4628 1990 4680 mul-

383 4709 470 4753 tos
509 4699 742 4754 liliurmn
783 4699 1036 4754 Stlrabcl.
1066 4708 1350 4754 convertet
1386 4701 1451 4754 ad
1488 4701 1775 4753 Dominum
1819 4699 1989 4753 Deum

387 4770 654 4838 ipsnruiu.
683 4783 736 4825 et
769 4772 886 4842 ipse
915 4772 1206 4839 praecedet
1255 4780 1380 4824 ante
1410 4773 1582 4826 illum.
1618 4773 1669 4825 in
1704 4771 1894 4842 spiritu
1935 4779 1991 4824 et

387 4843 588 4897 virtute
613 4840 818 4898 lleliac.
855 4856 913 4898 ut
950 4851 1232 4895 convertat
1264 4842 1428 4895 corda
1470 4843 1689 4896 Patrum
1723 4844 1776 4894 in
1826 4840 1988 4906 lilios,

388 4921 444 4984 et
463 4912 759 4984 ineruditos
787 4916 851 4969 ad
874 4912 1521 4984 prudentiainjustorum.
1547 4928 1738 4982 parare
1758 4911 1990 4984 Domino

392 4981 608 5052 plebem
634 4981 953 5052 perfectam.
998 4986 1064 5042 Et
1093 4984 1230 5039 dixit
1263 4981 1586 5039 Zaccharia's
1608 4984 1674 5038 ad
1700 4982 1987 5052 Angelum.

467 5170 558 5224 15.
595 5167 666 5222 Et
713 5167 789 5222 ait
840 5170 916 5223 illi
964 5170 1205 5241 Angelus
1253 5172 1486 5238 Domini,
1522 5171 1712 5227 dicens
1745 5188 1758 5224 ε
1788 5168 1866 5225 Ne
1925 5170 1991 5224 ti-

392 5256 665 5297 meas.....
696 5241 953 5309 quoniam
984 5259 1109 5296 ecce
1138 5245 1447 5299 obsecratio
1475 5252 1562 5298 tua
1605 5241 1783 5297 audita
1817 5252 1920 5297 est.

468 5313 556 5366 17.
598 5319 654 5368 et
679 5310 1032 5368 incredibiles
1051 5313 1119 5368 ad
1141 5316 1483 5384 prudentiam
1507 5316 1804 5385 justorum.

1250 441 1393 495 ulum
1428 455 1550 511 per-

1234 522 1414 567 ectum
1427 554 1437 565 .

1213 553 1742 640 ibimlil'i-ait'Zacha.
1790 626 1801 639 .
1831 616 1855 625 -

1212 669 1273 710 as
1299 655 1368 709 ad
1408 657 1590 726 Ange-

1216 726 1363 791 lum:
1395 726 1553 784 Unde
1578 729 1679 784 hoc

1213 797 1407 878 sciant?
1435 815 1534 870 ego

1216 885 1364 924 enim
1394 884 1562 925 senex

1217 955 1361 1007 sum,
1387 950 1442 996 et
1468 957 1604 998 uxor

1218 1027 1338 1067 mea
1372 1028 1590 1082 proces-

1217 1084 1288 1136 sit
1318 1085 1371 1137 in
1401 1084 1592 1139 diebus
1631 1085 1765 1140 suis.

1222 1154 1306 1209 19.
1335 1153 1408 1208 Et’
1440 1157 1779 1226 respondens

1218 1227 1458 1296 Angelus
1485 1227 1568 1282 di-

1116 1309 1122 1314 '
1218 1297 1299 1369 xit
1329 1298 1379 1352 ei
1406 1317 1418 1351 :
1447 1299 1559 1369 Ego
1595 1314 1715 1356 sum

1217 1367 1459 1436 Gabriel,
1490 1367 1580 1440 qui

1216 1440 1422 1495 adsisto
1444 1442 1497 1496 in

1215 1521 1514 1582 constiectu

1216 1582 1312 1637 Dei
1343 1601 1355 1637 :
1388 1594 1443 1638 et
1469 1584 1668 1640 missus

1217 1670 1334 1709 sum
1365 1655 1512 1724 loqui

1217 1725 1283 1779 ad
1309 1736 1378 1790 te,
1405 1735 1459 1780 et
1479 1727 1602 1781 veni
1638 1743 1698 1780 n-

1219 1797 1432 1851 untiare
1463 1797 1561 1852 tibi

1216 1867 1306 1923 20.
1352 1867 1504 1923 haec.
1534 1871 1598 1925 Et
1615 1885 1743 1926 ecce

1219 1940 1330 1994 eris
1354 1941 1374 1970 ’
1401 1948 1606 2005 tacens,
1643 2006 1646 2010 λ

1220 2019 1275 2066 et
1316 2026 1421 2065 non
1457 2023 1601 2082 pote-

1220 2083 1295 2136 ris
1323 2082 1470 2151 loqui
1503 2099 1592 2138 us—

1223 2194 1234 2206 .
1283 2192 1296 2206 .
1332 2170 1399 2209 ue
1428 2155 1480 2208 in
1513 2155 1679 2223 diem,

1283 2265 1295 2276 .
1343 2267 1354 2278 .
1380 2243 1413 2280 ο
1443 2227 1748 2295 ﬁanthaec,

1219 2298 1474 2366 quoniam
1500 2315 1607 2354 non

1220 2368 1498 2423 credidisti

1223 2439 1407 2494 verbis
1436 2456 1549 2497 me-

1219 2511 1285 2584 is,
1312 2526 1437 2581 qua.
1481 2553 1496 2567 .
1541 2550 1556 2567 .
1587 2511 1761 2584 mple-

1221 2581 1424 2636 buntur
1449 2594 1586 2640 tem—

1220 2669 1352 2720 pore
1382 2670 1502 2709 suo.

1219 2724 1309 2797 21.
1354 2725 1418 2777 Et
1446 2735 1568 2781 erat
1593 2741 1762 2797 popu-

1220 2796 1303 2848 lus
1334 2796 1629 2865 expectans

1220 2866 1536 2921 Zachariam
1562 2888 1573 2921 :

1220 2947 1275 2992 et
1303 2937 1577 2993 miraban-

1224 3022 1330 3074 tur,
1361 3011 1504 3080 quod
1539 3026 1653 3065 ino-

1222 3097 1335 3136 ram
1361 3083 1562 3137 faceret

1224 3155 1275 3207 in
1306 3155 1527 3224 templo.

1223 3225 1314 3279 Ξῖ.
1361 3227 1623 3296 Egressus
1650 3231 1746 3280 alt-

1227 3307 1333 3352 tem
1365 3313 1472 3351 non
1499 3313 1594 3366 po-

1223 3375 1365 3423 terat
1385 3369 1534 3439 loqui

1223 3439 1290 3493 ad
1318 3455 1432 3504 eos,
1460 3451 1514 3497 et
1542 3457 1669 3514 cog-

1223 3522 1492 3567 noverunt

1223 3583 1343 3652 quia
1379 3582 1642 3640 visionem

1225 3653 1362 3708 vidit
1395 3656 1446 3709 in
1479 3665 1617 3712 tem—

1225 3727 1332 3796 plo.
1358 3725 1425 3780 Et
1452 3727 1568 3796 ipse
1597 3737 1714 3782 erat

1227 3795 1247 3825 ³
1293 3837 1304 3849 .
1352 3836 1365 3849 .
1409 3795 1579 3853 ηιιειιε
1609 3799 1667 3852 il-

1228 3866 1316 3949 lis,
1349 3879 1404 3923 et.
1433 3886 1580 3939 perm
1590 3886 1684 3924 an—

1225 3949 1296 3992 ειι
1320 3950 1523 3996 mutus.

2515 350 2748 408 GODEX
2792 351 3248 409 VEBONENSIS.

2085 442 2216 514 cidit
2255 457 2417 514 super

2085 513 2258 570 illum.

2087 586 2176 657 ιδ.
2220 585 2297 657 (ιι)
2332 585 2400 641 Ει
2421 586 2462 657 -ι-
2484 589 2560 643 ait
2580 587 2646 643 ad

2085 656 2237 728 illum
2265 656 2524 728 Angelus,

2085 726 2273 783 dicens
2304 748 2316 783 :
2346 726 2422 784 Ne

2091 799 2283 855 timeas
2311 799 2332 830 "
2362 801 2464 854 Za-

2085 869 2296 937 cbaria,
2321 888 2455 942 quo-

2088 942 2230 995 niam
2259 943 2421 998 obse-

2087 1013 2257 1066 cratio
2291 1023 2376 1068 tua

2088 1084 2338 1139 exaudita
2357 1096 2475 1142 est:
2505 1099 2561 1145 et

2089 1169 2226 1208 UXOI‘
2253 1165 2340 1210 tua

2089 1224 2322 1298 Elisabel
2356 1245 2446 1298 pa-

2087 1297 2190 1352 riet
2215 1299 2308 1353 tibi
2332 1297 2393 1354 Ii-

2089 1367 2241 1435 lium,
2269 1377 2325 1424 et
2357 1387 2451 1426 vo--

2088 1441 2240 1495 cabis
2264 1457 2461 1499 nomen

2090 1512 2207 1577 ejus
2235 1511 2439 1569 Johan-

2095 1581 2182 1636 14.
2223 1599 2328 1638 nen
2357 1603 2368 1638 :
2401 1596 2457 1642 et
2482 1592 2586 1643 erit

2089 1653 2346 1722 gaudium
2373 1659 2492 1725 tibi,

2090 1731 2146 1778 et
2170 1726 2461 1795 exultatio,

2091 1805 2146 1849 et
2178 1797 2334 1853 multi
2365 1801 2418 1854 in

2091 1869 2378 1942 nativitate
2409 1873 2528 1942 ejus

2091 1939 2447 2008 gaudebunti

2093 2010 2185 2064 15.
2227 2014 2331 2067 erit
2361 2015 2505 2069 enim

2096 2097 2322 2154 magnus
2345 2100 2530 2141 coram

2099 2152 2358 2221 Domino;

2095 2231 2152 2306 et
2179 2225 2384 2300 vinum,
2419 2236 2474 2283 et

2094 2309 2266 2352 Sicera
2275 2315 2322 2352 111
2356 2314 2466 2356 non

2094 2366 2278 2436 bibet;
2303 2379 2360 2424 et

2094 2438 2297 2508 Spiritu
2323 2442 2460 2498 San—

2094 2518 2183 2566 cto
2213 2513 2445 2582 replebi-

2096 2593 2183 2637 ιιιι·
2211 2600 2276 2638 ex
2310 2595 2469 2643 lllCl‘O

2092 2658 2284 2711 matris
2313 2673 2463 2724 suae;

2093 2727 2181 2780 16.
2223 2737 2278 2784 et
2330 2733 2529 2786 multos

2092 2799 2232 2854 ﬁlios
2261 2801 2486 2857 Istrahel
2513 2817 2743 2858 conver-

2096 2879 2170 2922 tet
2191 2870 2256 2924 ad
2293 2873 2396 2925 Do-

2095 2941 2297 2996 minum
2329 2943 2498 2998 Deum

2094 3014 2182 3070 17.
2227 3015 2489 3084 ipsorum;
2516 3023 2571 3069 et

2091 3087 2208 3156 ipse
2231 3086 2520 3159 praecedet
2557 3141 2578 3159 ,

2091 3165 2216 3212 ante
2236 3158 2384 3211 illum

2091 3227 2144 3281 in
2174 3229 2386 3297 spiritu,
2419 3239 2474 3283 et

2093 3300 2290 3355 virtute
2325 3301 2427 3354 lle-

2092 3370 2197 3425 liae
2230 3390 2242 3424 :
2278 3383 2332 3426 ut
2356 3388 2487 3428 con-

2095 3452 2268 3496 vertat
2297 3445 2464 3498 corda

2093 3512 2308 3569 Patrum
2328 3515 2379 3569 in

2094 3584 2256 3647 ﬁlios,
2291 3596 2344 3641 et
2376 3587 2456 3643 in-

2094 3655 2383 3713 credibiles
2413 3661 2480 3713 ad

2097 3729 2441 3795 prudentiam

2089 3798 2381 3868 justorum,
2414 3817 2498 3870 pa-

2097 3885 2216 3924 rare
2252 3871 2481 3928 Domino

2095 3941 2310 4010 plebem
2343 3959 2466 4013 per-

1716 4033 1951 4090 GODEX
1989 4033 2390 4092 BRIXIANUS.

2102 4128 2255 4184 Unde
2285 4131 2389 4185 hoc
2410 4145 2759 4200 cognoscam.
2793 4145 2895 4200 ego
2921 4127 3064 4184 enim
3097 4143 3216 4182 smn
3267 4141 3447 4200 senes.
3483 4134 3707 4200 etuxor

2101 4216 2244 4255 mea.
2275 4195 2540 4270 processit
2572 4204 2624 4258 in
2671 4195 2862 4257 diebus
2891 4201 3024 4254 suis.
3059 4200 3127 4255 Et.
3155 4198 3494 4268 respondens
3523 4195 3706 4266 Auge-

2101 4272 2184 4326 lus
2211 4273 2440 4352 dixitei‘.
2478 4275 2590 4345 Ego
2617 4290 2735 4352 sum
2755 4272 3035 4352 Gabriliel.
3075 4272 3166 4352 qui
3209 4271 3422 4352 adsisto
3463 4273 3514 4324 in
3571 4287 3706 4352 cui]:

2099 4347 2456 4422 Spectu__Dei.
2489 4341 2770 4422 et_missus
2800 4361 2917 4422 suin
2965 4343 3113 4412 loqui
3160 4342 3224 4396 ad
3278 4352 3351 4396 te.
3411 4342 3541 4396 haec
3603 4341 3702 4422 tibi

2098 4416 2494 4484 evangelizare.
2554 4418 2621 4471 Et
2667 4432 2794 4471 cccc
2839 4418 2948 4470 eris
2979 4424 3187 4469 tacens.
3239 4422 3293 4467 et
3344 4429 3449 4466 non
3496 4416 3704 4482 poteris

2099 4487 2265 4555 loqui.
2297 4485 2468 4557 usque
2503 4491 2553 4542 in
2579 4489 2719 4543 diem
2749 4504 2856 4557 quo
2889 4490 3018 4541 haec
3044 4487 3174 4539 liant
3199 4500 3296 4553 pro
3325 4500 3391 4539 eo
3424 4485 3564 4552 quod
3591 4499 3702 4538 non

2096 4560 2374 4613 credidisti
2408 4561 2588 4614 verbis
2623 4561 2784 4624 meis,
2817 4575 2954 4628 quae
2984 4557 3349 4636 implebantur
3371 4558 3420 4609 in
3455 4565 3704 4636 tempore

2097 4645 2216 4682 suo.
2266 4630 2330 4684 Et
2373 4641 2493 4686 erat
2525 4632 2696 4701 plebs.
2728 4627 3024 4698 expectans
3053 4627 3422 4701 Z-iecliariaiii.
3454 4637 3506 4680 ct
3533 4627 3704 4678 mira-

2103 4703 2319 4756 bantur.
2352 4701 2496 4774 quud
2525 4699 2765 4757 tardaret
2790 4702 2909 4771 ipse
2963 4699 3273 4774 in‘templo.
3301 4699 3561 4767 Egressus
3602 4712 3706 4751 au-

2103 4783 2231 4828 tem.
2287 4770 2396 4829 non
2453 4783 2666 4850 poterat
2721 4770 2863 4850 loqui
2908 4771 2975 4825 ad
3006 4770 3149 4850 illos.
3206 4779 3259 4850 et
3302 4776 3732 4850 cognovertmt.,

2098 4847 2243 4915 quod
2270 4841 2532 4902 visionem
2583 4845 2806 4898 vidisset
2850 4843 2902 4897 in
2963 4841 3165 4912 templo
3212 4841 3277 4896 Et
3308 4842 3424 4910 ipse
3452 4850 3569 4895 erat
3615 4841 3701 4893 in-

2101 4933 2272 4972 nuens
2303 4917 2430 4973 illis.
2461 4928 2513 4974 et
2539 4915 2837 4988 permansit
2867 4924 3064 4970 mulus.

1685 5073 1915 5132 CODEX
1957 5073 2426 5131 CORBEIENSIS.

2170 5169 2272 5238 19.Δ
2301 5177 2357 5223 et
2385 5168 2525 5224 dixit
2546 5169 2594 5224 ei
2623 5186 2636 5222 :
2673 5168 2784 5238 Ego
2812 5167 2958 5222 enim
3015 5181 3137 5223 sum
3190 5165 3427 5237 Angelus
3456 5163 3703 5232 Gabriel,

457 5501 472 5532 ¹
511 5503 618 5551 Gal.
647 5514 819 5563 parare
843 5501 1067 5563 Domino.
1102 5498 1246 5561 Vulg.
1274 5513 1447 5563 parare
1471 5501 1697 5551 Domino.

459 5567 478 5629 ξ
513 5565 620 5629 ραι.
647 5561 835 5614 tacens.
860 5561 1043 5614 recenti
1065 5576 1234 5629 manu,
1261 5561 1622 5629 mutuaqulg.
1651 5562 1839 5613 tacens.

460 5626 482 5658 ³
514 5626 622 5675 Gal.
653 5640 875 5677 annuens
896 5629 986 5676 eis.
1019 5625 1165 5692 Vulg.
1187 5627 1400 5677 innuens
1418 5625 1532 5677 illis.

462 5778 538 5849 (a)
570 5778 648 5836 Ita
679 5789 734 5838 et
752 5781 876 5836 cod.
908 5781 1064 5839 Gant.
1097 5787 1204 5839 καί.

2096 5241 2186 5310 qui
2210 5233 2386 5293 adsto.

2925 445 3158 516 rectam.

2926 518 3012 572 18.
3055 517 3118 572 Et
3147 515 3284 574 dixit
3312 517 3440 572 Zac-

2923 589 3135 644 Charias
3155 589 3222 645 ad

2923 660 3187 729 Angelum
3214 679 3227 715 :

2927 729 3080 786 Unde
3114 733 3216 788 hoc

2927 804 3122 856 sciam?
3148 819 3250 873 ego

2925 876 3072 929 enim
3101 890 3268 931 senex

2927 961 3070 1010 sum,
3096 955 3150 1002 et
3191 963 3324 1002 uxor

2927 1032 3046 1071 mea
3069 1020 3372 1086 processior

2928 1088 2978 1140 iu
3003 1089 3195 1148 diebus
3233 1091 3364 1146 suis.

2927 1159 3015 1215 19.
3060 1161 3126 1220 Et
3155 1161 3504 1227 respondens.

2927 1229 3166 1302 Angelus
3193 1233 3331 1290 dixit

2926 1304 2975 1356 ei
3001 1319 3015 1356 :
3054 1305 3164 1372 Ego
3196 1320 3314 1359 sum

2928 1373 3168 1439 Gabriel,
3200 1377 3288 1444 qui

2929 1445 3135 1499 adsisto
3163 1456 3289 1501 ante

2932 1516 3217 1572 Dominum
3254 1525 3345 1573 :et

2933 1587 3156 1643 missum
3181 1589 3328 1658 loqui

2931 1665 2987 1711 at
3007 1667 3080 1726 te,
3113 1671 3168 1714 et
3192 1659 3324 1715 haec

2934 1731 3027 1782 tibi
3059 1747 3225 1785 evan-

2931 1800 3022 1854 20.
3065 1803 3322 1871 gelizare.
3356 1801 3421 1858 Et

2934 1887 3062 1926 ecce
3090 1877 3198 1928 eris

2937 1952 3142 2010 tacens,
3175 1953 3230 1999 et
3255 1960 3362 1999 non

2936 2018 3138 2083 poteris
3167 2015 3313 2083 loqui

2937 2101 3105 2154 usque
3136 2087 3190 2141 in
3223 2089 3384 2153 diem,

2934 2172 3043 2226 quo
3067 2157 3200 2214 haec

2937 2232 3105 2300 iiant,_
3122 2237 3340 2300 propter

2937 2299 3060 2367 hoc,
3085 2303 3209 2371 quia

2934 2385 3042 2426 non
3071 2372 3347 2427 credidisti

2934 2443 3115 2497 verbis
3140 2445 3298 2508 meis,

2933 2529 3072 2584 quae
3104 2516 3292 2584 imple-

2934 2585 3133 2640 buntur
3157 2586 3211 2639 in

2936 2666 3176 2727 tempore
3206 2672 3326 2713 suo.

2931 2727 3023 2782 21.
3066 2731 3132 2783 Et
3161 2742 3273 2784 erat
3295 2728 3449 2801 pleb‘s

2929 2812 3226 2870 expectans

2931 2871 3281 2926 Zacchariam
3306 2890 3320 2927 :

2931 2953 2984 2997 et
3007 2943 3366 3009 mirabantur,

2932 3032 2996 3068 eo
3025 3016 3170 3084 quod
3196 3025 3304 3069 tar-

2929 3085 3106 3141 daret.
3154 3126 3166 3140 .
3216 3129 3226 3139 .

2931 3160 3156 3226 templo.

2926 3228 3016 3282 22.
3064 3231 3325 3300 Egressus
3352 3238 3533 3283 autem

2929 3316 3034 3355 non
3063 3309 3274 3368 poterat

2931 3373 3077 3442 loqui
3103 3373 3168 3426 ad
3199 3373 3341 3436 illos,

2929 3453 2986 3496 et
3013 3458 3280 3513 cognove—

2937 3524 3062 3568 runt
3087 3513 3228 3581 quod

2933 3586 3200 3640 visionem
3225 3586 3302 3638 vi-

2933 3656 3078 3711 derit
3105 3659 3154 3710 in
3186 3665 3323 3711 tem-

2934 3728 3042 3796 plo.
3083 3729 3148 3782 Et
3179 3729 3293 3796 ipse

2933 3809 3052 3853 erat
3079 3798 3325 3855 adnuens

2937 3870 3065 3932 illis,
3102 3882 3156 3941 et
3187 3885 3307 3940 per-

2937 3941 3137 3995 mansit
3166 3953 3367 3998 mutus.

2169 5312 2261 5367 20.
2305 5321 2526 5381 propter
2556 5311 2678 5377 hoc,
2707 5309 2850 5381 quod
2873 5325 2982 5368 non
3011 5311 3192 5366 credis
3219 5309 3402 5365 verbis
3430 5307 3589 5363 meis.

1608 5409 2002 5467 VARIANTES
2039 5404 2334 5463 LECTION
2341 5403 2441 5464 ES.

2167 5501 2188 5531 ⁸
2221 5502 2328 5551 Gut.
2355 5500 2632 5564 Zacharias,
2658 5504 2769 5564 quia
2795 5515 2910 5553 ecce
2947 5502 3178 5553 exaudita
3219 5505 3312 5552 est.
3342 5499 3486 5562 Vulg.
3512 5495 3699 5547 Zacha-

2098 5563 2191 5626 ria,
2211 5541 2448 5628 quoniam;
2469 5541 2701 5614 exaudiiit
2717 5572 2810 5614 est.

1734 5709 2098 5771 BLANGHINI
2136 5714 2361 5772 ΝΟΤᾸΞ.
