2021 3096
171 130 226 163 507
438 131 575 161 EUSEBII
594 131 764 161 VERCELL.
784 130 1008 161 EVANGELIUM
1027 132 1098 162 CUM
1121 133 1237 164 VARUS
1254 134 1334 164 COD.
1353 134 1549 164 COLLATUM.
1772 129 1830 161 508

1130 183 1132 185 ’
1245 194 1362 224 CODEX
1380 193 1609 224 VERONENSIS.

369 193 487 223 CODEX
508 191 779 222 VERCELLENSIS.

175 246 244 276 tum,
260 249 341 270 voca-

175 279 250 306 vitur
264 278 349 306 Filius

174 314 221 342 36.
235 314 295 342 Dei.
309 314 343 342 Et
354 321 419 343 ecce

176 349 298 378 Elisabet
312 357 376 386 cog-

179 391 241 414 nata
255 390 311 418 tua,
324 390 352 413 et

175 421 234 453 ipsa
248 422 387 456 concepit}
593 420 738 448 Benedicta
754 425 781 446 tu

174 456 272 485 Filium
287 456 314 484 itt
329 459 384 492 se-l
592 458 666 483 inter
683 456 760 482 muli-

178 498 256 520 necta
272 500 320 520 sua
334 502 342 520 :
594 499 665 525 eres,
682 497 708 517 et
722 492 768 518 be—

174 533 202 557 et
214 528 258 556 hic
271 535 349 556 men—
596 547 602 553 .
626 547 634 554 .
657 548 664 555 .
686 528 757 554 ictus

178 564 217 592 sis
227 569 320 591 sextus
331 569 374 592 est
596 581 604 589 .
628 583 635 590 .
658 585 665 591 .
688 582 694 588 .
717 568 760 590 tus
775 568 841 589 ven-

178 600 393 635 ei,quaevoca-
597 619 604 626 .
646 619 652 626 .
694 617 701 624 .
741 616 749 625 .
788 617 796 624 .
838 617 844 623 .
885 615 893 623 .
933 616 940 624 .

180 640 224 663 tur
238 635 351 669 sterilis,

179 671 226 699 37.
247 672 309 706 quia
325 679 379 699 non
392 675 435 700 est

179 706 340 742 inpossibile

179 748 244 777 aput
258 743 342 770 Deum

179 786 262 806 omne
275 785 302 805 ν.
321 799 327 806 .
348 793 362 799 -

180 813 227 841 58.
250 814 323 842 bttm.
341 814 375 842 Ει
388 813 458 842 dixit

180 849 263 877 Maria
281 859 287 877 :
302 850 371 878 Ecce

180 885 286 913 Ancilla
299 886 332 913 D.
354 905 361 914 .
384 906 392 913 .
415 904 423 913 .
445 905 452 913 .
477 905 483 911 .

182 921 423 949 iiatm.....

184 977 191 985 ο
232 975 240 983 ε
281 976 288 984 ο
328 978 335 984 -
376 978 382 984 -
423 977 431 985 ο
472 976 479 983 ο
519 975 527 985 ι

595 261 603 268 σ
643 261 651 269 ο
691 260 699 269 ι
740 260 747 268 ο
787 260 795 268 ο
834 259 842 268 υ
882 258 890 266 ι
931 260 938 266 ο

594 312 641 354 42.
661 317 691 339 et
702 311 838 340 exclama-

596 353 633 375 vit
644 356 798 389 vocemug-

598 392 642 416 Ita,
658 389 685 411 ct
697 390 733 411 att
751 393 756 409 :

598 654 604 661 .
646 655 653 661 .
692 652 700 660 ι
741 654 748 661 .
788 652 796 660 ο
836 653 843 659 ι
886 652 892 659 .
933 651 941 660 ο

598 724 606 733 ο
647 726 653 732 .
694 725 700 732 ι
743 724 750 731 ο
790 723 798 731 ι
839 725 846 732 .
887 724 894 731 ο
935 724 941 730 -

599 832 608 839 ι
648 833 655 840 .
696 833 702 840 .
743 831 750 839 ο
790 830 799 839 ο
837 831 846 839 ι
885 831 893 840 ο
934 831 941 839 ι

600 868 607 876 ι
648 867 656 875 ι
695 868 703 877 ο
744 868 751 876 .
791 866 798 874 ι
838 867 846 874 ι
887 866 894 873 α
935 866 942 873 ο

603 975 611 983 .
651 975 659 983 ο
699 975 706 982 ι
747 976 753 982 .
795 975 802 982 ι
841 974 849 982 ι
887 973 896 981 ο
937 974 943 980 .

184 1080 946 1098 ι...,.....ιι..ο.ο

184 1171 231 1199 59.
255 1171 336 1200 Maria
348 1172 376 1200 in

184 1207 281 1235 diebus
293 1208 324 1235 il-

602 1171 649 1199 45.
670 1174 696 1197 ta
710 1176 740 1198 es
751 1190 758 1202 ,
772 1176 842 1205 quae
855 1175 916 1196 cre-

603 1206 695 1234 didisti
710 1205 782 1241 quod

185 1243 231 1286 iis,
246 1247 275 1270 et
286 1244 355 1272 abiit
602 1242 799 1283 ericconsum-

185 1283 213 1307 in
228 1284 333 1307 monta-
604 1283 687 1306 matto
700 1284 806 1310 eorum,

188 1322 250 1342 nam
261 1322 323 1342 cum
603 1322 672 1349 quae
687 1313 734 1340 tibi
749 1313 806 1340 dic-

186 1350 295 1377 festina.
317 1371 325 1378 .
343 1371 350 1378 .
365 1366 378 1372 -
603 1348 630 1377 ta
650 1354 714 1376 sunt
727 1356 741 1375 a
758 1348 883 1375 Domino.

188 1393 235 1418 ne,
251 1387 277 1412 in
292 1385 316 1413 ci
334 1406 341 1413 .
361 1406 367 1413 .
384 1405 392 1412 .
604 1386 649 1412 46.
667 1385 702 1412 Ει
715 1385 754 1411 ait
764 1383 802 1419 (α)
815 1381 980 1417 Elisabet'l-z

187 1425 242 1449 tem
257 1420 289 1449 Ju
310 1442 315 1448 .
333 1442 340 1448 .
357 1443 364 1449 .
606 1421 615 1437 ι
630 1420 782 1454 Magnilleat

189 1474 198 1483 δ
238 1477 246 1485 .
286 1476 294 1484 ι
334 1477 341 1485 .
382 1477 388 1484 .
428 1476 436 1485 ο
478 1477 484 1483 .
525 1477 532 1484 .
607 1462 770 1483 ammamea

606 1492 654 1519 47.
676 1490 820 1518 Dominum
835 1497 842 1516 :
858 1493 887 1517 et
907 1489 984 1518 exul-

608 1527 674 1554 tavit
688 1526 810 1562 spiritus.
833 1544 840 1552 .
862 1546 869 1553 .

606 1562 846 1590 usinD....-

606 1599 695 1625 lutare
705 1604 778 1625 meo.

605 1634 651 1662 48.
667 1655 673 1661 .
691 1654 698 1662 .
718 1655 724 1662 .
740 1640 754 1660 a
765 1640 858 1668 respe-

608 1670 648 1697 xit
665 1669 749 1697 humi.
773 1689 780 1696 .
803 1684 833 1696 .—

609 1710 691 1734 tatem
704 1704 789 1733 ancil-

610 1761 617 1769 .
639 1762 646 1769 ι
668 1748 784 1770 esuae:

190 1584 198 1591 ι
239 1583 246 1591 1
288 1584 294 1591 ι
334 1585 341 1592 .
382 1583 390 1591 ο
429 1584 438 1592 ο
479 1584 486 1592 ο
526 1584 533 1592 σ

191 1690 199 1698 ο
239 1692 246 1699 ι
287 1691 294 1699 ι
335 1692 341 1699 ι
383 1692 390 1700 ι
430 1689 438 1698 ο
478 1692 485 1699 ο
525 1694 532 1700 .

191 1762 200 1772 ο
239 1763 247 1771 ο
287 1763 295 1772 ο
335 1763 343 1771 ι
382 1764 391 1772 ι
430 1763 438 1771 ο
478 1763 485 1770 ο
525 1763 533 1770 ι

289 1836 294 1842 1
335 1835 342 1842 ο
384 1836 390 1843 .
431 1834 438 1842 ι
479 1835 486 1842 ε
528 1834 534 1842 ι
611 1834 617 1842 Ι
658 1833 665 1841 ι
706 1833 713 1840 1
754 1833 761 1840 .
802 1833 808 1838 -
848 1832 855 1839 ι
896 1833 903 1840 θ
944 1832 951 1840 α

192 1869 200 1878 1
239 1870 247 1878 ο
287 1871 294 1878 ι
337 1871 343 1877 ι
384 1871 391 1878 ο
431 1870 439 1878 ι
480 1871 487 1877 ο
527 1871 534 1879 ι
610 1869 618 1877 ο
658 1868 666 1876 ι
706 1869 713 1876 ο
754 1869 760 1875 -
801 1869 807 1875 -
849 1868 856 1875 -
897 1869 904 1876 ι
945 1869 951 1876 ι

611 1905 619 1913 ι
659 1906 667 1914 ο
708 1905 714 1912 ι
755 1905 762 1912 ι
803 1904 810 1911 ο
850 1904 857 1911 ι
898 1905 904 1912 ι
945 1904 953 1912 ο

192 1941 199 1948 ι
241 1941 248 1947 -
289 1941 296 1949 ι
336 1942 343 1948 ι
384 1942 390 1948 .
432 1943 438 1948 .
480 1942 486 1949 .
528 1941 534 1948 ι
611 1941 618 1948 σ
659 1942 665 1947 -
707 1940 714 1948 ι
754 1941 761 1947 ε
804 1940 810 1947 ι
851 1940 857 1946 .
898 1940 905 1947 ι
947 1941 953 1948 ι

1027 245 1087 269 ctus
1098 248 1180 269 γορε-

1028 277 1101 304 1›ἰιυι·
1114 277 1199 305 Filius

1030 313 1089 340 Dei.

1028 349 1073 376 56.
1094 349 1127 376 Et
1140 356 1204 377 ecce
1215 349 1269 377 Eli-

1028 385 1103 412 sabel
1118 389 1230 419 cognata

1028 424 1086 453 tua,
1103 425 1130 448 et
1145 421 1202 454 ipsa

1028 457 1155 497 concepit
1171 456 1268 484 Filium

1029 500 1056 519 ιιι
1070 497 1179 519 senecta

1030 535 1079 555 sua
1096 536 1102 554 :
1117 533 1144 554 et
1160 528 1204 555 hic

1030 564 1133 591 mensis
1146 568 1188 591 est

1030 604 1124 627 sextus
1137 599 1185 631 illi,

1030 642 1100 670 quae
1116 642 1197 662 voca-

1011 676 1018 682 '
1031 671 1111 697 batur
1131 670 1245 704 sterilis,

1031 706 1077 733 57.
1098 707 1160 741 quia
1177 714 1231 734 non

1031 746 1074 769 est
1087 742 1257 777 impossibile

1034 778 1089 805 Deo
1103 785 1185 805 omne

1033 813 1078 840 58.
1094 813 1218 840 verbum.
1234 813 1268 841 Et

1034 849 1162 876 discessit
1174 849 1208 876 ab

1035 885 1080 912 illa
1093 886 1183 919 Auge-

1036 921 1089 948 lus.

1037 956 1082 984 39.
1104 956 1245 991 Exurgens

1037 999 1127 1019 autem
1144 992 1227 1020 Maria

1037 1028 1064 1055 in
1076 1028 1172 1056 diebus

1038 1064 1104 1096 illis,
1124 1063 1192 1090 abiit

1037 1099 1064 1126 itt
1079 1104 1207 1126 montana

1037 1142 1098 1162 cum
1110 1134 1185 1162 festi-

1036 1171 1147 1198 natione
1162 1170 1189 1198 in

1036 1207 1145 1234 civitate

1035 1242 1139 1270 Judeae
1155 1250 1161 1269 :

1034 1278 1080 1307 40.
1103 1279 1134 1305 Ει
1149 1278 1259 1305 intravit

1034 1314 1062 1341 in
1077 1314 1188 1342 domum

1034 1350 1195 1382 Zachariae,
1209 1354 1237 1377 et

1034 1386 1162 1413 salutavit
1176 1386 1230 1413 Eli-

1035 1421 1081 1448 M.
1103 1422 1188 1449 sabel.
1203 1421 1239 1449 Et

1036 1457 1135 1484 factum
1150 1462 1202 1490 est,

1036 1497 1066 1520 ut
1082 1492 1185 1520 audivit

1038 1527 1230 1556 salutationem

1038 1564 1137 1591 Mariae
1149 1564 1206 1592 Eli-

1038 1600 1124 1632 sabel,
1139 1601 1216 1627 exul-

1039 1636 1106 1662 tavit
1117 1635 1204 1664 infans

1039 1670 1066 1698 in
1080 1676 1158 1699 utero

1039 1706 1098 1740 eius
1117 1715 1123 1732 :
1139 1712 1165 1734 et
1177 1715 1221 1735 re-

1039 1743 1111 1777 pleta
1122 1747 1164 1770 est

1040 1778 1141 1811 Spiritu
1156 1778 1225 1807 San-

1040 1813 1086 1841 42.
1108 1821 1151 1842 cto
1166 1815 1294 1849 Elisabel,

1041 1854 1069 1877 et
1082 1851 1243 1878 exclamavit

1041 1893 1109 1922 vuce
1123 1894 1230 1922 magna,
1268 1909 1271 1911 .

1044 1921 1137 1949 dicens
1151 1931 1157 1949 ε

851 1966 968 1994 CODEX
988 1967 1184 1997 BRIXIANUS.

1043 2021 1069 2043 et
1092 2016 1171 2044 dixit.
1198 2017 1343 2044 Benedicta
1363 2021 1390 2044 ttt
1418 2016 1444 2043 in
1462 2016 1621 2044 mulieribus
1645 2020 1673 2043 et
1687 2014 1845 2043 benedictus

1044 2051 1145 2079 fructus
1161 2054 1263 2079 ventris
1279 2052 1327 2079 ttti.
1356 2053 1389 2079 Et
1417 2052 1487 2079 unde
1504 2052 1555 2079 ltoe
1581 2052 1658 2079 mibi.
1687 2056 1716 2078 ut
1742 2051 1846 2078 veniret

1042 2087 1127 2114 Mater
1153 2088 1258 2115 Domini
1274 2088 1326 2115 mei
1347 2089 1379 2115 ad
1404 2096 1457 2115 tne.
1482 2088 1552 2115 Ecce
1579 2089 1663 2116 enim.
1679 2092 1708 2114 ut
1723 2086 1790 2114 facta
1803 2091 1847 2113 est

1042 2131 1094 2150 vox
1122 2125 1290 2150 salutationis
1308 2131 1368 2149 tuae
1396 2125 1421 2150 in
1448 2125 1559 2150 aut-ibus
1578 2124 1656 2150 turis.
1670 2123 1803 2150 exultavit
1818 2121 1845 2148 itt

1042 2159 1140 2194 gaudio
1159 2161 1244 2186 inlatis
1262 2162 1286 2186 in
1305 2166 1381 2186 llll‘l't)
1404 2168 1471 2186 meo.
1496 2166 1521 2186 et
1539 2160 1614 2187 beata
1631 2168 1660 2185 es
1674 2167 1742 2192 quae
1757 2158 1846 2184 credi—

1043 2194 1115 2222 disti.
1134 2197 1260 2229 quoniam
1281 2196 1456 2229 pct'licicntur
1475 2203 1505 2221 ea
1522 2204 1590 2229 quth
1605 2195 1620 2221 tl
1633 2202 1677 2221 cta
1694 2199 1755 2220 sunt
1771 2194 1816 2219 tibi
1832 2201 1846 2220 εὶ

1046 2230 1169 2257 Doutinu.
1181 2233 1212 2257 lit
1227 2232 1290 2257 tlixtt
1305 2232 1398 2258 Maria.
1414 2231 1563 2264 lllagttlicat
1578 2230 1666 2256 anima
1679 2237 1742 2255 metr
1754 2230 1846 2255 liomi-

1047 2274 1121 2292 nutu.
1136 2273 1162 2292 ct
1177 2268 1303 2293 exultavit
1317 2268 1427 2300 spiritus
1440 2275 1523 2293 lucus.
1540 2267 1564 2293 in
1582 2267 1636 2293 lien
1652 2266 1761 2292 salutari
1775 2274 1808 2290 lllt
1819 2272 1845 2291 ο.

1045 2301 1112 2335 Quia
1127 2304 1243 2335 respuin
1258 2303 1434 2329 hunnlttatetu
1449 2303 1562 2329 ancillae
1572 2301 1844 2328 sttue.er(‘t-cnitn.cx

1045 2339 1096 2363 hoc
1109 2338 1263 2365 beatilicaul
1274 2347 1314 2365 tite
1322 2346 1416 2366 omnes
1426 2338 1696 2372 generationesQuia
1706 2337 1768 2363 l'ccit
1780 2336 1845 2363 tttilti

190 2020 265 2044 ctum
291 2015 433 2043 vocabitur
457 2014 540 2043 Filius
559 2014 617 2042 Dei.
647 2015 681 2042 Et
705 2021 769 2041 ecce
791 2013 930 2041 Elisabetb
945 2021 992 2041 co-

191 2057 271 2085 gnata
292 2056 347 2078 ttta.
374 2057 402 2078 et
429 2053 484 2085 ipsa
514 2051 640 2086 Concepit
667 2050 764 2077 Filium
793 2050 817 2076 in
852 2055 990 2077 senectute

191 2094 251 2114 sua.
282 2092 309 2113 et
339 2087 381 2113 hic
408 2088 508 2114 mensis
532 2092 624 2113 sextus
654 2092 694 2112 est
717 2087 752 2113 ei.
781 2093 850 2117 quae
881 2091 992 2112 vocatur

192 2123 303 2149 sterilis.
319 2123 378 2155 quia
396 2130 448 2149 non
474 2127 515 2148 est
530 2122 697 2156 impossibile
713 2121 782 2156 apud
800 2122 893 2147 Deum.
911 2129 990 2148 mune

192 2158 313 2185 verbum.
334 2159 403 2185 Dixit
417 2164 506 2185 autem
524 2158 618 2184 Mat-ia.
648 2157 716 2184 Ecce
743 2156 846 2184 Ancilla
872 2157 988 2183 Dutnini.

194 2195 239 2221 liat
255 2194 319 2221 tntilli
344 2195 491 2221 secundum
515 2194 625 2220 verbum
656 2198 740 2220 tuum.
758 2192 791 2219 Et
820 2193 939 2218 discessit
958 2193 990 2219 ab

193 2230 237 2257 illa
262 2229 389 2264 Angelus.
407 2230 546 2263 Exurgeus
573 2236 661 2255 autem
680 2229 760 2255 Maria
773 2229 798 2255 in
814 2228 909 2254 diebus
926 2228 989 2254 illis.

193 2265 258 2292 abiit
270 2266 295 2292 in
308 2272 432 2292 montana
445 2274 504 2291 cutu
516 2266 697 2291 lestinatione.
710 2265 734 2290 iu
746 2265 880 2291 civitatem
895 2264 988 2290 Jutlae.

194 2301 226 2328 Et
243 2302 351 2328 intravit
368 2302 392 2327 in
409 2302 516 2327 domum
531 2300 704 2327 Zzit-t-bat'iae.
721 2306 747 2326 et
761 2301 885 2326 salutavit
903 2300 989 2326 Elisa-

192 2337 265 2363 belli.
277 2337 307 2364 Et
316 2337 471 2364 laetumest.
481 2342 506 2362 ut
515 2336 813 2363 autlivitsalutatiouetn
824 2335 991 2361 Mariae.Eli-

195 2374 301 2400 salietb.
317 2373 448 2399 exultavit
461 2372 548 2398 infans
566 2373 590 2397 in
607 2379 683 2398 utero
697 2372 756 2405 ejus
780 2377 806 2398 et
832 2371 932 2405 repleta
950 2375 991 2398 est

194 2408 294 2443 Spiritu
309 2408 410 2436 Sancto
427 2407 576 2435 Elisabeilt.
592 2412 618 2434 et
629 2407 788 2435 exclamavit
801 2414 867 2434 voce
884 2414 988 2441 magna.

1046 2380 1152 2409 magna.
1170 2375 1216 2409 qui

838 2456 957 2484 CODEX
976 2456 1213 2486 CORBEIENSIS.

1083 2504 1128 2531 59.
1149 2503 1177 2530 ln
1193 2503 1331 2530 civitatem
1346 2501 1476 2530 Iudaeae.

1082 2538 1127 2566 45.
1142 2539 1276 2573 Quoniam
1289 2538 1464 2573 perlicientur
1485 2538 1587 2572 omnia,
1604 2544 1664 2574 qua:
1676 2536 1748 2564 dicta
1764 2535 1775 2551 ³
1785 2540 1850 2563 sunt

230 2505 277 2532 56.
286 2505 350 2539 Quae
360 2505 507 2534 vocabatur
522 2503 634 2531 sterilis.

231 2542 276 2568 57.
292 2538 359 2574 Quia
371 2549 424 2568 non
440 2545 482 2568 est
495 2538 663 2574 impossibile
673 2539 817 2566 Deoomne
832 2538 955 2574 verbum.

231 2577 276 2605 58.
291 2573 430 2611 contingat
441 2576 510 2603 mihi
526 2573 675 2604 secundum
706 2574 818 2602 verbum
833 2579 917 2601 tuum.
936 2573 994 2600 Dis-

194 2613 277 2641 cessit
289 2612 324 2640 ab
337 2611 379 2639 illa
396 2612 523 2647 Angelus.

1047 2575 1095 2603 tibi
1110 2583 1124 2601 a
1140 2576 1263 2602 Domino.

820 2655 1019 2684 VARIANTES
1038 2652 1241 2683 LECTIONES.

228 2708 237 2741 ξ
256 2705 492 2741 Guliagniﬂcavit.
509 2703 741 2741 VulgLMagnil‘tcat:

228 2740 238 2755 ²
255 2740 309 2764 Gut.
331 2735 452 2764 exultavit
472 2737 498 2762 in
519 2735 610 2767 gaudio
631 2735 717 2760 infans.
735 2735 809 2768 Vulg.
823 2735 946 2761 exultavit
956 2736 996 2759 in-

1047 2702 1109 2727 fans.

1081 2735 1091 2750 ³
1109 2734 1162 2759 Gat.
1176 2737 1232 2758 sunt
1241 2739 1266 2764 ι,
1276 2730 1364 2758 omisso
1373 2731 1425 2757 tibi.

873 2776 1058 2805 BLANCHINI
1076 2776 1191 2805 NOTAE.

199 2859 201 2861 _
234 2826 363 2863 {a)Notat
384 2826 515 2863 Origenes
540 2824 679 2863 (modomis
706 2827 801 2863 auctor
813 2823 956 2863 sit_bomil.
973 2823 999 2850 in
1021 2823 1119 2851 Lucam

1444 243 1589 271 Benedicta

1444 283 1472 305 ttt
1487 279 1557 306 inter
1570 286 1628 305 mu-

1444 314 1535 347 lieres,
1552 319 1578 341 et
1593 314 1639 342 be-

1445 350 1567 377 nedictus
1580 350 1635 377 fru-

1435 390 1503 413 ctus
1518 385 1621 413 ventris

1443 421 1489 448 45.
1507 421 1557 448 ttti.
1571 420 1603 448 Et

1445 457 1516 484 uttde

1447 492 1499 520 hoc
1513 492 1589 524 mihi.
1602 497 1633 520 ιιι

1449 530 1540 556 veniat
1554 529 1640 556 Mater

1449 564 1554 591 Domini
1571 564 1624 591 mei

1448 601 1495 628 44.
1516 600 1548 627 ad
1560 599 1621 627 tne?

1449 636 1519 663 Ecce

1448 672 1533 704 enim,
1547 675 1576 698 ut
1586 671 1625 698 fa-

1448 712 1488 734 ειςι
1501 713 1542 734 εει
1555 715 1606 734 νυι

1448 743 1619 770 salutationis

1414 778 1423 784 ”’
1449 783 1512 806 tuae
1532 780 1558 805 in
1574 786 1622 805 au-

1449 814 1525 841 ribus
1539 816 1617 847 meis,

1450 851 1460 865 '
1472 850 1602 877 exultavit.
1616 850 1645 877 in

1452 886 1550 920 gaudio
1567 885 1656 912 infans

1451 921 1478 948 in
1490 928 1567 949 utero
1582 928 1644 948 meo
1660 929 1667 948 :

1451 956 1497 984 A5.
1518 962 1547 985 et
1562 957 1651 990 beata,

1452 1000 1521 1028 quae
1531 992 1679 1025 credidisti,

1452 1029 1580 1062 quoniam
1596 1036 1654 1063 per-

1454 1063 1581 1092 ﬁcientur
1593 1072 1636 1098 ea,

1452 1108 1522 1136 quae
1531 1100 1604 1128 dicta

1451 1141 1515 1164 sunt
1531 1136 1579 1163 tibi

1451 1179 1467 1199 a
1484 1171 1610 1199 Domino.

1451 1207 1497 1235 to.
1516 1208 1549 1235 Et
1563 1207 1601 1235 ait
1616 1206 1656 1243 (α)
1671 1205 1726 1235 Eli-

1452 1244 1526 1271 sabel
1538 1243 1559 1279 ἰ-
1576 1253 1582 1269 :

1452 1279 1605 1314 Magnilicat

1451 1316 1541 1342 anima
1552 1322 1612 1342 mea

1453 1351 1598 1378 Dominum
1614 1359 1621 1376 :

1454 1387 1499 1414 47.
1515 1391 1543 1413 et
1553 1385 1686 1414 exultavit

1454 1422 1566 1457 spiritus
1579 1428 1658 1449 meus

1455 1458 1481 1485 in
1497 1458 1552 1485 Deo
1565 1465 1610 1485 sa-

1456 1494 1537 1521 lutari
1552 1501 1621 1521 meo.

1454 1529 1501 1557 48.
1521 1529 1590 1562 Quia

1455 1566 1587 1599 respexit‘

1458 1601 1639 1628 humilitatem

1458 1637 1573 1664 ancillae
1588 1643 1653 1664 suae
1667 1644 1674 1663 :

1457 1679 1521 1700 ecce
1535 1672 1607 1699 enim

1458 1715 1490 1735 ex
1505 1708 1556 1734 hoc
1568 1708 1631 1735 bea-

1458 1748 1512 1771 tam
1527 1751 1572 1771 me
1586 1743 1627 1771 di—

1458 1784 1521 1807 cent
1534 1786 1629 1806 omnes

1457 1816 1614 1877 i3?".§2§.°6

1477 1850 1503 1878 9.
1526 1858 1584 1877 nes.
1595 1850 1662 1885 Quia

1459 1886 1524 1913 fecit
1538 1886 1605 1913 mibi

1458 1929 1553 1958 magna
1567 1922 1613 1957 qui

1135 2823 1144 2859 )
1166 2824 1192 2859 in
1205 2821 1405 2859 exemplaribus
1424 2821 1584 2856 quibusdam
1603 2820 1851 2859 omissumuﬂaria:

197 2856 361 2897 ᾑοὶμὲιιςιιε
385 2856 524 2897 proinde-tt
540 2856 677 2889 nonnullis
693 2860 826 2889 creditum
852 2859 902 2887 hoc
921 2866 1030 2888 carmen
1045 2867 1105 2890 esse
1133 2856 1298 2888 Elisabetbte
1314 2878 1322 2890 ,
1347 2857 1395 2886 sed
1421 2864 1575 2893 perperam.
1602 2857 1688 2885 Porro
1714 2856 1851 2884 Elisabetlt

197 2895 291 2930 dandi,
309 2906 362 2925 non
377 2895 533 2925 nominandi
546 2904 626 2924 casus
638 2901 689 2923 est.
