2021 3096
146 117 196 145 511
408 116 544 146 EUSEBII
562 115 733 144 VERCELL.
754 114 973 144 EVANGELIUM

1016 115 1075 143 Σωί
1098 114 1211 143 νΑιιιιε
1229 114 1306 143 COD.
1328 115 1524 144 COLLATUM.
1741 113 1797 141 5l2

343 174 456 203 consx
480 173 752 202 VERCELLENSIS.
1112 157 1115 159 “

147 220 236 248 soluta
247 225 289 248 est
299 220 352 248 lin-

147 264 199 292 gua
213 256 281 291 ejus,
294 256 315 292 ἰ-
325 260 355 284 et

149 293 237 320 mirati
252 297 315 320 sunt

151 335 256 355 omnes.

150 365 279 397 Apertum
295 368 337 391 est

99 402 103 405 '
149 403 239 426 autem
252 406 284 427 os
295 399 364 434 ejus,

150 439 178 462 et
192 435 321 469 luqneba-

152 475 206 504 tur,
220 470 330 498 benedi-

150 505 193 533 65.
218 513 283 533 cens
299 507 393 534 Deum.
423 506 459 534 Et

212 561 218 568 .
245 547 305 569 ctus
320 547 362 569 est
377 549 422 570 su-

185 597 191 603 .
218 585 232 604 l‘
247 584 342 604 omnes

183 631 190 639 .
220 620 291 645 mor,
306 613 351 647 qtti
362 613 415 640 cir-

183 668 190 674 .
221 656 265 675 um
281 649 344 676 illos
359 650 407 676 ha-

183 703 189 710 .
214 683 327 716 itabant,

153 737 159 744 .
188 719 226 754 (ὁ)
243 740 249 746 .
263 728 279 747 ιι
296 720 370 747 onmi

152 760 280 791 montana
292 756 311 791 ἢ-
321 756 368 783 .lu—

151 790 219 817 dcae
235 790 356 826 divulga-

113 858 116 861 ἢ
151 826 251 854 bantur
264 835 322 854 om-

153 881 159 888 .
184 883 190 889 .
214 883 220 889 .
238 870 252 889 a
267 863 333 891 haec
345 871 401 891 ver-

152 897 197 924 66.
229 918 235 925 .
258 917 265 924 .
291 919 297 926 .
320 918 327 925 .
350 918 357 926 .
371 906 467 934 posue—

246 953 253 961 .
283 942 389 968 omnes,

245 989 252 997 .
278 970 371 999 audie-
388 977 396 987 '

183 1022 192 1031 .
216 1009 246 1032 nt
260 1005 285 1032 in
301 1013 343 1033 co.
366 1027 373 1034 .

151 1040 186 1067 de
197 1047 255 1072 suo,
264 1041 357 1069 dicen-

152 1080 193 1103 tes
209 1086 215 1102 :
229 1076 299 1110 Quid
312 1086 373 1106 nam

152 1120 219 1146 puer
231 1113 282 1140 iste
297 1114 348 1141 erit
361 1115 373 1142 ?

152 1190 484 1214 nus......cum

153 1218 198 1245 67.
224 1219 281 1247 illo.
308 1220 341 1247 Et
352 1221 404 1249 Za-

153 1294 194 1316 ter
208 1290 266 1325 ejus
280 1292 288 1306 ¹
304 1292 391 1326 inple-

153 1330 196 1352 tns
211 1332 253 1353 est
266 1326 369 1361 Spiritu

153 1361 265 1397 sancto,
281 1367 308 1389 et
323 1371 339 1397 p
360 1384 367 1390 .
390 1384 397 1390 .
414 1378 426 1384 -

153 1396 290 1430 phetavit.
315 1396 328 1425 ,⁷
345 1418 352 1425 .
367 1413 381 1419 -

153 1439 219 1459 cens
236 1441 241 1459 Σ

155 1467 200 1494 68.
220 1467 386 1498 Benedictus

157 1503 226 1530 Deus
242 1504 370 1539 Istrahel,

217 1559 225 1566 .
248 1547 263 1567 a
279 1541 372 1568 visita-

570 277 576 283 .
618 276 625 283 .
666 275 673 282 .
714 276 720 282 .
762 275 769 282 υ
809 273 817 282 ο
857 275 864 283 ι
905 273 912 282 ι

569 292 612 320 70.
635 296 677 319 tus
692 296 734 319 est
749 298 798 326 per

568 335 599 356 os
615 328 775 356 Sanctorum

569 363 883 391 P...h...rum

569 407 742 432 su...m,
764 399 810 434 qui

602 455 609 462 .
635 435 745 463 saeculo
757 439 820 463 sunt

571 542 614 569 7|.
638 541 714 569 micis
731 548 795 569 nos-

601 597 607 604 .
630 578 678 610 ris,
695 582 722 604 et
735 577 770 605 de
788 585 844 605 ma-

633 633 640 640 .
662 613 795 646 omttiunt,

573 670 579 676 .
603 670 609 676 .
634 669 640 675 .
661 656 710 676 nos
723 649 789 676 odo-

571 685 615 712 72.
637 689 710 712 runt.
726 684 827 712 Facere

573 721 727 748 misericor-

572 757 643 783 diatn
659 764 720 783 cum

573 792 697 819 Patrihus
719 800 734 819 ιι
757 812 763 818 .
787 812 794 819 ,
809 806 822 812 -

571 828 699 860 tris;et.
724 848 730 854 .
754 848 760 854 .
784 847 790 853 .
811 842 824 847 --

570 871 872 891 l’ﬂ....-....,

573 1026 579 1033 α
620 1027 626 1033 ι
668 1026 674 1033 ι
715 1027 721 1033 ι
762 1025 769 1032 θ
810 1025 817 1032 ι
858 1025 865 1032 ι
906 1025 913 1031 .

574 1098 581 1105 ο
622 1097 629 1105 ο
669 1097 675 1104 ο
718 1099 724 1105 .
764 1097 771 1104 ι
811 1095 818 1104 ι
860 1095 866 1103 ι
909 1095 916 1103 ι

576 1151 620 1177 75.
643 1153 713 1176 trum
730 1157 794 1184 pare

576 1186 621 1213 74.
643 1185 739 1212 nobis:
758 1190 786 1212 ut
801 1184 837 1212 si-

576 1228 611 1249 ne
625 1221 723 1248 timore

572 1257 582 1272 ³
597 1256 632 1284 de
647 1264 730 1284 manu
744 1255 794 1283 ini-

570 1293 704 1321 micorum

568 1332 725 1355 nostrorum

570 1364 703 1391 liberatos

571 1398 676 1426 servire
694 1398 756 1433 ipsi.

576 1434 621 1462 75.
643 1433 670 1460 In
685 1435 820 1468 castitate,

575 1475 601 1497 et
614 1469 679 1505 justi
695 1487 702 1496 .
720 1488 727 1495 .
745 1487 753 1495 .

576 1506 604 1533 in
617 1512 702 1540 consp
717 1523 724 1531 .
740 1524 747 1531 .

577 1545 603 1568 ιιι
619 1541 680 1575 ejus
693 1547 751 1568 om-

1215 171 1330 200 CODEX
1352 170 1578 200 VERONENSIS.

1000 219 1055 247 luta
1072 224 1113 246 est
1128 219 1219 255 lingua

999 255 1060 290 ejus
1073 255 1105 290 τ,
1121 259 1149 282 et
1160 262 1218 282 om-

1000 298 1048 318 nes
1063 291 1153 318 mirati

1000 331 1072 353 suttt.
1088 327 1217 361 Apertum

1000 367 1043 390 est
1056 367 1146 390 autem
1163 370 1193 389 09

1001 398 1070 432 ejus,
1086 402 1113 425 et
1125 398 1164 425 lo-

1000 434 1142 468 quebatur,

1002 469 1166 497 benedicens

1002 504 1046 532 65.
1066 505 1158 532 Deum.
1177 504 1210 531 Et

1002 540 1088 567 factus
1101 545 1142 567 est
1157 541 1190 567 ti-

956 586 960 591 α
1002 584 1062 603 ιιιοι·
1077 577 1114 610 (a)
1129 583 1185 602 ma-

1003 620 1072 647 gnus
1087 611 1107 647 ἰ-
1123 618 1204 652 super

976 648 978 650 ’
1002 655 1098 675 omnes
1114 648 1215 674 vicinos

1003 691 1110 715 eorum,
1127 688 1154 710 ct

1004 719 1042 754 (b)
1064 720 1089 745 in
1102 720 1226 745 universa

1003 759 1130 781 montana
1145 754 1165 789 ἰ-
1179 754 1226 781 ,Ιιιο

1006 790 1083 822 deae,
1099 795 1125 817 et
1139 790 1178 816 di-

1005 826 1185 860 vulgabantur

1006 861 1072 889 haec
1087 862 1177 888 omnia

1005 897 1048 924 66.
1071 897 1153 924 verba
1169 906 1175 923 :
1189 901 1217 924 et

1005 938 1154 968 posuerttnt

1006 976 1110 1001 omnes,
1127 969 1173 1003 qui

1006 1003 1160 1037 audierant,
1178 1004 1203 1031 in

1008 1040 1090 1067 corde
1102 1048 1162 1073 stto,

1008 1074 1131 1103 dicentes
1146 1085 1153 1102 ε

1009 1111 1077 1145 Quid
1094 1111 1189 1146 utique

1008 1148 1061 1174 crit
1075 1154 1142 1182 puer
1158 1147 1229 1174 iste?

1010 1182 1117 1210 Etenim
1134 1190 1190 1209 ma-

1011 1227 1061 1246 nus
1074 1219 1180 1245 Domini

1010 1262 1072 1281 cum
1087 1254 1133 1281 illo

1010 1290 1054 1317 67.
1075 1294 1127 1318 est.
1144 1289 1177 1317 Et
1190 1290 1240 1317 Za-

1008 1326 1115 1353 charias
1129 1326 1181 1353 im-

1011 1362 1098 1396 plelus
1112 1367 1155 1389 est

1008 1397 1110 1431 Spiritu

1010 1434 1121 1464 Sancto,
1137 1436 1165 1460 et.
1178 1439 1242 1466 pro-

1010 1468 1149 1503 phetabat,
1166 1468 1278 1495 dicens:

1009 1504 1055 1531 68.
1077 1503 1240 1531 Benedictus

1010 1540 1081 1566 Deus
1095 1539 1179 1566 Istra-

1011 1575 1066 1608 hci,
1082 1576 1144 1608 quia

1010 1611 1130 1638 visitavit
1139 1631 1145 1643 ,

1010 1651 1037 1674 et
1054 1647 1117 1674 fecit
1130 1653 1175 1674 re-

1010 1683 1196 1713 demptionem

1012 1718 1099 1752 plebis
1114 1726 1189 1745 suae.

1012 1754 1056 1781 69.
1082 1754 1111 1780 Et
1128 1755 1216 1782 erexit

1012 1797 1124 1817 cornum
1139 1797 1183 1817 sa-

1414 219 1459 247 70.
1480 220 1520 247 sui
1534 228 1540 246 :
1555 219 1625 247 sicut

1416 256 1520 283 loeutus
1535 260 1578 282 est

1416 299 1465 326 per
1475 298 1506 318 os
1521 290 1589 319 San-

1416 333 1520 354 ctorum
1536 333 1600 354 SIIO-

1417 370 1477 390 rum
1492 363 1554 389 Pro-

1417 398 1559 433 phetarum
1572 419 1580 431 ,

1417 434 1462 466 qui
1476 433 1510 460 ab
1521 441 1591 461 aevo

1418 470 1463 496 71.
1484 475 1556 496 sunt.
1572 469 1605 497 Et

1418 505 1543 533 liberavit

1419 548 1469 568 nos
1480 541 1513 567 ab
1526 541 1578 567 ini-

1419 576 1498 604 micis
1512 576 1612 603 nostris
1622 597 1629 609 ,

1419 617 1446 640 et
1461 613 1494 639 de
1508 620 1588 639 manu

1420 648 1540 676 omnium
1554 668 1560 677 .

1421 684 1466 716 qui
1485 691 1534 711 nos
1547 682 1613 710 ode-

1421 720 1465 746 72.
1487 724 1560 746 rttnt.
1577 718 1617 746 Ad
1633 718 1674 746 fa-

1420 755 1545 782 ciendam
1557 755 1640 782 misc-

1421 790 1565 818 ricordiam
1577 798 1639 817 cum

1422 827 1547 854 Palribns
1562 825 1682 857 nostris;

1366 866 1370 871 '
1421 867 1450 890 et
1465 862 1608 889 memorari

1425 898 1579 925 testamenti

1424 934 1509 961 sancti
1530 933 1582 960 stti.

1425 970 1469 996 75.
1490 968 1693 1003 Jusjurandum,

1426 1005 1497 1040 quod
1511 1005 1610 1039 juravit

1425 1040 1459 1068 ad
1478 1040 1613 1067 Abraham

1425 1076 1533 1104 Patrem
1548 1083 1598 1103 no-

1425 1116 1523 1145 strum,
1537 1111 1585 1139 da-

1425 1152 1513 1174 turum
1527 1155 1556 1175 se

1425 1184 1468 1210 74.
1492 1183 1590 1210 nobis:
1606 1187 1635 1210 ιιι

1426 1220 1485 1246 sine
1499 1220 1598 1246 timore

1426 1255 1461 1282 de
1473 1262 1569 1282 tnanus

1428 1291 1600 1318 inimicorum

1428 1330 1582 1353 nostrorum
1598 1325 1666 1353 libe-

1428 1363 1478 1389 rati
1490 1363 1642 1389 serviamus

1429 1398 1473 1426 75.
1495 1397 1544 1424 illi.
1560 1397 1588 1424 ιιι
1602 1404 1665 1425 san-

1426 1435 1528 1466 ctitate,
1541 1438 1569 1461 et

1425 1469 1530 1504 justitia
1552 1476 1598 1497 co-

1427 1512 1485 1532 ram
1500 1505 1561 1539 ipso

1427 1540 1554 1568 onmihus

1428 1576 1525 1603 diebus
1539 1583 1589 1604 no-

1428 1612 1473 1640 76.
1495 1612 1569 1639 stris.
1587 1611 1621 1639 Ει
1634 1615 1662 1639 lu

1429 1655 1509 1683 puer,
1524 1648 1591 1675 Pro-

1431 1683 1511 1724 pheta
1526 1683 1609 1711 Altis-

1429 1727 1490 1746 Slll‘ll
1505 1727 1585 1747 V003-

1430 1755 1503 1781 veris
1518 1764 1524 1782 :
1542 1762 1620 1790 prae-

1431 1791 1482 1817 ibis
1494 1791 1566 1818 enim

155 1594 164 1602 .
187 1594 194 1601 .
218 1595 224 1602 .
251 1580 271 1609 t,
283 1581 310 1603 et
325 1577 390 1605 fecit
576 1584 625 1604 nes
638 1576 714 1603 dies.
728 1596 736 1604 .
753 1590 780 1602 .-

156 1610 324 1646 redemptio—
576 1613 643 1640 tres.

156 1653 191 1684 ne
273 1655 359 1682 popu-
576 1648 619 1676 76.
639 1648 673 1675 Et.
687 1654 714 1676 tu
730 1656 807 1684 puer,
823 1666 832 1676 .
851 1668 857 1675 .
874 1667 882 1675 .

156 1680 201 1708 69.
224 1682 251 1710 lo
266 1680 279 1709 .“
355 1704 363 1711 .
387 1704 395 1712 .
418 1705 425 1713 .
441 1692 503 1713 cor-
576 1685 656 1720 pheta
672 1680 740 1712 Alt'.
756 1705 782 1711 ..

576 1720 732 1748 simivoca-

221 1774 227 1780 .
251 1775 257 1781 .
281 1755 371 1791 nobis,
387 1756 414 1784 in
578 1756 650 1783 beris
666 1766 672 1783 :
691 1763 770 1791 prae-

189 1791 501 1820 ..oDa......
579 1792 799 1819 ibisenim..-

581 1827 740 1855 tefaci...

160 1878 357 1891 αι...
400 1885 453 1891 ..
495 1884 502 1891 .
580 1864 814 1898 Dominip....

160 1916 168 1924 .
209 1915 216 1924 .
257 1918 263 1924 .
304 1918 310 1925 .
352 1919 359 1926 .
400 1919 406 1925 .
449 1921 455 1927 .
497 1920 503 1927 .
581 1899 784 1934 viascjus...

1013 1826 1077 1853 lutis
1088 1825 1178 1859 nobis,
1431 1831 1495 1853 ante
1509 1826 1605 1853 faciem

1014 1862 1039 1888 in
1055 1862 1137 1888 domo
1433 1862 1538 1888 Domini
1553 1868 1631 1895 para-

1013 1896 1095 1924 David
1111 1897 1186 1933 pueri
1433 1905 1463 1924 re
1474 1897 1532 1924 vias
1543 1897 1611 1932 ejus.

822 1956 940 1985 CODEX
959 1956 1157 1985 BRleANUS.
1179 1957 1207 1991 ἓξ

160 2000 195 2028 Ει
209 2000 296 2029 mirati
312 2007 375 2030 sunt
395 2011 500 2031 omnes.
519 2004 649 2038 Apertum
665 2008 707 2031 est
730 2008 819 2031 autem
833 2004 915 2031 illico.
929 2011 960 2031 os

159 2037 228 2074 ejus.
240 2042 268 2064 et
281 2038 370 2073 lingua
387 2039 455 2074 ejus.
466 2037 669 2074 etloquebatur.
687 2039 848 2066 benedicens
864 2040 959 2067 Deum.

161 2072 194 2112 lit
208 2072 293 2112 factus
307 2072 349 2101 est
365 2072 547 2112 timor.super
559 2082 653 2112 omnes
662 2076 766 2112 Vvicinos
780 2081 914 2103 eorum.et
924 2075 962 2110 (ὁ)

160 2108 186 2135 in
204 2108 329 2146 universa
353 2115 479 2138 montana
493 2108 513 2146 1-
533 2111 630 2138 Judae.
651 2111 858 2145 divulgabantnr
872 2108 962 2138 omnia

162 2144 358 2181 verbaltaecet
366 2144 517 2180 posuerunt
527 2154 623 2174 omnes
632 2147 676 2181 qui
685 2144 837 2174 audierunt.
849 2147 874 2173 in
883 2147 964 2174 corde

160 2187 220 2218 suo.
232 2180 366 2218 dicentes.
378 2182 445 2216 Quid
458 2188 536 2217 putas
546 2183 599 2210 erit
609 2180 677 2218 puer
688 2183 859 2210 iste.Etenim
870 2189 964 2209 manus

161 2215 268 2242 Domini
289 2222 348 2244 erat
363 2215 422 2244 cum
440 2215 496 2245 illo.
517 2219 547 2245 Et
563 2215 723 2246 Zaécharias
738 2222 816 2252 pater
836 2218 903 2253 ejus.
922 2226 964 2245 re-

160 2253 249 2289 pletus
275 2257 317 2279 est
343 2253 449 2286 Spiritu
474 2254 583 2281 Sancto.
610 2259 638 2282 et
663 2254 836 2289 prophetarit
858 2254 961 2281 dicens.

160 2286 322 2327 benedictus
338 2289 556 2327 DominusDeus
570 2286 695 2327 Sdrahel.
711 2286 773 2325 quia
790 2291 920 2317 visitavit.
934 2295 963 2317 et

161 2322 224 2350 fecit
239 2324 437 2351 redemtionem
451 2325 537 2359 plebis
554 2334 629 2353 suae.
646 2326 679 2352 Et
690 2322 777 2352 erexit
790 2333 903 2352 cornum
918 2333 964 2352 sa-

161 2359 225 2386 lutis
241 2359 329 2388 nobis.
345 2360 371 2387 in
387 2359 468 2388 domo
495 2361 579 2388 David
604 2361 682 2396 pueri
705 2362 756 2388 sui.
774 2361 844 2389 sicut
855 2362 963 2389 locutus

1013 2009 1065 2031 est.
1080 2012 1128 2038 per
1142 2012 1173 2031 os
1189 2003 1348 2031 Sanctorum
1366 2004 1561 2038 Prophetarum
1581 2009 1704 2030 suorum.
1718 2009 1786 2037 quae
1800 2008 1815 2029 a

1015 2037 1126 2067 saeculo
1137 2044 1209 2067 sunt.
1225 2041 1292 2067 Dare
1305 2037 1465 2067 salutem’ex
1484 2040 1600 2066 inimicis
1616 2039 1726 2066 nostris.
1742 2043 1769 2065 et
1781 2037 1817 2064 de

1015 2083 1096 2102 manu
1111 2077 1242 2103 otnnittm.
1267 2076 1312 2111 qui
1328 2084 1375 2104 ιιος
1396 2075 1521 2103 oderunt.
1535 2075 1575 2103 Ad
1601 2073 1818 2111 iaeiendamrmi-

1016 2111 1204 2138 scricordiam‘.
1221 2119 1282 2138 cum
1306 2112 1431 2139 Pali-ibus
1456 2112 1557 2139 nostris
1580 2115 1607 2138 et
1618 2110 1762 2137 memorari
1778 2114 1819 2136 Ie-

1018 2148 1145 2174 stamcnti
1171 2148 1212 2175 sui
1241 2148 1337 2175 sancti.
1351 2147 1399 2174 Jus
1412 2147 1602 2182 jusjurandum
1619 2146 1691 2181 quod
1715 2145 1819 2182 juravrit

1019 2183 1145 2210 Abrahae
1159 2183 1231 2212 Patri
1247 2188 1352 2211 nostro.
1365 2181 1490 2210 daturum
1513 2190 1543 2210 se
1564 2182 1651 2209 nobis.
1667 2187 1695 2208 ut
1711 2182 1769 2208 sine
1783 2181 1818 2207 li‘

1019 2226 1105 2245 more.
1122 2219 1154 2245 de
1168 2227 1247 2245 manu
1266 2219 1607 2246 ininticorum'nostrnrnm
1629 2217 1747 2244 liberati.
1760 2224 1820 2243 scr-

1018 2255 1122 2281 vianms
1151 2254 1241 2282 illi.ln
1269 2255 1413 2282 sanctitate
1432 2259 1459 2282 et
1483 2254 1598 2289 justitia.
1628 2260 1721 2280 coram
1746 2253 1817 2289 ipso.

1017 2291 1144 2327 omnibus
1159 2291 1254 2318 diebus
1266 2292 1376 2317 nostris.
1394 2290 1425 2318 Et
1436 2295 1463 2318 tu
1483 2287 1563 2325 puer.
1586 2289 1722 2327 Propheta
1736 2287 1820 2327 Altis-

1017 2326 1078 2352 sitni
1101 2326 1254 2353 vocaberis.
1281 2327 1400 2361 praeibis
1423 2324 1494 2354 enim
1509 2332 1573 2353 ante
1586 2326 1681 2352 [aciem
1697 2324 1818 2351 Domini.

1019 2368 1117 2396 parare
1130 2362 1187 2389 vias
1201 2362 1271 2398 ejus.

811 2409 926 2446 CODEX
945 2418 1181 2447 CORBEIENSIS.

199 2475 244 2504 64.
260 2477 292 2504 Ει
304 2479 433 2505 continuo
447 2477 566 2505 resoluta
581 2482 624 2506 est
644 2477 735 2514 lingua
750 2477 820 2513 ejus,
839 2482 867 2505 et
882 2484 962 2512 aper-

164 2516 220 2540 tum
236 2518 277 2540 est
291 2520 321 2539 os
337 2516 404 2547 ejus.

199 2548 243 2585 66.
261 2549 349 2585 Ϋριιίιι
367 2550 456 2583 uliun
468 2550 519 2577 erit
533 2557 600 2585 puer
614 2549 677 2577 iste?

198 2584 243 2612 70.
256 2584 331 2612 Sicut
349 2585 451 2612 locutus
472 2590 514 2613 est
530 2584 577 2621 per
592 2593 623 2613 os
644 2585 805 2614 Sanctorum
818 2584 967 2620 Propheta-

1019 2486 1091 2511 rum,
1103 2479 1148 2514 qui
1162 2479 1195 2506 ab
1209 2485 1276 2506 aevo
1287 2482 1359 2506 sunt.

1055 2515 1100 2542 Ἡ.
1113 2512 1146 2542 Ει
1158 2515 1281 2542 liberavit
1291 2522 1341 2542 nos
1352 2514 1387 2541 ab
1399 2513 1517 2541 inimicis
1530 2512 1640 2540 nostris.

1055 2550 1100 2577 72.
1117 2550 1148 2577 Et
1166 2550 1342 2578 rementorari
1358 2550 1513 2577 testamenti
1523 2549 1610 2577 sancti
1623 2548 1675 2575 sui.

780 2642 980 2671 VARIANTES
1000 2639 1203 2670 LECTIONES.

196 2699 204 2714 ι
223 2699 276 2733 gat.
289 2699 406 2733 impletus
419 2701 487 2724 est...
498 2699 669 2731 prophetabat.
686 2699 759 2733 Vulg.
771 2700 885 2731 repletus
894 2703 963 2725 est...

165 2730 332 2760 prophetarit.

197 2761 207 2777 ’
225 2762 279 2788 Gut.
292 2761 404 2787 Salutem
418 2769 424 2787 :
439 2765 466 2788 et
477 2762 592 2788 liberavit
604 2767 649 2787 nos
660 2767 694 2787 ex
705 2761 820 2787 inimicis.
835 2761 910 2794 Vulg.
920 2762 966 2786 Sa-

1019 2699 1097 2724 lutem
1109 2705 1140 2724 ex
1153 2698 1266 2724 inlmlcis.

1052 2731 1062 2746 ³
1080 2731 1134 2755 Gat.
1147 2730 1179 2755 de
1193 2730 1314 2762 manibus.
1326 2728 1400 2762 Vulg.
1412 2729 1445 2755 de
1454 2736 1536 2755 manu.

1051 2762 1063 2777 δ
1081 2763 1135 2787 ϐαι.
1148 2762 1207 2794 quid
1221 2761 1307 2793 putas?

846 2812 1032 2841 BLANCHINI
1051 2813 1167 2842 NOTAE.

204 2872 246 2908 (a)
273 2872 355 2901 Addit
369 2882 490 2909 magnus,
514 2875 596 2903 etiam
608 2873 669 2903 eod.
683 2873 762 2903 Cant.
778 2872 868 2910 μέγας.
882 2886 918 2893 ο-
928 2870 966 2908 (b)
986 2870 1024 2900 lla
1037 2874 1064 2899 et
1078 2875 1132 2900 tex-
1149 2871 1197 2900 Gr.
1209 2873 1235 2900 iv
1247 2871 1290 2908 ὅλῃ
1302 2871 1433 2911 τῇόρσινῇ.
