4042 6192
403 239 505 307 at:

1466 253 1911 313 EVANGELIUM
1950 255 2320 325 SECUNDUM
2361 258 2615 315 LUCAM.

793 374 1019 435 CODEX
1064 376 1608 445 VERCELLENSIS.

398 469 488 523 77.
538 507 554 523 .
588 511 600 521 .
636 470 827 526 olidam
860 509 874 527 .
903 511 917 531 .
954 512 966 526 .
993 502 1018 513 -

400 542 606 595 entiam
640 558 727 597 sa-

404 612 532 667 lutis
567 614 584 644 ¹
619 614 815 684 popqu

401 685 562 752 ejus:
590 685 643 739 in
677 701 762 740 re-

400 756 719 812 missionem

401 837 745 891 peccatorum

403 898 493 981 78.
534 900 799 982 ipsorum.
831 898 938 956 Per

398 985 608 1026 Viscera
640 988 742 1025 ml-

399 1042 694 1098 sericordi-

400 1129 463 1168 ae
496 1114 592 1169 Dei
622 1131 752 1169 nos-

401 1187 493 1249 tri,
525 1186 578 1240 in
609 1186 806 1256 quibus

400 1257 641 1312 visitavit
677 1273 777 1315 nos
796 1297 811 1325 ,

400 1330 585 1384 oriens
614 1344 679 1384 cx
712 1329 789 1384 al-

400 1401 489 1456 79.
524 1410 578 1455 to
604 1417 615 1453 :
652 1402 945 1457 inlumina—

401 1488 460 1527 re
493 1472 507 1526 i
539 1473 591 1525 in
618 1482 767 1527 tene-

401 1543 535 1607 bris,
567 1553 619 1597 et
649 1560 768 1599 um-

400 1614 495 1669 bra
528 1616 719 1670 mortis

400 1686 655 1741 sedentes
685 1704 698 1740 :
726 1687 795 1745 ad

400 1757 713 1825 dirigendos

399 1828 566 1898 pedes
595 1846 726 1884 nos-

401 1911 516 1955 tros
544 1901 594 1955 in
628 1901 768 1955 viam

400 1973 490 2028 80.
531 1972 702 2041 pacis.
734 1972 878 2042 Puer

400 2054 579 2098 autem
611 2059 758 2101 CI'BS-

398 2115 575 2180 cebat,
601 2126 656 2170 et
681 2131 815 2171 con-

400 2186 719 2243 ﬁrmabatur

400 2259 419 2288 ¹
447 2258 718 2330 inAspiritn
748 2278 760 2313 :
793 2271 847 2317 et
875 2271 993 2330 erat

402 2330 455 2383 in
489 2328 721 2387 desertis

398 2415 571 2470 usque
606 2402 660 2456 in
684 2403 765 2457 di-

397 2487 483 2527 em
513 2475 774 2529 ostensio-

400 2544 484 2598 nis
508 2559 637 2600 suae
669 2546 737 2600 ad

398 2613 652 2671 Istrahel.

608 2727 840 2786 CAPUT
880 2728 944 2785 ll.

474 2822 525 2874 l.
568 2821 789 2877 Factum
811 2832 895 2881 est
923 2839 1019 2881 au-

403 2901 511 2948 tem
536 2894 587 2947 in
618 2894 728 2949 illis

400 2964 611 3031 diebus,
634 2966 770 3022 exiit

400 3035 635 3091 edictum

400 3121 428 3159 a
459 3105 693 3164 Caesare
715 3110 752 3163 Α
787 3144 803 3160 .
840 3150 852 3163 .
882 3140 907 3149 -

398 3187 577 3253 gusto,
608 3189 665 3247 ut
693 3196 815 3253 pro-

401 3250 647 3306 literetur

402 3336 497 3388 per
526 3324 742 3379 univer-

401 3408 518 3446 sum
546 3408 579 3447 ο
605 3433 618 3447 .
656 3433 671 3447 .
703 3394 845 3451 bem.

400 3462 454 3516 Ξ.
499 3464 647 3520 Haec
682 3504 697 3520 .
735 3506 746 3518 .
785 3506 797 3520 .
834 3481 919 3520 ma

346 3535 948 3605 -fac......pro-

401 3605 480 3661 l'es
513 3650 526 3661 .
565 3648 577 3661 .
618 3651 631 3664 .
670 3650 681 3661 .
721 3648 733 3660 .
769 3607 953 3663 aeside

402 3678 985 3751 Syria..’Cyr..-

402 3914 480 3969 Ad
539 3912 772 3968 dandam
827 3911 1108 3969 scientiam
1175 3912 1366 3968 salutis
1423 3910 1565 3981 plebi
1619 3911 1758 3979 eius.
1816 3911 1868 3966 in
1918 3927 2003 3965 re-

402 3985 716 4039 missionem
766 3995 1111 4052 peccatorum
1163 4000 1373 4039 eorinn.
1426 3985 1528 4039 Per
1578 3985 1786 4038 viscera
1840 3984 2004 4039 mise-

402 4057 668 4110 ricordiae
717 4056 812 4110 Dei
870 4058 1058 4111 nostri.
1121 4058 1172 4110 in
1224 4056 1420 4125 quibus
1478 4055 1713 4109 visitavit
1769 4070 1869 4109 nos
1944 4070 2005 4108 0-

402 4130 548 4182 riens
594 4144 662 4181 ex
709 4130 839 4181 alto.
883 4127 1210 4182 inluminaie
1270 4127 1354 4180 his
1381 4128 1468 4194 qni
1498 4126 1548 4180 in
1600 4127 1841 4181 tenebris
1872 4136 1923 4179 et
1950 4126 2003 4179 in

401 4199 591 4252 umbra
644 4200 835 4253 mortis
880 4200 1093 4254 sedent.
1134 4198 1198 4251 ad
1252 4197 1565 4267 dirigendos
1593 4198 1757 4266 pedes
1790 4207 2006 4251 nostros

402 4270 455 4324 in
485 4271 624 4324 viam
658 4270 827 4339 pacis.
852 4270 994 4325 Puer
1028 4282 1207 4324 autem
1239 4270 1539 4324 crescebat.
1573 4280 1624 4323 et
1653 4268 2004 4323 confortaha.

402 4350 489 4396 tur
518 4344 730 4411 spiritu.
752 4350 808 4397 et
834 4353 950 4396 erat
979 4344 1030 4395 in
1059 4342 1310 4395 desertis.
1344 4356 1515 4409 usque
1560 4340 1614 4393 in
1643 4341 1785 4394 diem
1818 4349 2002 4393 osten-

400 4410 575 4467 sionis
603 4429 732 4468 suae
760 4414 823 4465 ad
873 4413 1123 4469 Sdrahel.
1149 4411 1371 4466 Factum
1402 4422 1485 4466 est
1513 4419 1693 4465 autem
1730 4412 1780 4464 in
1810 4410 2002 4465 diebus

403 4484 537 4539 illis.
577 4486 710 4539 exiit
751 4485 988 4540 edictum
1020 4502 1048 4537 a
1075 4482 1311 4539 Caesare
1338 4483 1601 4553 Angusto.
1643 4491 1702 4537 ut
1726 4482 2003 4538 describe-

401 4568 555 4611 retur
581 4558 875 4611 universus
921 4556 1089 4610 orbis.
1142 4556 1283 4610 llaec
1314 4555 1615 4610 describtio
1656 4556 1827 4624 prima
1862 4554 2002 4607 facta

399 4638 507 4684 est.
539 4628 792 4684 Praesitle
822 4628 1011 4699 Syriae
1042 4626 1265 4700 Cyriuo.
1299 4637 1353 4682 et
1382 4627 1531 4683 ibant
1562 4642 1754 4682 omnes
1781 4634 1839 4680 ut
1868 4626 2001 4679 scri-

1236 474 1269 527 5
1327 489 1431 529 no:
1460 482 1513 527 et
1545 474 1694 529 ibant

1237 560 1426 601 omnes
1459 560 1579 613 pro-

1246 618 1322 671 li.
1358 654 1373 667 .
1410 654 1423 669 .
1455 617 1499 671 ri
1534 615 1713 685 unus-1

1246 729 1308 743 ..
1348 729 1360 742 .
1399 688 1715 757 .que‘inj

1290 798 1304 813 .
1339 802 1350 813 .
1388 776 1437 813 m
1467 759 1601 815 civi-

1241 847 1550 885 ....-lll.

1236 904 1289 957 4.
1333 900 1589 956 Ascendit
1612 912 1791 957 autem

1238 983 1291 1029 et
1317 973 1519 1042 Joseph
1549 988 1577 1026 a
1609 972 1717 1029 Ga-

1237 1045 1394 1100 lilaea
1424 1044 1491 1098 de
1517 1044 1594 1099 ci—

1239 1118 1403 1171 vitate
1428 1116 1625 1171 Nazar-

1238 1196 1292 1243 et
1317 1187 1369 1241 in
1398 1195 1596 1242 terrain

1238 1258 1468 1314 Judeam
1493 1257 1547 1313 in

1239 1330 1518 1385 civitatem

1242 1401 1431 1465 David,
1468 1415 1607 1470 quae

1243 1482 1471 1526 vocatur
1498 1473 1598 1526 Be-

1242 1542 1411 1597 thlem
1446 1561 1459 1596 :
1489 1558 1555 1598 eo
1575 1540 1716 1611 quod

1240 1624 1387 1670 esset
1416 1614 1483 1669 de
1513 1614 1611 1669 do-

1239 1700 1350 1752 mo,
1382 1695 1437 1740 et
1462 1685 1633 1755 patria

1237 1756 1294 1811 5.
1336 1756 1523 1818 David,
1558 1756 1718 1825 proii—

1239 1836 1320 1882 ter
1350 1867 1361 1881 .
1399 1867 1412 1880 .
1440 1844 1528 1883 um
1556 1828 1665 1883 Ma-

1238 1900 1620 1955 ri.....re

1236 1985 1622 2043 s....reg-

1235 2058 1483 2095 nan...

1236 2111 1291 2168 6.
1320 2112 1540 2168 Factum
1564 2123 1646 2167 est
1676 2129 1770 2170 au-

1237 2192 1367 2251 tem,
1407 2226 1420 2238 .
1450 2224 1462 2238 .
1493 2201 1544 2239 m
1577 2185 1646 2240 ibi

1234 2266 1436 2322 essent,
1466 2257 1547 2310 in-

1241 2327 1369 2396 pleti
1397 2338 1524 2382 sunt

1238 2398 1671 2454 diesut.....

1238 2470 1291 2524 7.
1323 2481 1425 2524 ret.
1460 2470 1528 2526 Et
1556 2484 1663 2538 pe.
1703 2510 1758 2524 ..

1237 2540 1307 2594 rit
1336 2540 1438 2596 Fili
1467 2584 1478 2595 .
1515 2583 1526 2594 .
1567 2581 1581 2594 .

1238 2627 1395 2666 suum
1431 2613 1539 2678 pri-

1237 2684 1591 2752 mogenitum,

1236 2762 1292 2807 et
1317 2756 1534 2824 pannis-

1235 2840 1359 2879 eum
1392 2826 1603 2881 involu-

1234 2895 1332 2964 vit,
1363 2909 1416 2953 et
1446 2898 1635 2954 c0nlo-

1235 2969 1383 3023 cavit
1409 2985 1533 3025 eum

1238 3041 1288 3093 in
1322 3040 1603 3111 praesepio
1624 3059 1637 3107 ;

1235 3112 1486 3179 quoniam

1237 3197 1344 3237 non
1375 3194 1493 3238 erat
1523 3184 1603 3239 lo-

1236 3269 1331 3309 cus
1361 3255 1411 3309 in
1445 3254 1624 3310 diver-

1237 3326 1407 3380 sorio.

1237 3396 1289 3452 8.
1328 3399 1577 3471 Pastores
1598 3397 1676 3471 (a)
1706 3413 1802 3454 au-

1239 3477 1344 3539 tem
1371 3469 1411 3539 1-
1436 3479 1593 3524 erant

1238 3538 1291 3592 iit
1320 3538 1407 3593 illa
1441 3542 1615 3609 regio-

1240 3626 1330 3674 ne,
1365 3610 1592 3681 vigilan-

1243 3691 1323 3737 lCS
1344 3693 1398 3737 et
1425 3693 1605 3737 CUSIO—

2542 379 2770 439 CODEX
2813 378 3268 449 VERONENSIS.

2106 476 2191 527 77.
2236 474 2313 528 Ad
2342 473 2573 529 dandam

2103 547 2384 599 scientiam
2413 559 2500 599 sa-

2103 617 2229 698 lutis
2264 616 2404 698 plebi
2431 616 2549 685 ejus
2588 635 2601 671 :

2103 704 2157 743 In
2187 703 2469 743 ι’θίιιιεειυ-

2105 775 2225 814 nem
2252 773 2443 829 pecca-

2106 831 2192 886 78.
2241 841 2416 885 torum
2446 844 2656 886 eorum.

2104 902 2212 957 Per
2242 905 2446 956 viscera

2107 973 2517 1028 misericordiae

2106 1045 2199 1099 Dei
2229 1046 2429 1111 nostri,

2106 1118 2159 1169 in
2187 1116 2382 1185 quibus

2106 1187 2346 1241 visitavit

2107 1274 2205 1312 nos
2222 1300 2236 1325 ,
2270 1258 2453 1311 oriens

2107 1331 2196 1384 79.
2238 1344 2300 1383 ex
2335 1329 2445 1383 alio
2474 1346 2487 1381 :
2514 1328 2595 1385 in-

2107 1401 2369 1455 luminare
2398 1398 2465 1453 iis
2484 1442 2497 1465 ,

2107 1474 2195 1539 qui
2228 1472 2280 1525 in
2314 1482 2464 1525 tene-

2108 1544 2256 1607 bris,
2291 1552 2345 1597 et
2383 1546 2434 1595 in

2107 1615 2298 1669 umbra
2333 1612 2521 1667 mortis

2110 1686 2301 1739 sedent
2329 1703 2341 1739 :
2371 1682 2438 1738 ad

2108 1756 2418 1825 dirigendos

2109 1828 2273 1910 pedes
2307 1839 2521 1883 nostros

2108 1916 2159 1953 Ill
2186 1916 2323 1953 Vlaln

2108 1971 2275 2040 pacis.

2106 2043 2192 2098 8t).
2237 2042 2379 2096 Puer
2410 2049 2588 2103 autem

2105 2114 2384 2168 crescebat
2410 2154 2423 2177 ,
2456 2122 2511 2169 et

2105 2184 2512 2239 confortabatur

2106 2256 2157 2310 in
2190 2258 2382 2323 Spiritu
2419 2274 2433 2310 :

2108 2336 2161 2381 et
2190 2338 2307 2381 erat
2342 2329 2396 2383 in

2107 2398 2325 2452 deserto
2352 2414 2443 2452 us-

2106 2486 2209 2538 que
2232 2475 2285 2523 in
2313 2469 2455 2523 diem

2105 2556 2262 2593 suum
2296 2540 2361 2595 ad
2402 2540 2476 2594 ls-

2106 2610 2298 2667 trahe].

2315 2751 2545 2811 CAPUT
2584 2752 2649 2809 ll.

2178 2896 2229 2949 l.
2275 2895 2496 2951 Factum
2528 2908 2611 2953 est

2104 2976 2285 3022 autem
2318 2969 2369 3021 in

2106 3038 2296 3093 diebus
2323 3038 2452 3106 illis,

2105 3112 2235 3165 exiit
2274 3110 2423 3167 edic-

2109 3194 2221 3235 tum
2253 3197 2280 3235 a
2315 3184 2448 3237 Cae-

2105 3269 2227 3307 sare
2265 3252 2447 3324 Augu-

2105 3332 2191 3379 sto
2208 3365 2220 3387 ,
2248 3332 2308 3377 ut
2340 3325 2559 3393 profite-

2106 3405 2255 3451 retur
2280 3398 2567 3452 universus

2104 3468 2255 3521 orbis
2287 3475 2395 3521 ter-
2489 3498 2504 3508 -

2105 3554 2407 3592 ra'rnin.....
2441 3553 2564 3605 pro-

2104 3611 2158 3662 ‘2.
2202 3608 2368 3663 fessio
2407 3608 2514 3678 pri—

2105 3695 2190 3734 ma
2235 3696 2264 3734 a
2306 3680 2519 3735 Praesi-

1725 3792 1959 3850 CODEX
2002 3793 2399 3849 BRleANUS.

2108 3912 2370 3966 hcrentur
2396 3909 2612 3979 singuli.
2640 3908 2692 3963 in
2716 3923 2870 3963 suam
2900 3907 3197 3963 civitatem.
3224 3906 3485 3963 Ascendit
3506 3914 3709 3961 autent.

2108 3996 2161 4037 et
2217 3982 2419 4050 Joseph
2461 3978 2745 4037 aGalilea.
2780 3980 2846 4034 de
2899 3981 3118 4034 civitate
3176 3979 3459 4033 Nazareht.
3510 3979 3561 4033 in
3615 3978 3713 4032 Ju-

2106 4055 2319 4109 daeain.
2351 4055 2628 4109 civitatem
2665 4051 2851 4106 David.
2884 4067 3023 4121 quac
3055 4061 3280 4105 vocatur
3314 4051 3612 4105 Bethleem.
3646 4065 3712 4102 eo

2109 4125 2253 4196 quod
2283 4137 2428 4179 esset
2463 4124 2531 4179 de
2578 4124 2741 4178 domo
2768 4136 2820 4176 et
2853 4125 3020 4192 patria
3053 4123 3218 4177 David
3260 4132 3318 4175 ut
3362 4122 3714 4192 proﬁteretur

2108 4213 2231 4251 cum
2288 4198 2453 4252 Maria
2505 4196 2832 4265 desponsata
2886 4196 3013 4249 sibi.
3075 4210 3214 4264 quae
3257 4201 3376 4265 erat
3416 4207 3709 4265 pregnans.

2109 4268 2331 4323 Factum
2378 4278 2463 4323 est
2509 4264 2688 4322 autem
2719 4284 2839 4321 cum
2868 4267 3162 4321 essentihi.
3193 4264 3394 4333 impleti
3438 4273 3567 4316 sunt
3593 4264 3712 4317 dies

2934 476 3003 531 de
3035 476 3212 532 Siriae
3242 475 3347 546 Cy-

2937 549 3060 603 rino
3094 564 3106 600 :
3138 555 3189 601 et
3224 546 3374 606 ibant

2937 619 2990 673 5.
3034 633 3223 672 omnes
3242 658 3256 680 ,
3290 627 3350 672 ut

2938 690 3329 760 profiterentur

2939 761 3135 830 singuli
3166 761 3216 814 in
3252 774 3401 815 suam

2940 832 3041 887 civi
3052 844 3098 885 ta
3109 841 3236 886 tem.

2938 904 2995 958 ιι.
3040 903 3297 963 Ascendit
3325 918 3416 958 au-

2940 984 3051 1030 tem
3077 984 3133 1030 et
3158 974 3249 1027 Jo-

2940 1047 3073 1116 seph
3108 1061 3135 1100 a
3168 1046 3274 1100 Ga-

2941 1118 3102 1173 lilaea
3133 1118 3201 1171 de

2940 1188 3158 1243 civitate
3189 1188 3293 1242 Na-

2940 1260 3128 1315 zareth
3156 1261 3208 1314 in

2938 1330 3197 1385 Judaeatn
3228 1333 3283 1385 in

2939 1402 3214 1456 civitatem

2940 1473 3107 1527 David
3132 1515 3146 1539 ,
3180 1487 3319 1542 quae

2944 1553 3169 1599 vocatur
3211 1545 3311 1600 Be-

2943 1615 3113 1671 thlem
3145 1633 3156 1668 :
3191 1631 3257 1671 eo

2941 1687 3085 1758 quod
3118 1697 3261 1741 esset

2944 1759 3012 1813 de
3034 1758 3197 1812 domo
3214 1800 3226 1821 ,
3254 1767 3310 1813 et

2928 1830 3112 1901 ,patria
3146 1829 3313 1883 David
3334 1870 3347 1894 ,

2940 1901 2995 1956 5.
3040 1908 3099 1954 ut
3128 1915 3252 1970 pro-

2940 1972 3183 2027 literelur

2939 2058 3060 2097 cum
3090 2042 3254 2097 Maria

2943 2130 3112 2168 uxore
3142 2128 3236 2168 sua
3270 2127 3426 2184 preg-

2944 2195 3127 2239 nante.

2944 2255 2996 2311 6.
3041 2256 3265 2311 Factum
3298 2263 3383 2311 est

2940 2337 3139 2391 autem,
3169 2342 3289 2381 cum

2940 2409 3086 2453 esset
3108 2398 3204 2462 ibi,

2940 2469 3151 2538 impleti
3180 2477 3306 2523 sunt

2940 2540 3056 2594 dies
3084 2550 3144 2594 ut

2941 2610 2992 2663 7.
3039 2619 3276 2681 pareret.
3306 2610 3376 2665 Et

2942 2684 3151 2752 peperit
3183 2682 3381 2737 Filium

2940 2754 3270 2824 primogeni-

2941 2836 3053 2879 tum
3080 2868 3095 2892 ,
3125 2836 3179 2880 et
3210 2840 3344 2893 pan-

2940 2897 3024 2951 nis
3047 2913 3169 2951 eum
3201 2897 3282 2951 in—

2938 2968 3133 3034 volvit,
3166 2978 3220 3023 et

2942 3042 3122 3108 posuit
3152 3040 3206 3095 in

2941 3110 3224 3181 praesepio
3245 3124 3259 3173 ;

2940 3184 3064 3252 quia
3085 3183 3238 3237 locus

2942 3269 3047 3307 non
3081 3263 3200 3307 erat
3230 3253 3285 3308 in

2939 3325 3268 3379 diversorio.

2940 3394 2994 3450 8.
3040 3395 3293 3467 Pastores
3323 3396 3401 3467 (a)
3432 3410 3527 3450 au-

2944 3476 3050 3521 tem
3078 3465 3119 3535 -ι-
3146 3475 3302 3521 erant

2947 3538 2997 3591 in
3032 3538 3120 3591 illa
3152 3552 3237 3591 re-

2944 3609 3124 3678 gione,
3155 3608 3292 3677 vigi-

2948 3682 3122 3735 lantes
3140 3722 3154 3747 ,
3183 3690 3237 3735 et

3594 250 3700 321 5M

2072 4351 2167 4395 ‘ut
2200 4350 2433 4409 pareret.
2486 4340 2551 4393 Et
2587 4338 2799 4408 peperit
2839 4338 3006 4391 [ilium
3060 4352 3219 4409 suum
3264 4336 3711 4409 primogenitum.

2111 4422 2163 4467 et
2192 4406 2386 4480 pannis
2413 4427 2537 4467 eum
2587 4406 2830 4465 involvit.
2877 4418 2932 4462 et
2959 4407 3139 4480 posuit
3163 4422 3285 4480 eum
3324 4406 3385 4480 in
3408 4407 3710 4480 praesepio.

2109 4474 2370 4553 quianon
2411 4492 2529 4537 erat
2558 4481 2636 4535 eis
2692 4481 2847 4553 locus
2897 4474 3318 4553 inrdiversorio.
3355 4474 3714 4547 Pastores(a)

2110 4549 2291 4610 autem
2322 4554 2364 4625 -ίν
2394 4563 2550 4609 erant
2597 4554 2649 4608 in
2671 4552 2862 4608 eadem
2893 4550 3117 4621 regione
3139 4549 3426 4621 vigilantes
3453 4561 3508 4605 et
3530 4558 3714 4604 custo-

1688 4740 1921 4798 CODEX
1950 4734 2421 4795 CORBEIENSIS.

2179 4831 2232 4886 5.
2267 4827 2403 4883 Cum
2426 4826 2591 4883 Maria
2620 4826 2950 4899 desponsata
2998 4825 3101 4881 sibi
3133 4837 3324 4887 uxore,
3350 4823 3369 4855 9
3395 4833 3518 4876 eum
3567 4826 3715 4876 esset

475 4840 563 4895 77.
595 4840 677 4896 Ad
706 4838 939 4895 dandam
969 4836 1247 4892 scientiam
1280 4837 1451 4908 plebis
1478 4837 1613 4906 ejus.

475 4913 605 4967 CAP.
624 4911 847 4966 ll.—-l.‘
880 4908 945 4965 Ut
963 4906 1308 4975 proﬁteretur
1334 4912 1619 4964 universus
1640 4906 1787 4961 orbis
1815 4915 1994 4959 terrae.

475 4984 531 5063 ξ.
563 4985 593 5063 ξ
615 4984 754 5063 Haec
785 4984 804 5013 ⁷
838 4979 1101 5063 professio
1130 4981 1171 5063 -ᾖ-
1204 4997 1380 5063 prima
1403 4982 1540 5063 facta
1564 4987 1693 5036 esta
1718 4976 1993 5033 Praeside.

478 5057 534 5110 4.
561 5056 635 5110 De
664 5055 849 5122 domo,
880 5054 901 5085 ⁸
935 5061 989 5108 et
1016 5052 1191 5123 patria
1218 5052 1404 5107 David.
1438 5053 1479 5122 σξ-

2108 4902 2161 4959 in
2184 4915 2341 4955 utero
2371 4901 2598 4956 habens.

2180 4975 2233 5028 7.
2260 4974 2396 5041 Quia
2426 4988 2532 5028 non
2555 4980 2672 5029 erat
2701 4972 2853 5028 locus
2875 4970 2931 5026 in
2953 4965 3275 5024 diversorio.

1602 5167 1994 5235 VARIANTES
2029 5164 2457 5231 LECTIONES.f

470 5273 488 5341 ξ
516 5272 621 5341 ξω.
648 5272 959 5341 plebisejns.
991 5268 1144 5341 Vulg._
1166 5268 1304 5341 plebi
1325 5268 1449 5341 ejus.

468 5337 491 5366 ³
515 5336 620 5385 Gut.
646 5328 695 5384 in
715 5328 889 5395 spiritu
913 5344 982 5388 τι
1019 5328 1178 5395 gratia
1212 5330 1307 5381 Dei
1330 5338 1567 5395 eratcum
1587 5328 1689 5389 illo,
1712 5334 1762 5379 et
1784 5334 1891 5378 erat
1928 5328 1994 5378 in.

411 5396 559 5459 Vulg.
589 5394 951 5448 conforlabatut’
975 5394 1247 5459 spirit.u,_et
1267 5401 1375 5459 erat
1397 5394 1465 5445 in.

469 5454 623 5525 rem.
650 5460 823 5525 Cyriuo
849 5454 1062 5525 nomine.
1094 5455 1242 5525 Vulg.
1261 5454 1462 5525 ‘Cytjino.

467 5522 492 5553 ⁸
514 5526 619 5573 Gat.
646 5522 701 5573 in
718 5537 853 5573 suam
875 5524 1151 5586 regionem.

465 5586 489 5619 ³
514 5587 619 5637 Gal.
656 5594 710 5637 ut
731 5577 963 5645 censum"
978 5577 1370 5647 describeret'ur,
1397 5577 1580 5633 recenti
1616 5592 1783 5643 manu,
1803 5577 2005 5643 profite-

484 5785 558 5861 (a)
586 5786 661 5845 lta
679 5786 863 5845 etcod.
908 5787 1061 5846 Cant.
1090 5785 1162 5845 δέ.

1223 5516 1322 5584 ulg.
1351 5521 1399 5567 in
1432 5529 1580 5584 suam_
1595 5517 1865 5567 civitatem.

2103 5265 2299 5309 rentur.

2170 5321 2191 5350 ⁸
2212 5322 2319 5369 Gat.
2349 5315 2518 5380 primis
2534 5314 2834 5380 curis._haec
2857 5314 3144 5380 descriptio.

2168 5384 2189 5414 "
2217 5386 2275 5431 Et
2298 5375 2363 5432 ita
2381 5382 2489 5431 Gut.
2511 5378 2737 5431 secundis
2759 5375 2914 5430 curis.

2167 5446 2189 5477 ⁸
2214 5448 2272 5495 Et
2298 5444 2367 5495 ita
2392 5446 2495 5495 Gal.

2166 5510 2186 5541 ⁰
2214 5510 2323 5560 Gat.
2345 5512 2653 5571 praegnante
2671 5506 2737 5558 de
2760 5506 2950 5570 Spiritu
2972 5508 3160 5556 sancto.

1734 5684 2101 5747 BLANCHINI
2138 5683 2367 5753 NOTIE.
