4042 6192
331 257 437 325 513
861 258 1135 320 EUSEBII
1170 252 1517 318 VERCELL.
1559 248 2010 317 EVANGELIUM
2047 255 2189 317 CUM
2232 254 2464 317 VARUS
2502 254 2661 315 COD.
2700 254 3102 315 COLLATUM.’

729 376 962 436 CODEX
1002 376 1546 436 VERCELLENSIS.

331 472 545 528 dientes
572 469 706 543 vigi-
752 504 757 507 »

330 544 430 599 lias
460 545 633 599 noctis

332 630 496 685 super
525 630 647 685 gre-

332 688 386 743 9.
412 703 532 757 gem
564 701 741 742 suum.
770 686 838 743 Et

331 773 459 813 ecce
484 762 659 828 Ange-

331 829 415 885 lus
442 829 654 885 Domini
682 838 791 886 ste-

331 901 395 956 tit
421 901 438 932 ¹
470 914 632 970 super
655 915 773 966 eos,

332 980 386 1028 ct
418 973 672 1041 majestas

332 1043 547 1099 Domini
579 1045 814 1098 circum-

333 1113 470 1169 luxit
496 1132 611 1182 eos,
640 1123 696 1170 et
716 1113 783 1168 ti—

332 1194 589 1241 muernnt

334 1258 528 1312 timore
550 1271 699 1327 mag-

331 1329 419 1383 10.
449 1345 537 1382 no.
566 1327 737 1382 Dixit-

329 1415 434 1470 que
457 1400 537 1454 eis
565 1399 679 1470 An-

329 1469 515 1540 gelus:
537 1469 719 1527 Nolite

333 1541 559 1609 timere;
587 1556 716 1598 ecce

332 1614 477 1668 enim
503 1615 524 1645 ³
562 1628 729 1668 evan-

328 1684 506 1755 gelizo
531 1685 685 1741 vobis

328 1755 588 1826 gaudium

230 1836 233 1837 ⁷
330 1842 606 1897 magnum,

328 1898 475 2024 quod
496 1899 601 1981 erit
629 1912 747 1953 ont-

372 1971 420 2024 l.
457 1970 730 2024 mnonnlo

372 1971 420 2025 l.
457 1970 511 2024 ni
529 1970 730 2041 pepulo
754 1986 767 2024 :
791 1969 916 2042 quia

329 2050 489 2097 natus
517 2052 598 2095 CSl
626 2057 721 2095 V0-

329 2111 417 2168 bis
445 2112 607 2168 hodie
638 2112 759 2169 Sal-

329 2194 507 2250 vator,
538 2184 629 2254 qui
653 2195 738 2240 est

329 2253 578 2310 Christus
597 2255 885 2322 Dominus,
910 2253 965 2310 in

328 2326 548 2382 civitate
580 2327 673 2381 Da-

330 2397 421 2471 te.
450 2398 559 2471 vid.
595 2400 661 2455 Et
686 2398 849 2471 hujus

329 2467 433 2524 hoc
461 2470 619 2526 vobis

329 2541 545 2611 signum
576 2543 649 2597 is-

332 2621 450 2667 tut:
482 2612 650 2668 inve-

333 2682 494 2738 nietis
516 2682 692 2737 infan-

333 2762 441 2808 tem
468 2754 661 2823 pannis

329 2824 634 2880 involutum
654 2866 669 2891 ,

1164 488 1265 527 nae
1297 471 1545 525 volunta-

1168 544 1256 597 15.
1288 542 1378 597 tis.
1416 542 1480 596 El.
1511 542 1619 597 lac-

1100 630 1105 639 '
1169 623 1280 669 tum
1314 622 1427 677 est,
1458 624 1517 668 ιιι

1169 686 1423 741 abierunt

1176 771 1567 811 ....ncae-

1173 830 1283 883 lum
1315 828 1507 897 Angeli
1524 869 1540 895 ,

1172 908 1420 971 pastores
1450 899 1529 953 lo-

1170 970 1475 1041 quebantur

1170 1042 1237 1096 ad
1270 1041 1526 1106 invicem,

1171 1123 1227 1167 et
1252 1112 1547 1167 dixerunt:

1172 1183 1522 1240 Pertransea-

1172 1270 1295 1310 mus
1318 1268 1487 1325 usque

1170 1325 1449 1391 Bethlem,
1482 1332 1537 1380 et

1173 1398 1457 1453 videamus

1173 1468 1277 1524 hoc
1302 1470 1526 1523 verbum

1172 1540 1317 1611 quod
1348 1539 1549 1611 factum

1171 1608 1276 1675 est,
1302 1612 1441 1665 sicut
1468 1608 1732 1664 Dominus

1172 1682 1418 1736 ostendit
1437 1695 1528 1735 no—

1175 1752 1262 1808 16.
1303 1753 1407 1809 bis.
1445 1751 1513 1805 Et
1532 1765 1700 1807 vene-

1173 1836 1303 1880 runt
1326 1825 1349 1856 ⁸
1378 1824 1527 1879 festi-

1175 1906 1395 1962 nantes;
1424 1910 1476 1952 e.
1511 1935 1524 1949 .
1561 1934 1575 1949 .
1601 1909 1664 1948 n-

1173 1977 1444 2024 venerunt

1175 2036 1419 2107 Mat-iant,
1454 2045 1510 2093 et

1170 2109 1343 2176 Josef,
1367 2120 1423 2165 et
1449 2109 1594 2164 infan
1612 2108 1649 2149 ’-

1172 2191 1279 2238 tem
1307 2181 1539 2253 positum

1169 2254 1225 2308 in
1258 2253 1570 2324 praesepio.

1172 2324 1261 2379 17.
1308 2325 1565 2380 Videntes
1592 2337 1689 2377 au-

1171 2404 1281 2451 tem
1307 2438 1324 2464 ,
1359 2406 1414 2452 et
1441 2396 1463 2426 ⁸
1492 2409 1621 2466 cog-

1172 2482 1574 2523 ηο......

1172 2538 1240 2595 de
1272 2555 1386 2595 ver.
1434 2583 1447 2593 .
1494 2574 1509 2591 .
1535 2578 1551 2603 ,

1172 2611 1316 2681 quod
1342 2612 1422 2667 eis
1448 2609 1567 2665 dic-

1170 2690 1285 2738 tum
1318 2692 1436 2738 erat
1456 2682 1525 2734 de

1174 2753 1263 2809 18.
1301 2768 1498 2823 puero;
1529 2758 1585 2823 et
1604 2764 1721 2805 om-

1173 2840 1272 2879 nes
1292 2822 1311 2891 ,
1340 2823 1430 2894 qui
1458 2822 1644 2876 audie—

2468 373 2703 433 CODEX
2742 369 3203 431 VEBONENSIS.

2042 470 2412 527 custodientes

2042 542 2254 613 vigilias
2276 541 2451 596 noctis

2040 627 2202 683 supra
2232 628 2488 684 graegem

2041 699 2221 739 suum.

2041 756 2096 813 9.
2142 757 2205 811 Et
2232 771 2361 812 ecce
2387 756 2504 812 An-

2039 828 2194 898 gelus
2225 828 2437 883 Domini

2041 901 2191 954 stetit
2215 899 2368 969 juxta

2041 969 2167 1042 illos
2186 1012 2199 1034 ,
2220 968 2287 1024 iet
2316 968 2390 1042 (a)
2419 972 2530 1026 cla-

2039 1041 2171 1097 ritas
2199 1042 2240 1113 1-
2265 1043 2374 1097 cir-

2041 1113 2318 1167 cnmftilsit

2040 1184 2183 1245 illos,
2214 1192 2269 1239 et
2300 1183 2599 1241 timuerunt

2044 1256 2239 1309 timore
2268 1269 2383 1309 ma-

2044 1326 2132 1381 10.
2164 1341 2293 1396 gito.
2326 1327 2389 1381 Et
2415 1326 2496 1381 di-

2041 1401 2122 1451 xit
2148 1399 2251 1452 illis
2277 1417 2289 1452 :
2322 1397 2433 1453 N0-

2042 1467 2137 1523 lite
2166 1471 2387 1534 timere;

2042 1554 2172 1595 ecce
2203 1542 2349 1595 enim

2044 1613 2358 1682 cvangehzo

2046 1682 2199 1738 Vobis
2226 1697 2349 1750 gau-

2046 1753 2193 1809 dium
2228 1768 2478 1823 magnum
2505 1794 2519 1821 ,

2048 1826 2190 1896 quod
2218 1825 2328 1896 erit
2521 1840 2527 1845 '

2050 1895 2198 1951 omni
2230 1895 2371 1966 plebi
2398 1913 2410 1951 ε

2053 1968 2140 2022 11.
2175 1969 2297 2037 quia
2323 1976 2479 2023 natus

2048 2047 2133 2094 est
2159 2040 2311 2093 Vobis

2048 2109 2211 2165 hodie
2235 2110 2355 2166 Sal-

2043 2192 2219 2248 vator,
2250 2182 2341 2250 qui

2045 2264 2128 2307 est
2154 2252 2400 2308 Christus

2048 2324 2312 2378 Dominus
2327 2365 2343 2390 ,

2046 2396 2102 2449 in
2131 2398 2352 2451 civitate

2050 2466 2243 2521 David.

2048 2537 2139 2610 12.
2184 2539 2256 2610 Et
2277 2538 2438 2610 hujus

2048 2608 2155 2665 hoc
2175 2609 2330 2665 vobis

2047 2682 2258 2752 signum
2286 2699 2297 2734 :

2045 2752 2340 2809 invenietis

2045 2822 2304 2879 infantem

2883 465 3057 521 bonae
3084 479 3179 521 vo-

2883 537 3132 592 lunlatis.

2883 608 2972 665 15.
3021 608 3088 663 Et
3117 608 3315 662 tactum
3344 611 3428 663 est
3449 646 3465 671 ,

2880 688 2940 735 ut
2963 679 3215 735 discessit
3242 678 3312 734 ab

2882 752 2993 807 illis
3009 751 3250 822 Angelus

2880 825 2935 878 in
2965 824 3173 878 caelum
3192 864 3208 888 ,

2884 901 3130 965 pastores
3159 894 3239 948 lo-

2881 969 3189 1038 qnehantnr

2884 1037 2952 1093 ad
2981 1037 3235 1101 invicem.

2885 1118 2941 1165 et
2968 1109 3230 1163 dixerunt
3262 1124 3274 1160 :

2885 1181 3251 1236 Transeamus

2885 1267 3055 1322 usque
3087 1250 3366 1309 Bethleem
3387 1291 3404 1320 ,

2884 1334 2939 1380 et
2970 1324 3254 1379 videamus

2885 1395 2991 1450 hoc
3016 1396 3243 1450 verbum
3262 1437 3278 1463 ,

2886 1466 3029 1538 quod
3056 1467 3255 1538 factum

2884 1537 2970 1593 est
2990 1579 3005 1601 ,
3037 1537 3185 1608 quod

2884 1609 2963 1665 sic
2994 1609 3254 1664 Dominus

2885 1681 3123 1736 ostendit
3146 1680 3325 1737 nobis.

2886 1752 2974 1808 16.
3017 1753 3082 1807 Ει
3108 1760 3374 1809 venerunt

2886 1823 3237 1891 festinantes;

2886 1905 2943 1951 et
2973 1896 3195 1951 invene-

2886 1981 3010 2021 runt
3036 1966 3257 2023 Mariam
3281 2007 3296 2033 ,

2885 2047 2942 2095 et
2964 2038 3167 2107 Josepli
3190 2080 3206 2105 ,

2885 2119 2941 2164 et
2967 2109 3227 2165 infantem

2888 2181 3124 2251 positum
3154 2181 3207 2236 in

2887 2251 3194 2322 praesepio.

2886 2324 2976 2380 17.
3021 2325 3085 2379 Ει
3109 2338 3282 2397 cogno

2884 2405 3079 2451 verunt
3103 2395 3173 2450 de

2884 2467 3051 2521 verbo
3071 2507 3085 2531 ,
3104 2468 3246 2536 quod

2886 2536 3089 2599 dictum
3117 2549 3203 2593 est

2887 2608 2995 2664 illis
3024 2612 3092 2665 de
3123 2624 3253 2677 pue-

2889 2680 2979 2735 18.
3021 2697 3084 2736 ro
3114 2680 3238 2736 hoc.
3268 2681 3335 2738 Et

2888 2766 3079 2824 omnes
3092 2793 3107 2817 ,
3139 2753 3233 2824 qui

2886 2822 3209 2889 audierunt,

3538 246 3655 311 516

2886 2895 3066 2949 mirati
3095 2904 3223 2949 sunt

2888 2965 2965 3037 (ὁ)
2992 2966 3061 3022 de
3093 2966 3177 3022 his
3205 2965 3269 3037 'l.

2885 3053 3024 3107 quae
3052 3038 3199 3093 dicta

2884 3118 3042 3164 erant
3065 3125 3093 3163 a
3125 3124 3219 3179 pa-

2882 3180 3121 3235 storilms
3148 3181 3214 3236 ad
3256 3180 3422 3250 ipsos.

330 2898 566 2966 positum
597 2896 649 2950 in
1172 2905 1318 2966 runt,
1350 2896 1515 2966 mira-

330 2960 641 3038 praesepio.
740 3024 755 3037 ,
1175 2965 1214 3020 ιί
1240 2965 1476 3038 sunt_(b)
1509 2963 1577 3019 de
1606 2961 1670 3017 iis
1695 2960 1735 3031 ’ἲ
1759 3000 1774 3028 ,

332 3036 421 3095 15.
456 3036 721 3094 Etsnbito
746 3036 861 3093 fac-
1170 3052 1309 3105 quae
1330 3036 1397 3090 ad
1423 3051 1520 3091 eos

331 3119 380 3165 ta
405 3121 488 3166 est
515 3111 536 3141 ³
554 3125 678 3165 cum
1172 3109 1339 3165 locuti
1369 3115 1497 3164 sunt

328 3182 440 3237 illis
471 3182 714 3250 Angelo-
1172 3188 1443 3250 pastores.

2043 2895 2098 2949 in
2132 2895 2324 2964 pannis

2044 2965 2351 3020 involutum
2375 3006 2389 3031 ,

2043 3046 2099 3091 et
2127 3039 2360 3106 positum

2046 3108 2099 3162 in
2124 3107 2435 3178 praesepio.

2048 3179 2135 3235 15.
2178 3181 2244 3234 Ει
2271 3179 2449 3233 subito
2478 3178 2555 3233 fa-

328 3268 450 3308 rum
481 3249 667 3309 multi-
1174 3249 1261 3308 19.
1291 3250 1457 3307 Maria
1479 3262 1612 3305 vero
2044 3261 2127 3305 cta
2160 3260 2243 3306 est
2270 3249 2453 3305 multi-
2887 3250 2974 3307 19.
3019 3252 3183 3307 Maria
3213 3249 3396 3308 autem

328 3324 459 3380 tudo
488 3339 651 3381 exer-
1171 3322 1532 3379 conservabat
2044 3322 2177 3377 tudo
2202 3337 2360 3377 exer—
2888 3324 3251 3378 censet-babat

327 3397 467 3451 citus
488 3397 701 3453 caeles-
1172 3394 1350 3450 omnia
1385 3408 1510 3448 ver-
2045 3394 2183 3448 citus
2214 3393 2394 3448 caele-
2770 3448 2771 3451 η
2884 3396 3069 3449 omnia
3096 3396 3263 3450 verba

328 3468 399 3524 tis
429 3468 656 3524 laudan-
1172 3467 1240 3521 ha
1272 3466 1372 3521 ista
1394 3508 1409 3532 ,
1442 3477 1594 3520 com-
2044 3466 2207 3519 stium
2242 3464 2467 3520 laudan-
2886 3465 3041 3526 haec,
3071 3465 3257 3521 confe-

328 3539 461 3595 tium
490 3542 657 3597 Deum
676 3581 691 3607 ,
720 3548 778 3595 et
1173 3538 1397 3593 mittens
1420 3538 1476 3591 in
2046 3536 2177 3591 tium
2212 3537 2378 3593 Deum
2401 3577 2417 3603 ,
2884 3552 3013 3591 rens
3039 3537 3091 3591 in
3114 3537 3279 3593 corde

327 3610 626 3667 dicentium
658 3629 671 3667 :
1172 3609 1339 3665 corde
1368 3623 1490 3663 suo.
2047 3616 2103 3663 et
2132 3608 2430 3663 dicentium
2467 3623 2510 3661 :'
2882 3607 2974 3662 20.
3016 3622 3136 3663 suo.
3168 3607 3239 3663 Et
3262 3623 3349 3666 rc-

1168 3681 1264 3737 20.
1298 3681 1366 3735 Et
1393 3676 1598 3735 reversi
1632 3687 1759 3733 sunt
2045 3678 2134 3734 14.
2176 3679 2360 3735 Gloria
2384 3680 2437 3734 in
2883 3678 3032 3735 versi
3058 3688 3187 3735 sunt

329 3679 417 3737 14.
460 3683 647 3738 Gloria
668 3682 690 3715 "
719 3683 776 3739 in
801 3695 895 3738 ex-

327 3766 378 3808 c.
412 3797 427 3811 .
457 3755 534 3809 sis
555 3755 702 3821 Deo,
1172 3753 1191 3783 "
1224 3764 1469 3821 pastores
1496 3764 1646 3818 mag-
2043 3751 2328 3806 altissimis
2884 3762 3131 3821 pastores
3157 3766 3271 3805 ma-

328 3833 383 3878 et
409 3839 572 3893 super
600 3837 701 3879 ter-
1173 3822 1459 3878 niﬁcantes
1484 3863 1500 3888 ,
2042 3821 2155 3876 Deo
2177 3863 2191 3885 ,
2224 3830 2279 3877 et
2310 3821 2364 3876 in
2882 3822 3205 3892 gnificantes
3226 3864 3241 3889 ,

330 3910 447 3949 ram
481 3910 581 3964 pax
616 3894 715 3949 ho—
1171 3904 1227 3948 et
1260 3895 1540 3947 laudantes
1589 3963 1595 3964 ί
2045 3903 2189 3964 terra
2226 3907 2327 3962 pax
2884 3902 2941 3949 et
2970 3894 3257 3949 laudantes

329 3963 566 4022 minibus
592 3966 692 4021 bo-
1173 3965 1343 4020 Deum
1370 3964 1424 4018 iu
1453 3963 1629 4019 omni-
2044 3963 2359 4019 hominibus
2890 4006 2901 4018 .
2950 4006 2962 4018 .
3010 4006 3025 4020 .
3074 4007 3089 4020 .
3124 3967 3179 4021 in
3208 3966 3461 4022 omnibus
3485 4007 3499 4033 ,

1661 4065 1895 4122 CODEX
1932 4066 2333 4123 BllleANUS.

330 4162 543 4219 dientes
566 4162 777 4234 vigilias
799 4164 973 4217 noctis
1003 4176 1167 4234 supra
1209 4175 1458 4231 gressum
1488 4176 1667 4234 suum.
1704 4160 1769 4214 Et
1801 4176 1928 4216 ecce
2043 4160 2122 4215 eis
2152 4160 2344 4234 Angeli
2378 4159 2430 4215 in
2463 4159 2701 4217 caelum.
2736 4169 2984 4234 pastores
3015 4161 3381 4232 loquebantur
3411 4161 3475 4215 ad
3503 4161 3642 4215 invi-

330 4236 570 4306 Angelns
598 4232 835 4289 Domini.
882 4234 1093 4306 adSIitit
1121 4233 1225 4286 illis
1254 4245 1307 4306 et
1338 4234 1560 4287 claritas
1588 4233 1799 4306 Domini
1827 4234 1934 4306 cir-
2042 4248 2185 4306 cem.
2244 4233 2609 4306 ’l‘ranseamus
2663 4248 2832 4302 usque
2898 4232 3199 4289 Bethleem.
3259 4244 3315 4288 et
3364 4234 3648 4288 videamus

330 4303 606 4362 cumlnlsit
641 4308 781 4361 illos.
813 4317 867 4359 et
891 4305 1189 4360 timuerunt
1231 4304 1428 4360 timore
1454 4320 1670 4375 magno.
1707 4305 1769 4358 Et
1799 4303 1936 4358 dixit
2043 4304 2146 4359 hoc
2173 4306 2422 4358 verbum.
2447 4303 2589 4374 quod
2620 4306 2816 4359 factum
2866 4316 2969 4358 est.
3009 4306 3153 4374 quod
3181 4305 3440 4360 Dominus
3461 4319 3650 4359 osten-

334 4378 440 4433 illis
488 4378 747 4449 Angelus.
804 4377 981 4432 Nolite
1034 4388 1246 4432 timere.
1294 4392 1423 4449 ecce
1470 4393 1614 4431 ennn
1662 4376 1934 4449 adnuncio
2041 4375 2120 4449 dit
2166 4378 2341 4429 nobis.
2383 4377 2459 4449 ΔΕι
2492 4385 2786 4449 venerunt_
2815 4375 3153 4432 festinantes.
3215 4388 3271 4432 et
3318 4379 3646 4430 invenerunt

329 4450 484 4506 vobis
521 4446 774 4519 gaudium
830 4464 1105 4518 magnum.
1165 4448 1312 4519 quod
1365 4449 1471 4501 erit
1524 4449 1670 4502 omni
1704 4448 1921 4516 populo.
2041 4446 2260 4519 Mariam
2288 4455 2344 4501 et
2371 4446 2595 4515 Ioseph.
2621 4458 2675 4500 et
2706 4446 2964 4502 infantem
2994 4450 3227 4518 positum
3254 4450 3303 4500 in
3337 4448 3640 4516 praesepio.

370 4524 455 4575 uia
490 4516 648 4575 natus
677 4534 757 4576 est
790 4516 946 4575 vobis
978 4522 1139 4573 liodie
1181 4516 1434 4574 Salvator
1459 4522 1547 4589 qni
1574 4530 1657 4574 est
1681 4520 1932 4573 Chri-tus
2047 4516 2306 4574 Videntes
2342 4532 2520 4573 autem
2554 4528 2927 4587 cognoverunt
2976 4516 3045 4573 de
3072 4520 3241 4574 verbo
3271 4520 3413 4589 quod
3444 4520 3648 4574 dictum

379 4591 593 4647 ominus
622 4594 674 4645 in
706 4594 924 4646 civitate
960 4592 1148 4646 David.
1180 4594 1247 4647 Et
1287 4596 1390 4647 hoc
1421 4592 1576 4646 vobis
1613 4594 1824 4661 signum
1857 4591 1935 4643 in-
2041 4600 2158 4661 erat
2212 4590 2318 4643 illis
2371 4591 2438 4661 de
2472 4605 2659 4658 puero.
2698 4590 2765 4643 Et
2809 4606 2999 4644 omnes
3025 4592 3115 4660 qui
3147 4590 3437 4645 audierunt
3476 4593 3649 4661 mira-

330 4664 563 4720 veuietis
608 4663 869 4719 infantem
910 4666 1102 4732 pannis
1159 4665 1481 4718 involutum.
1528 4672 1583 4717 et
1614 4659 1845 4732 positum
1880 4661 1933 4715 in
2042 4659 2236 4715 bantur
2262 4662 2336 4731 (ὁ)
2366 4660 2433 4732 tle
2467 4660 2548 4714 his
2597 4661 2637 4731 δι’
2664 4677 2803 4731 quae
2837 4659 3158 4716 dicebantur
3188 4678 3215 4714 a
3242 4661 3549 4731 pastoribus
3579 4660 3650 4715 ad

331 4735 638 4807 praesepio.
691 4736 757 4790 Et
779 4731 962 4788 subito
991 4734 1129 4807 facta
1153 4746 1237 4791 est
1258 4750 1379 4790 cum
1410 4731 1936 4807 Angelomnltitudo
2042 4732 2209 4807 ipsos.
2259 4731 2426 4787 Maria
2463 4743 2644 4807 autem
2691 4734 3053 4807 conservabat
3096 4735 3277 4807 omnia
3328 4734 3491 4789 verba
3518 4732 3651 4787 haec

333 4803 544 4863 militiai
568 4808 845 4864 caelestis.
894 4805 1229 4861 laudantium
1292 4807 1459 4861 Deum
1504 4803 1569 4860 'et
1614 4805 1932 4861 dicentium.
2040 4803 2331 4859 conferens
2387 4806 2441 4857 in
2496 4804 2662 4859 corde
2703 4819 2824 4858 suo.
2877 4805 2941 4858 Et
2986 4806 3194 4860 reversi
3235 4812 3364 4859 sunt
3404 4815 3651 4872 pastores

332 4877 515 4947 Gloria
570 4880 623 4933 in
665 4878 904 4935 excelsis
932 4877 1065 4932 Deo.
1097 4887 1153 4931 et
1206 4878 1259 4932 in
1294 4887 1438 4933 terra
1466 4891 1587 4947 pax.
1624 4876 1936 4931 hominibus
2041 4874 2447 4946 magniﬁcantes
2492 4885 2548 4931 et
2578 4875 2870 4931 laudantes
2917 4875 3109 4933 Deum.
3144 4875 3201 4930 in
3245 4874 3497 4933 omnibus

332 4946 508 5005 bonae
528 4951 841 5006 voluntatis.
878 4948 950 5005 Et
989 4948 1194 5006 factum
1241 4960 1347 5006 est.
1381 4956 1440 5003 ut
1466 4946 1841 5004 discesserunt
1868 4946 1937 5001 ab

1624 5061 1860 5121 CODEX
1897 5060 2367 5120 CORBEIENSIS.
2394 5065 2409 5094 ³

2125 5157 2213 5213 12.
2243 5157 2306 5211 Et
2334 5155 2494 5228 hujus
2524 5155 2628 5214 hoc
2653 5156 2866 5231 signum
2895 5156 3069 5214 vobis.

1562 5253 1963 5314 VARIANTES
1999 5250 2411 5310 LECTIONES.

2102 5346 2125 5414 εξ
2160 5347 2267 5414 (ξω.
2293 5344 2605 5398 festinanter.
2640 5346 2785 5414 Vulg.
2813 5319 3161 5414 festinantes:

2101 5411 2123 5441 ⁶
2160 5411 2268 5459 Gal.
2296 5416 2636 5473 cognoverunt
2672 5404 2787 5461 enin
2828 5411 2893 5460 de
2919 5411 3093 5460 verbo.
3136 5404 3285 5474 Vulg.
3310 5413 3651 5472 cognoverunt

402 5161 457 5219 9.
490 5160 744 5233 Maiestas
768 5161 1127 5219 circumfulsit
1158 5162 1301 5221 illos.

397 5352 416 5385 ⁸
450 5352 561 5403 Gal.
586 5351 716 5403 circa
740 5363 844 5402 eos.
876 5349 1024 5413 Vulg.
1068 5350 1209 5413 juxta
1231 5352 1358 5403 illos.

397 5414 417 5489 ξ
451 5417 558 5489 Qut.
588 5418 756 5489 nuntio
776 5414 934 5489 vobis.
967 5414 1111 5489 Vulg.
1139 5416 1422 5489 evangelise
1447 5415 1601 5489 vobis.

397 5477 419 5541 ξ
452 5480 559 5527 Gal.
585 5492 695 5529 cum
722 5477 927 5539 Angelis
943 5473 1201 5529 multitudo
1224 5473 1489 5527 eieroitus.
1518 5475 1664 5541 Vulg.
1692 5490 1805 5527 cum
1829 5478 1928 5527 An-
2038 5473 2308 5541 de_vgrbo.

332 5539 448 5602 gelo
471 5541 731 5591 multitudo
752 5532 975 5591 mTlitiae.
1018 5600 1024 5602 ἓ
1207 5601 1216 5602 ί
1388 5601 1391 5602 ν
1613 5532 1635 5541 ”
2052 5601 2059 5602 ί
2103 5536 2268 5602 "_Gat.
2306 5543 2531 5602 pastores
2562 5536 2848 5602 laudantes,
2885 5542 2939 5602 et
2964 5535 3327 5602 benedicentes
3362 5532 3646 5587 Dominum.

399 5601 421 5633 ⁸
453 5604 563 5653 Gal.
588 5603 640 5653 iu
664 5603 895 5655 excelsis.
928 5600 1075 5667 Vulg.
1102 5602 1154 5652 in
1175 5601 1443 5653 altissimis.
2049 5596 2193 5662 Vulg.
2224 5596 2446 5663 pastores
2467 5598 2798 5661 gloriﬁcantes
2821 5606 2875 5649 et
2896 5598 3155 5649 laudantes
3175 5598 3356 5650 Deum.

1677 5682 2045 5743 BLANCHINI
2083 5682 2315 5741 NUTIE.

406 5784 487 5862 (a)
530 5783 658 5842 Post
688 5783 917 5851 claritas,
946 5785 1102 5844 deest
1134 5785 1247 5854 Dei,
1289 5784 1451 5843 etiam
1482 5784 1537 5841 in
1565 5780 1688 5840 cod.
1711 5778 2024 5854 (κιαι-(ιν)
2046 5778 2188 5839 Ante
2216 5781 2276 5837 de
2298 5778 2405 5850 his,
2435 5779 2671 5849 deestet,
2705 5781 2867 5839 etiam
2899 5781 2952 5838 in
2984 5790 3094 5839 tex.
3118 5780 3216 5839 Gr.
3285 5804 3291 5810 ι
