4042 6192
306 263 410 323 Si?

706 378 935 439 CODEX
972 376 1516 445 VERCELLENSIS.

304 477 427 538 bus,
462 489 608 545 quae
636 488 731 529 au-
1140 478 1227 532 cui
1259 480 1279 509 ²
1311 494 1507 534 nomen

300 547 557 619 dieruut.
590 555 647 601 et
1137 548 1376 619 Symeon
1397 591 1411 615 ,
1443 561 1497 605 et

300 618 563 691 viderunt
588 619 661 672 si—
1140 618 1303 675 hemo
1338 623 1437 676 iste
1459 621 1575 691 jus-

300 701 395 745 cut
415 690 562 745 dicta
591 697 713 744 sunt
1142 700 1228 745 tus
1249 734 1263 759 ,
1290 704 1343 747 et
1376 690 1596 747 liutnra-

303 762 370 815 ad
402 776 521 816 eos.
1143 771 1228 817 tus
1244 805 1257 829 ,
1287 774 1581 829 expectans

303 833 397 889 9.1.
443 833 542 896 Et,
572 847 695 887 eum
722 832 909 903 inpleti
1144 837 1437 890 exortatio-

307 915 435 959 sunt
464 906 580 959 dies
608 918 693 959 oc-
1144 922 1265 960 nem
1299 907 1522 960 Istrahel
1550 948 1562 969 ,

310 986 364 1031 to
393 1019 409 1040 ,
440 986 499 1030 ut
523 990 651 1031 eum
678 976 785 1031 cir-

308 1048 679 1103 cumciderent
696 1088 711 1113 ,

310 1129 557 1176 vocatum
582 1127 669 1173 εει

310 1207 507 1245 nomen
529 1190 650 1259 ejus

309 1263 492 1319 Jesum
515 1304 530 1327 ,
559 1260 704 1332 quod
735 1275 830 1317 vo-

310 1346 488 1390 cetum
517 1341 639 1387 erat

312 1408 379 1459 ab
408 1407 611 1475 Augelo
635 1404 745 1474 pri-

314 1493 534 1548 usquam
564 1491 701 1531 cou-

314 1552 583 1617 ciperetur

312 1621 399 1674 23.
418 1622 493 1679 ,in
518 1630 695 1674 utero.
723 1618 790 1674 Et
818 1660 831 1683 ,

314 1708 431 1746 cum
462 1692 665 1760 expleti

316 1774 491 1819 essent
520 1763 644 1819 dies

1145 986 1199 1032 et
1220 977 1456 1045 Spiritus
1481 978 1616 1031 San-

1145 1058 1232 1103 tus
1259 1060 1375 1103 erat
1402 1064 1565 1115 super

1143 1119 1233 1175 ‘26.
1276 1136 1420 1175 eum.
1464 1120 1531 1174 Et
1558 1128 1676 1176 erat

1143 1193 1192 1247 ei
1211 1206 1537 1262 responsum

1143 1278 1173 1317 a
1200 1261 1404 1331 Spiritu
1431 1262 1629 1319 Sancto
1651 1303 1664 1327 ,

1146 1350 1251 1387 non
1282 1349 1525 1387 VlSlll‘llm

1145 1421 1267 1460 eum
1297 1413 1525 1459 mortem
1544 1446 1558 1471 ,

1148 1478 1458 1545 priusquam

1146 1544 1353 1601 videret
1381 1544 1658 1602 Christum

1150 1619 1380 1673 Domini.

1144 1691 1236 1744 ‘27.
1279 1690 1345 1744 Et
1372 1690 1517 1744 venit
1542 1689 1592 1744 in
1622 1687 1815 1758 spiritu

1152 1762 1203 1816 in
1231 1763 1510 1832 templum.

314 1834 585 1905 purgatiu-
1153 1834 1219 1887 Et
1242 1876 1255 1897 ,
1292 1831 1414 1887 cum
1447 1831 1603 1887 indu-

316 1909 394 1961 nis
419 1908 537 1976 ejus
566 1920 654 1960 se-
1152 1915 1338 1960 cerent
1384 1919 1471 1973 pa—

313 1979 540 2033 rundum
583 1978 661 2032 le-
1150 1989 1333 2032 rentes
1364 1991 1495 2045 pue-

313 2066 427 2119 gem
454 2049 661 2121 Moysi,
1150 2064 1268 2121 rum
1296 2047 1477 2102 Jesum
1504 2087 1520 2113 ,

315 2125 584 2177 duxerunt
1150 2128 1209 2173 ut
1240 2120 1482 2173 facerent

317 2210 433 2248 eum
459 2196 511 2247 in
539 2192 668 2247 Hie-
1148 2190 1216 2245 de
1248 2192 1340 2245 illo
1371 2204 1565 2244 secun-

320 2265 545 2319 rusalem
574 2305 589 2330 ,
1148 2261 1275 2315 dum
1306 2276 1535 2316 consuc-

320 2347 374 2390 ut
399 2335 661 2391 offerrent

320 2422 434 2461 eum
470 2407 702 2462 Domino
720 2447 734 2470 ,

320 2480 402 2535 25.
444 2480 587 2534 sicut
614 2479 788 2547 scrip-

321 2560 425 2604 tum
454 2560 539 2604 est
569 2551 623 2604 iu

320 2622 437 2689 lege
466 2620 682 2676 Domini
715 2638 727 2673 :

317 2694 450 2761 Quia
479 2694 493 2722 ⁸
523 2706 689 2747 omne

321 2764 678 2820 masculinum
698 2805 712 2829 ,

322 2836 463 2905 quod
493 2836 669 2905 aperit

322 2911 532 2962 Vulvam
548 2950 562 2972 ,
594 2920 749 2960 sanc-

322 2989 433 3035 tum
461 2979 689 3033 Domino

318 3050 620 3105 vocabitur.

319 3123 414 3203 gi.
446 3124 521 3203 ‘Et
539 3162 554 3185 ,
593 3130 654 3177 ut
673 3121 869 3177 darent

322 3193 534 3248 hostias
563 3208 657 3248 se-

1152 2333 1393 2387 tudiuem
1424 2334 1492 2387 le-

1150 2403 1241 2458 28.
1282 2405 1400 2475 gis;
1429 2413 1484 2459 et
1506 2403 1619 2473 ipse
1641 2418 1731 2459 ac-

1152 2478 1297 2544 cepit
1319 2492 1441 2529 eum

1154 2547 1206 2601 itt
1225 2547 1555 2614 amplexum,

1153 2628 1207 2672 et
1240 2618 1514 2673 benedixit

1155 2690 1357 2749 Deum.
1390 2700 1444 2741 et
1470 2688 1545 2741 ait
1576 2702 1589 2738 ε

1152 2761 1244 2815 29.
1286 2760 1306 2789 ³
1340 2759 1489 2814 Nunc
1518 2757 1699 2813 dimit-

1158 2833 1225 2886 tis
1252 2846 1468 2885 servum

1157 2913 1304 2958 tuum
1332 2903 1560 2957 Domine
1582 2943 1596 2969 ,

1156 2974 1456 3030 secundum

1158 3047 1381 3101 verbum
1407 3053 1490 3099 tu-

1162 3134 1249 3172 um
1284 3120 1335 3171 in
1365 3132 1495 3186 pace
1527 3133 1539 3169 :

1160 3190 1254 3244 50.
1296 3193 1421 3259 quia
1453 3188 1705 3243 viderunt

321 3265 559 3321 cundum
1163 3262 1304 3315 oculi
1330 3261 1433 3315 mei
1458 3275 1547 3314 sa»

321 3336 468 3406 quod
498 3336 702 3392 dictum
1165 3333 1338 3406 lutare
1370 3341 1519 3406 tuum
1539 3373 1553 3397 ,

323 3403 415 3463 est
444 3408 497 3460 in
524 3407 643 3478 lege
1165 3404 1255 3459 51.
1298 3403 1440 3478 quod
1484 3418 1637 3472 prae-

324 3478 543 3533 Domini
568 3475 600 3543 ,w
619 3493 717 3548 par
759 3486 815 3533 tu
826 3493 877 3531 r-
1168 3475 1366 3548 parasti
1399 3490 1485 3529 se-

326 3560 509 3604 turum
530 3591 544 3613 .
571 3545 657 3604 vel
1165 3545 1401 3602 cundum
1432 3560 1549 3599 om-

325 3621 468 3676 duos
501 3621 679 3690 pullos
1166 3618 1316 3672 nium
1343 3617 1473 3671 faci-

327 3693 609 3747 columba-
876 3740 885 3749 .
1167 3704 1252 3743 em
1279 3690 1501 3759 pepule-

326 3780 474 3819 rum.
1166 3761 1257 3815 52)..
1282 3758 1441 3814 Vrum.
1469 3758 1680 3815 Lumen

326 3836 425 3891 ‘25.
473 3834 536 3889 Et
558 3850 688 3891 ecce
708 3842 826 3891 erat
1169 3830 1458 3886 revelatio-

334 3908 499 3960 ltomo
521 3910 573 3962 in
602 3907 727 3963 Hie-

330 3980 569 4034 rusnlem
595 4022 609 4044 ,

1170 3919 1238 3958 ne
1259 3902 1498 3972 gentium
1522 3944 1535 3967 ,

1170 3983 1223 4029 et
1247 3975 1478 4043 gloriam

1406 262 1853 329 EVANGELIUM
1892 262 2265 328 SECUNDUM
2306 263 2482 328 LUCA
2495 264 2558 326 Μ.

2000 3544 2003 3547 λ
2033 3548 2124 3602 25.
2151 3547 2237 3601 'Et
2267 3563 2396 3603 ecce
2419 3546 2520 3601 lto-

3513 267 3623 333 548

2443 382 2675 441 CODEX
2719 381 3182 443 ‘JERONENSIS.

2010 496 2151 553 quae
2179 480 2493 547 audierant,
2848 489 2997 535 ratus
3019 521 3034 545 ,
3071 488 3190 536 erat

2011 564 2066 609 et
2096 554 2343 608 viderant
2850 560 3143 619 expectans
3167 566 3297 607 con-

2010 626 2151 681 sicut
2179 625 2320 679 dicta
2350 632 2475 679 sunt
2850 622 3171 678 solationem

2011 697 2078 751 ad
2110 696 2256 750 illos.
2849 694 3111 757 Istrahel.
3144 703 3203 750 et

2010 768 2101 822 2i.
2145 768 2241 826 Et.
2275 775 2559 837 postquam
2850 766 3085 835 Spiritus
3112 767 3251 823 San-

2011 839 2371 893 eonsummati
2846 848 2965 893 ctus
2994 847 3113 894 erat
3137 839 3189 893 in

2011 922 2136 965 sunt
2152 909 2267 963 dies
2850 909 2992 976 ipso.

2011 992 2134 1036 octo
2158 1024 2171 1047 ,
2197 990 2254 1034 nt
2275 982 2382 1036 cir-
2850 982 2939 1036 26.
2984 982 3327 1051 Responsum

2013 1054 2438 1117 cumeiderctur,
2851 1053 2928 1125 (α)
2962 1063 3143 1107 autem
3184 1055 3224 1124 -ι-

2012 1134 2264 1179 vocatum
2294 1134 2377 1178 BSt

2012 1211 2208 1249 nomen
2238 1196 2356 1264 ejus

2011 1268 2196 1322 Jesum
2220 1307 2234 1328 ,
2263 1266 2405 1335 quod

2012 1348 2263 1392 vocatum
2297 1347 2383 1391 est

2013 1410 2091 1489 ab.
2108 1409 2314 1478 Angelo
2351 1478 2363 1489 .

2013 1494 2324 1549 priusquam
2349 1496 2404 1533 In

2014 1563 2171 1605 mero
2195 1550 2380 1605 eouei-

2011 1622 2101 1676 22.
2148 1634 2384 1692 peretur.
2432 1662 2445 1674 .
2492 1659 2504 1673 .

2020 1704 2305 1765 postquam
2335 1697 2434 1748 im—

2018 1766 2146 1835 pleti
2180 1776 2305 1819 sunt

2020 1838 2135 1892 dies
2169 1837 2417 1905 puriﬁca-

2020 1908 2196 1963 tiones
2225 1908 2344 1977 ejus

2020 1980 2320 2035 secundum
2352 1980 2445 2036 16--

2019 2067 2137 2121 gem
2170 2052 2340 2122 Moysi
2364 2094 2379 2118 ,

2020 2124 2259 2177 tttlerunt
2287 2123 2436 2178 illum

2848 1125 3063 1193 accepit
3090 1125 3158 1180 ab

2851 1195 3060 1265 Spiritu
3088 1199 3223 1250 San—

2851 1279 2942 1322 cto
2964 1309 2976 1330 .
3009 1283 3113 1323 non
3145 1267 3223 1322 vi-

2850 1354 3037 1393 surum
3066 1356 3212 1393 ΙΙὶΟΓ-

2857 1421 2961 1465 tem
2989 1452 3003 1475 ,
3036 1412 3135 1464 nisi
3171 1412 3323 1478 prius

2854 1483 3067 1537 videret
3098 1481 3254 1537 Chri-

2852 1562 2993 1607 stum
3024 1553 3333 1609 Dominum.

2853 1624 2945 1678 27.
2992 1626 3054 1679 Et
3081 1625 3230 1681 venit
3270 1626 3323 1681 in
3353 1623 3551 1697 spiritu

2856 1698 2907 1749 in
2943 1697 3163 1764 templo.

2856 1767 2951 1835 Et,
2982 1783 3105 1822 cum
3138 1769 3222 1822 in-

2854 1838 3117 1894 ducerent
3146 1856 3278 1908 pue-

2854 1926 2971 1965 rum
2996 1910 3179 1966 Jesum

2857 1994 3109 2051 parentes
3135 1983 3255 2053 ejus
3272 2024 3287 2049 ,

2858 2063 2915 2107 ut
2944 2054 3185 2109 facerent

2858 2126 3153 2196 secundum
3182 2140 3322 2196 cou-p

2022 2194 2074 2248 in
2105 2194 2441 2250 Hierusalem
2458 2237 2474 2261 ,
2859 2195 3201 2251 suetudinem

2024 2266 2100 2320 uti
2133 2268 2390 2320 sisterent
2858 2267 2899 2321 l.
2944 2306 2958 2321 .
3003 2309 3016 2321 .
3061 2306 3075 2320 .
3108 2282 3206 2337 pro
3236 2283 3303 2323 eo
3324 2309 3339 2333 ,

2022 2351 2146 2409 eum
2180 2337 2410 2409 Domino
2430 2382 2443 2401 ,
2857 2338 2950 2393 28.
2992 2349 3045 2393 et
3072 2339 3188 2409 ipse
3219 2354 3375 2395 acce-

2024 2408 2115 2462 23.
2157 2408 2301 2461 sicut
2321 2408 2585 2479 scriptum
2859 2412 2939 2479 pit
2964 2426 3087 2463 eum
3122 2412 3173 2465 in

2024 2486 2109 2532 est
2138 2478 2189 2531 in
2224 2481 2341 2547 lege
2440 2478 2445 2479 ⁷
2862 2478 3110 2534 inanibus
3133 2521 3147 2545 ,

2027 2549 2241 2603 Domini
2274 2566 2287 2602 :
2316 2548 2451 2615 Quia
2861 2559 2918 2605 et
2938 2551 3159 2606 benedi-

2024 2636 2187 2675 omue
2218 2620 2516 2676 masculum

2024 2692 2347 2759 adaperiens

2024 2763 2239 2817 vulvam
2267 2806 2281 2829 ,
2315 2778 2444 2818 sau-

2026 2844 2171 2889 ctum
2202 2837 2431 2889 Domino

2864 2621 2941 2677 xit
2969 2624 3132 2678 Deum
3153 2664 3169 2690 ,
3200 2630 3255 2679 et

2863 2694 2997 2748 dixit
3032 2711 3045 2747 :

2862 2764 2955 2821 29.
2999 2765 3152 2821 Nunc
3178 2766 3391 2823 dimitte

2865 2853 3079 2892 servum
3109 2848 3258 2893 tuum

2025 2906 2329 2961 vocabitur.
2870 2908 3097 2965 Domine
3112 2950 3128 2976 ,
3222 2934 3227 2941 δ

2025 2976 2118 3035 24.
2163 2977 2261 3045 Et,
2290 2987 2347 3032 ut
2371 2977 2565 3033 darent
2867 2982 3168 3035 secundum

2029 3050 2225 3104 ostiam
2254 3065 2448 3105 secun-
2868 3052 3091 3107 verbum
3128 3063 3277 3106 tuum

2029 3120 2155 3175 dum
2184 3122 2327 3192 quod
2350 3121 2435 3175 di-
2870 3123 2922 3177 in
2958 3139 3088 3193 pace
3120 3140 3137 3177 :

2029 3201 2174 3247 ctum
2208 3203 2291 3247 est
2314 3197 2365 3246 in

2032 3264 2150 3334 lege
2185 3264 2397 3318 Domini
2420 3305 2434 3331 ,

2031 3351 2128 3405 par
2152 3343 2393 3390 turtures
2416 3374 2431 3401 ,

2032 3413 2087 3462 et
2112 3406 2248 3460 duos
2278 3407 2459 3478 pullos

2034 3478 2433 3531 columbarum.

2869 3194 2961 3250 50.
3003 3195 3125 3265 quia
3159 3194 3310 3250 vidc-

2873 3278 2995 3320 runt
3024 3267 3166 3321 oculi

2874 3338 2979 3391 mei
3009 3339 3303 3394 salutarem

2871 3408 2961 3463 51.
3004 3416 3154 3463 tuum
3184 3451 3198 3475 ,
3222 3407 3366 3480 quod

2871 3484 3073 3546 parasti
3104 3490 3231 3534 ante

2873 3548 3065 3604 faciem
3092 3566 3212 3603 om-

2036 3634 2124 3673 mo
2146 3630 2264 3673 erat
2295 3620 2345 3673 iu
2874 3621 3023 3675 nium
3054 3635 3225 3689 popu-

2037 3690 2372 3745 Hierusalem
2394 3729 2410 3756 ,
2875 3692 2966 3747 '52.
3009 3692 3208 3745 lorum.
3244 3690 3352 3747 Lu-

2038 3763 2121 3817 cui
2153 3778 2352 3817 nomen
2810 3820 2813 3823 _
2877 3778 2999 3818 men
3024 3767 3089 3817 ad
3122 3780 3215 3819 re-

2039 3844 2156 3888 erat
2176 3834 2445 3901 Symaeon
2473 3875 2486 3898 ,
2876 3834 3203 3890 velationem

2037 3912 2093 3959 et
2126 3906 2286 3960 Immo
2320 3907 2421 3961 iste

2879 3906 3162 3961 oculorum
3187 3948 3201 3970 ,

2035 3976 2216 4045 justus
2240 4019 2253 4045 ,
2279 3988 2332 4032 et
2360 3977 2521 4033 timo-

2879 3986 2935 4033 et
2960 3978 3189 4049 gloriam

1665 4088 1896 4145 CODEX
1933 4090 2333 4148 BRIXIANUS.

334 4205 480 4259 quae
507 4188 784 4242 audierant
807 4194 861 4241 et
890 4184 1158 4259 viderant.
1186 4184 1324 4259 sicut
1354 4182 1557 4237 dictum
1588 4183 1762 4259 estad
1795 4183 1937 4259 illos.

338 4254 705 4330 Etpustqnam
730 4256 1089 4313 consummati
1112 4266 1237 4309 sunt
1259 4255 1375 4310 dies
1389 4262 1540 4330 octo.
1573 4267 1624 4307 ιιι
1654 4254 1940 4330 circumci-

336 4326 581 4387 deretur.
608 4345 856 4385 vocatum
887 4340 967 4383 est
1011 4343 1205 4382 nomen
1238 4330 1357 4395 ejus
1379 4326 1540 4380 Jcsus
1564 4326 1703 4390 quod
1733 4326 1937 4379 dzctum

337 4416 423 4461 est
451 4409 516 4455 ab
542 4403 771 4472 Angelo.
798 4403 1109 4472 priusquam
1144 4399 1195 4452 in
1248 4409 1400 4452 utero
1427 4398 1847 4472 conciperetur.
1879 4399 1941 4452 Et

342 4467 866 4545 postquam‘impleti
916 4467 1041 4545 sunt
1070 4471 1185 4524 dics
1226 4467 1704 4545 purgationisejus
1745 4485 1941 4545 secun—

340 4540 672 4615 dum'legem
697 4540 885 4616 Moysi.
933 4542 1283 4616 adduxerunt
1306 4557 1438 4616 eum
1459 4541 1510 4594 in
1543 4540 1937 4616 Hierosolyma.

344 4630 403 4673 ut
433 4613 689 4673 sisterent
729 4613 852 4671 eum
900 4630 1081 4669 coram
1118 4614 1363 4667 Domino.
1398 4613 1538 4666 sicut
1562 4613 1820 4685 scribtu‘m
1860 4625 1945 4667 est

342 4692 395 4745 iu
430 4691 547 4758 lege
572 4690 806 4744 Domini.
841 4686 973 4754 Quia
1005 4700 1169 4741 omne
1213 4685 1574 4758 masculinum
1623 4683 1947 4758 adaperiens

344 4753 559 4815 vulvam
599 4770 845 4815 sanctum
879 4758 1109 4811 Domino
1158 4757 1458 4812 vocabitur.
1500 4756 1563 4810 Et
1593 4764 1649 4808 ut
1680 4753 1949 4809 offerrent

346 4847 446 4904 pro
473 4848 538 4885 eo
587 4830 913 4904 sacriﬁcium
962 4829 1209 4882 Domino.
1233 4828 1530 4904 secundum
1575 4826 1717 4896 quod
1738 4827 1945 4904 dictum

345 4897 431 4959 cst
462 4906 509 4957 in
536 4904 654 4974 lege
683 4900 900 4957 Domini
931 4915 1027 4974 par
1059 4907 1327 4954 turturum
1374 4900 1630 4974 aut__duos
1662 4897 1838 4974 pullos
1859 4912 1951 4952 co-

345 4968 673 5032 iuuibaru'm.
724 4974 795 5029 Et
840 4987 967 5029 ecce
1002 4971 1166 5027 homo
1206 4981 1324 5026 erat
1376 4972 1428 5025 in
1461 4968 1823 5024 Hierusalem.
1850 4983 1949 5023 no-.

2045 4184 2193 4240 mine
2242 4186 2503 4255 Symeon.
2535 4194 2589 4241 et
2635 4185 2800 4243 homo
2840 4186 2943 4240 iste
2993 4185 3188 4251 iustus.
3247 4194 3301 4241 et
3349 4185 3656 4239 timoratus.

2047 4266 2341 4317 expectans
2368 4259 2794 4312 consolationem
2823 4257 3088 4313 [sdrabel.
3111 4269 3163 4312 et
3181 4258 3413 4323 Spiritus
3430 4258 3661 4310 Saucius

2047 4339 2165 4383 crat
2191 4329 2241 4381 in
2265 4344 2352 4384 eo.
2382 4331 2446 4383 lit
2474 4345 2799 4400 responsum
2824 4341 3110 4400 acceperat
3135 4329 3203 4383 ab
3225 4328 3430 4400 Spiritu
3458 4327 3661 4383 Sancto

2048 4416 2156 4453 nun
2191 4401 2435 4454 visurum
2461 4417 2519 4454 se
2539 4398 2767 4455 mortem
2801 4401 2901 4453 nisi
2939 4399 3087 4468 prius
3131 4401 3340 4453 videret
3382 4398 3660 4452 Christum

2048 4470 2285 4526 Domini.
2323 4475 2387 4524 Et
2414 4471 2559 4528 venit
2593 4472 2646 4525 in
2678 4471 2871 4538 spiritu
2924 4471 2975 4525 in
3005 4471 3293 4539 templum.
3327 4469 3393 4524 Et
3423 4485 3544 4523 cum
3578 4468 3663 4522 in-

2048 4543 2314 4597 duccreut
2346 4560 2570 4611 puerum
2620 4542 2828 4597 Jesum.
2868 4551 3124 4610 parentes
3168 4543 3308 4611 ejus.
3340 4550 3399 4595 ut
3421 4541 3666 4595 facerent

2052 4614 2349 4668 secundum
2383 4614 2835 4668 consuetudinem
2867 4613 3002 4683 legis
3036 4628 3131 4683 pro
3177 4630 3263 4669 eo.
3311 4622 3368 4667 et
3416 4613 3548 4683 ipse?
3576 4623 3668 4683 ac-

2052 4685 2197 4752 cepit
2223 4701 2345 4737 euut
2370 4685 2425 4738 in
2456 4700 2646 4740 manus
2665 4692 2887 4739 suas.et
2914 4680 3194 4739 benedixit
3221 4686 3389 4739 Deum
3418 4692 3472 4735 et
3500 4680 3663 4734 dixit.

2050 4754 2207 4809 Nunc
2234 4755 2463 4811 dunittis
2493 4772 2713 4812 servum
2749 4766 2900 4811 tuum
2935 4756 3184 4812 Domine.
3211 4753 3509 4809 secundum
3538 4766 3667 4805 ver-

2057 4826 2182 4880 bum
2208 4836 2359 4881 tuum
2390 4829 2441 4881 in
2476 4844 2628 4899 pace.
2663 4830 2787 4899 quia
2819 4827 3234 4885 videruntoculi
3268 4830 3370 4899 mei
3425 4823 3669 4879 salutare

2057 4906 2231 4952 tuum.
2263 4899 2404 4969 quod
2433 4896 2772 4969 praeparasti
2817 4903 2869 4956 in
2898 4911 3197 4967 (‘OltspeClll
3220 4896 3671 4969 omniumpo‘pu-

2058 4970 2254 5026 lorum.
2280 4966 2487 5028 Lumen
2537 4966 2605 5028 ad
2646 4966 3051 5030 revelatbraem’
3086 4968 3333 5040 gentium
3357 4975 3414 5023 et
3443 4966 3674 5040 gloriam

1633 5102 1867 5162 CODEX
1903 5103 2382 5167 CORBEIENSIS.

420 5232 512 5286 εἳ.
546 5229 615 5285 Ut
642 5234 941 5283 statuerent
968 5224 1219 5281 Domino.

420 5303 513 5358 24.
546 5302 648 5357 Par
679 5311 972 5366 turturum,
1000 5308 1057 5354 et
1082 5298 1217 5352 duos
1248 5295 1447 5368 pullos,
1474 5303 1584 5352 etc.

2133 5220 2225 5278 28.
2255 5222 2480 5291 Omittit,
2501 5222 2522 5254 ‘
2545 5222 2598 5279 in
2623 5221 2778 5279 ulnas
2808 5234 2956 5278 suas.

1609 5408 2006 5469 VARIANTES
2045 5403 2455 5466 LECTIONES.

419 5517 432 5547 ¹
465 5517 568 5565 Gut.
592 5524 739 5564 omne
756 5510 1043 5560 masculum.
1078 5508 1223 5573 Vulg.
1250 5521 1398 5558 omne
1432 5507 1778 5573 masculinum.

418 5582 441 5611 ³
467 5579 572 5628 Gut.
588 5577 785 5627 uomiue
807 5574 1039 5624 Semeon.
1070 5570 1220 5635 Vulg.
1242 5573 1320 5624 cui
1344 5584 1528 5622 nomen
1544 5570 1769 5622 Simeon.

2131 5503 2152 5534 ³
2182 5502 2291 5551 Gut.
2311 5500 2451 5550 Nunc
2467 5498 2692 5550 dimitte.
2722 5494 2870 5562 Vulg.
2890 5491 3034 5548 Nunc
3053 5491 3274 5543 dimittis.

2133 5567 2155 5597 ⁸
2186 5565 2296 5615 Gat.
2320 5564 2373 5614 in
2394 5562 2542 5613 ulnis.

1729 5674 2099 5737 BLANCHINI
2142 5672 2377 5733 NOTAE.

443 5792 520 5866 (α)
544 5788 621 5846 Ita
647 5796 702 5847 et
720 5790 848 5850 cod.
879 5790 1036 5849 Cant.
1065 5787 1141 5846 δέ.
