4042 6192
319 254 427 313 555

311 464 404 518 25.
450 477 571 517 sua.
603 462 663 519 In
688 463 826 520 veri-

316 543 424 590 tate
443 533 572 589 dico
602 551 697 590 νο⁴

312 606 397 661 bis
427 624 441 660 :
471 605 654 661 Μυιιεε

313 676 508 732 viduae
526 685 682 732 erant

315 749 368 803 in
393 748 584 803 diebus
612 747 714 803 He-

316 819 419 875 liae
438 860 453 883 ,
487 818 705 888 quando

315 892 557 947 clausum
581 898 667 945 est

314 964 519 1019 caelum
554 976 651 1030 per

314 1032 605 1088 triennium
624 1073 641 1100 ,

313 1114 366 1160 et
396 1118 614 1160 menses

314 1191 406 1231 sex
445 1194 459 1229 :
490 1189 717 1245 quomo-

313 1248 382 1301 do
420 1246 559 1301 facta
591 1255 677 1300 est

314 1317 467 1373 famis
496 1332 646 1387 mag-

317 1405 382 1444 na
402 1404 565 1458 super
584 1402 703 1442 om-

316 1476 433 1515 nem
468 1472 667 1515 terram
688 1468 704 1524 ι

313 1531 398 1587 26.
441 1541 495 1585 et
520 1531 585 1585 ad
616 1530 817 1587 nullam

316 1618 492 1658 earum
523 1604 655 1655 mis-

316 1689 404 1729 sus
432 1683 517 1729 est
539 1672 686 1727 Heli-

316 1760 397 1809 as,
435 1745 533 1798 nisi
568 1746 621 1798 in
650 1744 748 1800 Sa—

315 1826 457 1888 repta
486 1816 706 1888 Sidonia
724 1857 738 1883 ,

314 1887 382 1941 ad
400 1887 683 1942 mulierem

314 1958 540 2013 viduam.

314 2030 394 2083 27.
438 2030 505 2084 Et
528 2029 683 2085 multi
714 2029 794 2086 le-

317 2102 449 2169 prosi
478 2109 636 2155 erant

319 2174 332 2202 ¹
354 2172 401 2227 in
433 2171 640 2226 Israhel

315 2245 406 2299 sub
432 2243 645 2298 Heliseo

314 2314 569 2384 Propheta
596 2338 609 2368 ;
640 2322 725 2369 set

312 2387 483 2440 nullus
515 2400 705 2441 eorum

313 2465 561 2528 purgatus
584 2466 703 2521 est,

309 2544 338 2581 n
351 2527 425 2583 isi’
442 2527 660 2584 Ineman

308 2599 497 2655 Surus.

308 2670 393 2725 28.
438 2670 498 2725 Et
524 2669 717 2739 repleti
740 2678 866 2727 sunt

304 2756 488 2797 omnes
520 2757 597 2795 ira

304 2812 355 2867 in
379 2814 621 2884 Synago-

302 2899 365 2953 ga
397 2886 620 2941 audien-

301 2955 391 3010 29.
440 2968 519 3011 tes
546 2956 601 3008 h.
647 2995 659 3009 .
703 2970 753 3011 c.
786 2954 855 3011 Et

304 3038 590 3093 surgentes
608 3068 624 3094 ,

305 3098 574 3152 eiciebant

304 3168 455 3223 illum
478 3176 631 3224 extra

305 3240 615 3304 civitatem;

301 3320 356 3365 et
383 3310 622 3365 adduxe-

302 3393 430 3437 runt
455 3396 579 3435 eum

301 3468 473 3521 usque
500 3452 566 3506 ad
594 3468 687 3507 su-

302 3523 585 3595 percilium

300 3596 535 3661 montis,
562 3609 651 3648 su-

298 3682 398 3737 per
438 3680 609 3737 quem,
629 3664 701 3722 ci-

296 3736 442 3793 vitas
462 3736 647 3791 aediﬁ-

297 3821 421 3863 cata
444 3819 561 3862 erat
592 3808 670 3878 ipe

298 3881 395 3937 50.
437 3877 643 3935 surum.
674 3877 743 3935 Et
776 3894 933 3951 prae-

302 4088 604 4144 Veritalem
673 4098 849 4143 autem
928 4086 1051 4141 dico
1134 4086 1310 4141 vobis.

301 4162 448 4216 duae
498 4164 710 4215 inerunt
762 4161 815 4213 in
866 4158 1059 4213 diebus
1101 4157 1287 4211 Heliae
1338 4158 1389 4212 in
1448 4158 1649 4212 Israhel
1703 4158 1920 4225 quando

304 4233 550 4287 clausum
602 4241 683 4285 est
724 4232 938 4301 caelurii
986 4230 1141 4282 .mnis
1186 4230 1355 4283 tribus
1384 4237 1437 4284 et
1482 4229 1760 4283 mensibus
1798 4244 1913 4284 sex.

303 4320 429 4358 cum
483 4302 621 4356 facta
674 4312 814 4355 esset
850 4301 1006 4354 famis
1057 4314 1249 4368 magna
1301 4300 1351 4354 in
1402 4303 1545 4354 (ιιιιιιί
1598 4311 1738 4353 terra
1769 4309 1823 4355 (ιι
1849 4302 1915 4355 ad

303 4375 510 4429 nullam
554 4390 737 4428 earum
783 4374 979 4425 missus
1018 4381 1102 4424 est
1151 4364 1335 4424 llelias
1361 4371 1459 4424 nisi
1502 4372 1551 4424 in
1586 4368 1806 4439 Sarepti
1834 4372 1916 4426 Si-

305 4446 510 4501 doniae
539 4444 606 4497 ad
637 4444 917 4497 mulierem
951 4442 1188 4495 Viduam.
1226 4444 1288 4495 Iit
1317 4443 1467 4496 tnulti
1512 4442 1709 4511 leprosi
1758 4452 1916 4497 erant

305 4518 357 4571 in
408 4516 613 4570 Israhel
666 4516 765 4568 sub
795 4514 1006 4568 Elisseo
1058 4511 1346 4581 Propheta.
1401 4527 1451 4567 et
1507 4527 1664 4566 nemo
1722 4530 1906 4567 eurum

302 4588 600 4643 mmnlalus
623 4596 705 4639 est
734 4584 837 4638 nisi
867 4584 1135 4638 Neaeman
1178 4582 1371 4655 Syrus.
1429 4584 1492 4655 Ith
1546 4583 1736 4653 repleti
1788 4595 1912 4638 sunt

306 4674 499 4713 omnes
530 4659 711 4711 furore
740 4658 790 4710 in
824 4656 1109 4727 Synagnga
1132 4653 1412 4727 audientes
1436 4653 1589 4707 haec.
1630 4656 1693 4707 Et
1717 4672 1911 4709 essur-

305 4741 503 4813 gentes
524 4726 1174 4813 eiet‘el‘lllttllltllllutsxll‘a
1219 4726 1489 4806 civi-tatem
1533 4736 1589 4779 et
1642 4728 1911 4807 duxerunt

308 4796 458 4855 illiilli
492 4815 661 4870 usque
697 4800 761 4852 ad
793 4796 1139 4870 supercilium
1167 4796 1387 4850 montis.
1426 4811 1585 4870 supra
1636 4812 1791 4864 quem
1838 4798 1911 4850 ci-

1398 248 1849 309 EYANOLIUM
1890 248 2257 309 SECUNDUM
2291 250 2551 309 LUCJM.

712 368 944 428 CODEX
987 366 1521 428 YEBCEIJLENSIS.

1150 461 1354 517 teriens
1384 474 1506 525 per-

1150 531 1331 588 medio
1361 531 1481 585 illo-

1149 619 1267 658 rum
1292 645 1307 663 .
1340 603 1464 657 ibat.
1576 666 1577 669 η

1148 676 1238 730 51.
1284 674 1349 728 Et
1368 672 1585 729 devenit
1600 670 1653 727 in

1147 745 1325 814 Capha
1335 760 1457 799 rna-

1149 832 1237 871 um
1263 818 1451 870 civita-

1146 896 1255 942 tem
1283 887 1517 943 Galilae-

1146 974 1210 1012 ae
1233 1000 1249 1025 ,
1283 969 1339 1013 et
1368 966 1483 1012 erat
1512 956 1611 1011 do-

1146 1043 1275 1084 cens
1304 1030 1423 1083 illos
1454 1030 1579 1083 sab—-

1148 1100 1238 1154 32.
1278 1100 1437 1156 bans.
1470 1100 1535 1155 Et
1557 1109 1668 1156 stu-

1147 1172 1344 1241 pebant
1369 1173 1420 1225 iu

1145 1244 1389 1297 doctrina

1145 1313 1263 1383 ejus
1285 1356 1300 1379 ,
1331 1314 1523 1382 quoui—

1144 1399 1229 1438 am
1259 1385 1310 1438 in
1337 1393 1567 1453 potesta-

1145 1463 1199 1509 te
1226 1466 1343 1509 erat
1371 1471 1490 1510 ver-

1141 1525 1266 1579 bum
1295 1526 1455 1580 llllllS.

1143 1597 1232 1651 55.
1258 1595 1327 1650 Et
1349 1606 1464 1653 erat
1494 1596 1548 1652 in
1568 1594 1662 1667 Sy-

1143 1683 1346 1738 nagoga
1370 1669 1469 1722 ho-

1141 1754 1230 1793 mo
1255 1739 1456 1795 habens

1140 1810 1409 1864 daemoni-

1142 1897 1228 1936 um
1256 1881 1468 1939 inmuti-

1138 1951 1263 2007 dum
1288 1995 1303 2020 ,
1334 1962 1388 2007 et
1415 1972 1508 2010 εχ-

1138 2024 1389 2079 clamavit
1414 2041 1506 2080 vo—

1136 2108 1199 2150 ce
1220 2112 1408 2166 magna
1431 2140 1446 2164 ,

1136 2166 1227 2240 54.
1256 2168 1457 2240 dicens
1489 2188 1502 2226 :
1527 2171 1668 2240 Quid

1138 2238 1296 2292 nobis
1314 2248 1431 2305 est,
1462 2252 1516 2298 et

1138 2308 1231 2363 tibi
1253 2309 1379 2364 Jesu
1406 2312 1514 2367 Na-

1145 2382 1379 2435 zarene?
1403 2400 1494 2440 ve-

1143 2452 1268 2506 nisti
1300 2454 1493 2521 perde-

1141 2538 1198 2576 re
1231 2524 1372 2576 nus?
1399 2526 1513 2579 scio

1142 2601 1196 2647 te
1222 2595 1310 2662 qui
1333 2594 1441 2661 sis,
1478 2596 1646 2651 Sane—

1137 2672 1227 2716 tus
1262 2665 1377 2717 Dei.

1138 2734 1228 2807 55.
1272 2735 1338 2807 Et
1367 2736 1618 2807 objurga-

1134 2804 1210 2859 vit
1237 2806 1385 2861 illum

1135 2875 1295 2931 Jesus
1321 2920 1335 2942 ,
1380 2878 1567 2936 dicens
1601 2900 1613 2935 :

1144 2947 1452 3005 Ommutes—

1144 3033 1238 3085 ce,
1271 3032 1325 3074 et
1356 3022 1442 3075 exi
1465 3022 1533 3076 ab
1560 3022 1623 3077 il-

1144 3090 1216 3164 lo.
1244 3090 1345 3157 Et,
1378 3109 1499 3147 cum
1535 3110 1660 3164 pro—

1140 3161 1360 3231 jecisset
1393 3161 1543 3219 illum

1143 3232 1418 3288 daemoni-

1145 3318 1234 3356 um
1264 3345 1278 3369 ,
1302 3305 1321 3334 ’
1353 3304 1485 3359 exiit
1513 3308 1582 3363 ab

1143 3374 1236 3427 illo
1261 3416 1275 3440 ,
1309 3377 1442 3431 nihil
1474 3392 1573 3432 no-

1140 3458 1271 3499 cens
1298 3448 1469 3501 illum.

1139 3516 1232 3571 56.
1276 3518 1342 3571 Ει
1373 3521 1543 3572 lactus
1570 3531 1653 3577 est

1140 3586 1161 3615 ³
1190 3603 1357 3656 pavor
1379 3604 1544 3660 super

1137 3672 1324 3713 omnes
1347 3701 1360 3723 ,
1393 3670 1448 3713 et

1140 3732 1432 3800 conloque-

1140 3804 1337 3860 bautur
1364 3802 1430 3858 ad

1142 3876 1465 3932 alterutrum
1490 3916 1506 3943 ,

2439 365 2671 426 OODEX
2709 365 3159 426 VERONENSIS.

2010 458 2102 513 25.
2144 456 2203 511 In
2230 460 2459 517 veritate

2010 528 2135 584 dico
2158 531 2309 584 vobis
2333 549 2347 583 :

2011 600 2190 655 Multas
2222 604 2414 659 viduae

2011 668 2225 725 fuerunt
2259 674 2309 726 in

2011 741 2202 796 diebus
2224 742 2372 801 Eliae
2394 746 2449 802 in

2011 812 2240 868 Istrahel
2261 859 2275 882 ,
2302 818 2517 883 quando

2011 886 2219 939 clusum
2248 898 2329 940 est
2360 904 2483 945 cae-

2010 954 2119 1009 lum
2144 958 2301 1011 annis
2332 962 2423 1013 tri-

2008 1025 2110 1081 bus
2133 1069 2147 1090 .
2177 1038 2233 1083 et
2269 1032 2546 1089 mensibus

2009 1112 2103 1151 88X
2133 1116 2144 1151 Σ
2169 1114 2292 1155 cum

2008 1166 2147 1223 facta
2176 1182 2258 1225 est
2285 1172 2319 1225 I.
2364 1214 2379 1227 .
2425 1213 2440 1228 .

2008 1255 2200 1310 magna
2226 1242 2280 1296 in

2008 1314 2157 1365 oumi
2187 1324 2327 1368 terra
2350 1333 2363 1379 ;

2007 1382 2097 1435 26.
2142 1392 2196 1437 et
2216 1386 2282 1437 ad
2306 1387 2507 1442 nullam

2009 1453 2224 1507 illarum
2249 1458 2444 1513 missus

2008 1536 2089 1577 est
2112 1525 2260 1579 Elias
2281 1568 2298 1593 ,

2006 1595 2110 1667 nisi
2151 1595 2279 1650 Sara
2290 1607 2377 1667 pta

2011 1665 2263 1722 Sidoniae
2291 1665 2361 1724 ad

2008 1739 2286 1792 mulierem
2313 1742 2391 1793 vi-

2006 1806 2097 1860 27.
2142 1810 2321 1865 duam.
2349 1812 2416 1869 Et

2006 1879 2159 1933 multi
2188 1881 2387 1951 leprosi

2006 1964 2156 2003 erant
2196 1954 2246 2006 in
2272 1954 2351 2007 Is-

2006 2020 2178 2076 trahel
2208 2025 2309 2078 sub

2004 2090 2225 2148 Elisaeo
2247 2095 2375 2153 Pro-

2007 2161 2170 2231 pheta
2194 2184 2207 2219 :
2240 2174 2295 2220 et

2008 2249 2168 2288 nemo
2196 2252 2381 2294 eorum

2008 2306 2295 2362 mundatus

2008 2386 2092 2430 est
2115 2417 2129 2439 ,
2160 2379 2262 2432 nisi
2291 2381 2428 2436 Naa-

2009 2448 2352 2519 maniSyrus.

2006 2516 2097 2570 28.
2141 2516 2445 2601 Et'repleti.
2492 2566 2504 2577 .
2552 2563 2564 2578 .

2010 2601 2203 2643 omnes
2237 2607 2287 2645 Ill

2006 2659 2283 2730 Syriagoga
2306 2664 2384 2719 ira

2008 2729 2144 2784 haec
2165 2729 2463 2791 audientes.

2008 2800 2099 2882 29.
2126 2802 2213 2882 .Et
2240 2820 2599 2865 surrexerunt
2618 2848 2633 2875 ,

2010 2879 2066 2925 et
2090 2879 2366 2941 ejecerunt

2012 2942 2162 2996 illum
2194 2957 2346 3001 extra

2008 3014 2316 3083 civitatem;
2342 3030 2396 3075 et;

2009 3084 2110 3137 ded
2121 3102 2349 3145 uxerunt

2008 3155 2157 3228 illum
2188 3174 2357 3228 usque

2008 3225 2076 3299 ad
2104 3243 2165 3280 su
2173 3225 2345 3299 perci-

2008 3296 2139 3351 lium
2170 3296 2369 3359 iuontis
2388 3345 2404 3370 ,

2008 3382 2173 3437 super
2196 3388 2355 3440 quem

2009 3440 2202 3495 civitas
2225 3458 2414 3503 eorum

2009 3523 2127 3563 erat
2156 3513 2343 3568 aedili-

2008 3588 2128 3633 cata
2152 3622 2166 3645 ,
2190 3594 2248 3635 ut

2010 3654 2426 3719 praecipitarent

2010 3729 2099 3782 50.
2143 3726 2314 3781 illum.
2343 3738 2400 3795 ὥ
2437 3734 2557 3805 Ipse

2009 3808 2186 3852 autem
2212 3805 2425 3860 transiit

2010 3887 2109 3947 per
2137 3874 2373 3931 medium

1628 3988 1861 4047 CODEX
1899 3991 2293 4048 BRIXIANUS.

1377 4086 1510 4155 Quia
1571 4086 1774 4141 multae
1842 4086 1921 4141 vi—

309 4873 448 4928 vitas
470 4868 689 4927 illorum
722 4879 839 4925 erat
862 4868 1143 4925 aediﬁcata
1192 4878 1249 4923 ut
1297 4869 1715 4938 praecipitarent
1764 4884 1908 4921 eum.
2020 4868 2252 4921 invicem

380 5059 477 5113 27.
520 5059 541 5089 '*
575 5056 780 5113 Neman
802 5056 843 5129 -ι-
864 5056 1033 5129 Syrus

1605 4958 1837 5014 CODEX
1865 4958 2338 5019 CORBEIENSIS.

2844 462 3061 517 illorum
3084 502 3097 527 ,
3122 469 3179 518 et

2842 533 2994 587 abiit.

2843 604 2933 658 51.
2976 603 3045 659 Et
3067 602 3339 662 discendit

2843 675 2896 729 in
2925 673 3114 729 Catar-

2844 762 3005 800 naum
3028 747 3164 801 civi—

2844 826 3005 873 tatem
3031 818 3179 872 Gali-

2842 887 2957 943 leae
2976 931 2989 954 ,
3018 890 3198 958 ibique

2839 958 3069 1014 ducebat
3096 960 3218 1017 illos

2840 1030 3099 1085 sabbatis.

2841 1102 2931 1175 52.
2950 1172 2959 1175 _
2978 1102 3043 1157 Et
3072 1102 3358 1175 stupebant

2841 1173 2895 1226 in
2930 1172 3176 1229 doctrina

2842 1243 2959 1313 ejus
2978 1285 2993 1309 ,
3026 1246 3151 1313 quia

2842 1314 2895 1368 in
2922 1325 3185 1383 potestate

2843 1394 2961 1440 erat
2986 1402 3170 1443 δετωο

2842 1456 2980 1521 ejus.

2840 1527 2931 1582 55.
2974 1527 3041 1583 Ει
3073 1537 3191 1584 erat
3218 1529 3275 1585 in

2841 1597 3124 1671 δγιιτιεοςει

2843 1670 3005 1724 homo
3029 1670 3232 1728 habens

2842 1739 3188 1797 daemonium

2843 1810 3177 1868 immundum
3200 1854 3216 1882 ,

2843 1894 2897 1938 et
2924 1886 3197 1940 exclama-

2843 1957 2922 2009 vit
2950 1972 3081 2011 voce

2842 2042 3034 2097 magna
3059 2070 3073 2092 ,
3103 2030 3187 2085 di-

2841 2086 3103 2152 stfcen's
3138 2118 3150 2153 ε
3183 2086 3323 2167 Quid

2842 2168 3020 2233 nobis,
3051 2179 3106 2223 et
3130 2170 3226 2224 tibi

2840 2238 2968 2293 Jesu
3000 2239 3315 2298 Nazarene?

2842 2310 2969 2380 quid
2996 2322 3120 2368 ante

2843 2391 3053 2452 tempus
3083 2384 3281 2439 venisti

2844 2455 3075 2531 perdere
3101 2454 3238 2531 nos?

2845 2526 2958 2594 seio
2987 2532 3038 2576 te
3058 2526 3151 2594 qui

2844 2592 2941 2657 sis,
2974 2606 3029 2649 tu
3054 2592 3114 2651 es

2844 2663 3073 2720 Sanctus
3093 2668 3207 2722 Dei.
3362 2726 3366 2733 _

2842 2732 2932 2808 55.
2978 2736 3048 2808 Et
3075 2732 3373 2808 increpavit

2846 2805 2998 2859 illum
3030 2807 3187 2863 Jesus

2848 2875 3035 2932 dicens
3066 2897 3079 2931 :
3112 2881 3243 2935 0m-

2848 2959 3111 3016 mntesce,
3136 2960 3191 3005 et

2848 3019 2935 3073 exi
2962 3022 3030 3073 ab
3062 3022 3175 3075 illo.

2846 3088 2917 3170 lit
2936 3106 3067 3170 “cum
3092 3107 3215 3162 pro-

2842 3171 3065 3229 jeCIsset
3096 3204 3108 3217 .
3142 3204 3152 3214 .
3190 3203 3205 3217 .
3242 3204 3255 3217 .

2846 3232 3217 3301 daemonium,

2846 3303 2979 3357 exiit
3006 3305 3073 3358 ab
3102 3307 3214 3369 illo,

2846 3374 3091 3442 nihilque
3112 3376 3265 3430 illum

2847 3457 3072 3498 DOCBIIS.

2845 3514 2935 3568 56.
2980 3516 3048 3569 Ει
3071 3518 3243 3574 factus
3268 3525 3352 3573 est

2844 3600 3011 3655 pavor
3042 3588 3123 3659 (α)
3151 3604 3267 3644 ma-

2843 3672 2981 3728 gnus
3009 3660 3050 3731 -ι-
3082 3662 3138 3715 in

2845 3733 3095 3785 Omnibus
3112 3773 3125 3797 ,
3154 3742 3210 3788 et

2844 3802 3255 3873 conloqueban-

2845 3882 2933 3929 tur
2961 3876 3028 3930 ad
3056 3876 3191 3932 iuvi-

2095 5056 2183 5113 54.
2225 5058 2338 5115 scio
2370 5058 2390 5089 ⁸
2418 5058 2509 5129 qui
2535 5072 2613 5127 es,
2644 5067 2701 5115 tu
2727 5059 2956 5116 SdnCttts
2984 5054 3101 5114 Dei.

385 5131 479 5187 50.
522 5129 617 5186 Ille
643 5125 827 5185 autem
855 5125 951 5200 per
982 5126 1218 5183 medium
1248 5126 1485 5196 illorum,
1513 5136 1569 5183 et
1602 5125 1734 5182 ibat.

316 5399 547 5450 Naaman.

383 5466 404 5493 ³
439 5464 546 5514 Gat.
572 5463 698 5513 exiit
719 5462 781 5512 ab
805 5461 1019 5513 homine.
1034 5458 1217 5513 recenti
1241 5462 1407 5523 m'autt,
1424 5460 1488 5511 ab
1508 5458 1610 5511 illo.
1631 5458 1776 5523 Vulg.
1800 5457 1920 5508 exiit

322 5526 383 5576 ab
411 5524 510 5575 illo.

1542 5238 1942 5297 VARIANTES
1978 5234 2386 5293 LECTIONES.

378 5342 395 5371 ³
435 5338 538 5387 ϐαι.
565 5339 615 5386 in
632 5334 945 5387 Hierusalem
962 5336 1110 5385 sub...
1126 5334 1333 5385 Neman.
1356 5334 1501 5400 Vulg.
1525 5335 1574 5383 in
1591 5333 1741 5384 Israel
1764 5332 1915 5383 sub...

2028 5398 2186 5460 pavor;
2202 5391 2247 5460 iu
2272 5391 2593 5460 omnibusfet
2614 5391 3035 5460 colloquebanlur.

1652 5642 2017 5723 BLANCHINI
2054 5660 2282 5719 Nom.

409 5738 482 5829 (al
510 5748 674 5823 Addit
696 5773 937 5834 magnus,
966 5756 1133 5820 etiam
1179 5734 1279 5817 cod
1326 5754 1500 5833 Cant.
1529 5758 1707 5832 μέγας.

2090 5451 2112 5482 ’⁵
2146 5453 2295 5504 Elim
2318 5456 2423 5507 Gut.

2091 5514 2111 5544 ⁵
2146 5523 2250 5568 σαι.
2276 5521 2360 5582 qui
2383 5522 2466 5574 sis.

3457 250 3463 268 τ
3511 248 3616 306 554

2028 4088 2148 4159 Ipse
2175 4098 2355 4160 autem
2388 4090 2659 4145 transiens
2690 4104 2786 4160 per
2814 4088 3049 4143 medium
3095 4089 3316 4160 illorum,
3368 4088 3500 4160 ibat.
3548 4085 3617 4140 Et

2027 4159 2309 4213 deScendit
2347 4160 2399 4214 in
2443 4159 2817 4230 Capliaruaum
2870 4160 2922 4213 in
2966 4162 3237 4215 civitatem
3288 4159 3615 4230 Galileaeet

2024 4242 2139 4286 erat
2169 4231 2369 4286 docens
2402 4246 2497 4286 eos
2523 4232 2781 4287 sabbatis.
2821 4232 2890 4286 Et
2927 4232 3258 4285 mirabantur
3286 4232 3338 4284 in
3370 4229 3615 4284 doctrina

2025 4301 2142 4369 ejus
2166 4304 2292 4370 quia
2337 4302 2389 4356 in
2425 4312 2691 4371 potestate
2718 4314 2832 4357 erat
2864 4318 3045 4357 seruio
3077 4306 3266 4367 ipsius.
3302 4300 3367 4355 Et
3397 4307 3513 4354 erat
3561 4298 3614 4353 in

2026 4371 2311 4443 Synaguga
2348 4373 2513 4427 homo
2554 4374 2758 4428 habens
2799 4376 3141 4435 daemonium
3185 4373 3618 4443 inmundum.ch

2024 4438 2345 4498 exclamavit
2374 4461 2506 4499 vuce
2535 4460 2722 4513 magna
2748 4444 2955 4498 dicens.
2980 4443 3115 4511 Quid
3140 4444 3293 4497 nobis
3319 4456 3371 4497 et
3399 4442 3497 4513 tibi
3523 4438 3615 4496 Je-

2022 4529 2112 4568 sns
2141 4515 2417 4569 Nazarene
2439 4512 2878 4582 venisti’pcrilere
2903 4530 3001 4567 nus
3048 4515 3160 4568 scio
3194 4526 3243 4568 te
3269 4514 3357 4581 qui
3381 4512 3454 4566 sis

2020 4595 2137 4638 ctus
2173 4587 2282 4638 Dei.
2320 4586 2381 4639 Et
2429 4587 2787 4655 comminatus
2818 4597 2898 4639 cst
2942 4585 2991 4638 ei
3028 4584 3207 4640 Jesus.
3249 4584 3454 4649 diei-ns.

2021 4668 2260 4709 iuutesce
2292 4668 2343 4708 et
2367 4658 2449 4710 exi
2476 4658 2543 4709 ab
2592 4658 2701 4709 illo.
2750 4652 2812 4708 lit
2840 4657 3048 4725 jaCIaus
3092 4658 3237 4711 illum
3270 4652 3614 4725 daemonium

2022 4726 2073 4799 in
2131 4726 2365 4779 medium
2425 4729 2554 4780 exnit
2600 4732 2667 4781 ab
2719 4718 2856 4781 illo:
2891 4728 3024 4782 nilnl
3072 4730 3219 4781 illum
3264 4732 3509 4799 noeens._'

2020 4796 2192 4850 factus
2230 4807 2312 4851 est
2364 4812 2526 4868 pavor
2580 4800 2632 4853 in
2663 4798 2912 4856 omnibus
2960 4810 3013 4855 et
3050 4793 3515 4868 conloquebantur
3547 4793 3615 4849 ad

3520 4515 3614 4564 ati-

2092 5326 2113 5357 ³
2148 5327 2251 5397 σιμ.
2272 5342 2420 5397 pavor
2437 5344 2643 5395 magnus
2659 5334 2707 5397 in
2722 5333 2968 5397 omnibus,
2988 5340 3041 5384 et
3054 5332 3455 5397 oonloquebatur.
3482 5324 3626 5391 Vulg-
