4042 6192
412 259 518 315 555
959 248 1231 308 EUSEBII
1269 242 1617 304 VERCELL.
1657 190 2110 297 ΕγΑΝρΕιιυΜ
2145 235 2289 295 CUM
2329 232 2555 291 VARIIS
2590 230 2747 290 COD.
2785 231 3174 290 COLLATUM.

807 364 1039 425 CODEX
1077 356 1621 421 VERCELLENSIS.

416 465 697 520 dicentes:

415 536 569 605 Quod
599 542 683 589 est
705 532 810 587 hoc

415 609 642 663 Verbum
662 647 676 669 ,

417 678 541 746 quia
577 679 626 731 in
652 690 748 745 po-

417 743 613 805 testate
634 743 663 813 ,V
679 754 734 801 et
756 743 857 799 vir-

416 831 533 875 tute
562 821 661 873 im-

412 904 568 963 perat
600 890 829 963 immun-

418 960 501 1017 dis
533 960 734 1031 spiriti-

420 1034 522 1087 bus
544 1074 559 1097 ,
590 1042 642 1084 et
672 1044 799 1083 exe-

419 1106 511 1161 57.
554 1102 689 1155 unt?
719 1100 784 1155 Et
820 1099 1004 1155 exibat

417 1177 559 1229 fama
584 1174 652 1225 de
673 1187 738 1224 eo

420 1248 473 1300 in
508 1258 723 1297 omnem

419 1316 705 1371 ﬁnitimam

420 1388 741 1457 Regiouetn.

420 1453 529 1513 58f
555 1460 789 1526 Surgeus
819 1453 895 1526 (η)
918 1469 1011 1510 au—

424 1540 529 1584 tetn
555 1529 596 1598 -ι-
627 1529 694 1581 de
714 1524 888 1597 Sytta-L

420 1616 557 1671 goga
582 1641 595 1663 ,
617 1599 800 1671 intra-

421 1669 499 1726 im
524 1673 575 1723 in
598 1669 818 1722 domum

423 1742 682 1799 Simonis.

424 1815 627 1869 Socrus
655 1821 840 1865 autem

422 1884 660 1942 Simonis
683 1885 777 1937 de-

424 1956 699 2010 tiuebatur

422 2027 575 2082 febre
610 2041 757 2096 mag-

425 2114 493 2153 na
525 2114 539 2150 Ζ
570 2107 624 2151 et
650 2112 805 2167 ruga-

425 2178 624 2223 verunt
646 2168 711 2221 il-

424 2242 535 2294 lum
569 2254 668 2309 pro
690 2255 774 2293 ea.

426 2312 516 2366 59.
563 2311 627 2363 Et
654 2310 875 2365 adstans

427 2399 593 2449 super
614 2396 732 2435 eam
757 2424 774 2450 ,

426 2454 715 2521 imperavit

428 2525 561 2580 febri
595 2543 608 2577 :
634 2533 687 2578 et
707 2539 799 2580 re-

426 2597 596 2666 liquid
622 2611 765 2650 eam.

426 2667 726 2723 Confestim

428 2747 607 2791 autem
634 2752 746 2790 ευτ-

430 2824 565 2877 geus
588 2850 603 2871 ,
634 2806 820 2862 minis-

432 2882 610 2933 trabat
633 2878 735 2931 his.

434 2950 525 3004 40.
569 2948 861 3005 Occidente

430 3032 612 3075 autem
632 3021 749 3075 sole
769 3062 784 3085 ,

431 3106 624 3147 Omnes
644 3133 658 3155 ,
690 3091 860 3160 quod-

431 3163 576 3231 quod
601 3162 765 3216 habe-

431 3234 560 3288 bant
588 3247 781 3302 aegros

429 3306 707 3375 languori-

432 3377 534 3431 bus
558 3376 742 3440 variis,

430 3447 774 3503 adducebant

429 3518 556 3573 illos
577 3518 641 3571 ad
671 3533 818 3574 eum.

428 3590 532 3659 Qui
565 3591 770 3644 unicui-

433 3678 540 3733 que
569 3678 759 3733 eorum

433 3732 684 3787 manibus
715 3735 794 3787 in-

433 3804 625 3871 positis
654 3819 813 3857 cura-

428 3875 519 3928 bat
549 3874 686 3927 illos.

435 3944 527 3999 41.
575 3944 811 3998 Exibant
841 3958 935 4000 au-

439 4026 549 4070 tem
573 4024 628 4069 et
650 4015 664 4044 ¹
689 4014 819 4071 dae-

429 4236 693 4290 dicentes.
720 4234 872 4298 Quod
921 4243 1004 4286 est
1048 4231 1149 4285 hoc
1178 4230 1424 4284 verbum.
1456 4228 1577 4294 quia
1602 4228 1653 4281 in
1680 4238 1944 4293 potestate
1973 4240 2027 4284 et

428 4310 628 4360 virtute
656 4307 885 4374 imperat
933 4302 1202 4374 inmundis
1233 4300 1513 4370 spiritibus
1537 4310 1587 4353 et
1610 4312 1828 4374 exeunt.
1860 4302 1921 4374 Et
1949 4301 2029 4355 di-

429 4371 751 4443 vulgabatur
791 4376 928 4429 fama
961 4377 1027 4427 tle
1056 4374 1147 4426 illo
1194 4373 1244 4426 in
1294 4387 1508 4423 omnem
1542 4373 1716 4423 locum
1751 4371 2026 4437 Regionis.

432 4442 671 4516 Surgeus
696 4452 769 4518 (α)
798 4459 976 4501 autem
998 4445 1036 4517 ’ξ’
1056 4448 1123 4499 de
1154 4444 1437 4515 Syuagoga
1468 4442 1710 4496 introivit
1733 4443 1783 4494 iu
1807 4442 2027 4497 domum

370 4586 375 4589 ἱ
429 4520 689 4574 Simonis.

501 4589 703 4645 Socrus
732 4599 908 4643 autem
941 4587 1183 4643 Simonis
1211 4586 1497 4641 tenebatur
1528 4583 1736 4654 magnis
1767 4583 2028 4639 febribus.

428 4671 483 4716 et
510 4672 835 4730 rogavemut
859 4660 1008 4712 illum
1037 4674 1132 4726 pro
1154 4674 1235 4710 va.
1267 4659 1331 4711 Et
1360 4668 1511 4730 stans
1543 4671 1707 4730 super
1738 4656 1882 4708 illam
1944 4656 2025 4709 iu-

427 4726 665 4801 crvpa'vit
696 4732 850 4786 l'A-bri.
882 4742 931 4784 et
965 4730 1171 4783 duuisit
1193 4729 1363 4781 illam.
1392 4728 1459 4801 Et
1480 4726 1764 4801 confestim
1795 4742 2024 4795 surgens

425 4797 769 4856 ministrabat
795 4803 924 4855 illis.
952 4802 1085 4853 Cum
1125 4809 1303 4851 autem
1349 4798 1429 4851 sol
1472 4797 1777 4851 occidisset.
1836 4814 2024 4851 omnes

427 4874 519 4937 qui
549 4874 820 4927 habebant
851 4875 1113 4925 iulirtnos.
1158 4869 1325 4922 variis
1368 4869 1718 4937 languoribus
1756 4869 2027 4921 ducebant

428 4944 551 4995 illus
577 4944 640 4994 ad
671 4960 791 4997 eum
822 4943 914 4997 llle
936 4952 1114 4996 autem
1144 4939 1367 5008 singulis
1398 4953 1588 4991 manus
1616 4937 1903 5005 imponens
1930 4954 2024 4991 Ctt-

427 5012 580 5068 rabat
610 5028 724 5068 eos.
764 5015 1034 5070 Exiebant
1086 5022 1269 5066 autem
1321 5021 1377 5066 et
1426 5008 1709 5064 daemonia
1756 5024 1787 5061 a
1840 5008 2023 5064 multis

1260 452 1439 509 monia
1469 466 1499 504 a

1259 523 1447 579 multis
1476 537 1573 576 ex-

1259 596 1571 658 clamantia,

1256 677 1309 721 et
1336 666 1571 719 dicentia
1596 680 1609 714 :
1656 666 1663 729 If

1255 737 1337 791 Tu
1365 751 1424 791 es
1452 734 1620 789 Filius

1261 809 1357 863 Dei
1394 824 1407 859 :
1430 814 1485 861 et
1510 803 1701 873 objur-

1258 894 1412 948 gaus,
1440 892 1544 930 non
1572 878 1645 927 si-

1263 946 1427 1003 tiebat
1449 964 1509 1000 ea
1544 946 1688 1015 loqui
1711 963 1725 1011 ;

1263 1021 1519 1090 quuuiam

1263 1086 1507 1145 sciebant
1532 1086 1810 1142 Christum

1260 1162 1411 1215 illum
1444 1173 1582 1213 esse.

1262 1232 1352 1287 42.
1401 1233 1526 1286 Orta
1557 1238 1740 1286 autem

1261 1305 1370 1367 die,
1401 1316 1651 1372 egressus

1260 1375 1391 1429 abiit
1435 1377 1487 1426 iu
1514 1372 1613 1426 de-

1258 1456 1463 1501 sertum
1499 1443 1578 1497 lo-

1259 1532 1406 1579 cum,
1438 1525 1493 1569 et
1524 1523 1636 1571 tur-

1260 1587 1363 1643 bae
1393 1586 1638 1652 require-

1261 1660 1392 1712 bant
1422 1658 1607 1724 illum,

1263 1738 1317 1783 et
1343 1739 1609 1783 venerunt

1264 1815 1434 1868 usque
1456 1798 1523 1851 ad
1555 1815 1701 1859 eum.

1260 1882 1316 1925 et
1341 1871 1552 1926 detine-

1259 1947 1392 2001 bant
1424 1944 1594 2009 illum,

1261 2032 1330 2071 ne
1357 2013 1604 2069 discede-

1265 2096 1350 2143 ret
1376 2087 1443 2141 ab
1474 2084 1627 2154 ipsis.

1265 2160 1355 2213 45.
1399 2158 1499 2224 Qui
1531 2156 1668 2212 dixit
1696 2158 1762 2212 ad

1270 2230 1392 2285 illos
1419 2247 1433 2284 :
1461 2229 1668 2293 Quoni-

1273 2316 1358 2358 am
1389 2311 1444 2354 et
1474 2299 1596 2352 aliis

1265 2374 1578 2431 civitatibus

1264 2455 1483 2517 Oportet
1513 2458 1599 2499 me

1262 2517 1539 2586 evangeh-

1264 2606 1391 2645 Zare
1418 2602 1643 2659 regnum

1266 2663 1363 2716 Dei
1395 2680 1407 2715 :
1440 2658 1567 2729 quia
1594 2658 1665 2713 ob

1267 2732 1369 2786 hoc
1394 2736 1593 2786 missus

1266 2805 1358 2857 44.
1400 2817 1544 2855 sum.
1577 2800 1645 2854 Et
1672 2808 1789 2854 erat

1267 2874 1590 2944 praedicans

1272 2943 1324 3015 iu
1352 2943 1654 3015 Synagugis

1272 3014 1572 3072 Galilaeae.

1473 3126 1703 3185 CAPUT
1757 3124 1821 3178 V.

1272 3230 1325 3282 1.
1371 3223 1589 3278 Factum
1618 3227 1700 3272 est
1730 3230 1824 3271 au-

1270 3308 1402 3362 tem,
1437 3295 1565 3348 dum
1593 3301 1706 3347 tur-

1265 3370 1333 3425 ba
1364 3369 1571 3421 incum—

1268 3442 1347 3495 bit
1372 3442 1421 3492 ei
1452 3438 1517 3490 ad
1543 3450 1637 3489 au-

1269 3508 1528 3566 diendum

1267 3582 1495 3637 verbum
1539 3579 1633 3633 Dei
1654 3618 1669 3645 ,

1267 3664 1321 3709 et
1351 3654 1465 3721 ipse
1491 3658 1609 3705 erat

1270 3736 1421 3780 stans
1446 3722 1601 3792 juxta

1270 3806 1519 3865 stagnum

1270 3866 1349 3938 (ά)
1366 3864 1760 3938 :Geunesaret
1790 3868 1850 3937 ’ξπ

1267 3936 1322 3990 2.
1367 3936 1509 3990 Vidit
1542 3940 1691 3993 navi-

1271 4009 1419 4063 culas
1452 4006 1588 4061 duas

2563 345 2797 405 CODEX
2836 345 3287 404 VERONENSIS.

2122 462 2239 503 cem
2257 487 2272 512 ,
2305 445 2549 501 dicentes
2580 464 2591 500 :

2122 518 2274 584 Quod
2303 526 2387 571 est
2416 516 2520 571 hoc

2124 592 2351 645 verbum
2378 630 2390 650 ,
2419 590 2563 657 quod

2125 662 2177 716 in
2208 667 2498 729 potestate,

2124 742 2179 788 et
2207 734 2406 784 virtute

2125 804 2359 871 imperat
2392 803 2493 856 im—

2126 872 2341 927 tnundis
2366 875 2479 941 spi—

2125 944 2341 1002 ritibus.
2370 953 2425 997 et

2125 1016 2368 1070 exeunt?

2126 1087 2209 1141 37.
2262 1088 2325 1140 Et
2351 1085 2593 1156 divulga-

2127 1160 2286 1213 batur
2320 1156 2459 1211 fama

2131 1230 2198 1285 de
2231 1230 2320 1283 illo
2345 1229 2398 1281 in

2127 1316 2343 1354 omnem
2372 1301 2457 1353 lo-

2128 1387 2248 1427 cutu
2281 1370 2538 1441 Regionis

2130 1444 2292 1496 illius.

2129 1515 2220 1570 58.
2262 1514 2500 1583 Surgens
2527 1514 2605 1586 (α)
2637 1528 2731 1569 au-

2131 1596 2236 1640 tem
2264 1586 2305 1656 -1-
2335 1589 2401 1640 de
2426 1586 2525 1655 Sy-

2132 1672 2363 1726 nagOga,
2399 1658 2485 1710 iu-

2134 1729 2297 1782 travit
2325 1729 2376 1781 iu
2404 1728 2502 1781 do-

2133 1815 2279 1853 mum
2314 1798 2553 1854 Sitnouis
2579 1838 2593 1862 ,

2136 1870 2208 1945 (1))
2237 1879 2291 1923 et
2321 1870 2567 1925 Andreae
2594 1869 2649 1938 ’ξπ

2136 1944 2340 1997 Socrus
2370 1951 2551 1996 autem

2138 2014 2377 2069 Simonis
2407 2023 2485 2067 te-

2136 2085 2367 2139 nebatur
2396 2098 2514 2137 ma-

2134 2158 2255 2227 gnis
2281 2156 2524 2213 febribus
2556 2172 2567 2207 :

2138 2237 2192 2284 et
2214 2243 2440 2301 rogave-

2139 2313 2265 2354 runt
2291 2302 2439 2356 illum

2135 2371 2224 2427 59.
2258 2388 2353 2441 pro
2380 2387 2466 2427 ea.
2500 2370 2570 2426 Et

2134 2452 2284 2497 stans
2310 2459 2475 2512 super

2136 2515 2308 2582 illam,
2344 2518 2513 2585 impe-

2137 2589 2279 2642 rabit
2303 2587 2437 2643 febri
2466 2604 2477 2639 :

2136 2670 2190 2714 et
2216 2660 2427 2714 remisit

2137 2732 2303 2785 illaut.
2342 2730 2406 2784 Et
2431 2730 2602 2785 conti-

2137 2818 2246 2856 nuo
2275 2817 2526 2871 surgens,

2138 2876 2480 2929 ministrabat
2511 2872 2638 2926 illis.

2136 2946 2227 3001 40.
2260 2945 2393 2999 Cum
2424 2944 2507 2998 sol
2534 2951 2711 2999 autem

2137 3017 2425 3071 occidisset
2448 3056 2463 3080 ,
2492 3029 2606 3067 om-

2140 3103 2258 3152 nes,
2286 3089 2377 3157 qui
2412 3085 2578 3141 habe-

2138 3159 2269 3213 bant
2296 3158 2541 3213 inﬁrmos

2139 3230 2349 3299 magnis
2382 3231 2495 3283 lan-

2138 3302 2398 3371 guoribus
2415 3343 2430 3367 ,

2137 3372 2408 3427 ducebant
2440 3374 2560 3429 illos

2138 3444 2205 3497 ad
2237 3458 2381 3497 eum.

2140 3515 2220 3568 Ad
2253 3515 2342 3567 ille
2373 3516 2487 3569 sin-

2137 3586 2278 3655 gulis
2308 3600 2526 3642 manum

2139 3658 2424 3724 imponens
2450 3673 2545 3714 cu-

2139 3729 2295 3782 rabat
2324 3743 2439 3783 eos.

2139 3800 2230 3852 M.
2273 3799 2533 3855 Exiebant
2561 3816 2650 3855 au-

2144 3878 2251 3925 tem
2281 3872 2501 3926 daemo-

2145 3942 2231 3995 nia
2265 3945 2338 4011 (c)
2372 3944 2508 3997 mul-

2144 4022 2194 4066 ta
2218 4013 2255 4083 οξ·
2278 4015 2519 4069 clamau-

1754 4133 1988 4190 CODEX
2030 4136 2428 4194 BRIXIANUS.

2132 4233 2417 4288 clamantia
2468 4243 2522 4289 et
2574 4234 2805 4288 dicentia
2849 4234 2983 4301 Quia
3044 4244 3098 4289 tu
3154 4250 3214 4291 es
3270 4235 3517 4289 Christus
3568 4232 3740 4287 Filius

2138 4303 2250 4356 Dei.
2304 4315 2363 4358 et
2409 4308 2691 4376 increpans
2743 4320 2858 4359 eos.
2914 4322 3018 4361 non
3066 4307 3277 4359 sinebat
3322 4322 3383 4360 ea
3430 4305 3757 4374 loqui.qttia.

2135 4376 2379 4429 sciebant
2428 4393 2549 4431 eum
2614 4376 2887 4431 Christum
2955 4393 3094 4431 8&0.
3164 4376 3321 4432 Facta
3379 4387 3557 4429 autem
3621 4376 3734 4429 die.

2136 4461 2390 4512 egressus
2441 4448 2549 4501 ibat
2597 4454 2647 4500 tu
2697 4449 2972 4503 desertum
3024 4450 3237 4512 locum,
3299 4459 3351 4503 et
3408 4450 3594 4501 turbae
3649 4462 3740 4500 re-

2139 4518 2573 4582 quirebanteum
2629 4529 2682 4573 et
2732 4531 2995 4573 venerunt
3041 4519 3295 4588 usquead
3332 4517 3736 4586 ipsutnettleti-

2140 4589 2340 4641 nebant
2369 4605 2514 4651 eum,
2548 4605 2612 4642 ue
2666 4590 2969 4644 discederet
3005 4591 3071 4644 ab
3102 4606 3199 4643 ets.
3252 4590 3345 4644 llle
3394 4598 3569 4642 autem
3599 4588 3739 4642 dixit

2132 4662 2232 4712 eis.
2260 4662 2398 4725 Quia
2426 4670 2479 4713 et
2509 4662 2627 4713 aliis
2655 4662 2961 4715 civitatibus
2985 4670 3197 4729 oportet
3238 4678 3323 4715 tne
3362 4661 3738 4725 evangelizare

2132 4744 2358 4797 regnum
2387 4732 2499 4783 Dei.
2528 4733 2649 4798 quia
2675 4733 2737 4783 ad
2766 4732 2867 4785 hoc
2898 4735 3095 4801 missus
3122 4747 3260 4785 sum.
3293 4732 3357 4785 Et
3382 4744 3497 4785 erat
3520 4730 3737 4801 praedi-

2131 4815 2261 4872 cans
2280 4806 2329 4854 in
2356 4802 2653 4872 Synagogis
2676 4802 2933 4857 Galileae.
2954 4800 3465 4857 Factumestautetn
3485 4800 3602 4855 cum
3619 4809 3739 4853 tur-

2130 4870 2231 4925 bae
2256 4870 2535 4927 inruerent
2560 4875 2766 4927 ineunt.
2796 4885 2854 4927 ut
2874 4874 3123 4928 audirent
3149 4875 3373 4928 verbum
3392 4872 3499 4926 Dei.
3537 4881 3589 4923 et
3616 4872 3737 4939 ipse

2130 4943 2305 4998 stabat
2328 4959 2485 5000 secus
2499 4954 2744 5016 stagnum
2758 4946 3056 5001 Geunesar.
3087 4945 3153 4999 Et
3167 4944 3295 5000 vidit
3313 4946 3444 5000 duas
3459 4943 3735 4999 naviculas

1722 5122 1956 5180 CODEX
1984 5125 2456 5183 CORBEIENSIS.

2213 5220 2303 5276 39.
2345 5221 2479 5276 febri
2514 5239 2527 5275 :
2556 5229 2611 5277 et
2636 5221 2845 5278 remisit
2874 5237 3012 5278 eam.

502 5226 593 5282 38.
637 5224 691 5279 iu
719 5222 941 5279 domum
969 5222 1229 5289 Simonis,
1259 5231 1314 5279 et
1333 5221 1605 5278 Andreae.

450 5502 459 5511 .
486 5440 502 5469 ι
541 5438 649 5489 Gat.
675 5435 932 5487 daemonia
957 5435 1105 5484 etiam
1127 5446 1155 5483 a
1178 5434 1356 5483 multis.
1390 5434 1535 5501 Vulg.
1561 5435 1818 5485 daemonia
1850 5449 1878 5483 a
1901 5434 2024 5483 mul-

425 5509 505 5550 tis.

1651 5339 2052 5398 VARIANTES
2090 5336 2497 5396 LECTIONES.

2196 5434 2215 5462 ²
2251 5431 2358 5483 Gut.
2384 5431 2623 5483 Genesar.
2660 5432 2804 5497 Vulg.
2833 5432 3157 5486 Genesaretlt.

1738 5579 2107 5637 BLANCIIINI
2146 5582 2376 5640 NOTIE.

498 5676 573 5757 tu)
606 5675 731 5731 Post
760 5686 958 5757 autent,
974 5676 1127 5757 deest
1155 5677 1328 5757 Iesus,
1380 5674 1583 5757 pariter
1609 5674 1713 5757 _inn
1737 5682 1845 5757 tet.
1887 5670 1982 5757 Gr.
2005 5704 2075 5757 7-
2105 5675 2179 5757 (ὁ)
2208 5678 2372 5757 addit
2400 5688 2446 5732 et
2474 5678 2726 5757 Andreae,
2758 5680 2880 5733 Cod.
2915 5682 3309 5757 qttoque_Cant.
3358 5684 3444 5740 καὶ
3472 5681 3727 5757 'Awipr'ov,

422 5761 453 5801 e
495 5749 693 5803 Marco.
726 5778 796 5790 --
828 5747 901 5815 (c)
932 5746 1095 5803 Addit
1123 5749 1303 5815 multa,
1332 5751 1491 5803 etiam
1523 5745 1644 5803 eod.
1674 5745 1829 5802 Cant.
1862 5746 2042 5805 πολλά.
2066 5745 2135 5789 -ὲ
2159 5750 2238 5822 (d)
2266 5750 2341 5807 Ita
2362 5761 2417 5807 et
2446 5758 2584 5807 text.
2616 5750 2709 5807 Gr.
2737 5745 3066 5826 nmo-aea".
3132 5752 3142 5759 “

2962 446 3035 499 tia
3056 486 3070 509 ,
3100 450 3157 499 et
3180 443 3365 498 dicen-

2962 517 3034 571 tia
3067 533 3080 568 :
3113 515 3193 569 Tu
3225 528 3284 570 es

2961 587 3133 641 Filius
3168 586 3258 640 Dei
3290 602 3305 640 :

2960 668 3013 714 et
3046 660 3329 726 increpans
3344 698 3359 723 ,

2961 746 3068 784 non
3095 729 3307 782 sinebat

2960 815 3024 855 ea
3050 799 3225 867 loqui;

2960 874 3085 941 quia
3113 870 3357 925 sciebant

2960 946 3134 1008 ipsum
3172 956 3293 997 esse

2960 1013 3260 1067 Clu-istum.

2960 1086 3053 1139 ιω.
3098 1083 3255 1137 Facta
3280 1092 3462 1141 autem

2962 1156 3070 1218 die,
3105 1169 3355 1225 egressus

2958 1226 3068 1280 ibat
3098 1227 3147 1279 in
3174 1226 3265 1279 tle-

2961 1308 3163 1351 sertutn
3195 1298 3276 1352 lo-

2962 1384 3108 1434 cum,
3138 1378 3191 1422 et

2966 1441 3154 1494 turbae
3181 1441 3364 1510 requi-

2966 1512 3159 1566 rebant
3186 1527 3334 1577 eum,

2967 1591 3401 1637 etven.....

2966 1669 3137 1723 usque
3166 1654 3231 1708 ad

2970 1727 3168 1797 ipsum,
3200 1737 3256 1781 et

2970 1798 3279 1852 reuuebant

2967 1869 3141 1933 illum,
3168 1878 3227 1923 ut

2968 1940 3037 1993 ab
3067 1940 3197 2005 ipsis
3228 1956 3333 1996 nou

2970 2012 3296 2067 discederet.

2967 2084 3057 2137 45.
3107 2082 3314 2149 Quibus
3345 2083 3436 2139 ille

2968 2155 3043 2208 ait
3076 2173 3088 2207 :
3119 2155 3257 2219 Quia

2967 2237 3022 2281 et
3046 2227 3165 2279 aliis
3198 2225 3278 2279 ci-

2967 2297 3224 2351 vitalibus

2968 2380 3183 2438 Oportet
3210 2386 3298 2426 me

2969 2441 3349 2509 cvangelizare

2968 2526 3192 2579 regnum
3230 2513 3323 2569 Dei
3348 2530 3361 2565 .-

2968 2586 3093 2655 quia
3127 2584 3248 2639 ideo

2967 2660 3167 2712 missus
3193 2673 3334 2712 sum.

2966 2729 3057 2784 M.
3101 2728 3169 2783 Et
3199 2739 3315 2785 erat
3341 2740 3494 2800 prae-

2969 2800 3159 2855 dicans
3186 2802 3238 2854 in

2965 2872 3265 2943 Syuagogis

2975 2943 3273 3000 Galilacae.

3178 3084 3407 3143 CAPUT
3445 3084 3512 3141 γ.

2974 3232 3026 3286 1.
3062 3230 3284 3285 Factum
3307 3238 3390 3285 est

2974 3313 3153 3356 autem
3175 3344 3188 3366 ,
3224 3316 3349 3356 cum

2975 3374 3163 3428 turbae
3190 3373 3274 3427 in-

2974 3453 3198 3500 ruerent
3225 3445 3277 3498 in

2973 3531 3096 3571 eum
3128 3524 3187 3570 ιιι
3211 3531 3312 3570 au-

2975 3588 3158 3642 dirent
3186 3587 3408 3642 verbum

2976 3658 3095 3723 Dei,
3125 3669 3179 3713 et
3206 3659 3321 3727 ipse

2976 3731 3153 3783 stabat
3183 3744 3340 3784 secus

2975 3810 3223 3870 stagnum
3252 3801 3332 3871 (ά)
3360 3798 3503 3854 Gen-

2978 3882 3197 3942 uesaret
3219 3872 3276 3942 -',-.

2974 3942 3030 3996 2.
3078 3941 3219 3997 Vidit
3243 3943 3374 3998 duas

2979 4030 3145 4070 naves
3171 4024 3315 4070 stare

3613 224 3717 282 536
