  <div class='ocr_page' id='page_1' title='image "/cluster/home/n/w/nwhite01/storage/ocr_20150623/12/hvd.32044096580410/274.png"; bbox 0 0 2021 3096; ppageno 0'>
   <div class='ocr_carea' id='block_1_1' title="bbox 192 125 243 155">
    <p class='ocr_par' dir='ltr' id='par_1_1' title="bbox 192 125 243 155">
     <span class='ocr_line' id='line_1_1' title="bbox 192 125 243 155; baseline -0.039 0"><span class='ocrx_word' id='word_1_1' title='bbox 192 125 243 155; x_wconf 66' lang='lat'><strong>557</strong></span> 
     </span>
    </p>
   </div>
   <div class='ocr_carea' id='block_1_2' title="bbox 189 227 344 257">
    <p class='ocr_par' dir='ltr' id='par_1_2' title="bbox 189 227 344 257">
     <span class='ocr_line' id='line_1_2' title="bbox 189 227 344 257; baseline -0.019 0"><span class='ocrx_word' id='word_1_2' title='bbox 189 232 296 257; x_wconf 82' lang='lat' dir='ltr'><strong>stantes</strong></span> <span class='ocrx_word' id='word_1_3' title='bbox 310 227 344 255; x_wconf 86' lang='lat' dir='ltr'><strong>ad</strong></span> 
     </span>
    </p>
   </div>
   <div class='ocr_carea' id='block_1_3' title="bbox 189 263 398 298">
    <p class='ocr_par' dir='ltr' id='par_1_3' title="bbox 189 263 398 298">
     <span class='ocr_line' id='line_1_3' title="bbox 189 263 398 298; baseline 0 -7"><span class='ocrx_word' id='word_1_4' title='bbox 189 264 254 291; x_wconf 92' lang='lat' dir='ltr'><strong>litus</strong></span> <span class='ocrx_word' id='word_1_5' title='bbox 266 272 274 296; x_wconf 87' lang='lat'><strong>;</strong></span> <span class='ocrx_word' id='word_1_6' title='bbox 290 263 324 291; x_wconf 89' lang='lat' dir='ltr'><strong>de</strong></span> <span class='ocrx_word' id='word_1_7' title='bbox 339 263 398 298; x_wconf 90' lang='lat' dir='ltr'><strong>qui-</strong></span> 
     </span>
    </p>
   </div>
   <div class='ocr_carea' id='block_1_4' title="bbox 189 300 372 334">
    <p class='ocr_par' dir='ltr' id='par_1_4' title="bbox 189 300 372 334">
     <span class='ocr_line' id='line_1_4' title="bbox 189 300 372 334; baseline -0.005 -7"><span class='ocrx_word' id='word_1_8' title='bbox 189 300 240 327; x_wconf 88' lang='lat' dir='ltr'><strong>bus</strong></span> <span class='ocrx_word' id='word_1_9' title='bbox 256 300 372 334; x_wconf 86' lang='lat' dir='ltr'><strong>piscato-</strong></span> 
     </span>
    </p>
   </div>
   <div class='ocr_carea' id='block_1_5' title="bbox 189 342 348 370">
    <p class='ocr_par' dir='ltr' id='par_1_5' title="bbox 189 342 348 370">
     <span class='ocr_line' id='line_1_5' title="bbox 189 342 348 370; baseline -0.019 -7"><span class='ocrx_word' id='word_1_10' title='bbox 189 343 233 363; x_wconf 85' lang='lat' dir='ltr'><strong>res</strong></span> <span class='ocrx_word' id='word_1_11' title='bbox 255 342 348 370; x_wconf 78' lang='lat' dir='ltr'><strong>egres-</strong></span> 
     </span>
    </p>
   </div>
   <div class='ocr_carea' id='block_1_6' title="bbox 190 370 366 402">
    <p class='ocr_par' dir='ltr' id='par_1_6' title="bbox 190 370 366 402">
     <span class='ocr_line' id='line_1_6' title="bbox 190 370 366 402; baseline -0.006 -4"><span class='ocrx_word' id='word_1_12' title='bbox 190 371 224 402; x_wconf 88' lang='lat' dir='ltr'><strong>si,</strong></span> <span class='ocrx_word' id='word_1_13' title='bbox 238 370 366 397; x_wconf 73' lang='lat' dir='ltr'><strong>lababant</strong></span> 
     </span>
    </p>
   </div>
   <div class='ocr_carea' id='block_1_7' title="bbox 192 405 384 433">
    <p class='ocr_par' dir='ltr' id='par_1_7' title="bbox 192 405 384 433">
     <span class='ocr_line' id='line_1_7' title="bbox 192 405 384 433; baseline 0 0"><span class='ocrx_word' id='word_1_14' title='bbox 192 407 200 422; x_wconf 90' lang='grc'>¹</span> <span class='ocrx_word' id='word_1_15' title='bbox 215 405 298 433; x_wconf 87' lang='lat' dir='ltr'><strong>relias</strong></span> <span class='ocrx_word' id='word_1_16' title='bbox 311 413 384 433; x_wconf 90' lang='lat' dir='ltr'><strong>suas.</strong></span> 
     </span>
    </p>
   </div>
   <div class='ocr_carea' id='block_1_8' title="bbox 191 440 392 470">
    <p class='ocr_par' dir='ltr' id='par_1_8' title="bbox 191 440 392 470">
     <span class='ocr_line' id='line_1_8' title="bbox 191 440 392 470; baseline 0.005 -1"><span class='ocrx_word' id='word_1_17' title='bbox 191 442 218 469; x_wconf 78' lang='grc'><strong>5.</strong></span> <span class='ocrx_word' id='word_1_18' title='bbox 231 440 392 470; x_wconf 80' lang='lat' dir='ltr'><strong>Ascendens</strong></span> 
     </span>
    </p>
   </div>
   <div class='ocr_carea' id='block_1_9' title="bbox 192 477 373 505">
    <p class='ocr_par' dir='ltr' id='par_1_9' title="bbox 192 477 373 505">
     <span class='ocr_line' id='line_1_9' title="bbox 192 477 373 505; baseline -0.011 0"><span class='ocrx_word' id='word_1_19' title='bbox 192 483 283 505; x_wconf 87' lang='lat' dir='ltr'><strong>autem</strong></span> <span class='ocrx_word' id='word_1_20' title='bbox 299 477 326 503; x_wconf 91' lang='lat' dir='ltr'><strong>in</strong></span> <span class='ocrx_word' id='word_1_21' title='bbox 342 485 373 504; x_wconf 92' lang='lat' dir='ltr'><strong>u-</strong></span> 
     </span>
    </p>
   </div>
   <div class='ocr_carea' id='block_1_10' title="bbox 192 513 345 540">
    <p class='ocr_par' dir='ltr' id='par_1_10' title="bbox 192 513 345 540">
     <span class='ocr_line' id='line_1_10' title="bbox 192 513 345 540; baseline -0.007 0"><span class='ocrx_word' id='word_1_22' title='bbox 192 520 253 540; x_wconf 78' lang='lat' dir='ltr'><strong>nam</strong></span> <span class='ocrx_word' id='word_1_23' title='bbox 267 513 345 539; x_wconf 81' lang='lat' dir='ltr'><strong>navi-</strong></span> 
     </span>
    </p>
   </div>
   <div class='ocr_carea' id='block_1_11' title="bbox 191 548 377 582">
    <p class='ocr_par' dir='ltr' id='par_1_11' title="bbox 191 548 377 582">
     <span class='ocr_line' id='line_1_11' title="bbox 191 548 377 582; baseline 0 -6"><span class='ocrx_word' id='word_1_24' title='bbox 191 548 290 579; x_wconf 83' lang='lat' dir='ltr'><strong>culam,</strong></span> <span class='ocrx_word' id='word_1_25' title='bbox 308 556 377 582; x_wconf 84' lang='lat' dir='ltr'><strong>quae</strong></span> 
     </span>
    </p>
   </div>
   <div class='ocr_carea' id='block_1_12' title="bbox 193 583 357 612">
    <p class='ocr_par' dir='ltr' id='par_1_12' title="bbox 193 583 357 612">
     <span class='ocr_line' id='line_1_12' title="bbox 193 583 357 612; baseline -0.018 0"><span class='ocrx_word' id='word_1_26' title='bbox 193 589 251 612; x_wconf 82' lang='lat' dir='ltr'><strong>erat</strong></span> <span class='ocrx_word' id='word_1_27' title='bbox 266 583 357 611; x_wconf 90' lang='lat' dir='ltr'><strong>Simo-</strong></span> 
     </span>
    </p>
   </div>
   <div class='ocr_carea' id='block_1_13' title="bbox 192 614 365 654">
    <p class='ocr_par' dir='ltr' id='par_1_13' title="bbox 192 614 365 654">
     <span class='ocr_line' id='line_1_13' title="bbox 192 614 365 654; baseline -0.006 -7"><span class='ocrx_word' id='word_1_28' title='bbox 192 614 244 651; x_wconf 73' lang='lat' dir='ltr'><strong>m’s,</strong></span> <span class='ocrx_word' id='word_1_29' title='bbox 257 619 365 654; x_wconf 80' lang='lat' dir='ltr'><strong>rogavit</strong></span> 
     </span>
    </p>
   </div>
   <div class='ocr_carea' id='block_1_14' title="bbox 190 659 386 691">
    <p class='ocr_par' dir='ltr' id='par_1_14' title="bbox 190 659 386 691">
     <span class='ocr_line' id='line_1_14' title="bbox 190 659 386 691; baseline -0.01 -8"><span class='ocrx_word' id='word_1_30' title='bbox 190 663 263 686; x_wconf 83' lang='lat' dir='ltr'><strong>eum.</strong></span> <span class='ocrx_word' id='word_1_31' title='bbox 282 659 311 682; x_wconf 95' lang='lat' dir='ltr'><strong>ut</strong></span> <span class='ocrx_word' id='word_1_32' title='bbox 324 663 386 691; x_wconf 91' lang='lat' dir='ltr'><strong>pro-</strong></span> 
     </span>
    </p>
   </div>
   <div class='ocr_carea' id='block_1_15' title="bbox 192 691 325 718">
    <p class='ocr_par' dir='ltr' id='par_1_15' title="bbox 192 691 325 718">
     <span class='ocr_line' id='line_1_15' title="bbox 192 691 325 718; baseline 0 0"><span class='ocrx_word' id='word_1_33' title='bbox 192 691 325 718; x_wconf 88' lang='lat' dir='ltr'><strong>ducerent</strong></span> 
     </span>
    </p>
   </div>
   <div class='ocr_carea' id='block_1_16' title="bbox 194 732 366 761">
    <p class='ocr_par' dir='ltr' id='par_1_16' title="bbox 194 732 366 761">
     <span class='ocr_line' id='line_1_16' title="bbox 194 732 366 761; baseline 0 -8"><span class='ocrx_word' id='word_1_34' title='bbox 194 732 265 754; x_wconf 85' lang='lat' dir='ltr'><strong>terra</strong></span> <span class='ocrx_word' id='word_1_35' title='bbox 279 735 366 761; x_wconf 86' lang='lat' dir='ltr'><strong>quan—</strong></span> 
     </span>
    </p>
   </div>
   <div class='ocr_carea' id='block_1_17' title="bbox 193 762 357 790">
    <p class='ocr_par' dir='ltr' id='par_1_17' title="bbox 193 762 357 790">
     <span class='ocr_line' id='line_1_17' title="bbox 193 762 357 790; baseline 0 0"><span class='ocrx_word' id='word_1_36' title='bbox 193 762 357 790; x_wconf 81' lang='lat' dir='ltr'><strong>tulumcutn-</strong></span> 
     </span>
    </p>
   </div>
   <div class='ocr_carea' id='block_1_18' title="bbox 192 806 253 831">
    <p class='ocr_par' dir='ltr' id='par_1_18' title="bbox 192 806 253 831">
     <span class='ocr_line' id='line_1_18' title="bbox 192 806 253 831; baseline 0 -6"><span class='ocrx_word' id='word_1_37' title='bbox 192 806 253 831; x_wconf 89' lang='lat' dir='ltr'><strong>que.</strong></span> 
     </span>
    </p>
   </div>
   <div class='ocr_carea' id='block_1_19' title="bbox 192 833 360 862">
    <p class='ocr_par' dir='ltr' id='par_1_19' title="bbox 192 833 360 862">
     <span class='ocr_line' id='line_1_19' title="bbox 192 833 360 862; baseline -0.012 0"><span class='ocrx_word' id='word_1_38' title='bbox 192 833 295 862; x_wconf 84' lang='lat' dir='ltr'><strong>Sedens</strong></span> <span class='ocrx_word' id='word_1_39' title='bbox 312 841 360 861; x_wconf 86' lang='lat' dir='ltr'><strong>au-</strong></span> 
     </span>
    </p>
   </div>
   <div class='ocr_carea' id='block_1_20' title="bbox 193 869 394 901">
    <p class='ocr_par' dir='ltr' id='par_1_20' title="bbox 193 869 394 901">
     <span class='ocr_line' id='line_1_20' title="bbox 193 869 394 901; baseline 0.005 -5"><span class='ocrx_word' id='word_1_40' title='bbox 193 874 260 901; x_wconf 83' lang='lat' dir='ltr'><strong>tem,</strong></span> <span class='ocrx_word' id='word_1_41' title='bbox 275 869 394 897; x_wconf 89' lang='lat' dir='ltr'><strong>docebat</strong></span> 
     </span>
    </p>
   </div>
   <div class='ocr_carea' id='block_1_21' title="bbox 192 905 349 933">
    <p class='ocr_par' dir='ltr' id='par_1_21' title="bbox 192 905 349 933">
     <span class='ocr_line' id='line_1_21' title="bbox 192 905 349 933; baseline 0.006 -2"><span class='ocrx_word' id='word_1_42' title='bbox 192 905 225 933; x_wconf 87' lang='lat' dir='ltr'><strong>de</strong></span> <span class='ocrx_word' id='word_1_43' title='bbox 237 906 349 932; x_wconf 87' lang='lat' dir='ltr'><strong>navicu-</strong></span> 
     </span>
    </p>
   </div>
   <div class='ocr_carea' id='block_1_22' title="bbox 192 940 476 970">
    <p class='ocr_par' dir='ltr' id='par_1_22' title="bbox 192 940 476 970">
     <span class='ocr_line' id='line_1_22' title="bbox 192 940 476 970; baseline 0 -3"><span class='ocrx_word' id='word_1_44' title='bbox 192 940 218 967; x_wconf 73' lang='grc'><strong>4.</strong></span> <span class='ocrx_word' id='word_1_45' title='bbox 239 941 263 968; x_wconf 82' lang='lat' dir='ltr'><strong>Ia</strong></span> <span class='ocrx_word' id='word_1_46' title='bbox 280 941 383 970; x_wconf 86' lang='lat' dir='ltr'><strong>turbas.</strong></span> <span class='ocrx_word' id='word_1_47' title='bbox 396 941 476 969; x_wconf 84' lang='lat' dir='ltr'><strong>Cum-</strong></span> 
     </span>
    </p>
   </div>
   <div class='ocr_carea' id='block_1_23' title="bbox 193 976 394 1011">
    <p class='ocr_par' dir='ltr' id='par_1_23' title="bbox 193 976 394 1011">
     <span class='ocr_line' id='line_1_23' title="bbox 193 976 394 1011; baseline 0.01 -9"><span class='ocrx_word' id='word_1_48' title='bbox 193 984 243 1011; x_wconf 91' lang='lat' dir='ltr'><strong>que</strong></span> <span class='ocrx_word' id='word_1_49' title='bbox 257 976 340 1004; x_wconf 87' lang='lat' dir='ltr'><strong>desiit</strong></span> <span class='ocrx_word' id='word_1_50' title='bbox 355 977 394 1004; x_wconf 73' lang='lat' dir='ltr'><strong>lo~</strong></span> 
     </span>
    </p>
   </div>
   <div class='ocr_carea' id='block_1_24' title="bbox 194 1012 382 1045">
    <p class='ocr_par' dir='ltr' id='par_1_24' title="bbox 194 1012 382 1045">
     <span class='ocr_line' id='line_1_24' title="bbox 194 1012 382 1045; baseline 0.011 -7"><span class='ocrx_word' id='word_1_51' title='bbox 194 1012 250 1045; x_wconf 86' lang='lat' dir='ltr'><strong>qui,</strong></span> <span class='ocrx_word' id='word_1_52' title='bbox 265 1013 336 1039; x_wconf 81' lang='lat' dir='ltr'><strong>dixit</strong></span> <span class='ocrx_word' id='word_1_53' title='bbox 348 1013 382 1040; x_wconf 87' lang='lat' dir='ltr'><strong>ad</strong></span> 
     </span>
    </p>
   </div>
   <div class='ocr_carea' id='block_1_25' title="bbox 194 1047 353 1075">
    <p class='ocr_par' dir='ltr' id='par_1_25' title="bbox 194 1047 353 1075">
     <span class='ocr_line' id='line_1_25' title="bbox 194 1047 353 1075; baseline -0.006 0"><span class='ocrx_word' id='word_1_54' title='bbox 194 1047 332 1075; x_wconf 81' lang='lat' dir='ltr'><strong>Simonem</strong></span> <span class='ocrx_word' id='word_1_55' title='bbox 346 1057 353 1074; x_wconf 88' lang='lat'><strong>:</strong></span> 
     </span>
    </p>
   </div>
   <div class='ocr_carea' id='block_1_26' title="bbox 195 1083 384 1117">
    <p class='ocr_par' dir='ltr' id='par_1_26' title="bbox 195 1083 384 1117">
     <span class='ocr_line' id='line_1_26' title="bbox 195 1083 384 1117; baseline 0 -7"><span class='ocrx_word' id='word_1_56' title='bbox 195 1083 263 1110; x_wconf 88' lang='lat' dir='ltr'><strong>Leva</strong></span> <span class='ocrx_word' id='word_1_57' title='bbox 276 1083 303 1110; x_wconf 93' lang='lat' dir='ltr'><strong>in</strong></span> <span class='ocrx_word' id='word_1_58' title='bbox 317 1084 384 1117; x_wconf 83' lang='lat' dir='ltr'><strong>allo,</strong></span> 
     </span>
    </p>
   </div>
   <div class='ocr_carea' id='block_1_27' title="bbox 195 1119 391 1154">
    <p class='ocr_par' dir='ltr' id='par_1_27' title="bbox 195 1119 391 1154">
     <span class='ocr_line' id='line_1_27' title="bbox 195 1119 391 1154; baseline -0.005 -7"><span class='ocrx_word' id='word_1_59' title='bbox 195 1123 221 1147; x_wconf 89' lang='lat' dir='ltr'><strong>et</strong></span> <span class='ocrx_word' id='word_1_60' title='bbox 233 1120 243 1134; x_wconf 93' lang='grc'>¹</span> <span class='ocrx_word' id='word_1_61' title='bbox 259 1119 391 1154; x_wconf 78' lang='lat' dir='ltr'><strong>expandi-</strong></span> 
     </span>
    </p>
   </div>
   <div class='ocr_carea' id='block_1_28' title="bbox 151 1156 392 1185">
    <p class='ocr_par' dir='ltr' id='par_1_28' title="bbox 151 1156 392 1185">
     <span class='ocr_line' id='line_1_28' title="bbox 151 1156 392 1185; baseline 0 -3"><span class='ocrx_word' id='word_1_62' title='bbox 151 1182 155 1185; x_wconf 78' lang='grc'><em>,</em></span> <span class='ocrx_word' id='word_1_63' title='bbox 197 1160 220 1182; x_wconf 86' lang='lat' dir='ltr'><strong>te</strong></span> <span class='ocrx_word' id='word_1_64' title='bbox 235 1156 318 1182; x_wconf 88' lang='lat' dir='ltr'><strong>retias</strong></span> <span class='ocrx_word' id='word_1_65' title='bbox 333 1163 392 1182; x_wconf 90' lang='lat' dir='ltr'><strong>ves-</strong></span> 
     </span>
    </p>
   </div>
   <div class='ocr_carea' id='block_1_29' title="bbox 197 1191 382 1226">
    <p class='ocr_par' dir='ltr' id='par_1_29' title="bbox 197 1191 382 1226">
     <span class='ocr_line' id='line_1_29' title="bbox 197 1191 382 1226; baseline 0 -8"><span class='ocrx_word' id='word_1_66' title='bbox 197 1195 249 1218; x_wconf 85' lang='lat' dir='ltr'><strong>tras</strong></span> <span class='ocrx_word' id='word_1_67' title='bbox 263 1191 297 1218; x_wconf 87' lang='lat' dir='ltr'><strong>ad</strong></span> <span class='ocrx_word' id='word_1_68' title='bbox 308 1192 382 1226; x_wconf 87' lang='lat' dir='ltr'><strong>capi-</strong></span> 
     </span>
    </p>
   </div>
   <div class='ocr_carea' id='block_1_30' title="bbox 197 1226 305 1254">
    <p class='ocr_par' dir='ltr' id='par_1_30' title="bbox 197 1226 305 1254">
     <span class='ocr_line' id='line_1_30' title="bbox 197 1226 305 1254; baseline -0.009 0"><span class='ocrx_word' id='word_1_69' title='bbox 197 1226 305 1254; x_wconf 87' lang='lat' dir='ltr'><strong>endum.</strong></span> 
     </span>
    </p>
   </div>
   <div class='ocr_carea' id='block_1_31' title="bbox 198 1262 459 1298">
    <p class='ocr_par' dir='ltr' id='par_1_31' title="bbox 198 1262 459 1298">
     <span class='ocr_line' id='line_1_31' title="bbox 198 1262 459 1298; baseline 0 -10"><span class='ocrx_word' id='word_1_70' title='bbox 198 1263 222 1289; x_wconf 75' lang='lat'><strong>5.</strong></span> <span class='ocrx_word' id='word_1_71' title='bbox 244 1262 277 1289; x_wconf 86' lang='lat' dir='ltr'><strong>Et</strong></span> <span class='ocrx_word' id='word_1_72' title='bbox 290 1262 459 1298; x_wconf 86' lang='lat' dir='ltr'><strong>respondens</strong></span> 
     </span>
    </p>
   </div>
   <div class='ocr_carea' id='block_1_32' title="bbox 197 1297 359 1330">
    <p class='ocr_par' dir='ltr' id='par_1_32' title="bbox 197 1297 359 1330">
     <span class='ocr_line' id='line_1_32' title="bbox 197 1297 359 1330; baseline -0.006 -4"><span class='ocrx_word' id='word_1_73' title='bbox 197 1297 299 1330; x_wconf 89' lang='lat' dir='ltr'><strong>Simon,</strong></span> <span class='ocrx_word' id='word_1_74' title='bbox 316 1297 359 1325; x_wconf 87' lang='lat' dir='ltr'><strong>di-</strong></span> 
     </span>
    </p>
   </div>
   <div class='ocr_carea' id='block_1_33' title="bbox 198 1334 380 1361">
    <p class='ocr_par' dir='ltr' id='par_1_33' title="bbox 198 1334 380 1361">
     <span class='ocr_line' id='line_1_33' title="bbox 198 1334 380 1361; baseline 0.005 -1"><span class='ocrx_word' id='word_1_75' title='bbox 198 1334 233 1361; x_wconf 80' lang='lat' dir='ltr'><strong>xit</strong></span> <span class='ocrx_word' id='word_1_76' title='bbox 249 1334 288 1361; x_wconf 89' lang='lat' dir='ltr'><strong>illi</strong></span> <span class='ocrx_word' id='word_1_77' title='bbox 302 1343 308 1361; x_wconf 92' lang='lat'><strong>:</strong></span> <span class='ocrx_word' id='word_1_78' title='bbox 324 1334 380 1361; x_wconf 80' lang='lat' dir='ltr'><strong>Ma-</strong></span> 
     </span>
    </p>
   </div>
   <div class='ocr_carea' id='block_1_34' title="bbox 197 1370 361 1405">
    <p class='ocr_par' dir='ltr' id='par_1_34' title="bbox 197 1370 361 1405">
     <span class='ocr_line' id='line_1_34' title="bbox 197 1370 361 1405; baseline 0.006 -9"><span class='ocrx_word' id='word_1_79' title='bbox 197 1370 278 1404; x_wconf 82' lang='lat' dir='ltr'><strong>gister</strong></span> <span class='ocrx_word' id='word_1_80' title='bbox 287 1391 294 1401; x_wconf 77' lang='lat'><strong>,</strong></span> <span class='ocrx_word' id='word_1_81' title='bbox 310 1377 361 1405; x_wconf 85' lang='lat' dir='ltr'><strong>per</strong></span> 
     </span>
    </p>
   </div>
   <div class='ocr_carea' id='block_1_35' title="bbox 198 1410 360 1433">
    <p class='ocr_par' dir='ltr' id='par_1_35' title="bbox 198 1410 360 1433">
     <span class='ocr_line' id='line_1_35' title="bbox 198 1410 360 1433; baseline 0 0"><span class='ocrx_word' id='word_1_82' title='bbox 198 1410 278 1433; x_wconf 85' lang='lat' dir='ltr'><strong>totam</strong></span> <span class='ocrx_word' id='word_1_83' title='bbox 294 1413 360 1433; x_wconf 89' lang='lat' dir='ltr'><strong>noc-</strong></span> 
     </span>
    </p>
   </div>
   <div class='ocr_carea' id='block_1_36' title="bbox 199 1441 393 1469">
    <p class='ocr_par' dir='ltr' id='par_1_36' title="bbox 199 1441 393 1469">
     <span class='ocr_line' id='line_1_36' title="bbox 199 1441 393 1469; baseline 0 -1"><span class='ocrx_word' id='word_1_84' title='bbox 199 1446 250 1468; x_wconf 88' lang='lat' dir='ltr'><strong>tem</strong></span> <span class='ocrx_word' id='word_1_85' title='bbox 263 1441 393 1469; x_wconf 86' lang='lat' dir='ltr'><strong>laboran-</strong></span> 
     </span>
    </p>
   </div>
   <div class='ocr_carea' id='block_1_37' title="bbox 199 1477 397 1509">
    <p class='ocr_par' dir='ltr' id='par_1_37' title="bbox 199 1477 397 1509">
     <span class='ocr_line' id='line_1_37' title="bbox 199 1477 397 1509; baseline 0 -5"><span class='ocrx_word' id='word_1_86' title='bbox 199 1482 247 1509; x_wconf 84' lang='lat' dir='ltr'><strong>tes.</strong></span> <span class='ocrx_word' id='word_1_87' title='bbox 267 1477 335 1504; x_wconf 87' lang='lat' dir='ltr'><strong>nihil</strong></span> <span class='ocrx_word' id='word_1_88' title='bbox 351 1485 397 1505; x_wconf 90' lang='lat' dir='ltr'><strong>ce-</strong></span> 
     </span>
    </p>
   </div>
   <div class='ocr_carea' id='block_1_38' title="bbox 199 1513 370 1546">
    <p class='ocr_par' dir='ltr' id='par_1_38' title="bbox 199 1513 370 1546">
     <span class='ocr_line' id='line_1_38' title="bbox 199 1513 370 1546; baseline 0.006 -7"><span class='ocrx_word' id='word_1_89' title='bbox 199 1513 285 1546; x_wconf 87' lang='lat' dir='ltr'><strong>pimus</strong></span> <span class='ocrx_word' id='word_1_90' title='bbox 297 1521 303 1539; x_wconf 89' lang='lat'><strong>:</strong></span> <span class='ocrx_word' id='word_1_91' title='bbox 321 1513 370 1540; x_wconf 89' lang='lat' dir='ltr'><strong>sed</strong></span> 
     </span>
    </p>
   </div>
   <div class='ocr_carea' id='block_1_39' title="bbox 200 1549 384 1576">
    <p class='ocr_par' dir='ltr' id='par_1_39' title="bbox 200 1549 384 1576">
     <span class='ocr_line' id='line_1_39' title="bbox 200 1549 384 1576; baseline 0.005 -1"><span class='ocrx_word' id='word_1_92' title='bbox 200 1549 224 1575; x_wconf 93' lang='lat' dir='ltr'><strong>in</strong></span> <span class='ocrx_word' id='word_1_93' title='bbox 238 1549 321 1576; x_wconf 74' lang='lat' dir='ltr'><strong>verbo</strong></span> <span class='ocrx_word' id='word_1_94' title='bbox 336 1553 384 1576; x_wconf 91' lang='lat' dir='ltr'><strong>tuo</strong></span> 
     </span>
    </p>
   </div>
   <div class='ocr_carea' id='block_1_40' title="bbox 200 1584 349 1618">
    <p class='ocr_par' dir='ltr' id='par_1_40' title="bbox 200 1584 349 1618">
     <span class='ocr_line' id='line_1_40' title="bbox 200 1584 349 1618; baseline 0 -7"><span class='ocrx_word' id='word_1_95' title='bbox 200 1584 349 1618; x_wconf 79' lang='lat' dir='ltr'><strong>expandam</strong></span> 
     </span>
    </p>
   </div>
   <div class='ocr_carea' id='block_1_41' title="bbox 200 1620 303 1647">
    <p class='ocr_par' dir='ltr' id='par_1_41' title="bbox 200 1620 303 1647">
     <span class='ocr_line' id='line_1_41' title="bbox 200 1620 303 1647; baseline -0.01 0"><span class='ocrx_word' id='word_1_96' title='bbox 200 1620 303 1647; x_wconf 81' lang='lat' dir='ltr'><strong>retiam.</strong></span> 
     </span>
    </p>
   </div>
   <div class='ocr_carea' id='block_1_42' title="bbox 200 1655 428 1689">
    <p class='ocr_par' dir='ltr' id='par_1_42' title="bbox 200 1655 428 1689">
     <span class='ocr_line' id='line_1_42' title="bbox 200 1655 428 1689; baseline 0.004 -7"><span class='ocrx_word' id='word_1_97' title='bbox 200 1657 224 1682; x_wconf 85' lang='lat'><strong>6.</strong></span> <span class='ocrx_word' id='word_1_98' title='bbox 246 1656 289 1689; x_wconf 84' lang='lat' dir='ltr'><strong>Et,</strong></span> <span class='ocrx_word' id='word_1_99' title='bbox 303 1664 364 1683; x_wconf 89' lang='lat' dir='ltr'><strong>cum</strong></span> <span class='ocrx_word' id='word_1_100' title='bbox 376 1655 428 1684; x_wconf 85' lang='lat' dir='ltr'><strong>hoc</strong></span> 
     </span>
    </p>
   </div>
   <div class='ocr_carea' id='block_1_43' title="bbox 199 1691 337 1725">
    <p class='ocr_par' dir='ltr' id='par_1_43' title="bbox 199 1691 337 1725">
     <span class='ocr_line' id='line_1_43' title="bbox 199 1691 337 1725; baseline 0.007 -7"><span class='ocrx_word' id='word_1_101' title='bbox 199 1691 337 1725; x_wconf 82' lang='lat' dir='ltr'><strong>fecissent,</strong></span> 
     </span>
    </p>
   </div>
   <div class='ocr_carea' id='block_1_44' title="bbox 199 1727 339 1755">
    <p class='ocr_par' dir='ltr' id='par_1_44' title="bbox 199 1727 339 1755">
     <span class='ocr_line' id='line_1_44' title="bbox 199 1727 339 1755; baseline 0.007 -1"><span class='ocrx_word' id='word_1_102' title='bbox 199 1727 339 1755; x_wconf 86' lang='lat' dir='ltr'><strong>concluse-</strong></span> 
     </span>
    </p>
   </div>
   <div class='ocr_carea' id='block_1_45' title="bbox 199 1763 357 1798">
    <p class='ocr_par' dir='ltr' id='par_1_45' title="bbox 199 1763 357 1798">
     <span class='ocr_line' id='line_1_45' title="bbox 199 1763 357 1798; baseline 0 -8"><span class='ocrx_word' id='word_1_103' title='bbox 199 1768 259 1790; x_wconf 88' lang='lat' dir='ltr'><strong>runt</strong></span> <span class='ocrx_word' id='word_1_104' title='bbox 276 1763 357 1798; x_wconf 79' lang='lat' dir='ltr'><strong>pisci-</strong></span> 
     </span>
    </p>
   </div>
   <div class='ocr_carea' id='block_1_46' title="bbox 200 1798 353 1826">
    <p class='ocr_par' dir='ltr' id='par_1_46' title="bbox 200 1798 353 1826">
     <span class='ocr_line' id='line_1_46' title="bbox 200 1798 353 1826; baseline 0 -1"><span class='ocrx_word' id='word_1_105' title='bbox 200 1807 242 1825; x_wconf 94' lang='lat' dir='ltr'><strong>um</strong></span> <span class='ocrx_word' id='word_1_106' title='bbox 260 1798 353 1826; x_wconf 86' lang='lat' dir='ltr'><strong>multi—</strong></span> 
     </span>
    </p>
   </div>
   <div class='ocr_carea' id='block_1_47' title="bbox 201 1834 321 1861">
    <p class='ocr_par' dir='ltr' id='par_1_47' title="bbox 201 1834 321 1861">
     <span class='ocr_line' id='line_1_47' title="bbox 201 1834 321 1861; baseline 0 0"><span class='ocrx_word' id='word_1_107' title='bbox 201 1834 321 1861; x_wconf 86' lang='lat' dir='ltr'><strong>tudinem</strong></span> 
     </span>
    </p>
   </div>
   <div class='ocr_carea' id='block_1_48' title="bbox 200 1878 347 1905">
    <p class='ocr_par' dir='ltr' id='par_1_48' title="bbox 200 1878 347 1905">
     <span class='ocr_line' id='line_1_48' title="bbox 200 1878 347 1905; baseline -0.007 -9"><span class='ocrx_word' id='word_1_108' title='bbox 200 1878 323 1905; x_wconf 80' lang='lat' dir='ltr'><strong>magnam</strong></span> <span class='ocrx_word' id='word_1_109' title='bbox 341 1878 347 1895; x_wconf 90' lang='lat'><strong>:</strong></span> 
     </span>
    </p>
   </div>
   <div class='ocr_carea' id='block_1_49' title="bbox 198 1905 363 1941">
    <p class='ocr_par' dir='ltr' id='par_1_49' title="bbox 198 1905 363 1941">
     <span class='ocr_line' id='line_1_49' title="bbox 198 1905 363 1941; baseline -0.006 -8"><span class='ocrx_word' id='word_1_110' title='bbox 198 1905 348 1941; x_wconf 85' lang='lat' dir='ltr'><strong>rumpeban</strong></span> <span class='ocrx_word' id='word_1_111' title='bbox 355 1920 363 1925; x_wconf 96' lang='lat'><em>-</em></span> 
     </span>
    </p>
   </div>
   <div class='ocr_carea' id='block_1_50' title="bbox 713 118 1291 164">
    <p class='ocr_par' dir='ltr' id='par_1_50' title="bbox 713 118 1291 164">
     <span class='ocr_line' id='line_1_50' title="bbox 713 118 1291 164; baseline -0.003 -14"><span class='ocrx_word' id='word_1_112' title='bbox 713 120 939 150; x_wconf 81' lang='lat' dir='ltr'><strong>EVANGELIUM</strong></span> <span class='ocrx_word' id='word_1_113' title='bbox 959 119 1144 164; x_wconf 70' lang='lat' dir='ltr'><strong>SECUNDUM</strong></span> <span class='ocrx_word' id='word_1_114' title='bbox 1165 118 1291 149; x_wconf 86' lang='lat' dir='ltr'><strong>LUCAM.</strong></span> 
     </span>
    </p>
   </div>
   <div class='ocr_carea' id='block_1_51' title="bbox 381 179 786 211">
    <p class='ocr_par' dir='ltr' id='par_1_51' title="bbox 381 179 786 211">
     <span class='ocr_line' id='line_1_51' title="bbox 381 179 786 211; baseline -0.007 -1"><span class='ocrx_word' id='word_1_115' title='bbox 381 181 497 210; x_wconf 80' lang='lat' dir='ltr'><strong>CODEX</strong></span> <span class='ocrx_word' id='word_1_116' title='bbox 519 179 786 211; x_wconf 80' lang='lat' dir='ltr'><strong>VEBCELLENSIS.</strong></span> 
     </span>
    </p>
   </div>
   <div class='ocr_carea' id='block_1_52' title="bbox 607 231 753 256">
    <p class='ocr_par' dir='ltr' id='par_1_52' title="bbox 607 231 753 256">
     <span class='ocr_line' id='line_1_52' title="bbox 607 231 753 256; baseline -0.014 0"><span class='ocrx_word' id='word_1_117' title='bbox 607 233 651 256; x_wconf 85' lang='grc' dir='ltr'><strong>ῑιιι·</strong></span> <span class='ocrx_word' id='word_1_118' title='bbox 664 231 753 254; x_wconf 80' lang='lat' dir='ltr'><strong>autem</strong></span> 
     </span>
    </p>
   </div>
   <div class='ocr_carea' id='block_1_53' title="bbox 606 263 809 291">
    <p class='ocr_par' dir='ltr' id='par_1_53' title="bbox 606 263 809 291">
     <span class='ocr_line' id='line_1_53' title="bbox 606 263 809 291; baseline -0.01 0"><span class='ocrx_word' id='word_1_119' title='bbox 606 263 692 291; x_wconf 72' lang='lat' dir='ltr'><strong>retine</strong></span> <span class='ocrx_word' id='word_1_120' title='bbox 705 269 809 289; x_wconf 86' lang='lat' dir='ltr'><strong>eorum.</strong></span> 
     </span>
    </p>
   </div>
   <div class='ocr_carea' id='block_1_54' title="bbox 607 297 882 326">
    <p class='ocr_par' dir='ltr' id='par_1_54' title="bbox 607 297 882 326">
     <span class='ocr_line' id='line_1_54' title="bbox 607 297 882 326; baseline -0.007 0"><span class='ocrx_word' id='word_1_121' title='bbox 607 299 634 326; x_wconf 87' lang='lat'><strong>7.</strong></span> <span class='ocrx_word' id='word_1_122' title='bbox 656 298 690 326; x_wconf 86' lang='lat' dir='ltr'><strong>Et</strong></span> <span class='ocrx_word' id='word_1_123' title='bbox 704 298 714 314; x_wconf 89' lang='grc'><em>³</em></span> <span class='ocrx_word' id='word_1_124' title='bbox 728 297 882 325; x_wconf 89' lang='lat' dir='ltr'><strong>adnuebant</strong></span> 
     </span>
    </p>
   </div>
   <div class='ocr_carea' id='block_1_55' title="bbox 607 333 795 362">
    <p class='ocr_par' dir='ltr' id='par_1_55' title="bbox 607 333 795 362">
     <span class='ocr_line' id='line_1_55' title="bbox 607 333 795 362; baseline -0.016 0"><span class='ocrx_word' id='word_1_125' title='bbox 607 335 689 362; x_wconf 87' lang='lat' dir='ltr'><strong>sociis</strong></span> <span class='ocrx_word' id='word_1_126' title='bbox 701 333 728 361; x_wconf 88' lang='lat' dir='ltr'><strong>in</strong></span> <span class='ocrx_word' id='word_1_127' title='bbox 744 333 795 360; x_wconf 87' lang='lat' dir='ltr'><strong>alia</strong></span> 
     </span>
    </p>
   </div>
   <div class='ocr_carea' id='block_1_56' title="bbox 607 370 829 397">
    <p class='ocr_par' dir='ltr' id='par_1_56' title="bbox 607 370 829 397">
     <span class='ocr_line' id='line_1_56' title="bbox 607 370 829 397; baseline -0.009 0"><span class='ocrx_word' id='word_1_128' title='bbox 607 370 829 397; x_wconf 88' lang='lat' dir='ltr'><strong>navic.....t</strong></span> 
     </span>
    </p>
   </div>
   <div class='ocr_carea' id='block_1_57' title="bbox 606 409 766 437">
    <p class='ocr_par' dir='ltr' id='par_1_57' title="bbox 606 409 766 437">
     <span class='ocr_line' id='line_1_57' title="bbox 606 409 766 437; baseline -0.013 -5"><span class='ocrx_word' id='word_1_129' title='bbox 606 409 766 437; x_wconf 87' lang='lat' dir='ltr'><strong>ve...nt,</strong></span> 
     </span>
    </p>
   </div>
   <div class='ocr_carea' id='block_1_58' title="bbox 606 440 808 474">
    <p class='ocr_par' dir='ltr' id='par_1_58' title="bbox 606 440 808 474">
     <span class='ocr_line' id='line_1_58' title="bbox 606 440 808 474; baseline -0.01 -5"><span class='ocrx_word' id='word_1_130' title='bbox 606 446 633 469; x_wconf 90' lang='lat' dir='ltr'><strong>et</strong></span> <span class='ocrx_word' id='word_1_131' title='bbox 645 440 808 474; x_wconf 82' lang='lat' dir='ltr'><strong>adjuvarent</strong></span> 
     </span>
    </p>
   </div>
   <div class='ocr_carea' id='block_1_59' title="bbox 606 475 810 504">
    <p class='ocr_par' dir='ltr' id='par_1_59' title="bbox 606 475 810 504">
     <span class='ocr_line' id='line_1_59' title="bbox 606 475 810 504; baseline -0.01 -1"><span class='ocrx_word' id='word_1_132' title='bbox 606 484 664 504; x_wconf 87' lang='lat' dir='ltr'><strong>eos.</strong></span> <span class='ocrx_word' id='word_1_133' title='bbox 682 475 714 503; x_wconf 89' lang='lat' dir='ltr'><strong>Et</strong></span> <span class='ocrx_word' id='word_1_134' title='bbox 729 483 810 502; x_wconf 85' lang='lat' dir='ltr'><strong>vene-</strong></span> 
     </span>
    </p>
   </div>
   <div class='ocr_carea' id='block_1_60' title="bbox 607 511 825 546">
    <p class='ocr_par' dir='ltr' id='par_1_60' title="bbox 607 511 825 546">
     <span class='ocr_line' id='line_1_60' title="bbox 607 511 825 546; baseline -0.005 -7"><span class='ocrx_word' id='word_1_135' title='bbox 607 516 682 542; x_wconf 85' lang='lat' dir='ltr'><strong>runt.</strong></span> <span class='ocrx_word' id='word_1_136' title='bbox 694 517 718 539; x_wconf 91' lang='lat' dir='ltr'><strong>et</strong></span> <span class='ocrx_word' id='word_1_137' title='bbox 734 511 825 546; x_wconf 89' lang='lat' dir='ltr'><strong>reple-</strong></span> 
     </span>
    </p>
   </div>
   <div class='ocr_carea' id='block_1_61' title="bbox 608 552 777 575">
    <p class='ocr_par' dir='ltr' id='par_1_61' title="bbox 608 552 777 575">
     <span class='ocr_line' id='line_1_61' title="bbox 608 552 777 575; baseline -0.006 -1"><span class='ocrx_word' id='word_1_138' title='bbox 608 552 706 575; x_wconf 90' lang='lat' dir='ltr'><strong>verunt</strong></span> <span class='ocrx_word' id='word_1_139' title='bbox 719 554 777 573; x_wconf 90' lang='lat' dir='ltr'><strong>am-</strong></span> 
     </span>
    </p>
   </div>
   <div class='ocr_carea' id='block_1_62' title="bbox 608 582 815 614">
    <p class='ocr_par' dir='ltr' id='par_1_62' title="bbox 608 582 815 614">
     <span class='ocr_line' id='line_1_62' title="bbox 608 582 815 614; baseline -0.01 -3"><span class='ocrx_word' id='word_1_140' title='bbox 608 583 656 611; x_wconf 86' lang='lat' dir='ltr'><strong>bas</strong></span> <span class='ocrx_word' id='word_1_141' title='bbox 669 590 764 614; x_wconf 88' lang='lat' dir='ltr'><strong>naves,</strong></span> <span class='ocrx_word' id='word_1_142' title='bbox 779 582 815 609; x_wconf 87' lang='lat' dir='ltr'><strong>ita</strong></span> 
     </span>
    </p>
   </div>
   <div class='ocr_carea' id='block_1_63' title="bbox 608 618 863 653">
    <p class='ocr_par' dir='ltr' id='par_1_63' title="bbox 608 618 863 653">
     <span class='ocr_line' id='line_1_63' title="bbox 608 618 863 653; baseline 0 -8"><span class='ocrx_word' id='word_1_143' title='bbox 608 623 638 645; x_wconf 91' lang='lat' dir='ltr'><strong>ut.</strong></span> <span class='ocrx_word' id='word_1_144' title='bbox 652 618 691 653; x_wconf 80' lang='grc' dir='ltr'><strong>(α)</strong></span> <span class='ocrx_word' id='word_1_145' title='bbox 712 625 863 651; x_wconf 78' lang='lat' dir='ltr'><strong>mergeren-</strong></span> 
     </span>
    </p>
   </div>
   <div class='ocr_carea' id='block_1_64' title="bbox 608 653 816 688">
    <p class='ocr_par' dir='ltr' id='par_1_64' title="bbox 608 653 816 688">
     <span class='ocr_line' id='line_1_64' title="bbox 608 653 816 688; baseline -0.005 -6"><span class='ocrx_word' id='word_1_146' title='bbox 608 654 635 682; x_wconf 87' lang='lat'><strong>8.</strong></span> <span class='ocrx_word' id='word_1_147' title='bbox 656 659 699 681; x_wconf 87' lang='lat' dir='ltr'><strong>tur</strong></span> <span class='ocrx_word' id='word_1_148' title='bbox 709 653 741 688; x_wconf 70' lang='lat'><strong>1-.</strong></span> <span class='ocrx_word' id='word_1_149' title='bbox 760 653 816 681; x_wconf 86' lang='lat' dir='ltr'><strong>Hoc</strong></span> 
     </span>
    </p>
   </div>
   <div class='ocr_carea' id='block_1_65' title="bbox 607 688 868 724">
    <p class='ocr_par' dir='ltr' id='par_1_65' title="bbox 607 688 868 724">
     <span class='ocr_line' id='line_1_65' title="bbox 607 688 868 724; baseline -0.004 -8"><span class='ocrx_word' id='word_1_150' title='bbox 607 690 677 722; x_wconf 72' lang='lat' dir='ltr'><strong>viso,</strong></span> <span class='ocrx_word' id='word_1_151' title='bbox 695 690 732 724; x_wconf 77' lang='lat' dir='ltr'><strong>(b)</strong></span> <span class='ocrx_word' id='word_1_152' title='bbox 745 689 838 716; x_wconf 88' lang='lat' dir='ltr'><strong>Simon</strong></span> <span class='ocrx_word' id='word_1_153' title='bbox 849 688 868 723; x_wconf 67' lang='grc' dir='ltr'><strong>-ι-</strong></span> 
     </span>
    </p>
   </div>
   <div class='ocr_carea' id='block_1_66' title="bbox 607 725 784 760">
    <p class='ocr_par' dir='ltr' id='par_1_66' title="bbox 607 725 784 760">
     <span class='ocr_line' id='line_1_66' title="bbox 607 725 784 760; baseline -0.011 -7"><span class='ocrx_word' id='word_1_154' title='bbox 607 725 725 760; x_wconf 84' lang='lat' dir='ltr'><strong>procidit</strong></span> <span class='ocrx_word' id='word_1_155' title='bbox 738 732 784 759; x_wconf 84' lang='lat' dir='ltr'><strong>ge-</strong></span> 
     </span>
    </p>
   </div>
   <div class='ocr_carea' id='block_1_67' title="bbox 610 760 789 792">
    <p class='ocr_par' dir='ltr' id='par_1_67' title="bbox 610 760 789 792">
     <span class='ocr_line' id='line_1_67' title="bbox 610 760 789 792; baseline -0.006 -5"><span class='ocrx_word' id='word_1_156' title='bbox 610 761 690 787; x_wconf 87' lang='lat' dir='ltr'><strong>nibus</strong></span> <span class='ocrx_word' id='word_1_157' title='bbox 704 760 767 787; x_wconf 82' lang='lat' dir='ltr'><strong>Jesu</strong></span> <span class='ocrx_word' id='word_1_158' title='bbox 782 781 789 792; x_wconf 85' lang='lat'><strong>,</strong></span> 
     </span>
    </p>
   </div>
   <div class='ocr_carea' id='block_1_68' title="bbox 609 795 822 823">
    <p class='ocr_par' dir='ltr' id='par_1_68' title="bbox 609 795 822 823">
     <span class='ocr_line' id='line_1_68' title="bbox 609 795 822 823; baseline -0.009 0"><span class='ocrx_word' id='word_1_159' title='bbox 609 796 703 823; x_wconf 92' lang='lat' dir='ltr'><strong>dicens</strong></span> <span class='ocrx_word' id='word_1_160' title='bbox 719 805 724 821; x_wconf 76' lang='grc' dir='ltr'>ε</span> <span class='ocrx_word' id='word_1_161' title='bbox 741 795 792 822; x_wconf 82' lang='lat' dir='ltr'><strong>Exi</strong></span> <span class='ocrx_word' id='word_1_162' title='bbox 807 802 822 821; x_wconf 91' lang='lat' dir='ltr'><strong>a</strong></span> 
     </span>
    </p>
   </div>
   <div class='ocr_carea' id='block_1_69' title="bbox 610 831 802 865">
    <p class='ocr_par' dir='ltr' id='par_1_69' title="bbox 610 831 802 865">
     <span class='ocr_line' id='line_1_69' title="bbox 610 831 802 865; baseline -0.016 -6"><span class='ocrx_word' id='word_1_163' title='bbox 610 839 663 861; x_wconf 87' lang='lat' dir='ltr'><strong>tne.</strong></span> <span class='ocrx_word' id='word_1_164' title='bbox 680 832 742 865; x_wconf 85' lang='lat' dir='ltr'><strong>quia</strong></span> <span class='ocrx_word' id='word_1_165' title='bbox 759 831 802 857; x_wconf 92' lang='lat' dir='ltr'><strong>vir</strong></span> 
     </span>
    </p>
   </div>
   <div class='ocr_carea' id='block_1_70' title="bbox 629 871 825 899">
    <p class='ocr_par' dir='ltr' id='par_1_70' title="bbox 629 871 825 899">
     <span class='ocr_line' id='line_1_70' title="bbox 629 871 825 899; baseline -0.01 -5"><span class='ocrx_word' id='word_1_166' title='bbox 629 871 735 894; x_wconf 86' lang='lat' dir='ltr'><strong>eccator</strong></span> <span class='ocrx_word' id='word_1_167' title='bbox 749 874 808 893; x_wconf 91' lang='lat' dir='ltr'><strong>sum</strong></span> <span class='ocrx_word' id='word_1_168' title='bbox 818 886 825 899; x_wconf 95' lang='lat'><strong>,</strong></span> 
     </span>
    </p>
   </div>
   <div class='ocr_carea' id='block_1_71' title="bbox 633 904 733 930">
    <p class='ocr_par' dir='ltr' id='par_1_71' title="bbox 633 904 733 930">
     <span class='ocr_line' id='line_1_71' title="bbox 633 904 733 930; baseline -0.02 0"><span class='ocrx_word' id='word_1_169' title='bbox 633 904 733 930; x_wconf 90' lang='lat' dir='ltr'><strong>omine.</strong></span> 
     </span>
    </p>
   </div>
   <div class='ocr_carea' id='block_1_72' title="bbox 609 938 828 966">
    <p class='ocr_par' dir='ltr' id='par_1_72' title="bbox 609 938 828 966">
     <span class='ocr_line' id='line_1_72' title="bbox 609 938 828 966; baseline -0.005 0"><span class='ocrx_word' id='word_1_170' title='bbox 609 938 636 966; x_wconf 91' lang='lat'><strong>9.</strong></span> <span class='ocrx_word' id='word_1_171' title='bbox 658 938 745 965; x_wconf 84' lang='lat' dir='ltr'><strong>Pavor</strong></span> <span class='ocrx_word' id='word_1_172' title='bbox 756 938 828 965; x_wconf 88' lang='lat' dir='ltr'><strong>enim</strong></span> 
     </span>
    </p>
   </div>
   <div class='ocr_carea' id='block_1_73' title="bbox 608 973 761 1009">
    <p class='ocr_par' dir='ltr' id='par_1_73' title="bbox 608 973 761 1009">
     <span class='ocr_line' id='line_1_73' title="bbox 608 973 761 1009; baseline -0.007 -8"><span class='ocrx_word' id='word_1_173' title='bbox 608 973 761 1009; x_wconf 89' lang='lat' dir='ltr'><strong>adprehen-</strong></span> 
     </span>
    </p>
   </div>
   <div class='ocr_carea' id='block_1_74' title="bbox 609 1009 771 1041">
    <p class='ocr_par' dir='ltr' id='par_1_74' title="bbox 609 1009 771 1041">
     <span class='ocr_line' id='line_1_74' title="bbox 609 1009 771 1041; baseline -0.012 -4"><span class='ocrx_word' id='word_1_174' title='bbox 609 1009 686 1037; x_wconf 89' lang='lat' dir='ltr'><strong>derat</strong></span> <span class='ocrx_word' id='word_1_175' title='bbox 697 1016 771 1041; x_wconf 89' lang='lat' dir='ltr'><strong>eum,</strong></span> 
     </span>
    </p>
   </div>
   <div class='ocr_carea' id='block_1_75' title="bbox 609 1049 744 1073">
    <p class='ocr_par' dir='ltr' id='par_1_75' title="bbox 609 1049 744 1073">
     <span class='ocr_line' id='line_1_75' title="bbox 609 1049 744 1073; baseline -0.015 0"><span class='ocrx_word' id='word_1_176' title='bbox 609 1049 637 1073; x_wconf 88' lang='lat' dir='ltr'><strong>et</strong></span> <span class='ocrx_word' id='word_1_177' title='bbox 649 1051 744 1072; x_wconf 90' lang='lat' dir='ltr'><strong>omnes</strong></span> 
     </span>
    </p>
   </div>
   <div class='ocr_carea' id='block_1_76' title="bbox 609 1080 776 1115">
    <p class='ocr_par' dir='ltr' id='par_1_76' title="bbox 609 1080 776 1115">
     <span class='ocr_line' id='line_1_76' title="bbox 609 1080 776 1115; baseline -0.006 -8"><span class='ocrx_word' id='word_1_178' title='bbox 609 1081 653 1115; x_wconf 94' lang='lat' dir='ltr'><strong>qui</strong></span> <span class='ocrx_word' id='word_1_179' title='bbox 666 1089 727 1107; x_wconf 92' lang='lat' dir='ltr'><strong>cum</strong></span> <span class='ocrx_word' id='word_1_180' title='bbox 744 1080 776 1107; x_wconf 94' lang='lat' dir='ltr'><strong>il-</strong></span> 
     </span>
    </p>
   </div>
   <div class='ocr_carea' id='block_1_77' title="bbox 610 1116 782 1149">
    <p class='ocr_par' dir='ltr' id='par_1_77' title="bbox 610 1116 782 1149">
     <span class='ocr_line' id='line_1_77' title="bbox 610 1116 782 1149; baseline -0.012 -5"><span class='ocrx_word' id='word_1_181' title='bbox 610 1117 635 1144; x_wconf 95' lang='lat' dir='ltr'><strong>lo</strong></span> <span class='ocrx_word' id='word_1_182' title='bbox 651 1121 738 1149; x_wconf 86' lang='lat' dir='ltr'><strong>erant,</strong></span> <span class='ocrx_word' id='word_1_183' title='bbox 756 1116 782 1143; x_wconf 90' lang='lat' dir='ltr'><strong>in</strong></span> 
     </span>
    </p>
   </div>
   <div class='ocr_carea' id='block_1_78' title="bbox 610 1152 792 1186">
    <p class='ocr_par' dir='ltr' id='par_1_78' title="bbox 610 1152 792 1186">
     <span class='ocr_line' id='line_1_78' title="bbox 610 1152 792 1186; baseline -0.011 -7"><span class='ocrx_word' id='word_1_184' title='bbox 610 1157 721 1185; x_wconf 86' lang='lat' dir='ltr'><strong>captura</strong></span> <span class='ocrx_word' id='word_1_185' title='bbox 740 1152 792 1186; x_wconf 90' lang='lat' dir='ltr'><strong>pis-</strong></span> 
     </span>
    </p>
   </div>
   <div class='ocr_carea' id='block_1_79' title="bbox 610 1189 776 1222">
    <p class='ocr_par' dir='ltr' id='par_1_79' title="bbox 610 1189 776 1222">
     <span class='ocr_line' id='line_1_79' title="bbox 610 1189 776 1222; baseline -0.012 -6"><span class='ocrx_word' id='word_1_186' title='bbox 610 1189 691 1222; x_wconf 82' lang='lat' dir='ltr'><strong>cium,</strong></span> <span class='ocrx_word' id='word_1_187' title='bbox 708 1195 776 1222; x_wconf 86' lang='lat' dir='ltr'><strong>quac</strong></span> 
     </span>
    </p>
   </div>
   <div class='ocr_carea' id='block_1_80' title="bbox 611 1223 863 1257">
    <p class='ocr_par' dir='ltr' id='par_1_80' title="bbox 611 1223 863 1257">
     <span class='ocr_line' id='line_1_80' title="bbox 611 1223 863 1257; baseline -0.008 -6"><span class='ocrx_word' id='word_1_188' title='bbox 611 1224 655 1251; x_wconf 80' lang='grc'><strong>10.</strong></span> <span class='ocrx_word' id='word_1_189' title='bbox 668 1227 815 1257; x_wconf 78' lang='lat' dir='ltr'><strong>ceperunt:</strong></span> <span class='ocrx_word' id='word_1_190' title='bbox 830 1223 863 1250; x_wconf 85' lang='lat' dir='ltr'><strong>si-</strong></span> 
     </span>
    </p>
   </div>
   <div class='ocr_carea' id='block_1_81' title="bbox 611 1258 769 1287">
    <p class='ocr_par' dir='ltr' id='par_1_81' title="bbox 611 1258 769 1287">
     <span class='ocr_line' id='line_1_81' title="bbox 611 1258 769 1287; baseline -0.019 0"><span class='ocrx_word' id='word_1_191' title='bbox 611 1259 712 1287; x_wconf 90' lang='lat' dir='ltr'><strong>militer</strong></span> <span class='ocrx_word' id='word_1_192' title='bbox 723 1258 769 1285; x_wconf 86' lang='lat' dir='ltr'><strong>Ja-</strong></span> 
     </span>
    </p>
   </div>
   <div class='ocr_carea' id='block_1_82' title="bbox 610 1293 840 1326">
    <p class='ocr_par' dir='ltr' id='par_1_82' title="bbox 610 1293 840 1326">
     <span class='ocr_line' id='line_1_82' title="bbox 610 1293 840 1326; baseline -0.009 -4"><span class='ocrx_word' id='word_1_193' title='bbox 610 1295 706 1326; x_wconf 89' lang='lat' dir='ltr'><strong>cobus,</strong></span> <span class='ocrx_word' id='word_1_194' title='bbox 719 1298 746 1321; x_wconf 90' lang='lat' dir='ltr'><strong>et</strong></span> <span class='ocrx_word' id='word_1_195' title='bbox 758 1293 840 1321; x_wconf 82' lang='lat' dir='ltr'><strong>Joan-</strong></span> 
     </span>
    </p>
   </div>
   <div class='ocr_carea' id='block_1_83' title="bbox 611 1329 782 1357">
    <p class='ocr_par' dir='ltr' id='par_1_83' title="bbox 611 1329 782 1357">
     <span class='ocr_line' id='line_1_83' title="bbox 611 1329 782 1357; baseline -0.006 0"><span class='ocrx_word' id='word_1_196' title='bbox 611 1338 661 1357; x_wconf 87' lang='lat' dir='ltr'><strong>nes</strong></span> <span class='ocrx_word' id='word_1_197' title='bbox 674 1330 720 1356; x_wconf 88' lang='lat' dir='ltr'><strong>lilii</strong></span> <span class='ocrx_word' id='word_1_198' title='bbox 732 1329 782 1356; x_wconf 89' lang='lat' dir='ltr'><strong>Ze-</strong></span> 
     </span>
    </p>
   </div>
   <div class='ocr_carea' id='block_1_84' title="bbox 612 1365 806 1399">
    <p class='ocr_par' dir='ltr' id='par_1_84' title="bbox 612 1365 806 1399">
     <span class='ocr_line' id='line_1_84' title="bbox 612 1365 806 1399; baseline -0.005 -6"><span class='ocrx_word' id='word_1_199' title='bbox 612 1366 701 1397; x_wconf 79' lang='lat' dir='ltr'><strong>beilei,</strong></span> <span class='ocrx_word' id='word_1_200' title='bbox 718 1365 762 1399; x_wconf 85' lang='lat' dir='ltr'><strong>qui</strong></span> <span class='ocrx_word' id='word_1_201' title='bbox 778 1373 806 1392; x_wconf 86' lang='lat' dir='ltr'><strong>e-</strong></span> 
     </span>
    </p>
   </div>
   <div class='ocr_carea' id='block_1_85' title="bbox 612 1401 753 1429">
    <p class='ocr_par' dir='ltr' id='par_1_85' title="bbox 612 1401 753 1429">
     <span class='ocr_line' id='line_1_85' title="bbox 612 1401 753 1429; baseline -0.014 0"><span class='ocrx_word' id='word_1_202' title='bbox 612 1407 674 1429; x_wconf 85' lang='lat' dir='ltr'><strong>rant</strong></span> <span class='ocrx_word' id='word_1_203' title='bbox 687 1401 753 1428; x_wconf 87' lang='lat' dir='ltr'><strong>socii</strong></span> 
     </span>
    </p>
   </div>
   <div class='ocr_carea' id='block_1_86' title="bbox 612 1437 743 1464">
    <p class='ocr_par' dir='ltr' id='par_1_86' title="bbox 612 1437 743 1464">
     <span class='ocr_line' id='line_1_86' title="bbox 612 1437 743 1464; baseline -0.008 0"><span class='ocrx_word' id='word_1_204' title='bbox 612 1437 743 1464; x_wconf 84' lang='lat' dir='ltr'><strong>Simonis.</strong></span> 
     </span>
    </p>
   </div>
   <div class='ocr_carea' id='block_1_87' title="bbox 614 1471 832 1500">
    <p class='ocr_par' dir='ltr' id='par_1_87' title="bbox 614 1471 832 1500">
     <span class='ocr_line' id='line_1_87' title="bbox 614 1471 832 1500; baseline -0.009 0"><span class='ocrx_word' id='word_1_205' title='bbox 614 1473 648 1500; x_wconf 88' lang='lat' dir='ltr'><strong>Et</strong></span> <span class='ocrx_word' id='word_1_206' title='bbox 662 1472 729 1499; x_wconf 75' lang='lat' dir='ltr'><strong>dixit</strong></span> <span class='ocrx_word' id='word_1_207' title='bbox 741 1471 774 1498; x_wconf 89' lang='lat' dir='ltr'><strong>ad</strong></span> <span class='ocrx_word' id='word_1_208' title='bbox 790 1471 832 1499; x_wconf 89' lang='lat' dir='ltr'><strong>Si-</strong></span> 
     </span>
    </p>
   </div>
   <div class='ocr_carea' id='block_1_88' title="bbox 614 1507 830 1535">
    <p class='ocr_par' dir='ltr' id='par_1_88' title="bbox 614 1507 830 1535">
     <span class='ocr_line' id='line_1_88' title="bbox 614 1507 830 1535; baseline -0.009 0"><span class='ocrx_word' id='word_1_209' title='bbox 614 1516 722 1535; x_wconf 90' lang='lat' dir='ltr'><strong>monem</strong></span> <span class='ocrx_word' id='word_1_210' title='bbox 735 1507 830 1535; x_wconf 75' lang='lat' dir='ltr'><strong>Jesus:</strong></span> 
     </span>
    </p>
   </div>
   <div class='ocr_carea' id='block_1_89' title="bbox 613 1543 790 1571">
    <p class='ocr_par' dir='ltr' id='par_1_89' title="bbox 613 1543 790 1571">
     <span class='ocr_line' id='line_1_89' title="bbox 613 1543 790 1571; baseline -0.006 0"><span class='ocrx_word' id='word_1_211' title='bbox 613 1543 624 1559; x_wconf 73' lang='grc'><strong>’⁸</strong></span> <span class='ocrx_word' id='word_1_212' title='bbox 639 1544 699 1571; x_wconf 91' lang='lat' dir='ltr'><strong>Noli</strong></span> <span class='ocrx_word' id='word_1_213' title='bbox 712 1544 790 1570; x_wconf 90' lang='lat' dir='ltr'><strong>time-</strong></span> 
     </span>
    </p>
   </div>
   <div class='ocr_carea' id='block_1_90' title="bbox 614 1580 818 1614">
    <p class='ocr_par' dir='ltr' id='par_1_90' title="bbox 614 1580 818 1614">
     <span class='ocr_line' id='line_1_90' title="bbox 614 1580 818 1614; baseline -0.005 -7"><span class='ocrx_word' id='word_1_214' title='bbox 614 1587 644 1607; x_wconf 88' lang='lat' dir='ltr'><strong>rc</strong></span> <span class='ocrx_word' id='word_1_215' title='bbox 657 1588 663 1606; x_wconf 90' lang='lat'>:</span> <span class='ocrx_word' id='word_1_216' title='bbox 674 1580 728 1614; x_wconf 88' lang='lat' dir='ltr'><strong>jam</strong></span> <span class='ocrx_word' id='word_1_217' title='bbox 743 1587 818 1606; x_wconf 82' lang='lat' dir='ltr'><strong>amo~</strong></span> 
     </span>
    </p>
   </div>
   <div class='ocr_carea' id='block_1_91' title="bbox 614 1614 798 1642">
    <p class='ocr_par' dir='ltr' id='par_1_91' title="bbox 614 1614 798 1642">
     <span class='ocr_line' id='line_1_91' title="bbox 614 1614 798 1642; baseline 0 -1"><span class='ocrx_word' id='word_1_218' title='bbox 614 1615 649 1641; x_wconf 91' lang='lat' dir='ltr'><strong>do</strong></span> <span class='ocrx_word' id='word_1_219' title='bbox 662 1615 717 1642; x_wconf 84' lang='lat' dir='ltr'><strong>eris</strong></span> <span class='ocrx_word' id='word_1_220' title='bbox 729 1614 798 1641; x_wconf 91' lang='lat' dir='ltr'><strong>vivi-</strong></span> 
     </span>
    </p>
   </div>
   <div class='ocr_carea' id='block_1_92' title="bbox 615 1650 800 1678">
    <p class='ocr_par' dir='ltr' id='par_1_92' title="bbox 615 1650 800 1678">
     <span class='ocr_line' id='line_1_92' title="bbox 615 1650 800 1678; baseline -0.005 -1"><span class='ocrx_word' id='word_1_221' title='bbox 615 1650 700 1677; x_wconf 81' lang='lat' dir='ltr'><strong>ﬁcans</strong></span> <span class='ocrx_word' id='word_1_222' title='bbox 712 1651 800 1678; x_wconf 86' lang='lat' dir='ltr'><strong>homi-</strong></span> 
     </span>
    </p>
   </div>
   <div class='ocr_carea' id='block_1_93' title="bbox 615 1685 909 1719">
    <p class='ocr_par' dir='ltr' id='par_1_93' title="bbox 615 1685 909 1719">
     <span class='ocr_line' id='line_1_93' title="bbox 615 1685 909 1719; baseline -0.003 -6"><span class='ocrx_word' id='word_1_223' title='bbox 615 1687 660 1713; x_wconf 78' lang='lat' dir='ltr'><strong>l-l.</strong></span> <span class='ocrx_word' id='word_1_224' title='bbox 677 1694 736 1713; x_wconf 82' lang='lat' dir='ltr'><strong>nes.</strong></span> <span class='ocrx_word' id='word_1_225' title='bbox 750 1686 793 1719; x_wconf 86' lang='lat' dir='ltr'><strong>Et,</strong></span> <span class='ocrx_word' id='word_1_226' title='bbox 809 1685 909 1713; x_wconf 89' lang='lat' dir='ltr'><strong>dcduc-</strong></span> 
     </span>
    </p>
   </div>
   <div class='ocr_carea' id='block_1_94' title="bbox 618 1722 773 1749">
    <p class='ocr_par' dir='ltr' id='par_1_94' title="bbox 618 1722 773 1749">
     <span class='ocr_line' id='line_1_94' title="bbox 618 1722 773 1749; baseline -0.006 0"><span class='ocrx_word' id='word_1_227' title='bbox 618 1722 652 1749; x_wconf 93' lang='lat' dir='ltr'><strong>tis</strong></span> <span class='ocrx_word' id='word_1_228' title='bbox 664 1722 773 1748; x_wconf 89' lang='lat' dir='ltr'><strong>navicu-</strong></span> 
     </span>
    </p>
   </div>
   <div class='ocr_carea' id='block_1_95' title="bbox 616 1758 821 1790">
    <p class='ocr_par' dir='ltr' id='par_1_95' title="bbox 616 1758 821 1790">
     <span class='ocr_line' id='line_1_95' title="bbox 616 1758 821 1790; baseline -0.01 -5"><span class='ocrx_word' id='word_1_229' title='bbox 616 1758 649 1785; x_wconf 86' lang='lat' dir='ltr'><strong>lis</strong></span> <span class='ocrx_word' id='word_1_230' title='bbox 663 1758 695 1784; x_wconf 86' lang='lat' dir='ltr'><strong>ad</strong></span> <span class='ocrx_word' id='word_1_231' title='bbox 710 1762 821 1790; x_wconf 87' lang='lat' dir='ltr'><strong>terram,</strong></span> 
     </span>
    </p>
   </div>
   <div class='ocr_carea' id='block_1_96' title="bbox 617 1792 793 1821">
    <p class='ocr_par' dir='ltr' id='par_1_96' title="bbox 617 1792 793 1821">
     <span class='ocr_line' id='line_1_96' title="bbox 617 1792 793 1821; baseline -0.017 0"><span class='ocrx_word' id='word_1_232' title='bbox 617 1792 719 1821; x_wconf 76' lang='lat' dir='ltr'><strong>relictis</strong></span> <span class='ocrx_word' id='word_1_233' title='bbox 735 1800 793 1819; x_wconf 90' lang='lat' dir='ltr'><strong>om-</strong></span> 
     </span>
    </p>
   </div>
   <div class='ocr_carea' id='block_1_97' title="bbox 616 1830 785 1856">
    <p class='ocr_par' dir='ltr' id='par_1_97' title="bbox 616 1830 785 1856">
     <span class='ocr_line' id='line_1_97' title="bbox 616 1830 785 1856; baseline -0.012 0"><span class='ocrx_word' id='word_1_234' title='bbox 616 1830 696 1856; x_wconf 90' lang='lat' dir='ltr'><strong>nibus</strong></span> <span class='ocrx_word' id='word_1_235' title='bbox 707 1834 785 1855; x_wconf 87' lang='lat' dir='ltr'><strong>secu-</strong></span> 
     </span>
    </p>
   </div>
   <div class='ocr_carea' id='block_1_98' title="bbox 617 1866 800 1892">
    <p class='ocr_par' dir='ltr' id='par_1_98' title="bbox 617 1866 800 1892">
     <span class='ocr_line' id='line_1_98' title="bbox 617 1866 800 1892; baseline -0.016 0"><span class='ocrx_word' id='word_1_236' title='bbox 617 1866 637 1892; x_wconf 89' lang='lat' dir='ltr'><strong>ti</strong></span> <span class='ocrx_word' id='word_1_237' title='bbox 651 1868 714 1891; x_wconf 89' lang='lat' dir='ltr'><strong>sunt</strong></span> <span class='ocrx_word' id='word_1_238' title='bbox 727 1871 800 1890; x_wconf 85' lang='lat' dir='ltr'><strong>eum.</strong></span> 
     </span>
    </p>
   </div>
   <div class='ocr_carea' id='block_1_99' title="bbox 618 1899 894 1931">
    <p class='ocr_par' dir='ltr' id='par_1_99' title="bbox 618 1899 894 1931">
     <span class='ocr_line' id='line_1_99' title="bbox 618 1899 894 1931; baseline -0.007 -3"><span class='ocrx_word' id='word_1_239' title='bbox 618 1900 662 1928; x_wconf 80' lang='grc'><strong>12.</strong></span> <span class='ocrx_word' id='word_1_240' title='bbox 678 1899 712 1927; x_wconf 87' lang='grc' dir='ltr'><strong>Ει</strong></span> <span class='ocrx_word' id='word_1_241' title='bbox 727 1900 827 1927; x_wconf 78' lang='lat' dir='ltr'><strong>factum</strong></span> <span class='ocrx_word' id='word_1_242' title='bbox 842 1903 894 1931; x_wconf 89' lang='lat' dir='ltr'><strong>est,</strong></span> 
     </span>
    </p>
   </div>
   <div class='ocr_carea' id='block_1_100' title="bbox 1779 115 1834 144">
    <p class='ocr_par' dir='ltr' id='par_1_100' title="bbox 1779 115 1834 144">
     <span class='ocr_line' id='line_1_100' title="bbox 1779 115 1834 144; baseline -0.055 0"><span class='ocrx_word' id='word_1_243' title='bbox 1779 115 1834 144; x_wconf 70' lang='lat' dir='ltr'><strong>555i</strong></span> 
     </span>
    </p>
   </div>
   <div class='ocr_carea' id='block_1_101' title="bbox 1255 176 1620 210">
    <p class='ocr_par' dir='ltr' id='par_1_101' title="bbox 1255 176 1620 210">
     <span class='ocr_line' id='line_1_101' title="bbox 1255 176 1620 210; baseline 0.003 -5"><span class='ocrx_word' id='word_1_244' title='bbox 1255 176 1371 206; x_wconf 84' lang='lat' dir='ltr'><strong>CODEX</strong></span> <span class='ocrx_word' id='word_1_245' title='bbox 1391 177 1620 210; x_wconf 84' lang='lat' dir='ltr'><strong>VERONENSIS.</strong></span> 
     </span>
    </p>
   </div>
   <div class='ocr_carea' id='block_1_102' title="bbox 1037 229 1185 253">
    <p class='ocr_par' dir='ltr' id='par_1_102' title="bbox 1037 229 1185 253">
     <span class='ocr_line' id='line_1_102' title="bbox 1037 229 1185 253; baseline -0.007 0"><span class='ocrx_word' id='word_1_246' title='bbox 1037 232 1116 253; x_wconf 84' lang='lat' dir='ltr'><strong>secus</strong></span> <span class='ocrx_word' id='word_1_247' title='bbox 1130 229 1185 253; x_wconf 90' lang='lat' dir='ltr'><strong>sta—</strong></span> 
     </span>
    </p>
   </div>
   <div class='ocr_carea' id='block_1_103' title="bbox 1036 261 1189 297">
    <p class='ocr_par' dir='ltr' id='par_1_103' title="bbox 1036 261 1189 297">
     <span class='ocr_line' id='line_1_103' title="bbox 1036 261 1189 297; baseline -0.007 -9"><span class='ocrx_word' id='word_1_248' title='bbox 1036 269 1131 297; x_wconf 77' lang='lat' dir='ltr'><strong>gnum;</strong></span> <span class='ocrx_word' id='word_1_249' title='bbox 1149 261 1189 294; x_wconf 92' lang='lat' dir='ltr'><strong>pi-</strong></span> 
     </span>
    </p>
   </div>
   <div class='ocr_carea' id='block_1_104' title="bbox 1037 301 1224 324">
    <p class='ocr_par' dir='ltr' id='par_1_104' title="bbox 1037 301 1224 324">
     <span class='ocr_line' id='line_1_104' title="bbox 1037 301 1224 324; baseline -0.005 0"><span class='ocrx_word' id='word_1_250' title='bbox 1037 301 1158 324; x_wconf 74' lang='lat' dir='ltr'><strong>scatores</strong></span> <span class='ocrx_word' id='word_1_251' title='bbox 1171 303 1224 323; x_wconf 90' lang='lat' dir='ltr'><strong>au-</strong></span> 
     </span>
    </p>
   </div>
   <div class='ocr_carea' id='block_1_105' title="bbox 1038 332 1222 359">
    <p class='ocr_par' dir='ltr' id='par_1_105' title="bbox 1038 332 1222 359">
     <span class='ocr_line' id='line_1_105' title="bbox 1038 332 1222 359; baseline -0.005 0"><span class='ocrx_word' id='word_1_252' title='bbox 1038 337 1091 359; x_wconf 86' lang='lat' dir='ltr'><strong>tem</strong></span> <span class='ocrx_word' id='word_1_253' title='bbox 1107 332 1222 359; x_wconf 90' lang='lat' dir='ltr'><strong>descen-</strong></span> 
     </span>
    </p>
   </div>
   <div class='ocr_carea' id='block_1_106' title="bbox 1037 367 1191 400">
    <p class='ocr_par' dir='ltr' id='par_1_106' title="bbox 1037 367 1191 400">
     <span class='ocr_line' id='line_1_106' title="bbox 1037 367 1191 400; baseline -0.006 -5"><span class='ocrx_word' id='word_1_254' title='bbox 1037 367 1149 400; x_wconf 83' lang='lat' dir='ltr'><strong>debant,</strong></span> <span class='ocrx_word' id='word_1_255' title='bbox 1163 372 1191 395; x_wconf 86' lang='lat' dir='ltr'><strong>et</strong></span> 
     </span>
    </p>
   </div>
   <div class='ocr_carea' id='block_1_107' title="bbox 1039 403 1168 431">
    <p class='ocr_par' dir='ltr' id='par_1_107' title="bbox 1039 403 1168 431">
     <span class='ocr_line' id='line_1_107' title="bbox 1039 403 1168 431; baseline 0.008 -1"><span class='ocrx_word' id='word_1_256' title='bbox 1039 403 1168 431; x_wconf 84' lang='lat' dir='ltr'><strong>lavabant</strong></span> 
     </span>
    </p>
   </div>
   <div class='ocr_carea' id='block_1_108' title="bbox 1038 440 1117 466">
    <p class='ocr_par' dir='ltr' id='par_1_108' title="bbox 1038 440 1117 466">
     <span class='ocr_line' id='line_1_108' title="bbox 1038 440 1117 466; baseline -0.013 0"><span class='ocrx_word' id='word_1_257' title='bbox 1038 440 1117 466; x_wconf 83' lang='lat' dir='ltr'><strong>retia.</strong></span> 
     </span>
    </p>
   </div>
   <div class='ocr_carea' id='block_1_109' title="bbox 1037 474 1240 502">
    <p class='ocr_par' dir='ltr' id='par_1_109' title="bbox 1037 474 1240 502">
     <span class='ocr_line' id='line_1_109' title="bbox 1037 474 1240 502; baseline 0.005 -1"><span class='ocrx_word' id='word_1_258' title='bbox 1037 475 1065 502; x_wconf 78' lang='grc'><strong>5.</strong></span> <span class='ocrx_word' id='word_1_259' title='bbox 1083 474 1240 502; x_wconf 82' lang='lat' dir='ltr'><strong>Ascendens</strong></span> 
     </span>
    </p>
   </div>
   <div class='ocr_carea' id='block_1_110' title="bbox 1038 511 1265 538">
    <p class='ocr_par' dir='ltr' id='par_1_110' title="bbox 1038 511 1265 538">
     <span class='ocr_line' id='line_1_110' title="bbox 1038 511 1265 538; baseline 0.004 -1"><span class='ocrx_word' id='word_1_260' title='bbox 1038 515 1128 537; x_wconf 86' lang='lat' dir='ltr'><strong>autem</strong></span> <span class='ocrx_word' id='word_1_261' title='bbox 1144 511 1169 537; x_wconf 93' lang='lat' dir='ltr'><strong>in</strong></span> <span class='ocrx_word' id='word_1_262' title='bbox 1184 518 1265 538; x_wconf 90' lang='lat' dir='ltr'><strong>unam</strong></span> 
     </span>
    </p>
   </div>
   <div class='ocr_carea' id='block_1_111' title="bbox 1038 553 1230 581">
    <p class='ocr_par' dir='ltr' id='par_1_111' title="bbox 1038 553 1230 581">
     <span class='ocr_line' id='line_1_111' title="bbox 1038 553 1230 581; baseline 0 -8"><span class='ocrx_word' id='word_1_263' title='bbox 1038 553 1146 578; x_wconf 86' lang='lat' dir='ltr'><strong>navem,</strong></span> <span class='ocrx_word' id='word_1_264' title='bbox 1160 554 1230 581; x_wconf 87' lang='lat' dir='ltr'><strong>quae</strong></span> 
     </span>
    </p>
   </div>
   <div class='ocr_carea' id='block_1_112' title="bbox 1038 581 1240 614">
    <p class='ocr_par' dir='ltr' id='par_1_112' title="bbox 1038 581 1240 614">
     <span class='ocr_line' id='line_1_112' title="bbox 1038 581 1240 614; baseline -0.005 -6"><span class='ocrx_word' id='word_1_265' title='bbox 1038 585 1097 608; x_wconf 87' lang='lat' dir='ltr'><strong>erat</strong></span> <span class='ocrx_word' id='word_1_266' title='bbox 1109 581 1240 614; x_wconf 84' lang='lat' dir='ltr'><strong>Simonis,</strong></span> 
     </span>
    </p>
   </div>
   <div class='ocr_carea' id='block_1_113' title="bbox 1039 618 1230 651">
    <p class='ocr_par' dir='ltr' id='par_1_113' title="bbox 1039 618 1230 651">
     <span class='ocr_line' id='line_1_113' title="bbox 1039 618 1230 651; baseline 0 -8"><span class='ocrx_word' id='word_1_267' title='bbox 1039 618 1144 651; x_wconf 75' lang='lat' dir='ltr'><strong>rogavit</strong></span> <span class='ocrx_word' id='word_1_268' title='bbox 1157 625 1230 650; x_wconf 89' lang='lat' dir='ltr'><strong>eum,</strong></span> 
     </span>
    </p>
   </div>
   <div class='ocr_carea' id='block_1_114' title="bbox 1039 652 1241 681">
    <p class='ocr_par' dir='ltr' id='par_1_114' title="bbox 1039 652 1241 681">
     <span class='ocr_line' id='line_1_114' title="bbox 1039 652 1241 681; baseline 0 -2"><span class='ocrx_word' id='word_1_269' title='bbox 1039 657 1068 679; x_wconf 89' lang='lat' dir='ltr'><strong>ut</strong></span> <span class='ocrx_word' id='word_1_270' title='bbox 1081 652 1241 681; x_wconf 85' lang='lat' dir='ltr'><strong>inducereut</strong></span> 
     </span>
    </p>
   </div>
   <div class='ocr_carea' id='block_1_115' title="bbox 1038 688 1186 715">
    <p class='ocr_par' dir='ltr' id='par_1_115' title="bbox 1038 688 1186 715">
     <span class='ocr_line' id='line_1_115' title="bbox 1038 688 1186 715; baseline -0.007 0"><span class='ocrx_word' id='word_1_271' title='bbox 1038 688 1071 715; x_wconf 87' lang='lat' dir='ltr'><strong>ad</strong></span> <span class='ocrx_word' id='word_1_272' title='bbox 1087 692 1186 715; x_wconf 85' lang='lat' dir='ltr'><strong>terram</strong></span> 
     </span>
    </p>
   </div>
   <div class='ocr_carea' id='block_1_116' title="bbox 1039 724 1245 758">
    <p class='ocr_par' dir='ltr' id='par_1_116' title="bbox 1039 724 1245 758">
     <span class='ocr_line' id='line_1_116' title="bbox 1039 724 1245 758; baseline 0.005 -8"><span class='ocrx_word' id='word_1_273' title='bbox 1039 724 1245 758; x_wconf 83' lang='lat' dir='ltr'><strong>aliquantulum.</strong></span> 
     </span>
    </p>
   </div>
   <div class='ocr_carea' id='block_1_117' title="bbox 1039 759 1201 791">
    <p class='ocr_par' dir='ltr' id='par_1_117' title="bbox 1039 759 1201 791">
     <span class='ocr_line' id='line_1_117' title="bbox 1039 759 1201 791; baseline -0.006 -5"><span class='ocrx_word' id='word_1_274' title='bbox 1039 759 1075 786; x_wconf 83' lang='lat' dir='ltr'><strong>Et</strong></span> <span class='ocrx_word' id='word_1_275' title='bbox 1088 760 1185 786; x_wconf 80' lang='lat' dir='ltr'><strong>sedens</strong></span> <span class='ocrx_word' id='word_1_276' title='bbox 1194 781 1201 791; x_wconf 79' lang='grc'><em>,</em></span> 
     </span>
    </p>
   </div>
   <div class='ocr_carea' id='block_1_118' title="bbox 1041 795 1205 823">
    <p class='ocr_par' dir='ltr' id='par_1_118' title="bbox 1041 795 1205 823">
     <span class='ocr_line' id='line_1_118' title="bbox 1041 795 1205 823; baseline 0.006 -1"><span class='ocrx_word' id='word_1_277' title='bbox 1041 795 1157 822; x_wconf 85' lang='lat' dir='ltr'><strong>ducebat</strong></span> <span class='ocrx_word' id='word_1_278' title='bbox 1172 795 1205 823; x_wconf 89' lang='lat' dir='ltr'><strong>de</strong></span> 
     </span>
    </p>
   </div>
   <div class='ocr_carea' id='block_1_119' title="bbox 1041 830 1165 857">
    <p class='ocr_par' dir='ltr' id='par_1_119' title="bbox 1041 830 1165 857">
     <span class='ocr_line' id='line_1_119' title="bbox 1041 830 1165 857; baseline 0 0"><span class='ocrx_word' id='word_1_279' title='bbox 1041 830 1165 857; x_wconf 83' lang='lat' dir='ltr'><strong>navicula</strong></span> 
     </span>
    </p>
   </div>
   <div class='ocr_carea' id='block_1_120' title="bbox 1042 866 1145 893">
    <p class='ocr_par' dir='ltr' id='par_1_120' title="bbox 1042 866 1145 893">
     <span class='ocr_line' id='line_1_120' title="bbox 1042 866 1145 893; baseline -0.01 0"><span class='ocrx_word' id='word_1_280' title='bbox 1042 866 1145 893; x_wconf 81' lang='lat' dir='ltr'><strong>turbas.</strong></span> 
     </span>
    </p>
   </div>
   <div class='ocr_carea' id='block_1_121' title="bbox 1041 901 1249 930">
    <p class='ocr_par' dir='ltr' id='par_1_121' title="bbox 1041 901 1249 930">
     <span class='ocr_line' id='line_1_121' title="bbox 1041 901 1249 930; baseline 0 -2"><span class='ocrx_word' id='word_1_281' title='bbox 1041 902 1068 928; x_wconf 70' lang='grc' dir='ltr'><strong>Δ.</strong></span> <span class='ocrx_word' id='word_1_282' title='bbox 1085 901 1119 929; x_wconf 88' lang='lat' dir='ltr'><strong>Ut</strong></span> <span class='ocrx_word' id='word_1_283' title='bbox 1133 902 1249 930; x_wconf 82' lang='lat' dir='ltr'><strong>cessavit.</strong></span> 
     </span>
    </p>
   </div>
   <div class='ocr_carea' id='block_1_122' title="bbox 1042 938 1232 971">
    <p class='ocr_par' dir='ltr' id='par_1_122' title="bbox 1042 938 1232 971">
     <span class='ocr_line' id='line_1_122' title="bbox 1042 938 1232 971; baseline 0.011 -8"><span class='ocrx_word' id='word_1_284' title='bbox 1042 942 1131 964; x_wconf 88' lang='lat' dir='ltr'><strong>autem</strong></span> <span class='ocrx_word' id='word_1_285' title='bbox 1149 938 1232 971; x_wconf 83' lang='lat' dir='ltr'><strong>loqui,</strong></span> 
     </span>
    </p>
   </div>
   <div class='ocr_carea' id='block_1_123' title="bbox 1043 973 1215 1001">
    <p class='ocr_par' dir='ltr' id='par_1_123' title="bbox 1043 973 1215 1001">
     <span class='ocr_line' id='line_1_123' title="bbox 1043 973 1215 1001; baseline 0.006 -1"><span class='ocrx_word' id='word_1_286' title='bbox 1043 973 1110 1000; x_wconf 82' lang='lat' dir='ltr'><strong>dixit</strong></span> <span class='ocrx_word' id='word_1_287' title='bbox 1123 973 1156 1000; x_wconf 88' lang='lat' dir='ltr'><strong>ad</strong></span> <span class='ocrx_word' id='word_1_288' title='bbox 1172 974 1215 1001; x_wconf 91' lang='lat' dir='ltr'><strong>Si-</strong></span> 
     </span>
    </p>
   </div>
   <div class='ocr_carea' id='block_1_124' title="bbox 1042 1009 1237 1037">
    <p class='ocr_par' dir='ltr' id='par_1_124' title="bbox 1042 1009 1237 1037">
     <span class='ocr_line' id='line_1_124' title="bbox 1042 1009 1237 1037; baseline 0.005 -2"><span class='ocrx_word' id='word_1_289' title='bbox 1042 1016 1139 1036; x_wconf 90' lang='lat' dir='ltr'><strong>monen</strong></span> <span class='ocrx_word' id='word_1_290' title='bbox 1156 1018 1162 1036; x_wconf 90' lang='lat'>:</span> <span class='ocrx_word' id='word_1_291' title='bbox 1180 1009 1237 1037; x_wconf 91' lang='lat' dir='ltr'><strong>Duc</strong></span> 
     </span>
    </p>
   </div>
   <div class='ocr_carea' id='block_1_125' title="bbox 1044 1045 1180 1078">
    <p class='ocr_par' dir='ltr' id='par_1_125' title="bbox 1044 1045 1180 1078">
     <span class='ocr_line' id='line_1_125' title="bbox 1044 1045 1180 1078; baseline -0.007 -7"><span class='ocrx_word' id='word_1_292' title='bbox 1044 1045 1070 1071; x_wconf 90' lang='lat' dir='ltr'><strong>in</strong></span> <span class='ocrx_word' id='word_1_293' title='bbox 1086 1045 1180 1078; x_wconf 82' lang='lat' dir='ltr'><strong>altum,</strong></span> 
     </span>
    </p>
   </div>
   <div class='ocr_carea' id='block_1_126' title="bbox 1042 1080 1173 1107">
    <p class='ocr_par' dir='ltr' id='par_1_126' title="bbox 1042 1080 1173 1107">
     <span class='ocr_line' id='line_1_126' title="bbox 1042 1080 1173 1107; baseline 0 0"><span class='ocrx_word' id='word_1_294' title='bbox 1042 1084 1070 1107; x_wconf 90' lang='lat' dir='ltr'><strong>et</strong></span> <span class='ocrx_word' id='word_1_295' title='bbox 1084 1080 1173 1107; x_wconf 76' lang='lat' dir='ltr'><strong>laxate</strong></span> 
     </span>
    </p>
   </div>
   <div class='ocr_carea' id='block_1_127' title="bbox 1042 1117 1271 1143">
    <p class='ocr_par' dir='ltr' id='par_1_127' title="bbox 1042 1117 1271 1143">
     <span class='ocr_line' id='line_1_127' title="bbox 1042 1117 1271 1143; baseline -0.009 0"><span class='ocrx_word' id='word_1_296' title='bbox 1042 1117 1137 1143; x_wconf 89' lang='lat' dir='ltr'><strong>retiam</strong></span> <span class='ocrx_word' id='word_1_297' title='bbox 1153 1120 1271 1143; x_wconf 85' lang='lat' dir='ltr'><strong>vestram</strong></span> 
     </span>
    </p>
   </div>
   <div class='ocr_carea' id='block_1_128' title="bbox 1042 1151 1233 1186">
    <p class='ocr_par' dir='ltr' id='par_1_128' title="bbox 1042 1151 1233 1186">
     <span class='ocr_line' id='line_1_128' title="bbox 1042 1151 1233 1186; baseline -0.005 -7"><span class='ocrx_word' id='word_1_298' title='bbox 1042 1151 1069 1179; x_wconf 88' lang='lat' dir='ltr'><strong>in</strong></span> <span class='ocrx_word' id='word_1_299' title='bbox 1084 1157 1233 1186; x_wconf 79' lang='lat' dir='ltr'><strong>capturam.</strong></span> 
     </span>
    </p>
   </div>
   <div class='ocr_carea' id='block_1_129' title="bbox 1042 1186 1301 1219">
    <p class='ocr_par' dir='ltr' id='par_1_129' title="bbox 1042 1186 1301 1219">
     <span class='ocr_line' id='line_1_129' title="bbox 1042 1186 1301 1219; baseline 0 -5"><span class='ocrx_word' id='word_1_300' title='bbox 1042 1187 1069 1214; x_wconf 83' lang='lat'><strong>5.</strong></span> <span class='ocrx_word' id='word_1_301' title='bbox 1087 1187 1120 1214; x_wconf 89' lang='lat' dir='ltr'><strong>Et</strong></span> <span class='ocrx_word' id='word_1_302' title='bbox 1134 1186 1301 1219; x_wconf 87' lang='lat' dir='ltr'><strong>respondens</strong></span> 
     </span>
    </p>
   </div>
   <div class='ocr_carea' id='block_1_130' title="bbox 1044 1223 1236 1253">
    <p class='ocr_par' dir='ltr' id='par_1_130' title="bbox 1044 1223 1236 1253">
     <span class='ocr_line' id='line_1_130' title="bbox 1044 1223 1236 1253; baseline -0.01 -3"><span class='ocrx_word' id='word_1_303' title='bbox 1044 1223 1149 1253; x_wconf 82' lang='lat' dir='ltr'><strong>Simon.</strong></span> <span class='ocrx_word' id='word_1_304' title='bbox 1167 1223 1236 1249; x_wconf 81' lang='lat' dir='ltr'><strong>dixit</strong></span> 
     </span>
    </p>
   </div>
   <div class='ocr_carea' id='block_1_131' title="bbox 1044 1258 1296 1292">
    <p class='ocr_par' dir='ltr' id='par_1_131' title="bbox 1044 1258 1296 1292">
     <span class='ocr_line' id='line_1_131' title="bbox 1044 1258 1296 1292; baseline -0.008 -7"><span class='ocrx_word' id='word_1_305' title='bbox 1044 1258 1081 1285; x_wconf 88' lang='lat' dir='ltr'><strong>illi</strong></span> <span class='ocrx_word' id='word_1_306' title='bbox 1095 1266 1101 1283; x_wconf 74' lang='grc' dir='ltr'><em>τ</em></span> <span class='ocrx_word' id='word_1_307' title='bbox 1118 1259 1296 1292; x_wconf 82' lang='lat' dir='ltr'><strong>Praeceptor,</strong></span> 
     </span>
    </p>
   </div>
   <div class='ocr_carea' id='block_1_132' title="bbox 1044 1297 1190 1327">
    <p class='ocr_par' dir='ltr' id='par_1_132' title="bbox 1044 1297 1190 1327">
     <span class='ocr_line' id='line_1_132' title="bbox 1044 1297 1190 1327; baseline 0 -8"><span class='ocrx_word' id='word_1_308' title='bbox 1044 1301 1093 1327; x_wconf 90' lang='lat' dir='ltr'><strong>per</strong></span> <span class='ocrx_word' id='word_1_309' title='bbox 1109 1297 1190 1320; x_wconf 87' lang='lat' dir='ltr'><strong>totam</strong></span> 
     </span>
    </p>
   </div>
   <div class='ocr_carea' id='block_1_133' title="bbox 1045 1328 1246 1356">
    <p class='ocr_par' dir='ltr' id='par_1_133' title="bbox 1045 1328 1246 1356">
     <span class='ocr_line' id='line_1_133' title="bbox 1045 1328 1246 1356; baseline -0.01 0"><span class='ocrx_word' id='word_1_310' title='bbox 1045 1333 1153 1356; x_wconf 88' lang='lat' dir='ltr'><strong>noctem</strong></span> <span class='ocrx_word' id='word_1_311' title='bbox 1171 1328 1246 1355; x_wconf 89' lang='lat' dir='ltr'><strong>labo-</strong></span> 
     </span>
    </p>
   </div>
   <div class='ocr_carea' id='block_1_134' title="bbox 1044 1363 1228 1396">
    <p class='ocr_par' dir='ltr' id='par_1_134' title="bbox 1044 1363 1228 1396">
     <span class='ocr_line' id='line_1_134' title="bbox 1044 1363 1228 1396; baseline -0.005 -5"><span class='ocrx_word' id='word_1_312' title='bbox 1044 1369 1147 1396; x_wconf 85' lang='lat' dir='ltr'><strong>rantes,</strong></span> <span class='ocrx_word' id='word_1_313' title='bbox 1163 1363 1228 1391; x_wconf 87' lang='lat' dir='ltr'><strong>nihil</strong></span> 
     </span>
    </p>
   </div>
   <div class='ocr_carea' id='block_1_135' title="bbox 1044 1402 1201 1434">
    <p class='ocr_par' dir='ltr' id='par_1_135' title="bbox 1044 1402 1201 1434">
     <span class='ocr_line' id='line_1_135' title="bbox 1044 1402 1201 1434; baseline 0 -8"><span class='ocrx_word' id='word_1_314' title='bbox 1044 1402 1182 1434; x_wconf 86' lang='lat' dir='ltr'><strong>coepimus</strong></span> <span class='ocrx_word' id='word_1_315' title='bbox 1195 1409 1201 1426; x_wconf 89' lang='lat'><strong>:</strong></span> 
     </span>
    </p>
   </div>
   <div class='ocr_carea' id='block_1_136' title="bbox 1044 1435 1211 1463">
    <p class='ocr_par' dir='ltr' id='par_1_136' title="bbox 1044 1435 1211 1463">
     <span class='ocr_line' id='line_1_136' title="bbox 1044 1435 1211 1463; baseline 0.006 -1"><span class='ocrx_word' id='word_1_316' title='bbox 1044 1435 1092 1463; x_wconf 88' lang='lat' dir='ltr'><strong>sed</strong></span> <span class='ocrx_word' id='word_1_317' title='bbox 1107 1436 1132 1462; x_wconf 94' lang='lat' dir='ltr'><strong>in</strong></span> <span class='ocrx_word' id='word_1_318' title='bbox 1147 1443 1211 1463; x_wconf 93' lang='lat' dir='ltr'><strong>ver-</strong></span> 
     </span>
    </p>
   </div>
   <div class='ocr_carea' id='block_1_137' title="bbox 1045 1470 1195 1498">
    <p class='ocr_par' dir='ltr' id='par_1_137' title="bbox 1045 1470 1195 1498">
     <span class='ocr_line' id='line_1_137' title="bbox 1045 1470 1195 1498; baseline 0 0"><span class='ocrx_word' id='word_1_319' title='bbox 1045 1470 1080 1498; x_wconf 88' lang='lat' dir='ltr'><strong>bo</strong></span> <span class='ocrx_word' id='word_1_320' title='bbox 1095 1476 1142 1498; x_wconf 91' lang='lat' dir='ltr'><strong>tuo</strong></span> <span class='ocrx_word' id='word_1_321' title='bbox 1155 1471 1195 1498; x_wconf 89' lang='lat' dir='ltr'><strong>la-</strong></span> 
     </span>
    </p>
   </div>
   <div class='ocr_carea' id='block_1_138' title="bbox 1045 1507 1236 1535">
    <p class='ocr_par' dir='ltr' id='par_1_138' title="bbox 1045 1507 1236 1535">
     <span class='ocr_line' id='line_1_138' title="bbox 1045 1507 1236 1535; baseline 0 -1"><span class='ocrx_word' id='word_1_322' title='bbox 1045 1507 1115 1534; x_wconf 81' lang='lat' dir='ltr'><strong>xabo</strong></span> <span class='ocrx_word' id='word_1_323' title='bbox 1130 1508 1236 1535; x_wconf 90' lang='lat' dir='ltr'><strong>retiam.</strong></span> 
     </span>
    </p>
   </div>
   <div class='ocr_carea' id='block_1_139' title="bbox 1045 1543 1286 1576">
    <p class='ocr_par' dir='ltr' id='par_1_139' title="bbox 1045 1543 1286 1576">
     <span class='ocr_line' id='line_1_139' title="bbox 1045 1543 1286 1576; baseline 0.008 -7"><span class='ocrx_word' id='word_1_324' title='bbox 1045 1543 1073 1570; x_wconf 85' lang='lat'><strong>6.</strong></span> <span class='ocrx_word' id='word_1_325' title='bbox 1091 1543 1140 1576; x_wconf 83' lang='lat' dir='ltr'><strong>Et,</strong></span> <span class='ocrx_word' id='word_1_326' title='bbox 1155 1550 1217 1571; x_wconf 89' lang='lat' dir='ltr'><strong>cum</strong></span> <span class='ocrx_word' id='word_1_327' title='bbox 1234 1544 1286 1571; x_wconf 90' lang='lat' dir='ltr'><strong>hoc</strong></span> 
     </span>
    </p>
   </div>
   <div class='ocr_carea' id='block_1_140' title="bbox 1045 1578 1185 1612">
    <p class='ocr_par' dir='ltr' id='par_1_140' title="bbox 1045 1578 1185 1612">
     <span class='ocr_line' id='line_1_140' title="bbox 1045 1578 1185 1612; baseline -0.007 -6"><span class='ocrx_word' id='word_1_328' title='bbox 1045 1578 1185 1612; x_wconf 75' lang='lat' dir='ltr'><strong>fecissent,</strong></span> 
     </span>
    </p>
   </div>
   <div class='ocr_carea' id='block_1_141' title="bbox 1045 1614 1240 1642">
    <p class='ocr_par' dir='ltr' id='par_1_141' title="bbox 1045 1614 1240 1642">
     <span class='ocr_line' id='line_1_141' title="bbox 1045 1614 1240 1642; baseline 0.005 -2"><span class='ocrx_word' id='word_1_329' title='bbox 1045 1614 1240 1642; x_wconf 89' lang='lat' dir='ltr'><strong>concluserunt</strong></span> 
     </span>
    </p>
   </div>
   <div class='ocr_carea' id='block_1_142' title="bbox 1046 1650 1243 1684">
    <p class='ocr_par' dir='ltr' id='par_1_142' title="bbox 1046 1650 1243 1684">
     <span class='ocr_line' id='line_1_142' title="bbox 1046 1650 1243 1684; baseline 0.01 -8"><span class='ocrx_word' id='word_1_330' title='bbox 1046 1650 1160 1684; x_wconf 82' lang='lat' dir='ltr'><strong>piscium</strong></span> <span class='ocrx_word' id='word_1_331' title='bbox 1178 1651 1243 1678; x_wconf 94' lang='lat' dir='ltr'><strong>mul-</strong></span> 
     </span>
    </p>
   </div>
   <div class='ocr_carea' id='block_1_143' title="bbox 1046 1685 1191 1713">
    <p class='ocr_par' dir='ltr' id='par_1_143' title="bbox 1046 1685 1191 1713">
     <span class='ocr_line' id='line_1_143' title="bbox 1046 1685 1191 1713; baseline 0.014 -2"><span class='ocrx_word' id='word_1_332' title='bbox 1046 1685 1191 1713; x_wconf 87' lang='lat' dir='ltr'><strong>titudiuem</strong></span> 
     </span>
    </p>
   </div>
   <div class='ocr_carea' id='block_1_144' title="bbox 1047 1721 1204 1754">
    <p class='ocr_par' dir='ltr' id='par_1_144' title="bbox 1047 1721 1204 1754">
     <span class='ocr_line' id='line_1_144' title="bbox 1047 1721 1204 1754; baseline 0 -6"><span class='ocrx_word' id='word_1_333' title='bbox 1047 1721 1185 1754; x_wconf 84' lang='lat' dir='ltr'><strong>copiosam</strong></span> <span class='ocrx_word' id='word_1_334' title='bbox 1196 1730 1204 1748; x_wconf 92' lang='lat'><strong>:</strong></span> 
     </span>
    </p>
   </div>
   <div class='ocr_carea' id='block_1_145' title="bbox 1048 1757 1223 1789">
    <p class='ocr_par' dir='ltr' id='par_1_145' title="bbox 1048 1757 1223 1789">
     <span class='ocr_line' id='line_1_145' title="bbox 1048 1757 1223 1789; baseline 0 -6"><span class='ocrx_word' id='word_1_335' title='bbox 1048 1757 1223 1789; x_wconf 75' lang='lat' dir='ltr'><strong>rumpebatur</strong></span> 
     </span>
    </p>
   </div>
   <div class='ocr_carea' id='block_1_146' title="bbox 1047 1792 1216 1819">
    <p class='ocr_par' dir='ltr' id='par_1_146' title="bbox 1047 1792 1216 1819">
     <span class='ocr_line' id='line_1_146' title="bbox 1047 1792 1216 1819; baseline -0.006 0"><span class='ocrx_word' id='word_1_336' title='bbox 1047 1797 1137 1819; x_wconf 85' lang='lat' dir='ltr'><strong>autem</strong></span> <span class='ocrx_word' id='word_1_337' title='bbox 1149 1792 1216 1818; x_wconf 86' lang='lat' dir='ltr'><strong>retia</strong></span> 
     </span>
    </p>
   </div>
   <div class='ocr_carea' id='block_1_147' title="bbox 1048 1827 1247 1854">
    <p class='ocr_par' dir='ltr' id='par_1_147' title="bbox 1048 1827 1247 1854">
     <span class='ocr_line' id='line_1_147' title="bbox 1048 1827 1247 1854; baseline 0 0"><span class='ocrx_word' id='word_1_338' title='bbox 1048 1828 1075 1854; x_wconf 87' lang='grc'><strong>7.</strong></span> <span class='ocrx_word' id='word_1_339' title='bbox 1092 1835 1194 1854; x_wconf 90' lang='lat' dir='ltr'><strong>eorum.</strong></span> <span class='ocrx_word' id='word_1_340' title='bbox 1213 1827 1247 1854; x_wconf 84' lang='lat' dir='ltr'><strong>Et</strong></span> 
     </span>
    </p>
   </div>
   <div class='ocr_carea' id='block_1_148' title="bbox 1049 1863 1201 1890">
    <p class='ocr_par' dir='ltr' id='par_1_148' title="bbox 1049 1863 1201 1890">
     <span class='ocr_line' id='line_1_148' title="bbox 1049 1863 1201 1890; baseline 0 -1"><span class='ocrx_word' id='word_1_341' title='bbox 1049 1863 1201 1890; x_wconf 89' lang='lat' dir='ltr'><strong>adnuerunt</strong></span> 
     </span>
    </p>
   </div>
   <div class='ocr_carea' id='block_1_149' title="bbox 1049 1898 1203 1934">
    <p class='ocr_par' dir='ltr' id='par_1_149' title="bbox 1049 1898 1203 1934">
     <span class='ocr_line' id='line_1_149' title="bbox 1049 1898 1203 1934; baseline 0 -9"><span class='ocrx_word' id='word_1_342' title='bbox 1049 1898 1141 1929; x_wconf 84' lang='lat' dir='ltr'><strong>sociis.</strong></span> <span class='ocrx_word' id='word_1_343' title='bbox 1158 1898 1203 1934; x_wconf 92' lang='lat' dir='ltr'><strong>qui</strong></span> 
     </span>
    </p>
   </div>
   <div class='ocr_carea' id='block_1_150' title="bbox 1454 225 1574 253">
    <p class='ocr_par' dir='ltr' id='par_1_150' title="bbox 1454 225 1574 253">
     <span class='ocr_line' id='line_1_150' title="bbox 1454 225 1574 253; baseline -0.017 0"><span class='ocrx_word' id='word_1_344' title='bbox 1454 229 1534 253; x_wconf 83' lang='lat' dir='ltr'><strong>erant</strong></span> <span class='ocrx_word' id='word_1_345' title='bbox 1548 225 1574 252; x_wconf 93' lang='lat' dir='ltr'><strong>in</strong></span> 
     </span>
    </p>
   </div>
   <div class='ocr_carea' id='block_1_151' title="bbox 1455 260 1596 292">
    <p class='ocr_par' dir='ltr' id='par_1_151' title="bbox 1455 260 1596 292">
     <span class='ocr_line' id='line_1_151' title="bbox 1455 260 1596 292; baseline -0.014 -4"><span class='ocrx_word' id='word_1_346' title='bbox 1455 260 1506 288; x_wconf 88' lang='lat' dir='ltr'><strong>alia</strong></span> <span class='ocrx_word' id='word_1_347' title='bbox 1521 260 1596 292; x_wconf 87' lang='lat' dir='ltr'><strong>navi,</strong></span> 
     </span>
    </p>
   </div>
   <div class='ocr_carea' id='block_1_152' title="bbox 1455 296 1631 327">
    <p class='ocr_par' dir='ltr' id='par_1_152' title="bbox 1455 296 1631 327">
     <span class='ocr_line' id='line_1_152' title="bbox 1455 296 1631 327; baseline -0.011 -3"><span class='ocrx_word' id='word_1_348' title='bbox 1455 301 1483 324; x_wconf 84' lang='lat' dir='ltr'><strong>ut</strong></span> <span class='ocrx_word' id='word_1_349' title='bbox 1498 296 1631 327; x_wconf 80' lang='lat' dir='ltr'><strong>venirent,</strong></span> 
     </span>
    </p>
   </div>
   <div class='ocr_carea' id='block_1_153' title="bbox 1455 331 1651 366">
    <p class='ocr_par' dir='ltr' id='par_1_153' title="bbox 1455 331 1651 366">
     <span class='ocr_line' id='line_1_153' title="bbox 1455 331 1651 366; baseline -0.01 -7"><span class='ocrx_word' id='word_1_350' title='bbox 1455 336 1483 359; x_wconf 86' lang='lat' dir='ltr'><strong>et</strong></span> <span class='ocrx_word' id='word_1_351' title='bbox 1493 331 1651 366; x_wconf 77' lang='lat' dir='ltr'><strong>adiuvarent</strong></span> 
     </span>
    </p>
   </div>
   <div class='ocr_carea' id='block_1_154' title="bbox 1455 366 1675 398">
    <p class='ocr_par' dir='ltr' id='par_1_154' title="bbox 1455 366 1675 398">
     <span class='ocr_line' id='line_1_154' title="bbox 1455 366 1675 398; baseline -0.005 -3"><span class='ocrx_word' id='word_1_352' title='bbox 1455 374 1512 395; x_wconf 88' lang='lat' dir='ltr'><strong>eos.</strong></span> <span class='ocrx_word' id='word_1_353' title='bbox 1530 370 1559 398; x_wconf 48' lang='grc' dir='ltr'><strong>ὥ</strong></span> <span class='ocrx_word' id='word_1_354' title='bbox 1572 367 1605 394; x_wconf 82' lang='grc' dir='ltr'><strong>Ει</strong></span> <span class='ocrx_word' id='word_1_355' title='bbox 1619 366 1675 394; x_wconf 92' lang='lat' dir='ltr'><strong>im-</strong></span> 
     </span>
    </p>
   </div>
   <div class='ocr_carea' id='block_1_155' title="bbox 1454 404 1666 436">
    <p class='ocr_par' dir='ltr' id='par_1_155' title="bbox 1454 404 1666 436">
     <span class='ocr_line' id='line_1_155' title="bbox 1454 404 1666 436; baseline 0 -6"><span class='ocrx_word' id='word_1_356' title='bbox 1454 404 1594 436; x_wconf 79' lang='lat' dir='ltr'><strong>pleveruul</strong></span> <span class='ocrx_word' id='word_1_357' title='bbox 1608 409 1666 430; x_wconf 91' lang='lat' dir='ltr'><strong>am-</strong></span> 
     </span>
    </p>
   </div>
   <div class='ocr_carea' id='block_1_156' title="bbox 1456 438 1629 465">
    <p class='ocr_par' dir='ltr' id='par_1_156' title="bbox 1456 438 1629 465">
     <span class='ocr_line' id='line_1_156' title="bbox 1456 438 1629 465; baseline 0.006 -1"><span class='ocrx_word' id='word_1_358' title='bbox 1456 439 1504 465; x_wconf 85' lang='lat' dir='ltr'><strong>bas</strong></span> <span class='ocrx_word' id='word_1_359' title='bbox 1518 438 1629 465; x_wconf 85' lang='lat' dir='ltr'><strong>navicu-</strong></span> 
     </span>
    </p>
   </div>
   <div class='ocr_carea' id='block_1_157' title="bbox 1454 472 1649 510">
    <p class='ocr_par' dir='ltr' id='par_1_157' title="bbox 1454 472 1649 510">
     <span class='ocr_line' id='line_1_157' title="bbox 1454 472 1649 510; baseline -0.005 -9"><span class='ocrx_word' id='word_1_360' title='bbox 1454 474 1505 506; x_wconf 85' lang='lat' dir='ltr'><strong>las,</strong></span> <span class='ocrx_word' id='word_1_361' title='bbox 1521 474 1555 500; x_wconf 81' lang='lat' dir='ltr'><strong>itn</strong></span> <span class='ocrx_word' id='word_1_362' title='bbox 1570 478 1600 500; x_wconf 88' lang='lat' dir='ltr'><strong>ut</strong></span> <span class='ocrx_word' id='word_1_363' title='bbox 1612 472 1649 510; x_wconf 85' lang='grc' dir='ltr'><strong>(α)</strong></span> 
     </span>
    </p>
   </div>
   <div class='ocr_carea' id='block_1_158' title="bbox 1456 517 1611 542">
    <p class='ocr_par' dir='ltr' id='par_1_158' title="bbox 1456 517 1611 542">
     <span class='ocr_line' id='line_1_158' title="bbox 1456 517 1611 542; baseline -0.006 -5"><span class='ocrx_word' id='word_1_364' title='bbox 1456 517 1611 542; x_wconf 73' lang='lat' dir='ltr'><strong>mergeren-</strong></span> 
     </span>
    </p>
   </div>
   <div class='ocr_carea' id='block_1_159' title="bbox 1456 545 1542 580">
    <p class='ocr_par' dir='ltr' id='par_1_159' title="bbox 1456 545 1542 580">
     <span class='ocr_line' id='line_1_159' title="bbox 1456 545 1542 580; baseline -0.012 -8"><span class='ocrx_word' id='word_1_365' title='bbox 1456 550 1499 572; x_wconf 88' lang='lat' dir='ltr'><strong>tur</strong></span> <span class='ocrx_word' id='word_1_366' title='bbox 1511 545 1542 580; x_wconf 45' lang='grc' dir='ltr'><strong>ἦ.</strong></span> 
     </span>
    </p>
   </div>
   <div class='ocr_carea' id='block_1_160' title="bbox 1456 580 1651 613">
    <p class='ocr_par' dir='ltr' id='par_1_160' title="bbox 1456 580 1651 613">
     <span class='ocr_line' id='line_1_160' title="bbox 1456 580 1651 613; baseline 0 -5"><span class='ocrx_word' id='word_1_367' title='bbox 1456 581 1482 608; x_wconf 91' lang='grc'><strong>8.</strong></span> <span class='ocrx_word' id='word_1_368' title='bbox 1497 580 1573 613; x_wconf 79' lang='lat' dir='ltr'><strong>Quod</strong></span> <span class='ocrx_word' id='word_1_369' title='bbox 1589 588 1651 608; x_wconf 91' lang='lat' dir='ltr'><strong>cum</strong></span> 
     </span>
    </p>
   </div>
   <div class='ocr_carea' id='block_1_161' title="bbox 1456 615 1671 652">
    <p class='ocr_par' dir='ltr' id='par_1_161' title="bbox 1456 615 1671 652">
     <span class='ocr_line' id='line_1_161' title="bbox 1456 615 1671 652; baseline 0.009 -10"><span class='ocrx_word' id='word_1_370' title='bbox 1456 616 1560 643; x_wconf 79' lang='lat' dir='ltr'><strong>videret</strong></span> <span class='ocrx_word' id='word_1_371' title='bbox 1575 615 1611 652; x_wconf 73' lang='grc' dir='ltr'><strong>(ὁ)</strong></span> <span class='ocrx_word' id='word_1_372' title='bbox 1628 616 1671 644; x_wconf 91' lang='lat' dir='ltr'><strong>Si-</strong></span> 
     </span>
    </p>
   </div>
   <div class='ocr_carea' id='block_1_162' title="bbox 1456 652 1642 687">
    <p class='ocr_par' dir='ltr' id='par_1_162' title="bbox 1456 652 1642 687">
     <span class='ocr_line' id='line_1_162' title="bbox 1456 652 1642 687; baseline 0.005 -9"><span class='ocrx_word' id='word_1_373' title='bbox 1456 660 1518 679; x_wconf 87' lang='lat' dir='ltr'><strong>mon</strong></span> <span class='ocrx_word' id='word_1_374' title='bbox 1530 652 1562 687; x_wconf 75' lang='lat' dir='ltr'><strong>-l-,</strong></span> <span class='ocrx_word' id='word_1_375' title='bbox 1580 660 1642 685; x_wconf 84' lang='lat' dir='ltr'><strong>pro—</strong></span> 
     </span>
    </p>
   </div>
   <div class='ocr_carea' id='block_1_163' title="bbox 1456 687 1630 722">
    <p class='ocr_par' dir='ltr' id='par_1_163' title="bbox 1456 687 1630 722">
     <span class='ocr_line' id='line_1_163' title="bbox 1456 687 1630 722; baseline 0 -7"><span class='ocrx_word' id='word_1_376' title='bbox 1456 687 1522 715; x_wconf 89' lang='lat' dir='ltr'><strong>cidit</strong></span> <span class='ocrx_word' id='word_1_377' title='bbox 1536 687 1567 714; x_wconf 87' lang='lat' dir='ltr'><strong>ad</strong></span> <span class='ocrx_word' id='word_1_378' title='bbox 1583 695 1630 722; x_wconf 77' lang='lat' dir='ltr'><strong>ge-</strong></span> 
     </span>
    </p>
   </div>
   <div class='ocr_carea' id='block_1_164' title="bbox 1456 722 1597 753">
    <p class='ocr_par' dir='ltr' id='par_1_164' title="bbox 1456 722 1597 753">
     <span class='ocr_line' id='line_1_164' title="bbox 1456 722 1597 753; baseline 0 -3"><span class='ocrx_word' id='word_1_379' title='bbox 1456 731 1507 750; x_wconf 91' lang='lat' dir='ltr'><strong>nua</strong></span> <span class='ocrx_word' id='word_1_380' title='bbox 1523 722 1597 753; x_wconf 84' lang='lat' dir='ltr'><strong>Jesu,</strong></span> 
     </span>
    </p>
   </div>
   <div class='ocr_carea' id='block_1_165' title="bbox 1456 759 1640 787">
    <p class='ocr_par' dir='ltr' id='par_1_165' title="bbox 1456 759 1640 787">
     <span class='ocr_line' id='line_1_165' title="bbox 1456 759 1640 787; baseline 0 -1"><span class='ocrx_word' id='word_1_381' title='bbox 1456 759 1548 786; x_wconf 84' lang='lat' dir='ltr'><strong>dicens</strong></span> <span class='ocrx_word' id='word_1_382' title='bbox 1563 767 1569 784; x_wconf 90' lang='lat'>:</span> <span class='ocrx_word' id='word_1_383' title='bbox 1590 759 1640 787; x_wconf 74' lang='lat' dir='ltr'><strong>Exi</strong></span> 
     </span>
    </p>
   </div>
   <div class='ocr_carea' id='block_1_166' title="bbox 1457 794 1596 821">
    <p class='ocr_par' dir='ltr' id='par_1_166' title="bbox 1457 794 1596 821">
     <span class='ocr_line' id='line_1_166' title="bbox 1457 794 1596 821; baseline 0 0"><span class='ocrx_word' id='word_1_384' title='bbox 1457 802 1472 821; x_wconf 91' lang='lat' dir='ltr'><strong>a</strong></span> <span class='ocrx_word' id='word_1_385' title='bbox 1487 801 1530 821; x_wconf 92' lang='lat' dir='ltr'><strong>me</strong></span> <span class='ocrx_word' id='word_1_386' title='bbox 1544 794 1596 821; x_wconf 92' lang='lat' dir='ltr'><strong>Do-</strong></span> 
     </span>
    </p>
   </div>
   <div class='ocr_carea' id='block_1_167' title="bbox 1457 830 1619 864">
    <p class='ocr_par' dir='ltr' id='par_1_167' title="bbox 1457 830 1619 864">
     <span class='ocr_line' id='line_1_167' title="bbox 1457 830 1619 864; baseline 0 -8"><span class='ocrx_word' id='word_1_387' title='bbox 1457 830 1540 863; x_wconf 85' lang='lat' dir='ltr'><strong>mine,</strong></span> <span class='ocrx_word' id='word_1_388' title='bbox 1556 831 1619 864; x_wconf 85' lang='lat' dir='ltr'><strong>quia</strong></span> 
     </span>
    </p>
   </div>
   <div class='ocr_carea' id='block_1_168' title="bbox 1457 866 1614 900">
    <p class='ocr_par' dir='ltr' id='par_1_168' title="bbox 1457 866 1614 900">
     <span class='ocr_line' id='line_1_168' title="bbox 1457 866 1614 900; baseline -0.006 -7"><span class='ocrx_word' id='word_1_389' title='bbox 1457 866 1538 894; x_wconf 91' lang='lat' dir='ltr'><strong>homo</strong></span> <span class='ocrx_word' id='word_1_390' title='bbox 1552 873 1614 900; x_wconf 90' lang='lat' dir='ltr'><strong>pec-</strong></span> 
     </span>
    </p>
   </div>
   <div class='ocr_carea' id='block_1_169' title="bbox 1457 906 1617 929">
    <p class='ocr_par' dir='ltr' id='par_1_169' title="bbox 1457 906 1617 929">
     <span class='ocr_line' id='line_1_169' title="bbox 1457 906 1617 929; baseline 0 0"><span class='ocrx_word' id='word_1_391' title='bbox 1457 906 1533 929; x_wconf 88' lang='lat' dir='ltr'><strong>cator</strong></span> <span class='ocrx_word' id='word_1_392' title='bbox 1547 909 1617 929; x_wconf 89' lang='lat' dir='ltr'><strong>sum.</strong></span> 
     </span>
    </p>
   </div>
   <div class='ocr_carea' id='block_1_170' title="bbox 1457 936 1687 967">
    <p class='ocr_par' dir='ltr' id='par_1_170' title="bbox 1457 936 1687 967">
     <span class='ocr_line' id='line_1_170' title="bbox 1457 936 1687 967; baseline -0.004 -2"><span class='ocrx_word' id='word_1_393' title='bbox 1457 938 1484 965; x_wconf 83' lang='lat'><strong>9.</strong></span> <span class='ocrx_word' id='word_1_394' title='bbox 1498 936 1604 965; x_wconf 86' lang='lat' dir='ltr'><strong>Miralio</strong></span> <span class='ocrx_word' id='word_1_395' title='bbox 1616 939 1687 967; x_wconf 86' lang='lat' dir='ltr'><strong>enim</strong></span> 
     </span>
    </p>
   </div>
   <div class='ocr_carea' id='block_1_171' title="bbox 1458 973 1625 1002">
    <p class='ocr_par' dir='ltr' id='par_1_171' title="bbox 1458 973 1625 1002">
     <span class='ocr_line' id='line_1_171' title="bbox 1458 973 1625 1002; baseline 0 -3"><span class='ocrx_word' id='word_1_396' title='bbox 1458 973 1590 1000; x_wconf 80' lang='lat' dir='ltr'><strong>habebat.</strong></span> <span class='ocrx_word' id='word_1_397' title='bbox 1600 995 1606 1002; x_wconf 89' lang='lat'><strong>.</strong></span> <span class='ocrx_word' id='word_1_398' title='bbox 1619 996 1625 1001; x_wconf 87' lang='lat'><strong>.</strong></span> 
     </span>
    </p>
   </div>
   <div class='ocr_carea' id='block_1_172' title="bbox 1459 1014 1596 1036">
    <p class='ocr_par' dir='ltr' id='par_1_172' title="bbox 1459 1014 1596 1036">
     <span class='ocr_line' id='line_1_172' title="bbox 1459 1014 1596 1036; baseline 0 0"><span class='ocrx_word' id='word_1_399' title='bbox 1459 1014 1486 1036; x_wconf 80' lang='lat' dir='ltr'><strong>et</strong></span> <span class='ocrx_word' id='word_1_400' title='bbox 1501 1016 1596 1036; x_wconf 92' lang='lat' dir='ltr'><strong>omnes</strong></span> 
     </span>
    </p>
   </div>
   <div class='ocr_carea' id='block_1_173' title="bbox 1459 1045 1644 1078">
    <p class='ocr_par' dir='ltr' id='par_1_173' title="bbox 1459 1045 1644 1078">
     <span class='ocr_line' id='line_1_173' title="bbox 1459 1045 1644 1078; baseline 0.005 -7"><span class='ocrx_word' id='word_1_401' title='bbox 1459 1045 1504 1078; x_wconf 88' lang='lat' dir='ltr'><strong>qui</strong></span> <span class='ocrx_word' id='word_1_402' title='bbox 1521 1051 1580 1071; x_wconf 91' lang='lat' dir='ltr'><strong>cum</strong></span> <span class='ocrx_word' id='word_1_403' title='bbox 1596 1045 1644 1072; x_wconf 91' lang='lat' dir='ltr'><strong>illo</strong></span> 
     </span>
    </p>
   </div>
   <div class='ocr_carea' id='block_1_174' title="bbox 1459 1079 1696 1116">
    <p class='ocr_par' dir='ltr' id='par_1_174' title="bbox 1459 1079 1696 1116">
     <span class='ocr_line' id='line_1_174' title="bbox 1459 1079 1696 1116; baseline 0 -8"><span class='ocrx_word' id='word_1_404' title='bbox 1459 1084 1546 1112; x_wconf 81' lang='lat' dir='ltr'><strong>erant,</strong></span> <span class='ocrx_word' id='word_1_405' title='bbox 1562 1079 1588 1106; x_wconf 93' lang='lat' dir='ltr'><strong>in</strong></span> <span class='ocrx_word' id='word_1_406' title='bbox 1604 1085 1696 1116; x_wconf 89' lang='lat' dir='ltr'><strong>captu-</strong></span> 
     </span>
    </p>
   </div>
   <div class='ocr_carea' id='block_1_175' title="bbox 1459 1116 1628 1151">
    <p class='ocr_par' dir='ltr' id='par_1_175' title="bbox 1459 1116 1628 1151">
     <span class='ocr_line' id='line_1_175' title="bbox 1459 1116 1628 1151; baseline -0.012 -7"><span class='ocrx_word' id='word_1_407' title='bbox 1459 1124 1488 1144; x_wconf 89' lang='lat' dir='ltr'><strong>ra</strong></span> <span class='ocrx_word' id='word_1_408' title='bbox 1504 1116 1628 1151; x_wconf 80' lang='lat' dir='ltr'><strong>piscium,</strong></span> 
     </span>
    </p>
   </div>
   <div class='ocr_carea' id='block_1_176' title="bbox 1459 1159 1621 1186">
    <p class='ocr_par' dir='ltr' id='par_1_176' title="bbox 1459 1159 1621 1186">
     <span class='ocr_line' id='line_1_176' title="bbox 1459 1159 1621 1186; baseline 0.006 -8"><span class='ocrx_word' id='word_1_409' title='bbox 1459 1159 1540 1186; x_wconf 86' lang='lat' dir='ltr'><strong>quam</strong></span> <span class='ocrx_word' id='word_1_410' title='bbox 1556 1159 1621 1179; x_wconf 85' lang='lat' dir='ltr'><strong>coe-</strong></span> 
     </span>
    </p>
   </div>
   <div class='ocr_carea' id='block_1_177' title="bbox 1459 1191 1575 1223">
    <p class='ocr_par' dir='ltr' id='par_1_177' title="bbox 1459 1191 1575 1223">
     <span class='ocr_line' id='line_1_177' title="bbox 1459 1191 1575 1223; baseline -0.009 -9"><span class='ocrx_word' id='word_1_411' title='bbox 1459 1191 1556 1223; x_wconf 83' lang='lat' dir='ltr'><strong>perant</strong></span> <span class='ocrx_word' id='word_1_412' title='bbox 1568 1196 1575 1213; x_wconf 90' lang='lat'><strong>:</strong></span> 
     </span>
    </p>
   </div>
   <div class='ocr_carea' id='block_1_178' title="bbox 1460 1223 1747 1250">
    <p class='ocr_par' dir='ltr' id='par_1_178' title="bbox 1460 1223 1747 1250">
     <span class='ocr_line' id='line_1_178' title="bbox 1460 1223 1747 1250; baseline -0.01 0"><span class='ocrx_word' id='word_1_413' title='bbox 1460 1223 1502 1250; x_wconf 79' lang='grc'><strong>10.</strong></span> <span class='ocrx_word' id='word_1_414' title='bbox 1518 1223 1644 1250; x_wconf 85' lang='lat' dir='ltr'><strong>similiter</strong></span> <span class='ocrx_word' id='word_1_415' title='bbox 1657 1225 1747 1249; x_wconf 90' lang='lat' dir='ltr'><strong>autem</strong></span> 
     </span>
    </p>
   </div>
   <div class='ocr_carea' id='block_1_179' title="bbox 1460 1257 1687 1289">
    <p class='ocr_par' dir='ltr' id='par_1_179' title="bbox 1460 1257 1687 1289">
     <span class='ocr_line' id='line_1_179' title="bbox 1460 1257 1687 1289; baseline 0 -4"><span class='ocrx_word' id='word_1_416' title='bbox 1460 1258 1587 1289; x_wconf 85' lang='lat' dir='ltr'><strong>Jacobus.</strong></span> <span class='ocrx_word' id='word_1_417' title='bbox 1600 1263 1627 1285; x_wconf 84' lang='lat' dir='ltr'><strong>et</strong></span> <span class='ocrx_word' id='word_1_418' title='bbox 1641 1257 1687 1286; x_wconf 78' lang='lat' dir='ltr'><strong>Jo-</strong></span> 
     </span>
    </p>
   </div>
   <div class='ocr_carea' id='block_1_180' title="bbox 1462 1293 1626 1321">
    <p class='ocr_par' dir='ltr' id='par_1_180' title="bbox 1462 1293 1626 1321">
     <span class='ocr_line' id='line_1_180' title="bbox 1462 1293 1626 1321; baseline 0.006 -1"><span class='ocrx_word' id='word_1_419' title='bbox 1462 1293 1565 1320; x_wconf 86' lang='lat' dir='ltr'><strong>hannes</strong></span> <span class='ocrx_word' id='word_1_420' title='bbox 1579 1293 1626 1321; x_wconf 82' lang='lat' dir='ltr'><strong>lilii</strong></span> 
     </span>
    </p>
   </div>
   <div class='ocr_carea' id='block_1_181' title="bbox 1462 1329 1606 1362">
    <p class='ocr_par' dir='ltr' id='par_1_181' title="bbox 1462 1329 1606 1362">
     <span class='ocr_line' id='line_1_181' title="bbox 1462 1329 1606 1362; baseline 0 -6"><span class='ocrx_word' id='word_1_421' title='bbox 1462 1329 1606 1362; x_wconf 86' lang='lat' dir='ltr'><strong>Zebedaei,</strong></span> 
     </span>
    </p>
   </div>
   <div class='ocr_carea' id='block_1_182' title="bbox 1461 1364 1678 1397">
    <p class='ocr_par' dir='ltr' id='par_1_182' title="bbox 1461 1364 1678 1397">
     <span class='ocr_line' id='line_1_182' title="bbox 1461 1364 1678 1397; baseline 0.009 -7"><span class='ocrx_word' id='word_1_422' title='bbox 1461 1365 1506 1397; x_wconf 89' lang='lat' dir='ltr'><strong>qui</strong></span> <span class='ocrx_word' id='word_1_423' title='bbox 1522 1370 1599 1392; x_wconf 89' lang='lat' dir='ltr'><strong>erant</strong></span> <span class='ocrx_word' id='word_1_424' title='bbox 1612 1364 1678 1392; x_wconf 84' lang='lat' dir='ltr'><strong>socii</strong></span> 
     </span>
    </p>
   </div>
   <div class='ocr_carea' id='block_1_183' title="bbox 1463 1400 1594 1428">
    <p class='ocr_par' dir='ltr' id='par_1_183' title="bbox 1463 1400 1594 1428">
     <span class='ocr_line' id='line_1_183' title="bbox 1463 1400 1594 1428; baseline -0.015 0"><span class='ocrx_word' id='word_1_425' title='bbox 1463 1400 1594 1428; x_wconf 88' lang='lat' dir='ltr'><strong>Simonis.</strong></span> 
     </span>
    </p>
   </div>
   <div class='ocr_carea' id='block_1_184' title="bbox 1464 1435 1594 1462">
    <p class='ocr_par' dir='ltr' id='par_1_184' title="bbox 1464 1435 1594 1462">
     <span class='ocr_line' id='line_1_184' title="bbox 1464 1435 1594 1462; baseline 0.008 -1"><span class='ocrx_word' id='word_1_426' title='bbox 1464 1435 1497 1462; x_wconf 82' lang='lat' dir='ltr'><strong>Et</strong></span> <span class='ocrx_word' id='word_1_427' title='bbox 1510 1437 1547 1462; x_wconf 86' lang='lat' dir='ltr'><strong>ait</strong></span> <span class='ocrx_word' id='word_1_428' title='bbox 1560 1436 1594 1462; x_wconf 91' lang='lat' dir='ltr'><strong>ad</strong></span> 
     </span>
    </p>
   </div>
   <div class='ocr_carea' id='block_1_185' title="bbox 1463 1471 1601 1499">
    <p class='ocr_par' dir='ltr' id='par_1_185' title="bbox 1463 1471 1601 1499">
     <span class='ocr_line' id='line_1_185' title="bbox 1463 1471 1601 1499; baseline -0.007 0"><span class='ocrx_word' id='word_1_429' title='bbox 1463 1471 1601 1499; x_wconf 88' lang='lat' dir='ltr'><strong>Simonem</strong></span> 
     </span>
    </p>
   </div>
   <div class='ocr_carea' id='block_1_186' title="bbox 1463 1506 1636 1534">
    <p class='ocr_par' dir='ltr' id='par_1_186' title="bbox 1463 1506 1636 1534">
     <span class='ocr_line' id='line_1_186' title="bbox 1463 1506 1636 1534; baseline 0 -1"><span class='ocrx_word' id='word_1_430' title='bbox 1463 1506 1541 1534; x_wconf 77' lang='lat' dir='ltr'><strong>Jesus</strong></span> <span class='ocrx_word' id='word_1_431' title='bbox 1554 1516 1561 1533; x_wconf 86' lang='lat'><strong>:</strong></span> <span class='ocrx_word' id='word_1_432' title='bbox 1578 1506 1636 1533; x_wconf 89' lang='lat' dir='ltr'><strong>Noli</strong></span> 
     </span>
    </p>
   </div>
   <div class='ocr_carea' id='block_1_187' title="bbox 1466 1542 1626 1570">
    <p class='ocr_par' dir='ltr' id='par_1_187' title="bbox 1466 1542 1626 1570">
     <span class='ocr_line' id='line_1_187' title="bbox 1466 1542 1626 1570; baseline 0 -3"><span class='ocrx_word' id='word_1_433' title='bbox 1466 1542 1577 1570; x_wconf 86' lang='lat' dir='ltr'><strong>limere:</strong></span> <span class='ocrx_word' id='word_1_434' title='bbox 1593 1550 1626 1570; x_wconf 81' lang='lat' dir='ltr'><strong>ex</strong></span> 
     </span>
    </p>
   </div>
   <div class='ocr_carea' id='block_1_188' title="bbox 1465 1577 1580 1611">
    <p class='ocr_par' dir='ltr' id='par_1_188' title="bbox 1465 1577 1580 1611">
     <span class='ocr_line' id='line_1_188' title="bbox 1465 1577 1580 1611; baseline 0 -7"><span class='ocrx_word' id='word_1_435' title='bbox 1465 1577 1516 1604; x_wconf 92' lang='lat' dir='ltr'><strong>hoc</strong></span> <span class='ocrx_word' id='word_1_436' title='bbox 1526 1578 1580 1611; x_wconf 92' lang='lat' dir='ltr'><strong>jam</strong></span> 
     </span>
    </p>
   </div>
   <div class='ocr_carea' id='block_1_189' title="bbox 1464 1613 1619 1640">
    <p class='ocr_par' dir='ltr' id='par_1_189' title="bbox 1464 1613 1619 1640">
     <span class='ocr_line' id='line_1_189' title="bbox 1464 1613 1619 1640; baseline -0.006 0"><span class='ocrx_word' id='word_1_437' title='bbox 1464 1613 1520 1640; x_wconf 89' lang='lat' dir='ltr'><strong>eris</strong></span> <span class='ocrx_word' id='word_1_438' title='bbox 1533 1613 1619 1640; x_wconf 87' lang='lat' dir='ltr'><strong>homi-</strong></span> 
     </span>
    </p>
   </div>
   <div class='ocr_carea' id='block_1_190' title="bbox 1464 1648 1676 1675">
    <p class='ocr_par' dir='ltr' id='par_1_190' title="bbox 1464 1648 1676 1675">
     <span class='ocr_line' id='line_1_190' title="bbox 1464 1648 1676 1675; baseline -0.009 0"><span class='ocrx_word' id='word_1_439' title='bbox 1464 1656 1513 1675; x_wconf 84' lang='lat' dir='ltr'><strong>nes</strong></span> <span class='ocrx_word' id='word_1_440' title='bbox 1528 1648 1676 1675; x_wconf 58' lang='lat' dir='ltr'><strong>\‘ivilicans.</strong></span> 
     </span>
    </p>
   </div>
   <div class='ocr_carea' id='block_1_191' title="bbox 1464 1682 1729 1714">
    <p class='ocr_par' dir='ltr' id='par_1_191' title="bbox 1464 1682 1729 1714">
     <span class='ocr_line' id='line_1_191' title="bbox 1464 1682 1729 1714; baseline -0.008 -4"><span class='ocrx_word' id='word_1_441' title='bbox 1464 1684 1508 1710; x_wconf 79' lang='grc'><strong>11.</strong></span> <span class='ocrx_word' id='word_1_442' title='bbox 1528 1684 1570 1714; x_wconf 81' lang='lat' dir='ltr'><strong>Et,</strong></span> <span class='ocrx_word' id='word_1_443' title='bbox 1589 1682 1729 1711; x_wconf 90' lang='lat' dir='ltr'><strong>subductis</strong></span> 
     </span>
    </p>
   </div>
   <div class='ocr_carea' id='block_1_192' title="bbox 1463 1718 1612 1746">
    <p class='ocr_par' dir='ltr' id='par_1_192' title="bbox 1463 1718 1612 1746">
     <span class='ocr_line' id='line_1_192' title="bbox 1463 1718 1612 1746; baseline 0 -1"><span class='ocrx_word' id='word_1_444' title='bbox 1463 1718 1498 1745; x_wconf 90' lang='lat' dir='ltr'><strong>ad</strong></span> <span class='ocrx_word' id='word_1_445' title='bbox 1514 1724 1612 1746; x_wconf 88' lang='lat' dir='ltr'><strong>terram</strong></span> 
     </span>
    </p>
   </div>
   <div class='ocr_carea' id='block_1_193' title="bbox 1465 1754 1613 1785">
    <p class='ocr_par' dir='ltr' id='par_1_193' title="bbox 1465 1754 1613 1785">
     <span class='ocr_line' id='line_1_193' title="bbox 1465 1754 1613 1785; baseline -0.014 -3"><span class='ocrx_word' id='word_1_446' title='bbox 1465 1754 1596 1782; x_wconf 87' lang='lat' dir='ltr'><strong>naviculis</strong></span> <span class='ocrx_word' id='word_1_447' title='bbox 1606 1774 1613 1785; x_wconf 85' lang='lat'><strong>.</strong></span> 
     </span>
    </p>
   </div>
   <div class='ocr_carea' id='block_1_194' title="bbox 1465 1790 1638 1817">
    <p class='ocr_par' dir='ltr' id='par_1_194' title="bbox 1465 1790 1638 1817">
     <span class='ocr_line' id='line_1_194' title="bbox 1465 1790 1638 1817; baseline -0.006 0"><span class='ocrx_word' id='word_1_448' title='bbox 1465 1790 1568 1817; x_wconf 89' lang='lat' dir='ltr'><strong>relictis</strong></span> <span class='ocrx_word' id='word_1_449' title='bbox 1580 1797 1638 1816; x_wconf 89' lang='lat' dir='ltr'><strong>om-</strong></span> 
     </span>
    </p>
   </div>
   <div class='ocr_carea' id='block_1_195' title="bbox 1466 1824 1644 1852">
    <p class='ocr_par' dir='ltr' id='par_1_195' title="bbox 1466 1824 1644 1852">
     <span class='ocr_line' id='line_1_195' title="bbox 1466 1824 1644 1852; baseline 0 -1"><span class='ocrx_word' id='word_1_450' title='bbox 1466 1825 1545 1852; x_wconf 90' lang='lat' dir='ltr'><strong>nibus</strong></span> <span class='ocrx_word' id='word_1_451' title='bbox 1558 1824 1644 1852; x_wconf 86' lang='lat' dir='ltr'><strong>secuti</strong></span> 
     </span>
    </p>
   </div>
   <div class='ocr_carea' id='block_1_196' title="bbox 1467 1864 1616 1887">
    <p class='ocr_par' dir='ltr' id='par_1_196' title="bbox 1467 1864 1616 1887">
     <span class='ocr_line' id='line_1_196' title="bbox 1467 1864 1616 1887; baseline 0 0"><span class='ocrx_word' id='word_1_452' title='bbox 1467 1864 1532 1887; x_wconf 87' lang='lat' dir='ltr'><strong>sunt</strong></span> <span class='ocrx_word' id='word_1_453' title='bbox 1543 1867 1616 1887; x_wconf 88' lang='lat' dir='ltr'><strong>eum.</strong></span> 
     </span>
    </p>
   </div>
   <div class='ocr_carea' id='block_1_197' title="bbox 1468 1895 1678 1923">
    <p class='ocr_par' dir='ltr' id='par_1_197' title="bbox 1468 1895 1678 1923">
     <span class='ocr_line' id='line_1_197' title="bbox 1468 1895 1678 1923; baseline -0.005 0"><span class='ocrx_word' id='word_1_454' title='bbox 1468 1896 1513 1923; x_wconf 73' lang='grc'><strong>12.</strong></span> <span class='ocrx_word' id='word_1_455' title='bbox 1530 1895 1564 1923; x_wconf 88' lang='lat' dir='ltr'><strong>Et</strong></span> <span class='ocrx_word' id='word_1_456' title='bbox 1579 1895 1678 1923; x_wconf 78' lang='lat' dir='ltr'><strong>factum</strong></span> 
     </span>
    </p>
   </div>
   <div class='ocr_carea' id='block_1_198' title="bbox 857 1945 1187 1974">
    <p class='ocr_par' dir='ltr' id='par_1_198' title="bbox 857 1945 1187 1974">
     <span class='ocr_line' id='line_1_198' title="bbox 857 1945 1187 1974; baseline 0.003 -1"><span class='ocrx_word' id='word_1_457' title='bbox 857 1945 972 1973; x_wconf 79' lang='lat' dir='ltr'><strong>CODEX</strong></span> <span class='ocrx_word' id='word_1_458' title='bbox 992 1945 1187 1974; x_wconf 76' lang='lat' dir='ltr'><strong>BRIXIANUS.</strong></span> 
     </span>
    </p>
   </div>
   <div class='ocr_carea' id='block_1_199' title="bbox 199 1992 997 2032">
    <p class='ocr_par' dir='ltr' id='par_1_199' title="bbox 199 1992 997 2032">
     <span class='ocr_line' id='line_1_199' title="bbox 199 1992 997 2032; baseline -0.013 -4"><span class='ocrx_word' id='word_1_459' title='bbox 199 2005 302 2028; x_wconf 84' lang='lat' dir='ltr'><strong>stantes</strong></span> <span class='ocrx_word' id='word_1_460' title='bbox 326 2006 405 2027; x_wconf 91' lang='lat' dir='ltr'><strong>secus</strong></span> <span class='ocrx_word' id='word_1_461' title='bbox 435 2002 570 2032; x_wconf 78' lang='lat' dir='ltr'><strong>stagnum.</strong></span> <span class='ocrx_word' id='word_1_462' title='bbox 597 1996 746 2029; x_wconf 78' lang='lat' dir='ltr'><strong>piscatores</strong></span> <span class='ocrx_word' id='word_1_463' title='bbox 770 1998 861 2032; x_wconf 77' lang='lat' dir='ltr'><strong>autem</strong></span> <span class='ocrx_word' id='word_1_464' title='bbox 883 1992 997 2032; x_wconf 82' lang='lat' dir='ltr'><strong>descen-</strong></span> 
     </span>
    </p>
   </div>
   <div class='ocr_carea' id='block_1_200' title="bbox 200 2028 999 2064">
    <p class='ocr_par' dir='ltr' id='par_1_200' title="bbox 200 2028 999 2064">
     <span class='ocr_line' id='line_1_200' title="bbox 200 2028 999 2064; baseline -0.014 0"><span class='ocrx_word' id='word_1_465' title='bbox 200 2037 295 2064; x_wconf 87' lang='lat' dir='ltr'><strong>dentes</strong></span> <span class='ocrx_word' id='word_1_466' title='bbox 311 2035 347 2062; x_wconf 91' lang='lat' dir='ltr'><strong>de</strong></span> <span class='ocrx_word' id='word_1_467' title='bbox 365 2035 404 2062; x_wconf 90' lang='lat' dir='ltr'><strong>eis</strong></span> <span class='ocrx_word' id='word_1_468' title='bbox 425 2028 550 2061; x_wconf 69' lang='lat' dir='ltr'><strong>lababant</strong></span> <span class='ocrx_word' id='word_1_469' title='bbox 575 2028 654 2059; x_wconf 79' lang='lat' dir='ltr'><strong>retia.</strong></span> <span class='ocrx_word' id='word_1_470' title='bbox 672 2029 829 2057; x_wconf 75' lang='lat' dir='ltr'><strong>Ascendens</strong></span> <span class='ocrx_word' id='word_1_471' title='bbox 856 2032 945 2055; x_wconf 84' lang='lat' dir='ltr'><strong>autem</strong></span> <span class='ocrx_word' id='word_1_472' title='bbox 972 2028 999 2055; x_wconf 89' lang='lat' dir='ltr'><strong>in</strong></span> 
     </span>
    </p>
   </div>
   <div class='ocr_carea' id='block_1_201' title="bbox 200 2065 998 2104">
    <p class='ocr_par' dir='ltr' id='par_1_201' title="bbox 200 2065 998 2104">
     <span class='ocr_line' id='line_1_201' title="bbox 200 2065 998 2104; baseline -0.011 -5"><span class='ocrx_word' id='word_1_473' title='bbox 200 2070 452 2099; x_wconf 88' lang='lat' dir='ltr'><strong>unamnaviculam.</strong></span> <span class='ocrx_word' id='word_1_474' title='bbox 469 2070 513 2104; x_wconf 87' lang='lat' dir='ltr'><strong>qui</strong></span> <span class='ocrx_word' id='word_1_475' title='bbox 529 2066 718 2104; x_wconf 21' lang='lat' dir='ltr'><strong>eratrSimouis</strong></span> <span class='ocrx_word' id='word_1_476' title='bbox 729 2065 807 2104; x_wconf 81' lang='lat' dir='ltr'><strong>jussit</strong></span> <span class='ocrx_word' id='word_1_477' title='bbox 817 2072 877 2104; x_wconf 76' lang='lat' dir='ltr'><strong>eum</strong></span> <span class='ocrx_word' id='word_1_478' title='bbox 893 2072 907 2089; x_wconf 84' lang='lat' dir='ltr'><strong>a</strong></span> <span class='ocrx_word' id='word_1_479' title='bbox 924 2068 998 2104; x_wconf 69' lang='lat' dir='ltr'><strong>terra</strong></span> 
     </span>
    </p>
   </div>
   <div class='ocr_carea' id='block_1_202' title="bbox 201 2099 999 2141">
    <p class='ocr_par' dir='ltr' id='par_1_202' title="bbox 201 2099 999 2141">
     <span class='ocr_line' id='line_1_202' title="bbox 201 2099 999 2141; baseline -0.011 -7"><span class='ocrx_word' id='word_1_480' title='bbox 201 2109 332 2135; x_wconf 85' lang='lat' dir='ltr'><strong>reducere</strong></span> <span class='ocrx_word' id='word_1_481' title='bbox 347 2099 486 2141; x_wconf 59' lang='lat' dir='ltr'><strong>pusillum:</strong></span> <span class='ocrx_word' id='word_1_482' title='bbox 508 2104 543 2131; x_wconf 85' lang='lat' dir='ltr'><strong>Et</strong></span> <span class='ocrx_word' id='word_1_483' title='bbox 556 2103 655 2130; x_wconf 83' lang='lat' dir='ltr'><strong>sedens</strong></span> <span class='ocrx_word' id='word_1_484' title='bbox 677 2101 792 2129; x_wconf 83' lang='lat' dir='ltr'><strong>docebat</strong></span> <span class='ocrx_word' id='word_1_485' title='bbox 816 2100 851 2127; x_wconf 89' lang='lat' dir='ltr'><strong>de</strong></span> <span class='ocrx_word' id='word_1_486' title='bbox 876 2099 999 2126; x_wconf 79' lang='lat' dir='ltr'><strong>navicula</strong></span> 
     </span>
    </p>
   </div>
   <div class='ocr_carea' id='block_1_203' title="bbox 202 2144 305 2171">
    <p class='ocr_par' dir='ltr' id='par_1_203' title="bbox 202 2144 305 2171">
     <span class='ocr_line' id='line_1_203' title="bbox 202 2144 305 2171; baseline -0.029 0"><span class='ocrx_word' id='word_1_487' title='bbox 202 2144 277 2171; x_wconf 87' lang='lat' dir='ltr'><strong>turba</strong></span> <span class='ocrx_word' id='word_1_488' title='bbox 282 2151 305 2169; x_wconf 80' lang='lat' dir='ltr'><strong>s.</strong></span> 
     </span>
    </p>
   </div>
   <div class='ocr_carea' id='block_1_204' title="bbox 238 2170 999 2208">
    <p class='ocr_par' dir='ltr' id='par_1_204' title="bbox 238 2170 999 2208">
     <span class='ocr_line' id='line_1_204' title="bbox 238 2170 999 2208; baseline -0.012 -2"><span class='ocrx_word' id='word_1_489' title='bbox 238 2178 270 2206; x_wconf 92' lang='lat' dir='ltr'><strong>Ut</strong></span> <span class='ocrx_word' id='word_1_490' title='bbox 284 2183 374 2205; x_wconf 84' lang='lat' dir='ltr'><strong>autem</strong></span> <span class='ocrx_word' id='word_1_491' title='bbox 389 2176 505 2204; x_wconf 83' lang='lat' dir='ltr'><strong>cessavit</strong></span> <span class='ocrx_word' id='word_1_492' title='bbox 520 2174 592 2208; x_wconf 88' lang='lat' dir='ltr'><strong>loqui</strong></span> <span class='ocrx_word' id='word_1_493' title='bbox 608 2173 674 2200; x_wconf 81' lang='lat' dir='ltr'><strong>dixit</strong></span> <span class='ocrx_word' id='word_1_494' title='bbox 689 2172 720 2198; x_wconf 82' lang='lat' dir='ltr'><strong>ad</strong></span> <span class='ocrx_word' id='word_1_495' title='bbox 738 2171 887 2208; x_wconf 76' lang='lat' dir='ltr'><strong>Simonem.</strong></span> <span class='ocrx_word' id='word_1_496' title='bbox 905 2170 959 2196; x_wconf 82' lang='lat' dir='ltr'><strong>Duc</strong></span> <span class='ocrx_word' id='word_1_497' title='bbox 974 2171 999 2197; x_wconf 94' lang='lat' dir='ltr'><strong>in</strong></span> 
     </span>
    </p>
   </div>
   <div class='ocr_carea' id='block_1_205' title="bbox 201 2206 1000 2242">
    <p class='ocr_par' dir='ltr' id='par_1_205' title="bbox 201 2206 1000 2242">
     <span class='ocr_line' id='line_1_205' title="bbox 201 2206 1000 2242; baseline -0.011 -1"><span class='ocrx_word' id='word_1_498' title='bbox 201 2215 295 2242; x_wconf 86' lang='lat' dir='ltr'><strong>altum.</strong></span> <span class='ocrx_word' id='word_1_499' title='bbox 308 2221 333 2241; x_wconf 85' lang='lat' dir='ltr'><strong>et</strong></span> <span class='ocrx_word' id='word_1_500' title='bbox 348 2214 437 2240; x_wconf 78' lang='lat' dir='ltr'><strong>laxate</strong></span> <span class='ocrx_word' id='word_1_501' title='bbox 448 2213 516 2238; x_wconf 86' lang='lat' dir='ltr'><strong>retia</strong></span> <span class='ocrx_word' id='word_1_502' title='bbox 533 2206 621 2237; x_wconf 80' lang='lat' dir='ltr'><strong>vestra</strong></span> <span class='ocrx_word' id='word_1_503' title='bbox 634 2210 658 2235; x_wconf 89' lang='lat' dir='ltr'><strong>in</strong></span> <span class='ocrx_word' id='word_1_504' title='bbox 671 2212 822 2242; x_wconf 87' lang='lat' dir='ltr'><strong>capturaln.</strong></span> <span class='ocrx_word' id='word_1_505' title='bbox 843 2206 876 2233; x_wconf 83' lang='lat' dir='ltr'><strong>Et</strong></span> <span class='ocrx_word' id='word_1_506' title='bbox 889 2214 1000 2239; x_wconf 76' lang='lat' dir='ltr'><strong>respon-</strong></span> 
     </span>
    </p>
   </div>
   <div class='ocr_carea' id='block_1_206' title="bbox 202 2246 999 2279">
    <p class='ocr_par' dir='ltr' id='par_1_206' title="bbox 202 2246 999 2279">
     <span class='ocr_line' id='line_1_206' title="bbox 202 2246 999 2279; baseline -0.013 -2"><span class='ocrx_word' id='word_1_507' title='bbox 202 2251 270 2277; x_wconf 84' lang='lat' dir='ltr'><strong>dens</strong></span> <span class='ocrx_word' id='word_1_508' title='bbox 285 2250 380 2277; x_wconf 81' lang='lat' dir='ltr'><strong>Simon</strong></span> <span class='ocrx_word' id='word_1_509' title='bbox 394 2249 460 2275; x_wconf 81' lang='lat' dir='ltr'><strong>dixit</strong></span> <span class='ocrx_word' id='word_1_510' title='bbox 477 2247 525 2273; x_wconf 92' lang='lat' dir='ltr'><strong>illi.</strong></span> <span class='ocrx_word' id='word_1_511' title='bbox 542 2246 704 2279; x_wconf 86' lang='lat' dir='ltr'><strong>Praeceptor</strong></span> <span class='ocrx_word' id='word_1_512' title='bbox 725 2251 772 2277; x_wconf 84' lang='lat' dir='ltr'><strong>per</strong></span> <span class='ocrx_word' id='word_1_513' title='bbox 786 2247 871 2279; x_wconf 79' lang='lat' dir='ltr'><strong>totum</strong></span> <span class='ocrx_word' id='word_1_514' title='bbox 894 2247 999 2279; x_wconf 78' lang='lat' dir='ltr'><strong>noctem</strong></span> 
     </span>
    </p>
   </div>
   <div class='ocr_carea' id='block_1_207' title="bbox 203 2277 1001 2315">
    <p class='ocr_par' dir='ltr' id='par_1_207' title="bbox 203 2277 1001 2315">
     <span class='ocr_line' id='line_1_207' title="bbox 203 2277 1001 2315; baseline -0.014 -2"><span class='ocrx_word' id='word_1_515' title='bbox 203 2286 369 2313; x_wconf 82' lang='lat' dir='ltr'><strong>laborantes.</strong></span> <span class='ocrx_word' id='word_1_516' title='bbox 385 2284 450 2310; x_wconf 90' lang='lat' dir='ltr'><strong>nihil</strong></span> <span class='ocrx_word' id='word_1_517' title='bbox 465 2282 596 2315; x_wconf 77' lang='lat' dir='ltr'><strong>cepimus.</strong></span> <span class='ocrx_word' id='word_1_518' title='bbox 614 2277 660 2307; x_wconf 75' lang='lat' dir='ltr'><strong>sed</strong></span> <span class='ocrx_word' id='word_1_519' title='bbox 684 2281 709 2305; x_wconf 95' lang='lat' dir='ltr'><strong>in</strong></span> <span class='ocrx_word' id='word_1_520' title='bbox 736 2278 819 2305; x_wconf 82' lang='lat' dir='ltr'><strong>verbo</strong></span> <span class='ocrx_word' id='word_1_521' title='bbox 840 2277 1001 2315; x_wconf 77' lang='lat' dir='ltr'><strong>iuo_laxabo</strong></span> 
     </span>
    </p>
   </div>
   <div class='ocr_carea' id='block_1_208' title="bbox 201 2312 1003 2349">
    <p class='ocr_par' dir='ltr' id='par_1_208' title="bbox 201 2312 1003 2349">
     <span class='ocr_line' id='line_1_208' title="bbox 201 2312 1003 2349; baseline -0.014 -1"><span class='ocrx_word' id='word_1_522' title='bbox 201 2312 271 2349; x_wconf 75' lang='lat' dir='ltr'><strong>rete.</strong></span> <span class='ocrx_word' id='word_1_523' title='bbox 291 2321 323 2347; x_wconf 83' lang='lat' dir='ltr'><strong>Et</strong></span> <span class='ocrx_word' id='word_1_524' title='bbox 334 2327 395 2346; x_wconf 88' lang='lat' dir='ltr'><strong>cum</strong></span> <span class='ocrx_word' id='word_1_525' title='bbox 413 2320 463 2345; x_wconf 91' lang='lat' dir='ltr'><strong>hoc</strong></span> <span class='ocrx_word' id='word_1_526' title='bbox 476 2312 603 2344; x_wconf 76' lang='lat' dir='ltr'><strong>fecissent</strong></span> <span class='ocrx_word' id='word_1_527' title='bbox 617 2316 809 2342; x_wconf 84' lang='lat' dir='ltr'><strong>concluserunt</strong></span> <span class='ocrx_word' id='word_1_528' title='bbox 831 2312 944 2347; x_wconf 82' lang='lat' dir='ltr'><strong>piscium</strong></span> <span class='ocrx_word' id='word_1_529' title='bbox 957 2321 1003 2338; x_wconf 88' lang='lat' dir='ltr'><strong>co—</strong></span> 
     </span>
    </p>
   </div>
   <div class='ocr_carea' id='block_1_209' title="bbox 203 2349 1002 2392">
    <p class='ocr_par' dir='ltr' id='par_1_209' title="bbox 203 2349 1002 2392">
     <span class='ocr_line' id='line_1_209' title="bbox 203 2349 1002 2392; baseline -0.014 -9"><span class='ocrx_word' id='word_1_530' title='bbox 203 2358 308 2392; x_wconf 85' lang='lat' dir='ltr'><strong>piosam</strong></span> <span class='ocrx_word' id='word_1_531' title='bbox 328 2354 539 2392; x_wconf 20' lang='lat' dir='ltr'><strong>imullitudinem</strong></span> <span class='ocrx_word' id='word_1_532' title='bbox 555 2373 562 2383; x_wconf 89' lang='lat'><strong>.</strong></span> <span class='ocrx_word' id='word_1_533' title='bbox 589 2351 625 2392; x_wconf 59' lang='lat' dir='ltr'><strong>ita</strong></span> <span class='ocrx_word' id='word_1_534' title='bbox 651 2356 685 2391; x_wconf 43' lang='lat' dir='ltr'><strong>ut.</strong></span> <span class='ocrx_word' id='word_1_535' title='bbox 701 2353 894 2392; x_wconf 70' lang='lat' dir='ltr'><strong>rutnpercntur</strong></span> <span class='ocrx_word' id='word_1_536' title='bbox 919 2349 1002 2374; x_wconf 73' lang='lat' dir='ltr'><strong>retine</strong></span> 
     </span>
    </p>
   </div>
   <div class='ocr_carea' id='block_1_210' title="bbox 203 2384 1001 2421">
    <p class='ocr_par' dir='ltr' id='par_1_210' title="bbox 203 2384 1001 2421">
     <span class='ocr_line' id='line_1_210' title="bbox 203 2384 1001 2421; baseline -0.014 -2"><span class='ocrx_word' id='word_1_537' title='bbox 203 2384 309 2420; x_wconf 66' lang='lat' dir='ltr'><strong>eorum.</strong></span> <span class='ocrx_word' id='word_1_538' title='bbox 327 2391 360 2418; x_wconf 84' lang='lat' dir='ltr'><strong>Et</strong></span> <span class='ocrx_word' id='word_1_539' title='bbox 374 2393 529 2417; x_wconf 76' lang='lat' dir='ltr'><strong>annui-runt</strong></span> <span class='ocrx_word' id='word_1_540' title='bbox 548 2386 631 2414; x_wconf 76' lang='lat' dir='ltr'><strong>sociis</strong></span> <span class='ocrx_word' id='word_1_541' title='bbox 642 2386 687 2421; x_wconf 89' lang='lat' dir='ltr'><strong>qui</strong></span> <span class='ocrx_word' id='word_1_542' title='bbox 701 2390 777 2413; x_wconf 70' lang='lat' dir='ltr'><strong>erant</strong></span> <span class='ocrx_word' id='word_1_543' title='bbox 799 2384 825 2410; x_wconf 88' lang='lat' dir='ltr'><strong>in</strong></span> <span class='ocrx_word' id='word_1_544' title='bbox 845 2384 896 2410; x_wconf 85' lang='lat' dir='ltr'><strong>alia</strong></span> <span class='ocrx_word' id='word_1_545' title='bbox 924 2390 1001 2421; x_wconf 75' lang='lat' dir='ltr'><strong>nave.</strong></span> 
     </span>
    </p>
   </div>
   <div class='ocr_carea' id='block_1_211' title="bbox 204 2418 1006 2460">
    <p class='ocr_par' dir='ltr' id='par_1_211' title="bbox 204 2418 1006 2460">
     <span class='ocr_line' id='line_1_211' title="bbox 204 2418 1006 2460; baseline -0.014 -5"><span class='ocrx_word' id='word_1_546' title='bbox 204 2418 232 2455; x_wconf 77' lang='lat' dir='ltr'><strong>ut</strong></span> <span class='ocrx_word' id='word_1_547' title='bbox 248 2428 374 2455; x_wconf 80' lang='lat' dir='ltr'><strong>venirent</strong></span> <span class='ocrx_word' id='word_1_548' title='bbox 389 2430 416 2453; x_wconf 89' lang='lat' dir='ltr'><strong>ct</strong></span> <span class='ocrx_word' id='word_1_549' title='bbox 426 2425 589 2460; x_wconf 84' lang='lat' dir='ltr'><strong>adjuvareut</strong></span> <span class='ocrx_word' id='word_1_550' title='bbox 606 2418 665 2450; x_wconf 75' lang='lat' dir='ltr'><strong>eos.</strong></span> <span class='ocrx_word' id='word_1_551' title='bbox 684 2426 711 2449; x_wconf 90' lang='lat' dir='ltr'><strong>et</strong></span> <span class='ocrx_word' id='word_1_552' title='bbox 735 2424 878 2448; x_wconf 86' lang='lat' dir='ltr'><strong>venerunt.</strong></span> <span class='ocrx_word' id='word_1_553' title='bbox 901 2423 929 2445; x_wconf 88' lang='lat' dir='ltr'><strong>et</strong></span> <span class='ocrx_word' id='word_1_554' title='bbox 954 2418 1006 2445; x_wconf 89' lang='lat' dir='ltr'><strong>im-</strong></span> 
     </span>
    </p>
   </div>
   <div class='ocr_carea' id='block_1_212' title="bbox 1050 1987 1847 2027">
    <p class='ocr_par' dir='ltr' id='par_1_212' title="bbox 1050 1987 1847 2027">
     <span class='ocr_line' id='line_1_212' title="bbox 1050 1987 1847 2027; baseline -0.009 -7"><span class='ocrx_word' id='word_1_555' title='bbox 1050 1994 1191 2027; x_wconf 85' lang='lat' dir='ltr'><strong>pleverunt</strong></span> <span class='ocrx_word' id='word_1_556' title='bbox 1206 1993 1299 2020; x_wconf 87' lang='lat' dir='ltr'><strong>ambas</strong></span> <span class='ocrx_word' id='word_1_557' title='bbox 1314 1992 1464 2019; x_wconf 80' lang='lat' dir='ltr'><strong>naviculas.</strong></span> <span class='ocrx_word' id='word_1_558' title='bbox 1481 1992 1516 2018; x_wconf 86' lang='lat' dir='ltr'><strong>ita</strong></span> <span class='ocrx_word' id='word_1_559' title='bbox 1531 1996 1559 2017; x_wconf 87' lang='lat' dir='ltr'><strong>ut</strong></span> <span class='ocrx_word' id='word_1_560' title='bbox 1571 1990 1608 2026; x_wconf 77' lang='lat' dir='ltr'><strong>(ri)</strong></span> <span class='ocrx_word' id='word_1_561' title='bbox 1622 1987 1847 2027; x_wconf 67' lang='lat' dir='ltr'><strong>mergere_ntur-l-.</strong></span> 
     </span>
    </p>
   </div>
   <div class='ocr_carea' id='block_1_213' title="bbox 1052 2024 1848 2061">
    <p class='ocr_par' dir='ltr' id='par_1_213' title="bbox 1052 2024 1848 2061">
     <span class='ocr_line' id='line_1_213' title="bbox 1052 2024 1848 2061; baseline -0.009 -6"><span class='ocrx_word' id='word_1_562' title='bbox 1052 2024 1128 2061; x_wconf 70' lang='lat' dir='ltr'><strong>Quod</strong></span> <span class='ocrx_word' id='word_1_563' title='bbox 1148 2037 1209 2055; x_wconf 88' lang='lat' dir='ltr'><strong>cum</strong></span> <span class='ocrx_word' id='word_1_564' title='bbox 1235 2028 1340 2056; x_wconf 80' lang='lat' dir='ltr'><strong>videret</strong></span> <span class='ocrx_word' id='word_1_565' title='bbox 1362 2028 1455 2055; x_wconf 89' lang='lat' dir='ltr'><strong>Simon</strong></span> <span class='ocrx_word' id='word_1_566' title='bbox 1470 2027 1564 2053; x_wconf 80' lang='lat' dir='ltr'><strong>Petrus</strong></span> <span class='ocrx_word' id='word_1_567' title='bbox 1577 2024 1700 2060; x_wconf 79' lang='lat' dir='ltr'><strong>procidit</strong></span> <span class='ocrx_word' id='word_1_568' title='bbox 1716 2024 1747 2049; x_wconf 84' lang='lat' dir='ltr'><strong>ad</strong></span> <span class='ocrx_word' id='word_1_569' title='bbox 1764 2030 1848 2056; x_wconf 78' lang='lat' dir='ltr'><strong>genua</strong></span> 
     </span>
    </p>
   </div>
   <div class='ocr_carea' id='block_1_214' title="bbox 1051 2062 1850 2098">
    <p class='ocr_par' dir='ltr' id='par_1_214' title="bbox 1051 2062 1850 2098">
     <span class='ocr_line' id='line_1_214' title="bbox 1051 2062 1850 2098; baseline -0.01 -6"><span class='ocrx_word' id='word_1_570' title='bbox 1051 2064 1114 2092; x_wconf 85' lang='lat' dir='ltr'><strong>Jesu</strong></span> <span class='ocrx_word' id='word_1_571' title='bbox 1130 2065 1233 2091; x_wconf 90' lang='lat' dir='ltr'><strong>dicens.</strong></span> <span class='ocrx_word' id='word_1_572' title='bbox 1248 2064 1324 2098; x_wconf 66' lang='lat' dir='ltr'><strong>Rogo</strong></span> <span class='ocrx_word' id='word_1_573' title='bbox 1345 2069 1371 2091; x_wconf 91' lang='lat' dir='ltr'><strong>te</strong></span> <span class='ocrx_word' id='word_1_574' title='bbox 1382 2065 1423 2090; x_wconf 76' lang='lat' dir='ltr'><strong>exi</strong></span> <span class='ocrx_word' id='word_1_575' title='bbox 1436 2070 1451 2089; x_wconf 87' lang='lat' dir='ltr'><strong>a</strong></span> <span class='ocrx_word' id='word_1_576' title='bbox 1466 2071 1519 2088; x_wconf 74' lang='lat' dir='ltr'><strong>llit‘.</strong></span> <span class='ocrx_word' id='word_1_577' title='bbox 1537 2062 1596 2095; x_wconf 72' lang='lat' dir='ltr'><strong>quin</strong></span> <span class='ocrx_word' id='word_1_578' title='bbox 1623 2062 1701 2086; x_wconf 75' lang='lat' dir='ltr'><strong>llUlllU</strong></span> <span class='ocrx_word' id='word_1_579' title='bbox 1724 2062 1850 2093; x_wconf 81' lang='lat' dir='ltr'><strong>peccator</strong></span> 
     </span>
    </p>
   </div>
   <div class='ocr_carea' id='block_1_215' title="bbox 1052 2097 1850 2128">
    <p class='ocr_par' dir='ltr' id='par_1_215' title="bbox 1052 2097 1850 2128">
     <span class='ocr_line' id='line_1_215' title="bbox 1052 2097 1850 2128; baseline -0.01 -2"><span class='ocrx_word' id='word_1_580' title='bbox 1052 2108 1110 2126; x_wconf 86' lang='lat' dir='ltr'><strong>sum</strong></span> <span class='ocrx_word' id='word_1_581' title='bbox 1130 2100 1245 2128; x_wconf 82' lang='lat' dir='ltr'><strong>Domine</strong></span> <span class='ocrx_word' id='word_1_582' title='bbox 1268 2097 1355 2126; x_wconf 75' lang='lat' dir='ltr'><strong>Pavor</strong></span> <span class='ocrx_word' id='word_1_583' title='bbox 1373 2100 1444 2126; x_wconf 82' lang='lat' dir='ltr'><strong>enim</strong></span> <span class='ocrx_word' id='word_1_584' title='bbox 1465 2097 1602 2124; x_wconf 78' lang='lat' dir='ltr'><strong>detinebat</strong></span> <span class='ocrx_word' id='word_1_585' title='bbox 1625 2104 1685 2121; x_wconf 87' lang='lat' dir='ltr'><strong>eum</strong></span> <span class='ocrx_word' id='word_1_586' title='bbox 1706 2100 1732 2121; x_wconf 79' lang='lat' dir='ltr'><strong>et</strong></span> <span class='ocrx_word' id='word_1_587' title='bbox 1757 2101 1850 2120; x_wconf 87' lang='lat' dir='ltr'><strong>omnes</strong></span> 
     </span>
    </p>
   </div>
   <div class='ocr_carea' id='block_1_216' title="bbox 1053 2133 1851 2170">
    <p class='ocr_par' dir='ltr' id='par_1_216' title="bbox 1053 2133 1851 2170">
     <span class='ocr_line' id='line_1_216' title="bbox 1053 2133 1851 2170; baseline -0.006 -10"><span class='ocrx_word' id='word_1_588' title='bbox 1053 2136 1097 2170; x_wconf 87' lang='lat' dir='ltr'><strong>qui</strong></span> <span class='ocrx_word' id='word_1_589' title='bbox 1110 2144 1170 2162; x_wconf 87' lang='lat' dir='ltr'><strong>Cum</strong></span> <span class='ocrx_word' id='word_1_590' title='bbox 1186 2136 1231 2162; x_wconf 89' lang='lat' dir='ltr'><strong>illo</strong></span> <span class='ocrx_word' id='word_1_591' title='bbox 1255 2140 1332 2162; x_wconf 85' lang='lat' dir='ltr'><strong>erant</strong></span> <span class='ocrx_word' id='word_1_592' title='bbox 1347 2134 1373 2161; x_wconf 79' lang='lat' dir='ltr'><strong>hi</strong></span> <span class='ocrx_word' id='word_1_593' title='bbox 1389 2139 1500 2170; x_wconf 81' lang='lat' dir='ltr'><strong>captura</strong></span> <span class='ocrx_word' id='word_1_594' title='bbox 1524 2133 1644 2170; x_wconf 63' lang='lat' dir='ltr'><strong>pisciu_m_</strong></span> <span class='ocrx_word' id='word_1_595' title='bbox 1661 2137 1742 2164; x_wconf 83' lang='lat' dir='ltr'><strong>quam</strong></span> <span class='ocrx_word' id='word_1_596' title='bbox 1771 2136 1851 2170; x_wconf 52' lang='lat' dir='ltr'><strong>clepe-</strong></span> 
     </span>
    </p>
   </div>
   <div class='ocr_carea' id='block_1_217' title="bbox 1054 2164 1850 2199">
    <p class='ocr_par' dir='ltr' id='par_1_217' title="bbox 1054 2164 1850 2199">
     <span class='ocr_line' id='line_1_217' title="bbox 1054 2164 1850 2199; baseline -0.009 -2"><span class='ocrx_word' id='word_1_597' title='bbox 1054 2164 1124 2198; x_wconf 68' lang='grc' dir='ltr'><strong>ιῖιιιιι.</strong></span> <span class='ocrx_word' id='word_1_598' title='bbox 1141 2171 1266 2199; x_wconf 82' lang='lat' dir='ltr'><strong>similiter</strong></span> <span class='ocrx_word' id='word_1_599' title='bbox 1288 2174 1375 2196; x_wconf 85' lang='lat' dir='ltr'><strong>autem</strong></span> <span class='ocrx_word' id='word_1_600' title='bbox 1398 2164 1531 2196; x_wconf 75' lang='lat' dir='ltr'><strong>Jacobuui</strong></span> <span class='ocrx_word' id='word_1_601' title='bbox 1553 2172 1582 2194; x_wconf 88' lang='lat' dir='ltr'><strong>et</strong></span> <span class='ocrx_word' id='word_1_602' title='bbox 1602 2166 1754 2193; x_wconf 81' lang='lat' dir='ltr'><strong>Joliannem</strong></span> <span class='ocrx_word' id='word_1_603' title='bbox 1780 2164 1850 2191; x_wconf 84' lang='lat' dir='ltr'><strong>ﬁlios</strong></span> 
     </span>
    </p>
   </div>
   <div class='ocr_carea' id='block_1_218' title="bbox 1053 2203 1546 2240">
    <p class='ocr_par' dir='ltr' id='par_1_218' title="bbox 1053 2203 1546 2240">
     <span class='ocr_line' id='line_1_218' title="bbox 1053 2203 1546 2240; baseline -0.01 -7"><span class='ocrx_word' id='word_1_604' title='bbox 1053 2207 1180 2233; x_wconf 87' lang='lat' dir='ltr'><strong>Zehcdei.</strong></span> <span class='ocrx_word' id='word_1_605' title='bbox 1192 2207 1236 2240; x_wconf 90' lang='lat' dir='ltr'><strong>qui</strong></span> <span class='ocrx_word' id='word_1_606' title='bbox 1248 2209 1325 2232; x_wconf 83' lang='lat' dir='ltr'><strong>erant</strong></span> <span class='ocrx_word' id='word_1_607' title='bbox 1338 2206 1404 2231; x_wconf 76' lang='lat' dir='ltr'><strong>socii</strong></span> <span class='ocrx_word' id='word_1_608' title='bbox 1416 2203 1546 2240; x_wconf 75' lang='lat' dir='ltr'><strong>Simonis.</strong></span> 
     </span>
    </p>
   </div>
   <div class='ocr_carea' id='block_1_219' title="bbox 1090 2234 1849 2270">
    <p class='ocr_par' dir='ltr' id='par_1_219' title="bbox 1090 2234 1849 2270">
     <span class='ocr_line' id='line_1_219' title="bbox 1090 2234 1849 2270; baseline -0.013 0"><span class='ocrx_word' id='word_1_609' title='bbox 1090 2243 1122 2270; x_wconf 87' lang='lat' dir='ltr'><strong>Et</strong></span> <span class='ocrx_word' id='word_1_610' title='bbox 1135 2243 1171 2268; x_wconf 80' lang='lat' dir='ltr'><strong>ait</strong></span> <span class='ocrx_word' id='word_1_611' title='bbox 1187 2234 1220 2268; x_wconf 77' lang='lat' dir='ltr'><strong>ad</strong></span> <span class='ocrx_word' id='word_1_612' title='bbox 1236 2242 1373 2268; x_wconf 85' lang='lat' dir='ltr'><strong>Simonem</strong></span> <span class='ocrx_word' id='word_1_613' title='bbox 1388 2241 1477 2267; x_wconf 82' lang='lat' dir='ltr'><strong>Jesus.</strong></span> <span class='ocrx_word' id='word_1_614' title='bbox 1493 2239 1551 2265; x_wconf 85' lang='lat' dir='ltr'><strong>Noli</strong></span> <span class='ocrx_word' id='word_1_615' title='bbox 1566 2237 1672 2264; x_wconf 89' lang='lat' dir='ltr'><strong>timere.</strong></span> <span class='ocrx_word' id='word_1_616' title='bbox 1684 2235 1783 2270; x_wconf 79' lang='lat' dir='ltr'><strong>ex_hoc</strong></span> <span class='ocrx_word' id='word_1_617' title='bbox 1793 2234 1849 2270; x_wconf 83' lang='lat' dir='ltr'><strong>jam</strong></span> 
     </span>
    </p>
   </div>
   <div class='ocr_carea' id='block_1_220' title="bbox 1054 2278 1430 2310">
    <p class='ocr_par' dir='ltr' id='par_1_220' title="bbox 1054 2278 1430 2310">
     <span class='ocr_line' id='line_1_220' title="bbox 1054 2278 1430 2310; baseline -0.008 -6"><span class='ocrx_word' id='word_1_618' title='bbox 1054 2278 1193 2304; x_wconf 86' lang='lat' dir='ltr'><strong>hominum</strong></span> <span class='ocrx_word' id='word_1_619' title='bbox 1207 2278 1284 2304; x_wconf 88' lang='lat' dir='ltr'><strong>eritis</strong></span> <span class='ocrx_word' id='word_1_620' title='bbox 1297 2280 1430 2310; x_wconf 81' lang='lat' dir='ltr'><strong>captores.</strong></span> 
     </span>
    </p>
   </div>
   <div class='ocr_carea' id='block_1_221' title="bbox 1094 2304 1851 2339">
    <p class='ocr_par' dir='ltr' id='par_1_221' title="bbox 1094 2304 1851 2339">
     <span class='ocr_line' id='line_1_221' title="bbox 1094 2304 1851 2339; baseline -0.012 0"><span class='ocrx_word' id='word_1_621' title='bbox 1094 2313 1126 2339; x_wconf 84' lang='lat' dir='ltr'><strong>Et</strong></span> <span class='ocrx_word' id='word_1_622' title='bbox 1138 2312 1277 2339; x_wconf 67' lang='lat' dir='ltr'><strong>subductis</strong></span> <span class='ocrx_word' id='word_1_623' title='bbox 1292 2304 1446 2338; x_wconf 57' lang='lat' dir='ltr'><strong>ad&#39;terram</strong></span> <span class='ocrx_word' id='word_1_624' title='bbox 1463 2309 1577 2337; x_wconf 84' lang='lat' dir='ltr'><strong>navibus</strong></span> <span class='ocrx_word' id='word_1_625' title='bbox 1598 2308 1701 2336; x_wconf 89' lang='lat' dir='ltr'><strong>relictis</strong></span> <span class='ocrx_word' id='word_1_626' title='bbox 1725 2304 1851 2334; x_wconf 84' lang='lat' dir='ltr'><strong>omnibus</strong></span> 
     </span>
    </p>
   </div>
   <div class='ocr_carea' id='block_1_222' title="bbox 1055 2350 1304 2375">
    <p class='ocr_par' dir='ltr' id='par_1_222' title="bbox 1055 2350 1304 2375">
     <span class='ocr_line' id='line_1_222' title="bbox 1055 2350 1304 2375; baseline -0.004 -1"><span class='ocrx_word' id='word_1_627' title='bbox 1055 2350 1141 2375; x_wconf 75' lang='lat' dir='ltr'><strong>secuti</strong></span> <span class='ocrx_word' id='word_1_628' title='bbox 1156 2354 1217 2374; x_wconf 87' lang='lat' dir='ltr'><strong>sunt</strong></span> <span class='ocrx_word' id='word_1_629' title='bbox 1231 2355 1304 2374; x_wconf 89' lang='lat' dir='ltr'><strong>eum.</strong></span> 
     </span>
    </p>
   </div>
   <div class='ocr_carea' id='block_1_223' title="bbox 1092 2383 1293 2410">
    <p class='ocr_par' dir='ltr' id='par_1_223' title="bbox 1092 2383 1293 2410">
     <span class='ocr_line' id='line_1_223' title="bbox 1092 2383 1293 2410; baseline -0.005 0"><span class='ocrx_word' id='word_1_630' title='bbox 1092 2384 1125 2410; x_wconf 84' lang='lat' dir='ltr'><strong>Et</strong></span> <span class='ocrx_word' id='word_1_631' title='bbox 1140 2383 1240 2410; x_wconf 79' lang='lat' dir='ltr'><strong>factum</strong></span> <span class='ocrx_word' id='word_1_632' title='bbox 1250 2386 1293 2410; x_wconf 87' lang='lat' dir='ltr'><strong>est.</strong></span> 
     </span>
    </p>
   </div>
   <div class='ocr_carea' id='block_1_224' title="bbox 849 2472 1215 2503">
    <p class='ocr_par' dir='ltr' id='par_1_224' title="bbox 849 2472 1215 2503">
     <span class='ocr_line' id='line_1_224' title="bbox 849 2472 1215 2503; baseline -0.008 0"><span class='ocrx_word' id='word_1_633' title='bbox 849 2474 966 2503; x_wconf 83' lang='lat' dir='ltr'><strong>CUDEX</strong></span> <span class='ocrx_word' id='word_1_634' title='bbox 978 2472 1215 2502; x_wconf 82' lang='lat' dir='ltr'><strong>CORBEIENSIS.</strong></span> 
     </span>
    </p>
   </div>
   <div class='ocr_carea' id='block_1_225' title="bbox 239 2529 866 2562">
    <p class='ocr_par' dir='ltr' id='par_1_225' title="bbox 239 2529 866 2562">
     <span class='ocr_line' id='line_1_225' title="bbox 239 2529 866 2562; baseline -0.021 0"><span class='ocrx_word' id='word_1_635' title='bbox 239 2534 306 2562; x_wconf 77' lang='lat' dir='ltr'><strong>CAP.</strong></span> <span class='ocrx_word' id='word_1_636' title='bbox 322 2532 356 2559; x_wconf 85' lang='lat' dir='ltr'><strong>V.</strong></span> <span class='ocrx_word' id='word_1_637' title='bbox 368 2546 403 2551; x_wconf 89' lang='lat'><strong>—</strong></span> <span class='ocrx_word' id='word_1_638' title='bbox 414 2531 442 2558; x_wconf 77' lang='lat'><strong>2.</strong></span> <span class='ocrx_word' id='word_1_639' title='bbox 459 2535 542 2557; x_wconf 88' lang='lat' dir='ltr'><strong>naves</strong></span> <span class='ocrx_word' id='word_1_640' title='bbox 555 2532 628 2555; x_wconf 88' lang='lat' dir='ltr'><strong>stare</strong></span> <span class='ocrx_word' id='word_1_641' title='bbox 639 2532 719 2554; x_wconf 87' lang='lat' dir='ltr'><strong>secus</strong></span> <span class='ocrx_word' id='word_1_642' title='bbox 730 2529 866 2562; x_wconf 73' lang='lat' dir='ltr'><strong>stagnum.</strong></span> 
     </span>
    </p>
   </div>
   <div class='ocr_carea' id='block_1_226' title="bbox 241 2558 1000 2603">
    <p class='ocr_par' dir='ltr' id='par_1_226' title="bbox 241 2558 1000 2603">
     <span class='ocr_line' id='line_1_226' title="bbox 241 2558 1000 2603; baseline -0.017 -6"><span class='ocrx_word' id='word_1_643' title='bbox 241 2558 392 2603; x_wconf 44' lang='lat' dir='ltr'><strong>inrogant</strong></span> <span class='ocrx_word' id='word_1_644' title='bbox 405 2574 466 2594; x_wconf 90' lang='lat' dir='ltr'><strong>eum</strong></span> <span class='ocrx_word' id='word_1_645' title='bbox 482 2565 492 2580; x_wconf 77' lang='grc'><strong><em>⁵</em></strong></span> <span class='ocrx_word' id='word_1_646' title='bbox 507 2569 534 2591; x_wconf 83' lang='lat' dir='ltr'><strong>ut</strong></span> <span class='ocrx_word' id='word_1_647' title='bbox 548 2564 660 2603; x_wconf 81' lang='lat' dir='ltr'><strong>duceret</strong></span> <span class='ocrx_word' id='word_1_648' title='bbox 671 2570 685 2589; x_wconf 91' lang='lat' dir='ltr'><strong>a</strong></span> <span class='ocrx_word' id='word_1_649' title='bbox 702 2558 781 2589; x_wconf 77' lang='lat' dir='ltr'><strong>terra</strong></span> <span class='ocrx_word' id='word_1_650' title='bbox 792 2558 1000 2594; x_wconf 87' lang='lat' dir='ltr'><strong>aliquantulum.</strong></span> 
     </span>
    </p>
   </div>
   <div class='ocr_carea' id='block_1_227' title="bbox 241 2598 633 2636">
    <p class='ocr_par' dir='ltr' id='par_1_227' title="bbox 241 2598 633 2636">
     <span class='ocr_line' id='line_1_227' title="bbox 241 2598 633 2636; baseline -0.02 -3"><span class='ocrx_word' id='word_1_651' title='bbox 241 2607 268 2633; x_wconf 90' lang='lat'><strong>7.</strong></span> <span class='ocrx_word' id='word_1_652' title='bbox 289 2598 350 2632; x_wconf 45' lang='lat' dir='ltr'><strong>ita“</strong></span> <span class='ocrx_word' id='word_1_653' title='bbox 365 2607 394 2630; x_wconf 92' lang='lat' dir='ltr'><strong>ut</strong></span> <span class='ocrx_word' id='word_1_654' title='bbox 405 2598 592 2636; x_wconf 82' lang='lat' dir='ltr'><strong>mergereniur</strong></span> <span class='ocrx_word' id='word_1_655' title='bbox 605 2599 633 2634; x_wconf 62' lang='grc' dir='ltr'><strong>ές.</strong></span> 
     </span>
    </p>
   </div>
   <div class='ocr_carea' id='block_1_228' title="bbox 1096 2513 1790 2550">
    <p class='ocr_par' dir='ltr' id='par_1_228' title="bbox 1096 2513 1790 2550">
     <span class='ocr_line' id='line_1_228' title="bbox 1096 2513 1790 2550; baseline -0.013 -1"><span class='ocrx_word' id='word_1_656' title='bbox 1096 2522 1140 2550; x_wconf 85' lang='lat' dir='ltr'><strong>l0.</strong></span> <span class='ocrx_word' id='word_1_657' title='bbox 1160 2521 1285 2548; x_wconf 87' lang='lat' dir='ltr'><strong>homines</strong></span> <span class='ocrx_word' id='word_1_658' title='bbox 1295 2519 1445 2547; x_wconf 84' lang='lat' dir='ltr'><strong>viviﬁcans.</strong></span> <span class='ocrx_word' id='word_1_659' title='bbox 1459 2516 1556 2544; x_wconf 80' lang='lat' dir='ltr'><strong>recenti</strong></span> <span class='ocrx_word' id='word_1_660' title='bbox 1568 2523 1658 2550; x_wconf 83' lang='lat' dir='ltr'><strong>manu,</strong></span> <span class='ocrx_word' id='word_1_661' title='bbox 1670 2513 1790 2549; x_wconf 84' lang='lat' dir='ltr'><strong>capiens.</strong></span> 
     </span>
    </p>
   </div>
   <div class='ocr_carea' id='block_1_229' title="bbox 1094 2554 1459 2585">
    <p class='ocr_par' dir='ltr' id='par_1_229' title="bbox 1094 2554 1459 2585">
     <span class='ocr_line' id='line_1_229' title="bbox 1094 2554 1459 2585; baseline -0.016 1"><span class='ocrx_word' id='word_1_662' title='bbox 1094 2559 1139 2585; x_wconf 78' lang='lat' dir='ltr'><strong>ll.</strong></span> <span class='ocrx_word' id='word_1_663' title='bbox 1159 2557 1193 2585; x_wconf 87' lang='lat' dir='ltr'><strong>ad</strong></span> <span class='ocrx_word' id='word_1_664' title='bbox 1208 2561 1308 2584; x_wconf 84' lang='lat' dir='ltr'><strong>terram</strong></span> <span class='ocrx_word' id='word_1_665' title='bbox 1320 2554 1459 2582; x_wconf 85' lang='lat' dir='ltr'><strong>naviculis.</strong></span> 
     </span>
    </p>
   </div>
   <div class='ocr_carea' id='block_1_230' title="bbox 832 2635 1248 2670">
    <p class='ocr_par' dir='ltr' id='par_1_230' title="bbox 832 2635 1248 2670">
     <span class='ocr_line' id='line_1_230' title="bbox 832 2635 1248 2670; baseline -0.019 0"><span class='ocrx_word' id='word_1_666' title='bbox 832 2639 1032 2670; x_wconf 79' lang='lat' dir='ltr'><strong>VARIANTES</strong></span> <span class='ocrx_word' id='word_1_667' title='bbox 1046 2635 1248 2666; x_wconf 83' lang='lat' dir='ltr'><strong>LECTIONES.</strong></span> 
     </span>
    </p>
   </div>
   <div class='ocr_carea' id='block_1_231' title="bbox 239 2694 698 2726">
    <p class='ocr_par' dir='ltr' id='par_1_231' title="bbox 239 2694 698 2726">
     <span class='ocr_line' id='line_1_231' title="bbox 239 2694 698 2726; baseline -0.017 0"><span class='ocrx_word' id='word_1_668' title='bbox 239 2703 247 2717; x_wconf 88' lang='grc'>¹</span> <span class='ocrx_word' id='word_1_669' title='bbox 267 2701 320 2725; x_wconf 82' lang='lat' dir='ltr'><strong>Gut.</strong></span> <span class='ocrx_word' id='word_1_670' title='bbox 332 2700 396 2725; x_wconf 85' lang='lat' dir='ltr'><strong>retia</strong></span> <span class='ocrx_word' id='word_1_671' title='bbox 408 2699 432 2722; x_wconf 92' lang='lat' dir='ltr'><strong>in</strong></span> <span class='ocrx_word' id='word_1_672' title='bbox 444 2703 521 2722; x_wconf 87' lang='lat' dir='ltr'><strong>mare.</strong></span> <span class='ocrx_word' id='word_1_673' title='bbox 538 2694 612 2726; x_wconf 73' lang='lat' dir='ltr'><strong>Vulg.</strong></span> <span class='ocrx_word' id='word_1_674' title='bbox 626 2695 698 2719; x_wconf 87' lang='lat' dir='ltr'><strong>retia.</strong></span> 
     </span>
    </p>
   </div>
   <div class='ocr_carea' id='block_1_232' title="bbox 238 2728 654 2759">
    <p class='ocr_par' dir='ltr' id='par_1_232' title="bbox 238 2728 654 2759">
     <span class='ocr_line' id='line_1_232' title="bbox 238 2728 654 2759; baseline -0.017 -3"><span class='ocrx_word' id='word_1_675' title='bbox 238 2734 249 2747; x_wconf 81' lang='grc'>²</span> <span class='ocrx_word' id='word_1_676' title='bbox 269 2732 320 2756; x_wconf 81' lang='lat' dir='ltr'><strong>Gal.</strong></span> <span class='ocrx_word' id='word_1_677' title='bbox 334 2731 457 2755; x_wconf 80' lang='lat' dir='ltr'><strong>relaxate.</strong></span> <span class='ocrx_word' id='word_1_678' title='bbox 475 2728 547 2759; x_wconf 83' lang='lat' dir='ltr'><strong>Vulg.</strong></span> <span class='ocrx_word' id='word_1_679' title='bbox 560 2728 654 2751; x_wconf 85' lang='lat' dir='ltr'><strong>laxate.</strong></span> 
     </span>
    </p>
   </div>
   <div class='ocr_carea' id='block_1_233' title="bbox 238 2754 1007 2790">
    <p class='ocr_par' dir='ltr' id='par_1_233' title="bbox 238 2754 1007 2790">
     <span class='ocr_line' id='line_1_233' title="bbox 238 2754 1007 2790; baseline -0.013 -2"><span class='ocrx_word' id='word_1_680' title='bbox 238 2765 248 2780; x_wconf 87' lang='grc'><em>³</em></span> <span class='ocrx_word' id='word_1_681' title='bbox 267 2754 320 2788; x_wconf 48' lang='lat' dir='ltr'><strong>(lat.</strong></span> <span class='ocrx_word' id='word_1_682' title='bbox 332 2754 503 2787; x_wconf 12' lang='lat' dir='ltr'><strong>anniuebaut...</strong></span> <span class='ocrx_word' id='word_1_683' title='bbox 515 2754 542 2785; x_wconf 75' lang='lat' dir='ltr'><strong>u&#39;t</strong></span> <span class='ocrx_word' id='word_1_684' title='bbox 553 2758 735 2790; x_wconf 76' lang='lat' dir='ltr'><strong>mergereutur.</strong></span> <span class='ocrx_word' id='word_1_685' title='bbox 748 2754 821 2787; x_wconf 83' lang='lat' dir='ltr'><strong>Vulg.</strong></span> <span class='ocrx_word' id='word_1_686' title='bbox 835 2754 1007 2779; x_wconf 80' lang='lat' dir='ltr'><strong>annuerant...</strong></span> 
     </span>
    </p>
   </div>
   <div class='ocr_carea' id='block_1_234' title="bbox 207 2795 508 2827">
    <p class='ocr_par' dir='ltr' id='par_1_234' title="bbox 207 2795 508 2827">
     <span class='ocr_line' id='line_1_234' title="bbox 207 2795 508 2827; baseline -0.017 -6"><span class='ocrx_word' id='word_1_687' title='bbox 207 2799 235 2824; x_wconf 91' lang='lat' dir='ltr'><strong>ut</strong></span> <span class='ocrx_word' id='word_1_688' title='bbox 247 2801 313 2827; x_wconf 84' lang='lat' dir='ltr'><strong>pene</strong></span> <span class='ocrx_word' id='word_1_689' title='bbox 325 2795 508 2825; x_wconf 80' lang='lat' dir='ltr'><strong>mergereutur.</strong></span> 
     </span>
    </p>
   </div>
   <div class='ocr_carea' id='block_1_235' title="bbox 1090 2678 1647 2712">
    <p class='ocr_par' dir='ltr' id='par_1_235' title="bbox 1090 2678 1647 2712">
     <span class='ocr_line' id='line_1_235' title="bbox 1090 2678 1647 2712; baseline -0.013 -2"><span class='ocrx_word' id='word_1_690' title='bbox 1090 2685 1101 2701; x_wconf 65' lang='grc'><strong>³</strong></span> <span class='ocrx_word' id='word_1_691' title='bbox 1120 2685 1172 2709; x_wconf 79' lang='lat' dir='ltr'><strong>Gal.</strong></span> <span class='ocrx_word' id='word_1_692' title='bbox 1186 2682 1268 2708; x_wconf 85' lang='lat' dir='ltr'><strong>Nolite</strong></span> <span class='ocrx_word' id='word_1_693' title='bbox 1280 2682 1380 2707; x_wconf 84' lang='lat' dir='ltr'><strong>limere.</strong></span> <span class='ocrx_word' id='word_1_694' title='bbox 1396 2678 1470 2712; x_wconf 82' lang='lat' dir='ltr'><strong>Vulg.</strong></span> <span class='ocrx_word' id='word_1_695' title='bbox 1482 2678 1536 2704; x_wconf 84' lang='lat' dir='ltr'><strong>Noli</strong></span> <span class='ocrx_word' id='word_1_696' title='bbox 1549 2680 1647 2704; x_wconf 82' lang='lat' dir='ltr'><strong>timere.</strong></span> 
     </span>
    </p>
   </div>
   <div class='ocr_carea' id='block_1_236' title="bbox 1091 2712 1567 2745">
    <p class='ocr_par' dir='ltr' id='par_1_236' title="bbox 1091 2712 1567 2745">
     <span class='ocr_line' id='line_1_236' title="bbox 1091 2712 1567 2745; baseline -0.011 -5"><span class='ocrx_word' id='word_1_697' title='bbox 1091 2717 1101 2732; x_wconf 80' lang='grc'><strong><em>⁸</em></strong></span> <span class='ocrx_word' id='word_1_698' title='bbox 1119 2716 1172 2740; x_wconf 83' lang='lat' dir='ltr'><strong>Gut.</strong></span> <span class='ocrx_word' id='word_1_699' title='bbox 1186 2714 1279 2738; x_wconf 87' lang='lat' dir='ltr'><strong>ducere</strong></span> <span class='ocrx_word' id='word_1_700' title='bbox 1292 2712 1412 2745; x_wconf 87' lang='lat' dir='ltr'><strong>pusillum.</strong></span> <span class='ocrx_word' id='word_1_701' title='bbox 1564 2720 1567 2723; x_wconf 90' lang='grc'><strong>·</strong></span> 
     </span>
    </p>
   </div>
   <div class='ocr_carea' id='block_1_237' title="bbox 1090 2745 1254 2773">
    <p class='ocr_par' dir='ltr' id='par_1_237' title="bbox 1090 2745 1254 2773">
     <span class='ocr_line' id='line_1_237' title="bbox 1090 2745 1254 2773; baseline -0.024 0"><span class='ocrx_word' id='word_1_702' title='bbox 1090 2748 1100 2764; x_wconf 71' lang='grc'>⁸</span> <span class='ocrx_word' id='word_1_703' title='bbox 1118 2748 1147 2773; x_wconf 83' lang='lat' dir='ltr'><strong>Et</strong></span> <span class='ocrx_word' id='word_1_704' title='bbox 1157 2745 1191 2772; x_wconf 73' lang='lat' dir='ltr'><strong>ita</strong></span> <span class='ocrx_word' id='word_1_705' title='bbox 1201 2745 1254 2771; x_wconf 77' lang='lat' dir='ltr'><strong>Gal.</strong></span> 
     </span>
    </p>
   </div>
   <div class='ocr_carea' id='block_1_238' title="bbox 877 2823 1196 2856">
    <p class='ocr_par' dir='ltr' id='par_1_238' title="bbox 877 2823 1196 2856">
     <span class='ocr_line' id='line_1_238' title="bbox 877 2823 1196 2856; baseline -0.016 0"><span class='ocrx_word' id='word_1_706' title='bbox 877 2825 1062 2856; x_wconf 81' lang='lat' dir='ltr'><strong>BLANCHINI</strong></span> <span class='ocrx_word' id='word_1_707' title='bbox 1081 2823 1196 2853; x_wconf 64' lang='lat' dir='ltr'><strong>NOTIE.</strong></span> 
     </span>
    </p>
   </div>
   <div class='ocr_carea' id='block_1_239' title="bbox 246 2860 1856 2920">
    <p class='ocr_par' dir='ltr' id='par_1_239' title="bbox 246 2860 1856 2920">
     <span class='ocr_line' id='line_1_239' title="bbox 246 2860 1856 2920; baseline -0.014 -9"><span class='ocrx_word' id='word_1_708' title='bbox 246 2876 284 2920; x_wconf 69' lang='lat' dir='ltr'><strong>la)</strong></span> <span class='ocrx_word' id='word_1_709' title='bbox 301 2870 371 2912; x_wconf 81' lang='lat' dir='ltr'><strong>Ante</strong></span> <span class='ocrx_word' id='word_1_710' title='bbox 388 2886 573 2917; x_wconf 59' lang='lat' dir='ltr'><strong>memorentur,</strong></span> <span class='ocrx_word' id='word_1_711' title='bbox 587 2878 662 2908; x_wconf 78' lang='lat' dir='ltr'><strong>deest</strong></span> <span class='ocrx_word' id='word_1_712' title='bbox 685 2885 758 2913; x_wconf 75' lang='lat' dir='ltr'><strong>pene,</strong></span> <span class='ocrx_word' id='word_1_713' title='bbox 770 2876 888 2906; x_wconf 82' lang='lat' dir='ltr'><strong>etiamin</strong></span> <span class='ocrx_word' id='word_1_714' title='bbox 902 2880 966 2904; x_wconf 75' lang='lat' dir='ltr'><strong>text.</strong></span> <span class='ocrx_word' id='word_1_715' title='bbox 979 2875 1026 2903; x_wconf 85' lang='lat' dir='ltr'><strong>Gr.</strong></span> <span class='ocrx_word' id='word_1_716' title='bbox 1037 2887 1074 2894; x_wconf 82' lang='lat'><strong>——-</strong></span> <span class='ocrx_word' id='word_1_717' title='bbox 1088 2872 1125 2908; x_wconf 73' lang='grc' dir='ltr'><strong>(ὁ)</strong></span> <span class='ocrx_word' id='word_1_718' title='bbox 1140 2872 1204 2900; x_wconf 86' lang='lat' dir='ltr'><strong>Post</strong></span> <span class='ocrx_word' id='word_1_719' title='bbox 1218 2869 1319 2906; x_wconf 79' lang='lat' dir='ltr'><strong>Simon,</strong></span> <span class='ocrx_word' id='word_1_720' title='bbox 1333 2867 1409 2895; x_wconf 85' lang='lat' dir='ltr'><strong>deest</strong></span> <span class='ocrx_word' id='word_1_721' title='bbox 1423 2864 1526 2898; x_wconf 78' lang='lat' dir='ltr'><strong>Petrus,</strong></span> <span class='ocrx_word' id='word_1_722' title='bbox 1542 2863 1568 2891; x_wconf 90' lang='lat' dir='ltr'><strong>in</strong></span> <span class='ocrx_word' id='word_1_723' title='bbox 1585 2861 1645 2890; x_wconf 88' lang='lat' dir='ltr'><strong>cod.</strong></span> <span class='ocrx_word' id='word_1_724' title='bbox 1661 2869 1767 2898; x_wconf 83' lang='lat' dir='ltr'><strong>quoque</strong></span> <span class='ocrx_word' id='word_1_725' title='bbox 1780 2860 1856 2890; x_wconf 74' lang='lat' dir='ltr'><strong>Cant.</strong></span> 
     </span>
    </p>
   </div>
  </div>
