4042 6192
343 206 447 262 559

733 320 966 381 CODEX
1003 320 1547 378 VERCELLENSIS.

340 415 469 472 dum
496 422 644 471 esset
1173 429 1316 477 rum,
1346 422 1402 468 et
1426 414 1541 481 ipse

342 488 462 557 ipse
492 487 545 541 in
577 501 683 542 una
1177 483 1251 556 (b)
1282 492 1402 540 erat
1424 484 1465 555 -ί-
1490 483 1715 541 docens.

347 557 665 624 civitatium,
1176 557 1245 611 Et
1273 571 1335 611 er
1374 591 1390 609 .
1432 592 1449 609 .
1493 594 1508 609 .
1553 596 1568 609 .
1610 596 1625 611 .
1669 570 1731 610 a-

346 638 402 685 et
428 643 556 684 ecce
582 627 663 683 vir
1175 629 1317 684 risae
1350 666 1364 679 .
1410 664 1425 680 .
1470 666 1485 680 .
1531 668 1546 682 .
1591 666 1604 682 .
1646 643 1741 684 en-

344 700 649 772 pleuusle-
1176 707 1229 772 te
1271 739 1284 751 .
1332 741 1346 753 .
1391 738 1405 752 .
1453 738 1466 752 .
1633 740 1645 755 .
1692 739 1707 753 .

348 768 466 841 pra,
496 780 550 825 et
579 771 692 841 ipse
1176 768 1446 835 doctores,
1479 768 1571 841 qui

348 852 651 912 prostratus
1178 851 1504 896 convenerat

348 914 405 968 in
429 913 640 980 facient,
674 928 794 970 ora-

348 985 441 1039 bat
466 984 641 1048 illum,
669 984 755 1039 di-

348 1071 476 1111 cens
500 1073 513 1109 :
545 1055 752 1124 Quoni-

351 1142 460 1188 am.
487 1129 530 1179 si
557 1129 659 1190 vis,
688 1141 787 1196 po-

353 1208 436 1253 tes
462 1212 547 1252 me
568 1212 726 1253 mun-

352 1269 505 1324 dare.
758 1326 767 1333 τ

354 1341 442 1394 15.
477 1340 540 1394 Et
568 1339 872 1397 extendens

354 1426 595 1477 manum,
630 1419 709 1467 te-

1179 926 1248 967 ex
1274 913 1420 967 omni
1452 928 1569 967 mu-

1179 982 1379 1053 nicipio
1404 982 1550 1038 Gali-

1184 1054 1321 1119 leae,
1354 1065 1408 1109 et
1436 1054 1505 1109 de
1532 1054 1657 1122 «ωε-ζ

1182 1125 1336 1192 daea,
1361 1135 1414 1181 et
1435 1126 1623 1181 Hieru-

1182 1197 1349 1251 salem
1378 1215 1391 1251 :
1416 1207 1470 1251 et
1495 1197 1603 1251 vir-

1186 1275 1274 1322 tus
1305 1277 1423 1323 erat
1450 1268 1663 1325 Domini

1186 1339 1253 1393 ad
1281 1354 1478 1395 sanan-

1186 1410 1313 1464 dum
1342 1426 1456 1467 eos.

356 1482 473 1550 tigit
501 1482 673 1550 illum,
1189 1480 1277 1536 18.
1316 1482 1380 1536 Et
1410 1497 1536 1539 ecce
1563 1483 1663 1539 viri

356 1553 543 1608 dicens
567 1570 580 1605 :
621 1554 749 1610 Volo
1188 1551 1496 1608 adferentes

355 1623 637 1679 mundare.
1188 1638 1351 1692 super
1374 1625 1570 1680 lectum

358 1695 426 1750 Et
455 1698 699 1762 protinus
1190 1694 1486 1761 hominem,

358 1766 506 1832 lepra
538 1766 746 1822 disces-
896 1828 899 1831 λ
978 1830 981 1831 ν

363 1836 452 1891 14.
485 1837 556 1891 sit
584 1838 817 1907 abillo;
858 1848 912 1896 et
939 1840 1023 1910 ip-

358 1922 418 1962 se
447 1923 669 1977 praece-

360 1981 438 2048 pit
463 1982 511 2034 ei
538 1982 713 2036 nemi-

362 2052 416 2105 ni
443 2051 686 2107 diceret:

1137 1790 1139 1792 ·
1192 1767 1281 1834 qui
1313 1775 1428 1820 erat
1457 1780 1617 1836 para-

1192 1836 1389 1907 lyticos
1411 1852 1430 1891 :
1459 1849 1514 1892 et
1538 1853 1707 1907 quae-

1192 1906 1494 1963 rebantin-

1196 1982 1339 2037 ferre
1364 1978 1538 2045 illum,

1191 2061 1246 2110 et
1275 2065 1476 2121 ponere
1500 2067 1596 2107 an—

364 2122 457 2176 sed
486 2140 498 2175 :
530 2122 696 2192 Vade,
720 2133 777 2182 et
1194 2137 1247 2180 te
1273 2138 1417 2177 eum.

363 2193 592 2248 ostende
623 2204 674 2251 te
1202 2195 1292 2252 19.
1328 2194 1414 2263 Ει,
1448 2210 1572 2251 cum
1602 2210 1710 2250 non

366 2263 670 2332 Sacerdoti,
1205 2306 1221 2323 .
1268 2307 1280 2321 .
1330 2305 1344 2320 .
1388 2307 1402 2320 .
1450 2305 1464 2320 .
1511 2307 1524 2318 .
1567 2268 1738 2323 issent

369 2345 424 2392 et
450 2335 613 2391 offers
638 2353 735 2408 pro
1208 2379 1220 2393 .
1266 2378 1281 2392 .
1326 2378 1340 2393 .
1387 2378 1399 2392 .
1446 2377 1460 2392 .
1502 2351 1591 2393 er-

368 2408 687 2479 pnrgatiOne
1202 2424 1262 2465 re
1304 2448 1317 2463 .
1364 2449 1377 2462 .
1426 2448 1439 2462 .
1485 2448 1498 2461 .
1544 2447 1559 2464 .
1606 2450 1618 2463 .
1664 2448 1679 2464 .

370 2490 482 2552 tua,
513 2480 655 2552 sicut
686 2496 841 2552 prae—

366 2551 513 2620 cepit
540 2551 773 2623 Moyses,

375 2623 451 2695 (a)
484 2624 637 2695 utsit
664 2626 715 2678 in
746 2634 852 2680 les-

372 2693 654 2747 timonium

375 2766 478 2817 hoc
502 2764 681 2835 vobis.
711 2765 751 2835 ’τ’

374 2834 461 2889 15.
497 2834 873 2906 Divulgabatur

1204 2490 1425 2550 propter
1454 2488 1565 2534 tur-

1203 2553 1351 2615 bam,
1379 2566 1567 2607 ascen-

1206 2623 1403 2679 derunt
1426 2638 1591 2692 super

1210 2704 1437 2775 tectum,
1462 2704 1525 2775 et
1555 2709 1651 2775 per

1214 2765 1421 2833 tegulas
1444 2765 1603 2819 dimi-

1209 2844 1395 2890 serunt
1421 2850 1542 2890 eunt

383 2913 562 2961 autent
592 2905 707 2961 ma-
1209 2921 1331 2961 cum
1361 2905 1530 2960 lectu-

384 2980 477 3047 gis’
495 2977 635 3031 fama
669 2978 738 3033 de
1209 2980 1264 3035 lo
1292 2978 1343 3031 in
1375 2990 1634 3047 conspec-

376 3063 481 3114 eo;
512 3057 566 3102 et
587 3062 785 3104 conve-
1211 3059 1264 3104 tu
1292 3048 1439 3104 Jesu.

1213 3092 1439 3183 Ξοῖῑξίῖ
1454 3096 1571 3172 visa
1596 3092 1704 3175 ﬁde
1731 3118 1795 3174 il-

1214 3192 1418 3254 lorum,
1449 3189 1588 3244 dixit

379 3119 601 3174 niebant
628 3132 741 3177 tur-

376 3191 478 3245 bae
508 3191 712 3247 multae

376 3261 585 3327 audire,
612 3275 666 3319 et
692 3279 788 3321 cu-
1213 3262 1423 3317 homini
1452 3280 1465 3313 :
1499 3259 1606 3316 Re-

373 3334 481 3388 rari
510 3349 539 3386 a
573 3334 691 3389 lan-
1208 3334 1370 3389 missa
1402 3339 1530 3387 sunt

373 3404 632 3474 gnoribus
1211 3406 1305 3459 tibi
1337 3415 1556 3474 peccata

377 3474 466 3529 16.
500 3476 631 3548 suis.
664 3476 785 3548 Ipse
814 3493 911 3534 au-

376 3555 484 3601 tem
512 3547 527 3575 ¹
560 3558 676 3603 erat
691 3547 789 3604 ise-

375 3617 573 3671 cedens
600 3618 654 3673 in

1206 3476 1298 3530 21.
1336 3485 1445 3529 tua.
1478 3474 1543 3528 Et
1560 3486 1753 3544 coepe-

1208 3555 1337 3603 runt
1366 3548 1573 3617 cogita-
1662 3550 1663 3555 ‘

1210 3634 1269 3673 re
1304 3618 1549 3683 Scribae,

376 3687 629 3755 desertis,
659 3696 715 3745 et
1214 3704 1269 3744 et
1298 3688 1597 3753 Pharisaei,

378 3773 563 3813 orans.
1214 3760 1459 3815 dicentes
1487 3778 1499 3813 :
1532 3761 1665 3827 Quis

384 3829 473 3901 17.
509 3829 579 3883 Et
604 3830 803 3901 factum
830 3842 913 3888 est
1214 3845 1319 3897 eSt,
1346 3831 1437 3901 qui
1466 3831 1639 3901 loqui-

386 3900 441 3954 in
471 3915 573 3955 una
605 3900 722 3957 die-
1217 3912 1307 3958 tur
1333 3900 1589 3973 blasphe-

885 198 1529 263 EUSEBILVERCELL.
1570 203 2021 264 EVANGELIUM
2060 205 2202 263 CUM
2247 205 2477 264 VARUS
2505 204 2659 262 COD.
2693 205 3085 265 COLLATUM.

3528 198 3644 262 511)

2482 318 2716 378 CODEX
2750 318 2983 380 VERON
2992 314 3204 380 ENSIS.

2037 422 2143 481 est,
2168 429 2290 469 cum
2872 417 3094 473 docens.
3122 418 3187 472 Et

2038 492 2187 539 esset
2217 488 2268 539 in
2300 499 2407 539 una
2873 499 3030 544 erant
3056 488 3258 545 Phari-‘

2039 555 2358 623 civitatium,
2872 561 2981 615 saei
3007 561 3278 627 sedentes,

2040 641 2167 701 ecce
2196 630 2275 701 vir
2875 640 2931 686 et
2957 631 3187 701 legisdo-

2041 698 2237 781 plenus
2265 699 2339 781 le-
2874 698 3073 765 ctore's,
3101 703 3190 771 qui

2040 784 2133 838 pra
2147 812 2161 833 ,
2190 778 2244 823 et
2272 778 2385 839 ipse
2876 782 3135 828 venerant
3165 789 3228 829 ex

2040 840 2331 910 procidens
2876 846 3023 898 omni
3054 845 3277 901 castello

2042 912 2096 966 in
2129 912 2342 977 facient,

2044 984 2269 1053 rogabat
2295 998 2440 1049 eum,

2045 1054 2230 1109 dicens
2259 1072 2270 1106 :
2304 1054 2413 1108 D0-

2877 915 3169 982 Galilaeae,

2877 995 2934 1042 et
2957 986 3180 1052 Judeae,

2879 1068 2934 1112 et
2960 1058 3294 1114 Hierusalem
3319 1074 3333 1113 :

2880 1137 2935 1183 et
2961 1130 3130 1183 virtus
3151 1138 3267 1184 erat

2880 1198 3090 1255 Domini
3118 1201 3183 1255 ad

2885 1271 3182 1325 sanandum
3213 1286 3326 1327 eos.

2888 1343 2977 1396 18.
3003 1342 3067 1396 Et
3098 1358 3223 1398 ecce
3250 1343 3349 1399 viri

2046 1126 2213 1191 mine,
2246 1125 2290 1178 si
2320 1124 2425 1191 vis,

2047 1206 2203 1267 poles
2234 1211 2320 1251 me

2049 1267 2333 1322 mundare.

2052 1338 2140 1392 15.
2178 1338 2246 1392 Ει
2272 1340 2571 1396 extendens

2052 1424 2294 1483 manum.
2329 1423 2406 1467 te—
2888 1421 3167 1483 portantes
3195 1417 3247 1468 in

2050 1480 2171 1549 tigit
2195 1482 2365 1546 illum,
2890 1480 3030 1539 lecto
3057 1484 3221 1539 homi-

2053 1551 2239 1626 dicens
2269 1570 2282 1606 :
2321 1553 2456 1610 Volo
2892 1570 3035 1621 nem,
3066 1556 3157 1626 qui

2057 1624 2341 1698 mundare.
2369 1695 2378 1698 Α
2894 1639 3010 1682 erat
3039 1624 3294 1698 paralyti-

2059 1694 2127 1768 Et
2154 1694 2439 1750 confestim
2893 1712 2987 1752 cus
3013 1694 3104 1753 :et
3129 1694 3293 1768 quae-

2059 1767 2206 1835 lepra
2231 1767 2347 1835 ejus
2376 1768 2579 1821 disces-

2060 1839 2153 1892 M.
2186 1837 2342 1891 sitab
2372 1838 2505 1903 illo;
2539 1846 2593 1893 et

2062 1909 2177 1977 ipse
2209 1908 2485 1979 praecepit

2063 1980 2138 2035 illi
2165 1980 2369 2034 nemini

2061 2050 2269 2106 diceret
2296 2070 2308 2104 :
2339 2050 2433 2106 sed
2461 2069 2471 2103 :

2065 2122 2234 2187 Vade,
2265 2121 2492 2178 ostende

2068 2204 2121 2247 te
2151 2193 2461 2249 Sacerdoti-

2070 2266 2193 2331 bus,
2215 2272 2271 2318 et
2299 2263 2462 2320 oﬂ‘ers

2893 1769 3081 1823 rebant
3112 1785 3236 1824 eum

2896 1841 3116 1905 inferre,
3149 1848 3204 1894 et

2900 1925 3101 1980 ponere
3128 1921 3256 1967 ante

2900 1997 3045 2037 eunt.

2900 2054 2989 2109 19.
3019 2053 3106 2120 Ει,
3141 2070 3248 2109 non
3276 2055 3424 2111 inve-

2902 2126 3114 2180 nientes
3143 2141 3248 2195 qua

2902 2205 3056 2279 parte
3084 2198 3232 2251 illum

2902 2269 3164 2323 inferrent
3190 2282 3321 2338 prae

2905 2338 3080 2404 turba,
3108 2354 3301 2393 ascen-

2905 2408 3106 2464 derunt
3126 2426 3287 2480 supra

2911 2490 3133 2553 tectum,
3171 2482 3241 2553 (ο)
3268 2490 3322 2535 et

2907 2550 3357 2621 disc0peruerunt

2910 2630 3110 2677 teetum
3134 2623 3197 2694 1-,
3228 2632 3284 2677 et

2910 2696 3299 2749 summiserant

2908 2765 3058 2819 illum
3087 2782 3208 2820 cum

2909 2834 3051 2890 lecto
3081 2838 3133 2891 in
3163 2852 3276 2892 me-

2072 2350 2269 2392 munus
2303 2350 2403 2405 pro

2072 2407 2458 2463 emundatione

2074 2489 2187 2546 tua,
2219 2480 2357 2533 sicut
2383 2492 2541 2548 prae—

2074 2551 2219 2619 cepit
2251 2550 2459 2620 Moyses
2485 2587 2520 2603 ..
2535 2591 2543 2601 .
2558 2588 2571 2601 .

2075 2622 2150 2695 (a)
2184 2630 2242 2676 ut
2264 2620 2334 2674 sit
2364 2622 2415 2675 in
2447 2630 2527 2675 te“-

2072 2694 2387 2748 stitnonium
2511 2704 2608 2746 vo-

2072 2763 2243 2889 iiii»:

2074 2835 2161 2889 15.
2196 2832 2613 2889 Perambulabat

2073 2918 2251 2959 autem
2284 2919 2398 2958 ma-
2909 2906 2998 2960 dio
3024 2917 3150 2962 ante

2075 2978 2157 3046 gis
2183 2988 2364 3030 sermo
2392 2974 2461 3031 de
2912 2975 3003 3032 20.
3032 2978 3238 3034 .lesum.
3273 2977 3417 3048 Quo-

2078 3049 2192 3109 illo,
2224 3057 2279 3099 et
2308 3059 2436 3100 con-
2913 3064 3033 3103 rum
3067 3060 3124 3103 ut
3151 3052 3229 3105 vi-

2078 3119 2369 3173 veniebant

2081 3190 2273 3244 turbae
2297 3188 2517 3254 multae,

2081 3270 2137 3314 ut
2168 3259 2440 3325 audirent,

2076 3341 2132 3387 ει
2161 3340 2481 3385 curarentur

2078 3402 2145 3456 ab
2177 3402 2463 3457 infirmita—

2079 3474 2221 3529 tibus
2252 3474 2384 3528 suis.

2082 3544 2168 3599 16.
2201 3545 2317 3614 Ipse
2347 3554 2525 3602 autem
2549 3543 2775 3601 secede-

2079 3616 2172 3671 bat
2194 3618 2246 3670 in
2280 3617 2516 3688 deserto,

2079 3697 2134 3741 et
2163 3689 2376 3744 orabat.

2083 3757 2170 3811 17.
2204 3758 2269 3812 Ει
2299 3760 2497 3816 factum
2544 3801 2556 3815 .
2603 3799 2618 3813 .
2663 3797 2678 3813 .
2725 3800 2737 3812 .
2778 3800 2791 3814 .

2080 3844 2183 3882 una
2209 3830 2440 3897 dierum,
2471 3841 2525 3886 et

2078 3896 2193 3971 ipse
2226 3902 2299 3974 (b)
2330 3912 2446 3959 crat
2467 3902 2507 3973 ἦ·

2916 3119 2995 3174 dit
3027 3121 3206 3189 fidem,

2913 3190 3047 3245 dixit
3073 3193 3307 3248 homini:

2913 3262 3159 3318 Remissa
3184 3273 3313 3319 sunt

2918 3334 3011 3387 tibi
3042 3344 3257 3402 peccata

2915 3405 3004 3458 21.
3037 3414 3147 3460 tua.
3185 3407 3252 3461 Et
3281 3418 3480 3475 coepe-

2916 3488 3038 3530 runt
3069 3480 3311 3547 cogitare

2918 3547 3165 3612 Scribae,
3194 3560 3250 3603 et

2915 3617 3190 3674 Pharisaei
3221 3619 3305 3687 (εἰ)
3334 3619 3385 3672 in

2918 3690 3173 3761 cordibus
3200 3692 3313 3745 suis
3346 3690 3404 3761 τ’,

2920 3760 3167 3816 dicentes
3190 3780 3201 3814 :
3231 3761 3363 3828 Quis

2921 3840 3005 3887 est
3031 3831 3139 3896 hic,
3172 3834 3262 3899 qui
3295 3832 3469 3903 loqui-

2924 3911 3011 3957 tur
3039 3903 3294 3975 blaSphe-

1658 3992 1921 4067 ECODEX
1961 3984 2356 4053 BRIXIANL‘S.

382 4105 507 4148 cum
529 4101 674 4148 esset
701 4092 752 4147 in
782 4109 889 4148 una
922 4093 1223 4148 civitatum.
1244 4100 1299 4147 et
1329 4106 1457 4146 ecce
1480 4090 1560 4144 vir
1579 4087 1972 4160 plenuslepra.

383 4180 509 4217 cum
536 4163 763 4218 vidisset
788 4164 976 4219 .lesum
1003 4164 1286 4232 procidens
1314 4158 1597 4217 ῑηίὶιοίθιιιξ
1617 4158 1827 4229 rogavit
1855 4175 1975 4213 eum

387 4236 594 4288 dicens.
635 4235 859 4291 Domine
885 4238 928 4289 si
961 4236 1045 4291 vis
1075 4245 1229 4304 potes
1267 4250 1353 4289 me
1384 4234 1668 4287 mundare.
1708 4232 1978 4304 Etcxten-

384 4304 521 4359 deus
551 4321 770 4361 manum
818 4308 988 4375 tetigit
1037 4303 1185 4361 illum
1240 4306 1451 4360 dicens.
1503 4304 1638 4357 Volo
1694 4303 1977 4356 mundare.

386 4377 453 4430 Et
494 4380 775 4433 Confestim
816 4380 961 4447 lepra
994 4378 1247 4432 discessit
1278 4378 1346 4430 ab
1376 4391 1461 4430 eo.
1488 4386 1540 4429 et
1574 4377 1686 4443 ipse
1710 4375 1981 4447 praecepit

385 4448 484 4502 illi.
517 4457 572 4501 ut
619 4451 817 4503 nemini
866 4443 1091 4504 diceret.
1144 4448 1238 4503 Sed
1280 4447 1427 4502 Vale
1454 4447 1683 4500 ostende
1717 4454 1766 4497 te
1797 4443 1985 4498 Sacer-

385 4517 522 4582 doti,
550 4529 603 4571 et
639 4519 771 4574 utier
809 4522 878 4575 illi
911 4536 1006 4589 pro
1051 4520 1403 4573 inundatione
1432 4528 1519 4572 tua
1549 4520 1688 4571 sicut
1716 4514 1988 4585 praecepit

386 4588 601 4715 Migses
626 4590 679 4644 in
707 4588 1070 4645 testitnmtiutn
1097 4591 1224 4645 illis.

512 4673 528 4712 t
555 4662 930 4715 divultzabatur
971 4665 1141 4715 magis
1170 4677 1224 4715 se

512 4673 528 4712 t
555 4662 930 4731 divulgabatur
971 4665 1141 4731 magis
1170 4658 1354 4717 sermo
1385 4660 1453 4714 de
1476 4660 1591 4714 illo.
1619 4667 1672 4713 et
1698 4657 1987 4731 convenie-

387 4730 517 4785 bant
546 4730 732 4787 turbae
756 4734 954 4787 inultae
980 4742 1038 4786 ut
1066 4730 1314 4787 audirent
1333 4740 1719 4788 etcurarentur
1743 4732 1810 4784 ab
1839 4730 1989 4783 infir-

386 4802 663 4857 mitatibus
683 4804 818 4858 suis.

461 4874 581 4939 Ipse
606 4885 785 4931 autem
824 4874 1116 4930 secedebat
1163 4873 1219 4929 in
1272 4873 1510 4929 deserto.
1563 4882 1618 4929 et
1664 4873 1874 4928 orabat.
1922 4872 1988 4925 Et

393 4941 593 4999 factum
619 4955 705 5001 est
733 4948 789 5002 in
818 4963 921 5002 una
943 4946 1178 5002 dierum.
1206 4955 1261 5003 et
1286 4946 1405 5017 ipse
1435 4945 1510 5017 (b)
1541 4953 1657 5000 erat
1696 4944 1734 5014 σξ-
1784 4943 1989 4997 docens

2079 4100 2133 4145 et
2157 4101 2312 4144 erant
2342 4088 2623 4144 Pharisaei
2656 4089 2928 4147 sedentes.
2957 4097 3007 4142 et
3050 4088 3445 4157 legisdoctores
3473 4088 3566 4155 qui
3596 4102 3699 4143 ve-

2081 4172 2276 4215 nerant
2302 4177 2368 4216 ex
2401 4162 2549 4216 Omni
2579 4162 2806 4216 castello
2828 4160 3069 4217 Galileae
3097 4173 3151 4215 et
3175 4161 3379 4215 Judeae
3408 4169 3463 4215 et
3496 4159 3703 4213 Hieru-

2085 4233 2254 4287 Salcnt
2283 4242 2339 4286 ct
2369 4236 2540 4288 virtus
2580 4245 2695 4285 erat
2750 4232 2981 4286 Domini.
3035 4233 3100 4285 ad
3148 4232 3445 4287 sanandum
3474 4246 3589 4283 eos.
3626 4232 3704 4287 Et

2083 4319 2211 4358 ecce
2234 4305 2330 4357 viri
2362 4312 2638 4372 portantes
2662 4304 2713 4357 in
2743 4304 2882 4357 lecto
2909 4302 3185 4357 hominem
3220 4320 3307 4361 (llll
3356 4311 3475 4356 erat
3522 4316 3693 4370 para-

2086 4375 2305 4446 lyticus.
2338 4388 2391 4430 et
2421 4377 2757 4445 quaerebant
2780 4375 3051 4444 quomodo
3082 4390 3204 4428 eum
3252 4373 3457 4428 inferre
3500 4385 3551 4427 et
3596 4388 3701 4440 po-

2089 4461 2221 4500 nere
2252 4460 2380 4501 ante
2404 4463 2551 4502 eotn.
2585 4446 2652 4500 Et
2681 4461 2786 4499 non
2819 4446 3160 4500 invenientes
3201 4461 3302 4514 qua
3355 4459 3502 4513 parte
3533 4446 3700 4498 illum

2094 4519 2359 4572 inferrent
2402 4534 2528 4586 prae
2572 4517 2747 4571 turba.
2784 4516 3147 4571 ascenderunt
3184 4532 3346 4585 supra
3392 4525 3590 4569 teetunt
3637 4526 3703 4570 et

2094 4603 2189 4658 per
2237 4589 2441 4658 tegulas
2491 4589 2857 4643 snbniiSerunt
2898 4604 3019 4642 eum
3058 4602 3180 4640 cum
3227 4590 3364 4641 lecto
3412 4589 3462 4640 in
3512 4588 3703 4641 ιιιθ‹110

2091 4672 2216 4713 ante
2243 4659 2448 4714 Jesunt.
2485 4660 2549 4714 Et
2580 4660 2768 4713 vndens
2803 4658 2960 4713 ltdettt
2988 4674 3174 4712 eorum
3200 4658 3337 4712 dim
3360 4658 3694 4728 parznlytico.

2094 4730 2265 4785 Homo
2286 4731 2508 4786 dimissa
2533 4739 2660 4785 sunt
2682 4731 2772 4785 tibi
2798 4740 3014 4798 peccata
3043 4738 3150 4782 tua.
3182 4729 3251 4782 Et
3275 4740 3573 4798 Coeperunt
3599 4742 3702 4781 (ξος

2092 4802 2266 4870 gitare
2289 4803 2511 4857 Scribae
2539 4810 2595 4857 et
2620 4801 2895 4857 Pharisaei
2920 4801 3184 4857 dicentes.
3214 4800 3349 4868 Quis
3376 4812 3461 4857 est
3483 4800 3571 4854 ltic
3596 4801 3695 4869 qui

2092 4874 2331 4944 loquitur
2360 4875 2609 4945 blasphe-

1687 5035 1919 5093 CODEX
1947 5028 2416 5092 CORBEIENSIS.

393 5133 677 5277 ΐοέἓὺθῖἱι·
704 5134 891 5205 plenus
917 5137 1084 5208 lepra,
1114 5146 1169 5195 et
1196 5136 1313 5211 ipse
1358 5136 1650 5210 procidens
1680 5138 1735 5193 in
1769 5134 1979 5202 faciem,

464 5276 555 5334 N.
596 5287 656 5333 ut
684 5278 755 5333 sit
776 5276 831 5333 in
863 5280 1170 5336 testimonia
1193 5281 1297 5337 hoc
1322 5281 1494 5339 vobis.

2091 5152 2127 5202 gl...
2166 5131 2253 5186 17.
2295 5138 2448 5202 erant
2471 5126 2752 5202 Pharisaei
2765 5125 3046 5202 docentes.

2163 5202 2254 5259 20.
2296 5201 2544 5258 Remissa
2565 5208 2691 5256 sunt
2719 5200 2813 5255 tibi
2842 5206 3061 5270 peccata
3082 5206 3190 5254 tua.

1604 5354 2005 5430 vanitates
2043 5363 2446 5426 LECTIONES.

459 5465 476 5497 ί
514 5465 622 5519 Gat.
645 5467 986 5523 secedebatin
1006 5466 1228 5518 deserto.
1262 5464 1410 5531 Vulg.
1447 5467 1719 5519 secedebat
1742 5469 1793 5516 in
1815 5468 2087 5517 desertum.

1717 5547 2085 5606 BLANUHINI
2122 5541 2352 5601 NOTAE.

484 5646 741 5725 («ollael
782 5649 881 5705 cod
905 5650 1063 5706 Cant-
1112 5649 1194 5725 ἵνα
1238 5644 1712 5725 demortui?
1740 5646 1859 5725 τὲμῖν
1906 5638 2178 5725 τφίῖτο·-ῖ
2208 5628 2385 5725 (ίἨιδ
2422 5632 2723 5725 οῖὲἓὲἓῗς
2751 5631 2829 5723 ἦν·
2859 5662 2931 5725 "Z
2961 5632 3031 5706 (‘)
3055 5633 3134 5725 "3
3158 5641 3215 5690 εί
3248 5633 3371 5724 0.0“.-
3413 5632 3572 5695 Ca"‘-
3599 5636 3706 5711 [καί

428 5705 877 5792 ὰτξοᾶτιγάᾱαντες
906 5726 1025 5786 τοὺς
1050 5705 1322 5800 κεράμουξ.
1341 5705 1423 5765 ‘—-‘
1449 5705 1529 5794 (di
1565 5705 1729 5779 Addit
1755 5705 1809 5773 iit
1837 5715 2074 5774 cordibus
2099 5705 2228 5787 suis}
2248 5705 2414 5771 etiam
2438 5707 2559 5769 cod.
2583 5705 2736 5767 Cant.
2767 5707 2818 5764 ἓν
2836 5714 2951 5771 ταῖς
2974 5705 3212 5783 καρδίαις
3235 5708 3414 5771 αὐτῶν.
