2021 3096
143 143 192 171 5M

143 247 212 274 mias
222 247 235 274 ?
249 247 315 281 Quis
329 254 375 282 po-

140 283 205 310 terit
219 283 313 310 dimit-

141 322 200 359 tere
213 325 313 359 pecca-

141 358 178 386 ta,
193 355 246 381 nisi
262 360 331 381 unus

140 389 184 416 22.
202 390 296 417 Deus?
309 388 409 417 Comi-

138 425 427 453 tis.....Jesus

140 461 315 496 cogitationi-

140 497 189 524 bus
205 504 313 528 eorum,

143 531 180 567 (α)
196 532 263 559 dixit
274 532 294 567 -ξ-
306 531 341 559 ad
355 530 435 560 illos:

144 567 212 600 Quid
225 569 328 602 cogita-

145 603 178 631 tis
192 604 219 630 in
232 601 362 630 cordibus

141 639 186 666 23.
200 638 321 666 vestris?
335 636 407 672 Quid

143 680 182 701 est
196 673 302 701 facilius

145 710 234 737 dicere
246 718 253 736 :
268 708 372 737 Remit-

146 750 235 772 tuntur
250 744 299 771 tibi

145 786 252 816 peccata
265 784 310 807 tua
323 789 329 807 :

145 821 189 843 aut
201 816 291 843 dicere
304 825 311 840 τ

146 851 242 887 Surge,
252 856 279 879 et
291 858 348 878 am-

145 886 176 913 bu
181 886 207 914 lar
214 887 225 913 ἲ

145 922 188 950 24.
201 922 234 950 Ut
247 922 341 950 sciatis
355 929 403 950 au-

147 962 195 985 tem
210 958 271 991 quia
288 965 336 990 po-

147 997 267 1021 testatem
283 992 331 1020 ha-

146 1028 188 1056 bet
199 1029 282 1056 Filius
296 1028 346 1056 ho-

148 1065 224 1092 minis
238 1064 264 1091 in
281 1068 335 1099 ter-

146 1107 173 1126 ra
190 1101 196 1115 ¹
212 1100 355 1128 remitten-

148 1135 170 1162 di
186 1140 305 1169 peccata,
319 1135 358 1162 ait

148 1171 309 1207 paralytico:
326 1170 373 1198 Ti—

148 1206 172 1233 bi
185 1206 256 1239 dico,
274 1213 366 1241 surge,

147 1247 172 1269 et
187 1242 248 1269 tolle
263 1242 349 1269 lectu—

149 1297 156 1304 .
175 1297 183 1304 .
204 1297 211 1304 .
233 1282 320 1307 tuum.
336 1281 363 1305 et

150 1313 213 1341 vade
228 1313 254 1341 in
269 1312 381 1341 domum

148 1352 229 1376 tuam.

146 1383 188 1411 25.
204 1385 237 1412 Et
250 1384 396 1412 c0nfcstim

148 1427 258 1455 surgens
271 1427 319 1448 co-

146 1462 200 1483 ram
214 1455 303 1483 omni-

146 1490 203 1523 bus,
214 1491 324 1518 sustulit

147 1527 295 1561 grabattum

147 1569 232 1593 suum.
250 1563 277 1590 in
291 1569 347 1597 quo

144 1596 247 1631 jacebat
268 1618 274 1624 .
299 1596 307 1625 ζ
327 1597 393 1625 abiit

148 1633 174 1660 io
188 1633 297 1661 domum

145 1676 218 1696 suam
234 1670 319 1695 hono-

146 1704 252 1731 rilicans
268 1705 364 1732 Deum.

145 1739 188 1767 26.
205 1739 240 1767 Et
254 1747 338 1774 pavor
352 1739 399 1767 ad-

146 1775 288 1809 prehendit

145 1817 247 1838 omnes.
261 1810 296 1838 Et
308 1811 350 1838 in-

145 1846 208 1880 pleti
223 1851 288 1874 sunt
301 1847 333 1874 ti-

145 1889 229 1915 more,
247 1882 340 1909 dicen-

145 1917 350 1980 te;:Quoniam

145 1959 167 1979 νι
205 1972 213 1980 .
235 1972 244 1980 .
266 1973 274 1980 .
298 1972 305 1979 .
328 1973 335 1980 .

144 1959 364 1981 νια......

142 2141 206 2168 deus
218 2140 326 2168 dixitad
342 2140 414 2167 illos.

667 142 895 172 EVANGELIIJM
914 142 1098 172 SECUNDUII
1118 142 1244 171 LUCAM.

341 199 456 229 CODEX
475 200 747 230 YERCEIJLENSIS.

559 247 814 276 rili.......

559 282 860 310 27.Ει.......

559 319 634 351 exiit,
648 322 675 346 et
689 317 759 345 intu-

560 354 612 381 itus
627 358 669 381 est
685 353 774 395 publi:

559 397 656 417 canum
678 408 685 416 ι
709 409 716 416 .
739 409 746 416 .
768 398 789 416 Ι-

560 432 594 452 ne
607 425 617 440 ³
632 424 701 453 Levi
716 424 814 453 seden-

560 464 613 488 tem
630 461 662 487 ad
675 460 761 487 thclo-

560 503 653 528 neum,
670 500 697 523 et
707 495 747 522 di-

560 531 598 558 xit
612 532 670 558 illi:
687 531 789 565 Seque-

560 566 605 594 28.
623 574 652 594 re
667 575 719 594 me.
736 567 781 601 Et,
795 574 838 595 rc-

561 602 632 629 lictis
646 602 732 629 omni—

559 637 619 671 bus,
632 645 746 673 surgens

559 674 723 708 sequebatur

561 708 647 735 illiilli.

559 743 605 772 29.
621 743 656 770 Et
669 743 731 772 fecit
745 745 784 773 illi
799 752 844 773 ce-

560 786 622 815 nam
637 787 761 815 magnam

559 814 624 842 Levi
640 815 667 842 in
681 815 731 842 do-

561 858 605 877 mo
618 858 667 877 sua
682 859 688 877 :
706 854 732 879 et
748 859 777 880 e-

561 890 604 913 rat
618 887 694 913 turba
708 886 749 914 in~

561 928 626 956 gens
643 921 728 956 publi-

560 964 706 990 canorum,

560 997 587 1019 et
598 993 722 1026 aliorum,

560 1028 616 1061 qui.
635 1047 643 1054 .
659 1033 720 1055 rant
734 1036 796 1057 eum

561 1063 615 1090 illis
626 1063 653 1090 d.
667 1083 675 1091 .
690 1071 751 1092 cum

562 1098 685 1126 50.b..
728 1099 845 1129 ...Et

562 1141 599 1160 m.
622 1154 630 1161 .
653 1154 660 1161 .
675 1142 737 1163 ura-

563 1175 660 1198 verunt
671 1170 741 1198 Pha-

561 1205 653 1239 risaei,
668 1211 695 1234 et
710 1207 782 1235 Seri-

561 1240 610 1267 bae
623 1249 730 1274 eorum,

563 1277 686 1304 dicentes
701 1277 735 1305 ad

564 1312 710 1347 discipulos

565 1347 656 1376 illius:
670 1348 760 1380 Quare

565 1391 626 1411 cum
640 1384 760 1419 publica-

566 1420 620 1452 nis,
634 1425 661 1447 et
675 1423 800 1453 peccato-

564 1455 639 1491 ribus
654 1454 692 1491 (b)
709 1462 785 1482 man<

566 1490 663 1521 ducat;
672 1496 699 1518 et
711 1491 778 1518 bibit
791 1490 823 1526 1-.

567 1526 611 1554 5i.
634 1526 669 1553 Et
686 1528 840 1561 restionden

565 1562 654 1592 Iesus.
675 1562 745 1589 dixit
757 1562 791 1590 ad

565 1598 625 1625 illos
639 1606 645 1624 :
659 1597 717 1624 Non
735 1605 765 1625 e-

564 1637 628 1668 gent
640 1633 698 1660 sani
714 1641 770 1661 me-

563 1669 650 1701 dicos,
666 1669 712 1695 sed
728 1669 775 1704 qui
787 1675 816 1697 se

561 1704 633 1731 male
648 1704 756 1731 habent.

561 1739 607 1767 52.
627 1739 686 1766 Non
702 1740 764 1767 veni

562 1782 628 1802 v0ca
633 1783 661 1801 re
671 1774 723 1809 jus-

564 1816 617 1843 tos,
630 1811 677 1837 sed
692 1817 789 1844 pecca—

563 1850 637 1873 tores
650 1844 677 1872 in
692 1852 755 1879 pac-

563 1880 716 1908 nitentiam.

562 1916 607 1944 55.
628 1915 680 1949 Qui
696 1916 826 1944 dixerunt

563 1951 597 1979 ad
613 1952 689 1979 illum
702 1960 709 1979 :
728 1951 799 1986 Qua-

1734 137 1786 165 542

1209 191 1325 229 CODEX
1344 199 1570 228 venoueusrs.

992 248 1060 276 mias
1073 248 1085 275 ?
1101 247 1167 282 Quis

992 288 1082 319 potest
1097 283 1189 310 ditnit-

993 325 1050 347 tere
1066 324 1174 354 peccata
1183 338 1190 351 ,

992 355 1044 382 nisi
1060 354 1135 382 solus

993 390 1084 417 Deus?

990 426 1037 453 22.
1059 425 1094 453 Ut
1104 425 1231 459 cognovit

991 466 1082 488 autem
1097 460 1175 488 Jesus

991 497 1169 531 cogitationes

991 540 1096 564 eorum,
1113 531 1151 567 (ιι)
1164 531 1204 559 di-

991 567 1062 603 xit-l-
1076 567 1108 594 ad
1126 567 1207 595 illos:

991 603 1059 637 Quid
1074 603 1198 637 cogitatis

993 639 1019 666 in
1034 637 1160 665 cordibus

991 674 1036 701 25.
1058 674 1177 701 vestris?
1195 674 1264 709 Quid

990 715 1032 738 est
1047 709 1152 737 facilius

991 745 1082 773 dicere
1093 754 1100 772 :
1119 745 1162 772 Di-

991 782 1072 808 missa
1085 785 1148 808 sunt

992 816 1039 843 tibi
1054 821 1166 850 peccata

993 855 1038 879 tua
1052 861 1058 877 :
1075 856 1121 878 aut
1137 852 1177 880 di-

992 895 1055 915 cere
1068 896 1075 914 :
1096 887 1193 922 Surge,

993 928 1019 950 et
1034 923 1140 950 ambula
1152 925 1163 949 Ἰ

993 957 1040 985 24.
1062 958 1095 985 Ut
1107 958 1199 986 sciatis

994 998 1084 1021 autem
1098 993 1162 1028 quia

994 1028 1078 1056 Filius
1092 1030 1208 1058 hominis

1013 1069 1098 1091 otcsta
1102 1069 1154 1092 tem

1006 1100 1078 1127 tabet
1094 1108 1176 1135 super

997 1140 1095 1164 terrain
1109 1136 1212 1164 ditnit?

997 1176 1054 1198 tere
1069 1177 1188 1206 peccata,

996 1207 1035 1243 ait
1048 1207 1206 1243 paralytico,

996 1241 1056 1268 Tibi
1069 1241 1131 1269 dico
1142 1250 1231 1277 surge,

996 1281 1024 1304 et
1042 1277 1103 1304 tolle
1120 1277 1217 1305 lectum

998 1318 1085 1345 tuum,
1098 1317 1125 1340 et
1140 1314 1208 1340 vade

996 1350 1023 1376 in
1039 1348 1148 1375 domum
1162 1353 1245 1375 tuam.

996 1383 1043 1410 25.
1062 1384 1095 1411 Et
1111 1383 1253 1412 confestim

997 1427 1113 1453 surgens
1125 1424 1217 1447 coram

997 1455 1062 1487 illis,
1079 1455 1140 1482 tulit

997 1491 1108 1524 lcetum,
1126 1491 1152 1517 in
1167 1498 1231 1526 quo.

995 1526 1119 1561 jaeebat:
1137 1531 1164 1553 et

996 1562 1063 1589 ahiit
1075 1562 1101 1589 in
1118 1562 1226 1589 domum

997 1604 1073 1624 suam
1090 1598 1210 1632 magniﬁ-

995 1640 1060 1660 cans
1073 1632 1169 1660 Deum.

995 1668 1041 1695 26.
1062 1667 1096 1704 Et
1110 1674 1205 1704 stupor
1219 1668 1267 1696 ad-

995 1703 1155 1739 praehcudit

995 1747 1101 1772 omnes,
1116 1743 1143 1765 et
1157 1746 1213 1766 nta-

994 1774 1159 1809 gnilicabant

995 1810 1091 1837 Deum.
1110 1809 1142 1836 Et
1156 1816 1196 1837 re-

996 1845 1060 1880 pleti
1075 1849 1138 1871 sunt

997 1881 1104 1914 timore,
1121 1879 1213 1908 dicen-

996 1915 1053 1943 tes:
1070 1913 1136 1949 Quia
1153 1915 1192 1943 vi-

996 1951 1085 1979 dimus
1101 1951 1182 1979 mira-

802 2009 923 2038 CODEX
938 2009 1136 2038 BRIXIANUS.

142 2069 218 2097 mias.
236 2069 302 2104 Quis
317 2073 406 2104 potest
423 2068 561 2096 dimittere
581 2073 689 2101 peccata
708 2068 758 2095 nisi
772 2069 846 2096 solus
861 2068 941 2095 Deus.

142 2104 174 2132 Ut
186 2107 315 2140 cognovit
337 2110 425 2133 autem
436 2105 516 2132 Jesns
531 2105 709 2137 Cogitationes
723 2111 817 2132 eorum
830 2110 941 2138 respon-

428 2140 496 2175 Qttid
509 2141 632 2173 cognatis
650 2141 674 2165 in
692 2139 818 2166 ('Oldtbils
834 2140 941 2167 vestris.

141 2176 208 2209 Quid
222 2182 262 2204 est
286 2176 392 2203 facilius
409 2177 502 2203 dit-ere
520 2176 692 2202 dimittuntur
708 2175 754 2202 tibi
772 2180 894 2208 peccata.
908 2183 942 2203 an

142 2212 231 2247 dicere
242 2213 327 2247 Surge
343 2217 370 2239 et
382 2213 500 2239 ambula.
525 2211 557 2239 Ut
573 2218 662 2237 autem
678 2212 769 2237 sciatis
781 2212 842 2245 quia
859 2210 943 2238 Filius

142 2246 256 2275 hominis
286 2252 445 2282 potestatem
465 2247 546 2274 habet
559 2254 639 2280 super
666 2250 765 2273 terrain
792 2247 944 2274 dimittendi

143 2288 261 2316 peccata.
277 2284 313 2310 ait
335 2283 482 2318 paralytico
508 2282 647 2318 Tihidth
667 2290 747 2317 surge
770 2282 834 2309 tollc
846 2282 945 2309 lectum

143 2323 215 2346 tuum
227 2322 254 2346 et
277 2318 344 2345 vade
363 2319 388 2345 in
403 2317 511 2345 domum
527 2324 610 2345 tuam.
627 2317 662 2344 Et
677 2317 819 2345 confestim
832 2324 946 2353 surgens

142 2361 233 2381 caram
257 2354 311 2381 illis
328 2354 386 2381 tulit
403 2355 428 2381 in
454 2362 507 2387 quo
520 2353 638 2388 jacebat.
655 2357 682 2380 et
703 2354 770 2380 abiit
785 2353 812 2380 itt
837 2353 946 2380 domum

145 2396 230 2416 suam.
250 2390 425 2425 magniﬁcans
448 2389 542 2416 Deum.
561 2388 602 2425 ῨΕι
633 2392 726 2422 stupor
752 2388 948 2425 adpraehendit

144 2431 247 2453 omnes.
278 2423 306 2452 et
333 2425 543 2459 tnagnilicahant
560 2424 653 2451 Deum.
673 2425 705 2451 lit
721 2424 817 2458 repleti
832 2423 894 2451 sttui
910 2424 944 2450 ti-

143 2467 218 2489 more
241 2460 375 2489 dicentes.
396 2460 463 2495 Quia
487 2460 605 2488 vidimus
630 2459 763 2487 ntirabilia
780 2459 871 2486 hodie.
914 2459 948 2486 Et

786 2516 903 2545 CODEX
921 2516 1156 2546 CORBEIENSIS.

177 2565 222 2592 21.
241 2564 308 2599 Quis
321 2569 409 2600 potest
419 2565 556 2593 dimittere
571 2569 723 2600 peccatum.
740 2566 744 2579 ³

177 2600 222 2628 25.
244 2598 368 2629 Remissa
379 2605 443 2629 sunt
456 2600 503 2628 tibi
515 2600 525 2616 ³
538 2598 648 2636 peccata
662 2600 707 2628 tua
723 2609 730 2629 :
743 2603 789 2628 aut
800 2599 901 2628 dicere.

750 2647 952 2687 VARIANTES
971 2647 1175 2687 LECTIONES.

175 2719 183 2752 ξ
202 2708 256 2752 Qui.
268 2718 394 2752 dimittere
406 2721 515 2752 peccata.
618 2717 757 2752 dimittendi
769 2719 887 2752 peccata.

174 2751 184 2765 ²
202 2750 256 2782 Gal,
268 2744 420 2775 Lewin...ad
432 2744 660 2781 thiloneum.'i’ulg.
669 2747 759 2773 Levi...
769 2744 798 2772 ad
812 2747 940 2773 telonium.

806 2788 989 2831 BLAthntt't
1008 2798 1134 2844 norm

180 2852 219 2889 (ti
240 2852 311 2881 Ante
341 2852 417 2889 dixit,
440 2852 519 2882 deest
544 2851 715 2888 respondens,
738 2853 819 2880 etiam
841 2851 868 2881 in
887 2850 948 2881 cod.
964 2849 1045 2880 Cant.
1057 2865 1093 2871 —
1113 2850 1152 2887 (b)
1167 2845 1204 2879 ita
1218 2853 1246 2879 et
1265 2849 1354 2878 versio
1370 2848 1492 2884 (Ethiop.
1513 2848 1588 2877 ἐσθίει
1608 2849 1651 2878 καὶ
1670 2849 1749 2884 πίνει,
1765 2854 1800 2876 ex

147 2886 289 2918 ltatthaeo.

1408 248 1473 275 bilia
1487 247 1577 274 hodie.

1409 282 1455 310 27.
1478 283 1509 309 Et.
1525 287 1586 317 post
1600 282 1666 310 haec

1409 318 1476 346 exiit
1490 318 1579 350 Jesus,

1408 358 1436 381 et
1447 353 1513 380 vidit
1527 361 1575 388 pu-

1409 389 1542 416 blicanum
1556 396 1605 417 no-

1410 426 1482 452 mine
1495 425 1558 452 Levi

1409 460 1547 487 sedentem
1559 460 1593 487 ad

1410 496 1557 527 teloneum.
1571 500 1599 523 et

1409 531 1447 558 ait
1460 532 1513 558 illi:
1528 532 1577 559 Se-

1409 575 1492 598 quere
1509 574 1561 594 me.

1409 602 1454 630 28.
1476 602 1510 630 Ει
1525 603 1626 631 relictis
1640 609 1697 630 om-

1408 638 1498 668 nibus.
1515 646 1628 673 surgens

1408 678 1517 701 εερυῐιιε
1534 679 1576 702 est
1591 682 1663 702 eum.

1407 708 1451 736 29.
1474 709 1507 736 Et
1523 709 1583 737 fecit

1407 744 1446 771 illi
1459 752 1524 772 con-

1410 780 1512 807 vivium
1527 788 1583 808 ma-

1408 822 1490 850 gnum
1506 817 1530 843 in
1545 816 1596 844 do-

1409 859 1482 878 mum
1498 858 1573 879 suam
1587 861 1594 885 ;

1408 891 1436 914 et
1451 891 1508 913 erat
1524 887 1600 914 turba

1408 922 1491 949 multa
1508 923 1592 958 publi-

1409 964 1549 991 canorum,
1565 964 1593 985 et

1409 992 1536 1026 aliorum,
1551 994 1596 1028 qui

1409 1035 1469 1055 cum
1486 1029 1538 1056 illis

1410 1067 1488 1090 erant
1505 1064 1624 1092 discum~

1410 1099 1454 1126 50.
1471 1099 1575 1127 bentes.
1597 1100 1630 1127 Et

1411 1139 1649 1163 murmuraverunt

1412 1170 1551 1204 Pharisaei,
1565 1177 1591 1198 et

1412 1206 1523 1233 Scribae
1540 1214 1645 1240 eorum,

1411 1241 1531 1268 dicentes
1541 1241 1574 1268 ad

1412 1277 1559 1313 diseipulos
1573 1278 1633 1313 ejus
1646 1286 1653 1304 :

1412 1312 1501 1346 Quare
1514 1319 1576 1340 cum

1412 1348 1573 1382 publicanis.

1411 1387 1440 1411 et
1451 1384 1599 1418 peccatori-

1413 1419 1463 1445 bus
1477 1418 1513 1454 (b)
1528 1420 1613 1447 ηψπ-1

1412 1454 1503 1485 ducat.
1518 1459 1545 1482 et
1557 1455 1623 1482 bibit
1632 1454 1663 1489 1'.

1413 1490 1457 1517 51.
1479 1489 1513 1517 Et
1535 1490 1705 1525 respondens

1412 1525 1503 1558 Jesus,
1517 1526 1584 1553 dixit
1596 1525 1630 1553 ad

1413 1560 1474 1597 illos
1487 1570 1493 1588 ε
1510 1561 1567 1588 Non
1583 1565 1674 1597 egent.

1413 1596 1460 1631 qui
1471 1597 1529 1624 sani
1543 1596 1616 1629 sunt,

1413 1632 1565 1666 medicum,
1582 1632 1630 1660 sed

1413 1668 1458 1702 qui
1472 1668 1543 1695 male
1554 1668 1598 1695 hat

1410 1703 1455 1730 '52.
1477 1703 1551 1730 bent.
1572 1703 1631 1731 Non

1410 1739 1472 1765 verti
1488 1746 1585 1766 vocare

1408 1774 1507 1808 justas.
1529 1774 1576 1801 sed

1411 1814 1568 1843 peccatores

1410 1845 1437 1885 in
1452 1845 1591 1879 paeniten-

1411 1885 1487 1907 tiam.

1412 1916 1457 1943 55.
1478 1915 1518 1942 Ad
1531 1915 1567 1942 illi
1581 1915 1656 1943 dixe—

1411 1956 1475 1979 runt
1489 1951 1523 1978 ad
1536 1959 1597 1979 eum
1611 1960 1617 1978 ι

993 2074 1060 2104 post.
1067 2068 1124 2095 liu-c
1139 2068 1204 2096 exiit
1214 2071 1241 2095 et
1255 2066 1321 2095 vidit
1341 2067 1514 2102 publicanum
1540 2068 1648 2095 nomine
1659 2066 1735 2104 Levi.
1750 2073 1789 2093 se-

994 2104 1103 2142 dentem
1118 2103 1328 2142 adtheloneum.
1352 2108 1379 2130 et
1392 2104 1427 2130 ait
1448 2104 1485 2130 illi
1500 2105 1618 2139 Sequere
1632 2103 1735 2142 metit.
1751 2109 1792 2142 re"
1807 2122 1810 2126 .

995 2140 1065 2166 lictis
1079 2140 1203 2166 omnilms
1225 2147 1339 2173 surgens
1354 2144 1462 2166 secutus
1474 2144 1515 2166 est
1541 2137 1612 2166 eum.
1640 2139 1673 2165 Et
1688 2137 1747 2164 fecit
1768 2137 1793 2164 ci

996 2175 1147 2202 convivium
1164 2182 1288 2209 magnum
1304 2174 1371 2201 Levi
1387 2176 1413 2201 in
1427 2175 1508 2201 dt-Illti
1524 2182 1582 2201 sua.
1600 2179 1626 2200 et
1646 2179 1704 2200 erat
1717 2173 1793 2209 turba

997 2211 1081 2238 multa
1095 2208 1309 2245 publicanorum.
1326 2216 1350 2237 et
1367 2209 1482 2244 aliorum
1496 2210 1541 2243 qui
1557 2210 1634 2236 sunul
1650 2214 1725 2235 erant
1739 2208 1794 2245 dis-

999 2244 1168 2274 cumbentes.
1192 2246 1225 2272 Et.
1249 2245 1453 2272 ntnrtnurabattt
1477 2244 1614 2272 Pharisaei
1636 2248 1664 2271 ct
1683 2244 1794 2272 St'ribae

999 2282 1131 2309 dicentes.
1154 2281 1186 2308 ad
1211 2281 1359 2315 discipulos
1375 2280 1442 2315 ejus.
1463 2281 1553 2314 Quare
1568 2288 1629 2307 eum
1646 2279 1793 2314 publit-anis

999 2322 1027 2344 et
1042 2317 1230 2351 peccatoribus
1245 2316 1282 2351 (b)
1298 2315 1441 2343 mattducat
1461 2321 1487 2343 et
1510 2315 1613 2351 bil-itf.
1636 2316 1667 2342 lit
1683 2321 1794 2351 reapouf

999 2348 1066 2380 detis
1081 2352 1160 2379 Jesus
1173 2348 1302 2378 tlixitieis.
1320 2351 1378 2378 Non
1405 2357 1484 2386 egent
1505 2353 1562 2378 sani
1586 2348 1718 2378 medicum
1745 2348 1792 2386 sed

999 2387 1044 2423 qui
1060 2387 1129 2414 male
1145 2388 1254 2414 habent.
1272 2387 1328 2414 Non
1344 2385 1498 2423 enini’veni
1523 2394 1618 2413 rocare
1631 2386 1732 2423 juslos/
1746 2385 1794 2423 sz-d

999 2419 1155 2457 peccatores
1180 2423 1207 2450 in
1229 2423 1435 2458 paenitentiam.
1459 2422 1498 2450 llli
1517 2428 1606 2449 autem
1621 2421 1747 2447 dixerunt
1759 2419 1792 2447 ad

998 2467 1071 2487 eum.
1085 2458 1157 2493 Qua-

1031 2566 1074 2593 50.
1097 2564 1132 2592 Et
1146 2567 1421 2594 murmuraverunt...
1437 2567 1464 2591 et
1478 2562 1665 2600 peccatoribus
1680 2560 1795 2589 mandu-

991 2599 1045 2633 cat,
1059 2605 1086 2628 et
1100 2599 1177 2628 bibit.

1027 2705 1038 2732 ά
1054 2715 1107 2741 Gat.
1121 2720 1222 2748 peccata
1234 2720 1276 2743 tua
1288 2724 1293 2742 :
1304 2723 1335 2742 an
