2021 3096
208 140 261 168 54⁸1
479 136 614 169 EUSEBll
632 134 804 166 VERCELL-
825 127 1049 167 EVANGEUUI
1068 133 1138 167 CUM
1156 134 1271 166 VARUS
1289 132 1584 169 εοιιίεοιιιΑτυιι.
1808 132 1859 165 518

404 197 520 226 CODEX
544 193 817 225 VERCELLENSIS.

209 245 246 280 (α)
261 250 289 273 et
303 246 323 281 -ί-
336 245 482 278 Jacobum,

209 286 236 308 et
247 281 387 308 Johannen
399 301 406 313 ,

209 321 236 344 et
251 316 402 352 Philippum
413 336 421 350 ,

210 370 218 378 .
241 371 248 378 .
265 352 312 379 Ba.
329 372 336 379 .
353 371 363 379 .
379 371 386 379 .
405 370 413 378 .

210 360 413 381 ..ὕῖ1..οι.

212 386 255 424 15.
279 391 431 424 ..7...et

209 422 261 449 Ma.
284 443 290 450 .
312 423 392 451 lteum
405 422 413 457 ζ

208 462 237 486 et
250 458 371 486 Tltoman
385 479 393 492 ,

208 497 237 522 et
248 494 379 522 Iacobum

209 529 306 564 Alphei
322 529 341 564 -ι-
351 550 358 562 ,
373 533 403 570 et
416 528 459 557 Si-

210 572 320 592 monem
333 573 379 599 qut

209 601 381 663 lgehlglltiltles
393 655 401 668 ,
417 639 446 663 et

210 670 297 698 Judan
312 670 391 698 Jaco-

210 706 254 737 bi.
269 711 297 733 et
311 706 397 734 Judan
410 727 417 739 ,

230 742 256 768 ui
272 747 329 769 erat
344 749 407 777 pro-

231 778 292 804 itor.

212 801 308 840 liii-Et
324 811 494 840 descendens
539 801 547 803 ﬁ

210 855 273 875 cum
287 848 341 875 illis
353 869 360 881 ,
374 853 430 876 ste-

210 884 243 910 tit
255 884 281 910 in
298 884 357 911 loco

210 926 370 952 campense.
388 923 415 946 et

211 954 288 982 turba
300 954 381 982 disci-

213 990 339 1024 pulorum
354 989 412 1024 ejus
420 1010 427 1022 ,

212 1030 239 1053 et
249 1026 370 1052 multitu-

212 1060 248 1088 do
262 1061 358 1102 ingens

211 1096 305 1131 populi
319 1096 355 1124 ab
368 1103 426 1124 om-

212 1132 240 1159 ni
255 1131 341 1159 .Iudea
352 1153 359 1164 .
371 1136 400 1160 et

212 1167 380 1195 Hierusalem
390 1188 398 1201 ,

211 1207 238 1231 et
252 1207 327 1231 trans
340 1202 397 1230 fre-

211 1242 268 1265 tum
277 1259 284 1271 ,
297 1243 325 1265 et
336 1245 392 1266 ma-

211 1274 302 1302 ritima
314 1274 367 1309 Ty-

212 1309 234 1336 ri
245 1330 252 1341 .
269 1315 296 1337 et
315 1309 423 1337 Sidonis
437 1330 444 1342 ,

214 1345 256 1372 18.
271 1345 317 1379 qui
332 1352 414 1372 vene-

213 1383 275 1407 rant
289 1380 364 1407 audi-

213 1422 243 1442 re
254 1415 332 1442 illum
344 1436 351 1448 ,

212 1455 240 1478 et
253 1451 343 1478 curari

213 1493 227 1513 ο
244 1486 380 1521 languori-

213 1521 264 1549 bus
278 1522 344 1549 suis.
361 1521 394 1549 Et

212 1557 257 1591 qui
274 1565 354 1584 vexa-

213 1592 313 1620 bantur
322 1593 357 1620 ab

213 1628 353 1662 spiritibus

213 1663 360 1691 immundis
371 1683 379 1697 ,

213 1706 247 1726 Cll
251 1707 293 1726 ﬂl-

213 1734 322 1763 bantttr.

215 1770 259 1798 19.
281 1770 314 1798 Et
326 1770 414 1798 omnis
427 1773 484 1797 tur-

213 1805 247 1832 ba
262 1813 376 1841 quaere-

214 1841 260 1868 bat
275 1847 385 1877 tangere

214 1884 275 1904 eum
289 1885 297 1910 ;
312 1885 378 1911 quo-

215 1912 287 1939 niam
302 1913 356 1939 vir-

215 1951 259 1974 tus
272 1947 305 1975 ab
318 1947 365 1974 illo

214 1982 322 2016 exibat,
335 1988 362 2010 et
375 1989 418 2010 sa-

216 2086 343 2113 Jacohum
357 2090 384 2112 et
398 2084 547 2112 Johannent
565 2082 715 2117 Philippum
732 2086 759 2109 et
780 2083 1011 2112 Barlltolomeutn.

216 2121 371 2149 Matllteum.
397 2126 424 2148 et
444 2120 585 2147 Thomam.
608 2119 734 2146 Jucobum
757 2118 853 2152 Alphei
876 2125 901 2145 ct
927 2120 1013 2147 Simo-

215 2165 276 2184 nem
308 2158 352 2192 qui
386 2160 495 2183 vocatur
523 2155 640 2192 Zt-lotcs.
671 2153 766 2192 .lntlam
789 2155 892 2192 Jamhi.
917 2162 941 2182 et
966 2156 1012 2183 Ju-

215 2193 276 2219 dant
297 2189 429 2219 Si-ariutlt.
454 2193 496 2226 qui
515 2192 560 2216 l'uil
577 2189 689 2216 tradtlor
709 2189 775 2223 ejus.
800 2190 828 2216 Et
849 2190 1014 2219 descendi-ns

216 2237 277 2255 cum
301 2228 350 2254 illis
363 2229 434 2254 stvtit
457 2236 482 2253 tu
499 2228 556 2252 loco
579 2226 656 2259 plano
677 2230 704 2251 et
728 2227 803 2252 turba
819 2226 1011 2260 tll~Ciplliurlllll

191 2263 197 2267 ”
215 2264 272 2298 ejus
297 2269 323 2290 et
345 2262 485 2289 multitudo
511 2263 603 2295 ingens
627 2261 721 2298 populi
745 2269 784 2298 exi
803 2262 876 2288 omui
900 2262 1010 2289 .lutlaea.

215 2297 240 2327 cit
257 2299 421 2326 Hierusalem
437 2304 461 2324 et
478 2298 609 2324 maritima
626 2297 687 2331 Tyri
702 2297 726 2323 cl
741 2297 848 2324 Sidonis
870 2299 913 2331 qui
930 2306 1012 2325 vene-

216 2339 277 2363 runt
304 2335 395 2361 audire
421 2341 481 2361 eum
499 2338 523 2359 et
546 2332 634 2359 sanari
656 2340 669 2358 a
696 2333 868 2366 languoribus
892 2334 958 2360 suis.
982 2335 1014 2361 Et

215 2372 258 2404 qni
283 2372 448 2398 vexabantur
472 2377 485 2394 τι
512 2368 650 2402 spiritibus
681 2368 815 2395 inmundis
839 2370 1011 2396 curabuntur.

215 2408 247 2433 Et
268 2408 354 2432 munis
373 2406 449 2432 turba
469 2404 635 2438 quaerebant
655 2411 715 2430 cum
741 2410 860 2437 tangere.
879 2405 940 2439 quia
962 2406 1014 2432 vir-

216 2446 258 2468 tus
286 2442 319 2469 dc
345 2442 389 2468 illo
413 2441 529 2468 cxicbat.
560 2444 586 2465 et
615 2440 726 2465 sanabat
757 2447 863 2466 omnes.
899 2441 931 2467 Et
957 2442 1013 2476 ipse

627 242 707 270 nabat
720 249 778 268 om.-

626 278 672 305 20.
690 284 749 305 nes.
767 276 801 304 Et
813 275 871 312 ipse

627 313 757 340 adlevans

627 348 722 375 oculos
736 348 763 375 in

627 384 764 411 discentes

628 427 692 447 suos
700 441 707 453 ,
724 418 833 448 dicebat
845 427 852 446 :

629 455 704 482 Beati
720 455 727 470 ί
743 462 844 489 paupe-

629 498 673 517 res
686 490 798 524 spiritu;
813 496 881 525 quo-

630 526 701 552 niam
713 533 775 552 ves-

628 565 698 588 trum
712 565 753 596 est
766 567 828 596 reg-

629 604 692 623 num
706 595 765 623 Dei.

628 632 673 658 21.
696 632 770 659 Beati
782 652 789 664 ,
806 631 852 666 qui
865 638 928 659 esu:

629 667 688 695 ritis
701 675 772 694 nunc
781 688 789 701 ,

629 708 656 730 et
671 703 752 730 sititis
764 711 771 735 ;
787 709 855 738 quo-

629 739 701 765 niam
715 742 790 765 satu-

629 774 652 801 ri
666 774 752 801 eritis.

628 809 706 836 Beati
717 829 725 840 ,
741 809 785 844 qui
801 809 892 845 plora-

629 846 664 872 tis
679 852 749 871 nunc
760 853 767 877 ;

649 880 757 907 uuniam
773 880 809 907 ri—

650 916 741 943 ebitis.

630 950 676 978 22.
697 951 772 978 Beati
787 951 852 979 estis
862 971 869 984 ,
885 957 947 979 cum

631 986 748 1014 odierint
760 994 815 1022 vos,

631 1022 755 1050 homines
763 1042 771 1055 ,

631 1061 659 1086 et
668 1065 728 1085 cum
742 1064 833 1093 segre-

630 1093 753 1129 gavcrint

630 1136 690 1161 vos,
705 1133 733 1156 et
744 1136 806 1156 cum

629 1165 762 1199 ejecerint

629 1207 678 1228 vos
686 1221 694 1233 .
708 1203 807 1227 etcum

630 1244 664 1263 ex
669 1236 814 1270 probrave-

630 1272 684 1299 rint
694 1279 792 1298 nomen

630 1312 763 1340 vestrum,

631 1347 765 1375 tamquam
783 1349 831 1369 ne-

630 1385 722 1412 quam.
735 1385 798 1404 cau-

630 1420 688 1440 sam
703 1412 751 1439 Fili
769 1412 817 1439 ho-

630 1447 676 1475 25.
693 1447 783 1475 minis.
797 1447 906 1479 Gaude-

631 1488 658 1511 te
672 1483 699 1510 in
716 1483 759 1509 illa
774 1483 823 1509 ho~

631 1526 673 1550 ra,
687 1522 715 1546 et
727 1519 833 1545 exulta-

632 1554 713 1586 mini;
727 1561 791 1582 ecce
804 1561 832 1581 e-

633 1589 688 1617 nim
700 1596 806 1617 merces

603 1637 605 1639 ·
633 1626 643 1640 ²
660 1629 748 1653 vestra
764 1625 858 1659 copio—

633 1667 662 1688 sa
677 1665 718 1688 est
730 1660 756 1687 in
769 1668 828 1688 cae-

633 1696 660 1724 lo
675 1704 682 1722 :
697 1696 822 1723 similiter

633 1732 766 1759 faciebant

633 1767 748 1794 Profetis
762 1767 815 1794 Pa-

632 1806 687 1830 tres
701 1802 819 1833 illorum.

630 1838 676 1865 24.
692 1837 884 1866 Verumtamen

631 1881 682 1901 vae
697 1874 772 1900 vobis
786 1873 828 1901 di.

632 1909 732 1936 vitibus
743 1929 751 1942 ,
764 1908 775 1924 ⁸
788 1916 855 1944 quo-

632 1945 704 1971 niam
722 1944 801 1972 liabe-

632 1980 668 2008 tis
683 1979 809 2007 consola-

1277 192 1394 223 CODEX
1413 193 1640 223 VERONENSIS.

1063 241 1103 275 (α)
1116 245 1144 268 et
1156 240 1175 276 -',~
1188 240 1285 269 Johan-

1063 284 1124 304 nem
1140 297 1146 309 ,
1162 282 1189 305 et
1203 276 1283 304 Jaco-

1062 312 1126 340 bum
1137 333 1145 346 ,
1166 316 1195 340 et
1213 312 1276 340 ΡΙιὶ-

1062 347 1163 382 lippttm
1172 368 1180 380 ,
1196 351 1225 375 et

1063 383 1108 411 l5.
1131 383 1350 413 Bartholomeum
1364 403 1372 417 ,

1062 422 1090 446 et
1100 418 1281 452 Matthaeum,

1063 459 1091 481 et
1105 453 1236 482 Thomam
1245 475 1252 488 ,

1063 494 1090 516 et
1103 488 1233 516 Iacobum

1064 524 1161 560 Alphei
1176 524 1197 560 1-
1209 545 1217 559 ,
1233 529 1261 552 et

1064 559 1203 590 Simonem

1063 596 1108 630 qui
1125 596 1241 623 vocaba-
1260 609 1263 613 ι

1064 635 1107 658 tur
1120 631 1225 659 Zelotes
1234 651 1241 663 ,

1064 667 1109 694 16.
1126 672 1153 694 et
1170 666 1267 694 ludam

1064 701 1157 730 laenbi
1167 722 1174 734 ,
1190 706 1218 730 et

1064 737 1161 765 Judam
1174 737 1220 772 qui

1064 773 1114 814 fuit
1128 773 1248 808 proditor

1067 816 1136 843 eius.

1068 845 1113 871 17.
1135 844 1169 871 Et
1183 842 1316 875 discendit

1070 887 1132 909 cum
1142 879 1201 906 'illis
1210 900 1218 912 ,
1233 883 1260 906 et

1068 916 1143 942 stetit
1156 915 1182 942 in
1200 915 1239 942 lo-

1068 958 1101 977 co
1117 950 1260 985 campestri
1269 970 1275 981 ,

1068 992 1095 1013 et
1109 987 1187 1013 turba
1202 987 1244 1012 di—

1068 1023 1233 1057 scipulorum

1068 1058 1140 1091 ejus,
1157 1062 1184 1084 et
1199 1057 1266 1084 mlli—

1069 1093 1153 1120 llllldl)
1168 1093 1277 1127 copiosa

1068 1129 1153 1163 plebis
1168 1126 1289 1156 abomni

1068 1165 1167 1191 .ludaea
1181 1185 1187 1195 ,
1203 1169 1230 1191 et

1069 1200 1235 1227 Hierusalem
1245 1219 1252 1231 ,

1068 1240 1095 1262 et
1111 1241 1184 1262 trans
1198 1236 1249 1262 lre-

1070 1275 1125 1299 tum
1136 1292 1143 1305 ,
1161 1276 1188 1299 et
1202 1277 1260 1303 ma-

1071 1304 1307 1341 ......Tyrii,

1069 1342 1113 1370 l8.
1130 1348 1157 1370 et
1166 1340 1291 1374 Sidonis,
1306 1340 1352 1376 qui

1068 1381 1200 1405 venerant
1213 1382 1241 1405 ut

1067 1413 1192 1441 audirent
1204 1420 1267 1444 eum
1275 1433 1283 1446 ,

1067 1452 1094 1475 et
1106 1453 1267 1476 sanarentur

1067 1491 1082 1510 a
1098 1484 1234 1519 languori-

1066 1518 1117 1546 bus
1131 1520 1199 1547 suis.
1217 1519 1252 1546 Et

1066 1555 1112 1589 qni
1124 1562 1205 1582 vexa-

1066 1590 1165 1618 bantur
1174 1590 1208 1617 ab

1066 1626 1207 1659 Spiritibus

1067 1660 1225 1694 immundis,

1066 1697 1244 1724 curabantur.

1067 1731 1112 1760 l9.
1134 1733 1168 1759 Et
1178 1739 1273 1760 omnes

1067 1768 1145 1795 turba
1160 1775 1235 1803 quae—

1066 1804 1164 1830 rebant
1174 1811 1235 1831 eum

1067 1842 1193 1873 tangere;
1208 1838 1270 1875 quia

1067 1874 1153 1902 virttis
1166 1876 1201 1902 de

1068 1909 1115 1937 illo
1131 1910 1249 1944 exiebat,

1067 1950 1095 1974 et
1108 1947 1220 1975 sanabat

1067 1988 1172 2009 omnes.
1187 2001 1194 2008 .
1211 2000 1219 2008 υ
1240 2001 1248 2008 .

876 2036 992 2065 CODEX
1011 2037 1209 2067 BRIXIANUS.

1069 2086 1181 2113 elevatis
1204 2088 1289 2129 oculis
1323 2090 1349 2116 in
1376 2089 1522 2129 discipulos
1556 2100 1619 2119 suos
1649 2091 1764 2119 dicebat.
1790 2091 1874 2120 Beati

1070 2130 1205 2162 pauperes
1224 2127 1329 2162 spiritu.
1360 2127 1421 2160 quia
1446 2133 1565 2154 vestrum
1592 2132 1633 2154 est
1663 2135 1772 2162 regnum
1800 2134 1873 2154 cae-

1069 2158 1165 2197 lorum.
1188 2159 1262 2197 Beati
1287 2158 1463 2197 quires-uritis
1490 2171 1560 2189 nunc
1579 2164 1639 2197 quia
1668 2158 1871 2191 saiurabimiui.

1070 2193 1142 2220 Beati
1166 2194 1210 2227 qui
1233 2193 1313 2233 nunc
1336 2196 1405 2223 ﬂetis
1437 2198 1498 2233 quia
1527 2193 1659 2227 ritlebitis.
1687 2199 1759 2226 Beati
1789 2199 1874 2226 eritis

1069 2236 1129 2255 cum
1147 2238 1198 2269 _\'us
1221 2231 1282 2257 odio
1308 2231 1453 2259 habuerint
1479 2234 1613 2262 homines.
1648 2239 1675 2261 (ιι
1703 2242 1763 2261 cum
1787 2241 1875 2269 sepa-

1067 2270 1185 2291 rat-eruit
1209 2274 1265 2293 vos.
1292 2272 1317 2294 ct
1342 2270 1574 2302 exprobravcrint.
1602 2275 1628 2297 et
1655 2270 1785 2305 eiecerint
1816 2277 1873 2296 tto—

251 2544 296 2572 16.
316 2545 361 2580 qui
374 2544 457 2572 factus
468 2549 509 2572 est
534 2543 665 2578 proditor.

251 2581 296 2618 l7.
317 2578 526 2618 etAlerusalem,
548 2584 575 2607 et
601 2585 676 2615 trans
700 2578 811 2618 fretum,
834 2582 862 2616 et
871 2579 1007 2616 maritima

213 2616 288 2653 Tyri,
305 2621 332 2643 et
347 2615 467 2653 Sidoais,

248 2653 294 2681 20.
308 2653 434 2689 quoniam
451 2652 571 2687 ipsorum
581 2655 633 2687 est,
650 2654 704 2687 etc,

247 2747 253 2761 ¹
274 2747 326 2771 Gal.
339 2752 461 2778 pauperes
477 2745 576 2775 spiritu;
590 2745 655 2773 quia.
671 2740 744 2778 fulgo
760 2749 975 2778 paupereszquia.

246 2778 256 2792 ί
274 2778 326 2801 Gal.
340 2776 424 2807 inulta,
435 2777 530 2808 copiosa
544 2779 582 2800 est
592 2777 619 2808 in
626 2776 693 2800 caelo
704 2783 709 2800 :
722 2776 857 2800 secundum
867 2776 927 2801 haec
937 2778 1011 2803 Facie-

215 2808 280 2834 bant.
297 2808 368 2839 Vulg.
386 2805 519 2834 multaiest
531 2808 555 2832 in
567 2805 653 2833 caelo:
666 2808 800 2833 secundum
821 2808 882 2832 haec
899 2810 965 2833 enim
977 2809 1012 2834 fa—

1479 240 1525 269 20.
1546 241 1657 269 elevatis
1670 247 1735 269 ocu-
1746 248 1750 252 '

1480 278 1514 305 lis
1527 278 1553 304 in
1569 277 1651 305 disci-

1480 313 1551 348 pulis
1560 312 1627 347 suis,

1481 348 1588 376 dicebat
1601 357 1607 374 2

1481 384 1557 411 Beati
1570 391 1639 424 pau-.

1484 427 1577 454 pet-es;
1593 426 1656 454 quia

1483 459 1602 483 vestrum
1616 459 1659 482 est

1481 490 1696 562 ἑῗίῗἛὲἔιὲῗῖίυί

1464 566 1467 568 “
1483 569 1554 589 nunc
1567 570 1629 589 esu-

1482 598 1566 628 riunt.
1583 601 1612 624 et

1483 633 1594 665 sitiunt;
1606 633 1669 668 quia

1484 669 1535 703 ipsi
1550 673 1655 696 satura-

1483 704 1594 731 buntur.

1485 739 1571 771 Beati.
1584 739 1630 774 qui

1485 782 1557 802 nunc
1568 775 1655 807 ﬂetis;

1485 811 1612 845 quoniam
1625 810 1695 839 ride-

1485 846 1561 874 bilis.

1486 881 1532 910 22.
1553 882 1628 909 Beati
1643 882 1731 915 eritis,

1487 925 1548 945 cum
1565 925 1613 945 vos
1625 918 1692 945 ode-

1487 953 1541 981 rint
1554 953 1690 988 homines,

1487 993 1516 1016 et
1529 996 1590 1016 cum
1606 996 1652 1017 εε-

1488 1025 1625 1059 parabunt

1487 1067 1547 1093 vos,
1563 1065 1591 1088 et
1610 1067 1672 1089 cum

1487 1095 1597 1129 eicient,
1614 1101 1642 1123 et

1486 1131 1691 1166 exprobrabant

1487 1174 1586 1195 nomen
1598 1174 1644 1195 νοτ

1487 1207 1585 1236 strum,
1603 1208 1672 1231 tam-

1486 1245 1567 1273 quam
1583 1239 1696 1272 malum,

1487 1278 1600 1336 propter
1611 1274 1709 1302 Filium

1498 1316 1618 1336 Iomlnls.

1498 1316 1618 1337 nominis.

1486 1344 1532 1372 2'5.
1555 1344 1676 1373 Gaudete
1687 1345 1715 1377 in

1486 1380 1531 1408 illa
1542 1379 1595 1413 die,
1612 1386 1641 1409 et

1486 1416 1606 1444 exultate
1617 1425 1625 1449 ;

1486 1459 1551 1479 ecce
1565 1452 1639 1479 enim

1486 1494 1592 1514 merces
1608 1495 1654 1515 ve-

1485 1528 1543 1550 stra
1553 1523 1665 1558 copiosa

1485 1563 1527 1586 est
1540 1558 1566 1585 in
1582 1566 1645 1586 cae-

1485 1593 1511 1621 lo
1527 1603 1534 1620 :
1546 1601 1644 1622 secun-

1481 1628 1547 1659 dum
1561 1629 1628 1658 haec

1484 1665 1554 1692 enim
1566 1664 1602 1692 fa-

1483 1700 1593 1728 ciebant
1611 1705 1640 1729 et

1484 1735 1629 1771 Prophetis

1484 1770 1579 1799 Patres
1598 1778 1644 1800 eo-

1485 1814 1556 1834 rum.

1484 1842 1532 1869 24.
1552 1842 1747 1872 Verumtamen

1484 1885 1526 1905 vae
1541 1878 1620 1906 vobis

1485 1913 1629 1947 divitibus;

1486 1949 1549 1984 quia
1564 1949 1648 1977 habe-

1486 1985 1522 2012 tis
1536 1985 1661 2013 consola-

1043 2308 1137 2340 .ineu_
1161 2307 1282 2340 _ve~t_rttni
1318 2309 1453 2338 tamquam
1492 2306 1603 2332 malum.
1635 2304 1743 2340 propter
1770 2304 1872 2333 Filium

1067 2335 1192 2362 hominis.
1209 2337 1329 2366 Gut-lete
1345 2344 1371 2365 et
1383 2335 1500 2368 exultate
1524 2340 1550 2368 in
1574 2342 1619 2368 illa
1632 2335 1691 2368 die:
1708 2348 1771 2369 ecce
1791 2341 1872 2369 enim

1068 2380 1171 2398 merces
1203 2380 1290 2400 VCSII‘a
1323 2375 1405 2401 multa
1434 2377 1459 2402 in
1495 2377 1588 2404 caelis.
1620 2377 1767 2404 secundum
1799 2376 1874 2405 haec

1066 2415 1136 2434 cnim
1153 2408 1285 2436 iaciebant
1301 2415 1326 2437 et
1343 2411 1485 2442 Prophetis
1499 2412 1591 2439 Patres
1603 2420 1707 2440 corum.
1721 2412 1871 2439 Verumta—

1067 2451 1138 2470 men.
1156 2452 1204 2471 vae
1224 2445 1300 2472 Vobis
1314 2446 1441 2474 divitibus
1455 2449 1515 2482 quia
1531 2448 1588 2482 jam
1614 2448 1720 2476 habetis
1741 2447 1874 2475 consola-

858 2496 976 2526 CODEX
987 2497 1223 2534 CORBEIENSIS,

1098 2549 1144 2589 gl.
1161 2548 1237 2579 Beati
1250 2550 1297 2586 qui
1310 2558 1382 2579 nunc
1394 2553 1529 2586 esuriant,
1542 2556 1569 2581 et
1581 2553 1691 2588 sitiunt;
1714 2552 1776 2589 quia
1790 2556 1872 2581 satu-

1061 2584 1205 2616 rabuntur.

1096 2620 1141 2662 ἓξ·
1157 2625 1184 2648 ει
1207 2628 1270 2655 Cum
1294 2623 1459 2658 separahunt
1473 2632 1536 2659 vos,
1551 2624 1712 2662 etejic'tent.
1729 2628 1872 2660 μεχρι-οξ

1066 2654 1185 2688 litabunt
1197 2665 1298 2689 nomen
1314 2654 1444 2694 vesti-ium,

822 2699 1023 2736 VAntsN'rtgs
1041 2701 1247 2737 LECTIONES.

1063 2748 1171 2773 ciebant.

1095 2779 1106 2795 ³
1123 2779 1177 2804 Gal.
1191 2780 1233 2819 qui
1244 2780 1351 2807 habetis.
1368 2782 1442 2824 Vulg.
1455 2784 1512 2817 quia
1523 2784 1631 2811 habetis.

861 2850 1044 2880 BLANClllNl
1064 2853 1180 2890 noras.

250 2899 287 2935 ((ι)
305 2899 470 2935 Ubicumque
482 2899 560 2926 codd.
578 2898 689 2931 Veron.,
705 2897 821 2926 Vercell.
837 2902 864 2925 et
877 2897 950 2926 Brix.
963 2899 1064 2929 addunt
1078 2907 1112 2937 et,
1133 2903 1208 2932 addit
1235 2904 1317 2934 etiam
1327 2905 1389 2934 cod.
1418 2905 1484 2935 Can.
1514 2908 1566 2935 καὶ.
