4042 6192
277 272 387 333 555

280 485 477 557 qua-ﬁ,
509 482 579 540 de
604 481 743 538 malo

283 556 491 625 profert
520 570 626 611 ma-

281 629 409 683 lum.
458 628 540 682 Ex
568 628 735 682 abun-

280 701 462 755 dantia
488 713 613 753 coro

281 771 366 827 dis
387 787 452 827 ns
476 770 555 840 (α)
586 769 730 824 illius
751 767 793 837 ἦ·

281 844 541 914 loquitur.

280 915 369 971 46.
409 914 551 981 Quid
573 920 754 969 autem
776 924 864 965 me

278 987 484 1043 vocatis
509 1028 524 1051 ,
558 984 781 1040 Domine
802 1024 819 1049 ,

280 1058 513 1114 Domine
540 1075 554 1121 ;
578 1065 633 1111 et
662 1070 767 1111 non

276 1130 457 1184 facitis
498 1130 515 1160 ι
544 1142 682 1197 quae

275 1201 371 1257 d7.
417 1201 578 1255 dico?
606 1197 815 1263 Omnis,

273 1274 369 1342 qui
397 1274 548 1327 venit
572 1269 642 1325 ad

276 1360 368 1400 me
396 1352 475 1409 et,
500 1342 653 1398 audit

275 1416 455 1471 verba
471 1428 590 1470 mea
614 1456 629 1480 ,

273 1496 333 1544 et
360 1487 486 1542 facit
515 1487 602 1541 illa
626 1526 642 1553 ,

273 1560 626 1615 demonstra-

274 1631 349 1688 bo
384 1631 539 1685 vobis
562 1629 649 1683 cui

274 1705 350 1758 sit
377 1701 611 1757 similis:

272 1775 368 1830 48.
410 1772 604 1828 similis
630 1779 715 1826 est
739 1768 836 1825 ho—

274 1844 413 1901 mini
441 1843 633 1899 aediﬁ-

275 1917 425 1973 canti
458 1919 480 1948 ²
498 1917 748 1979 domum,

275 1992 369 2056 qui
396 1986 533 2042 fodit
564 1988 616 2041 in

275 2063 447 2116 altum
473 2103 488 2127 ,
518 2066 575 2115 et
601 2071 695 2129 po-

276 2131 387 2188 suit
414 2131 611 2186 funda-

280 2213 469 2261 menta
499 2216 665 2271 super

283 2286 494 2347 petram
521 2290 537 2340 ;
575 2285 711 2329 tem-

288 2358 499 2417 pestate
528 2347 655 2400 bore

290 2411 358 2484 ia,
394 2418 473 2489 (b)
504 2414 714 2486 impulit
738 2411 780 2483 1‘
807 2411 908 2468 ﬂu-

288 2488 411 2546 men
440 2488 623 2544 domui

290 2562 388 2627 illi,
415 2575 520 2615 nec
550 2560 697 2614 valu-

290 2634 332 2689 it
356 2647 577 2688 movere

292 2706 438 2760 illam
461 2722 475 2758 :
510 2702 702 2758 funda-

294 2787 343 2831 ta
362 2776 512 2832 enim
542 2784 661 2830 erat

291 2864 455 2920 supra
480 2854 713 2917 petram.

291 2920 379 2976 69.
422 2920 524 2989 Qui
548 2927 728 2971 autem

291 2991 440 3046 audit
466 3033 483 3056 ,
511 2998 567 3045 et
595 3004 701 3043 non

292 3062 420 3119 facit
440 3104 457 3129 ,
489 3060 682 3116 similis

294 3145 377 3191 est
398 3133 611 3188 homini

294 3204 601 3261 aediﬁcanti

295 3276 513 3332 domum
542 3275 565 3307 ⁸
603 3288 697 3329 su-

296 3365 389 3418 pra
414 3358 619 3403 terram

295 3422 412 3476 sine
439 3418 631 3474 funda-

294 3500 481 3547 mento
504 3508 517 3545 :
549 3490 706 3559 inpu-

296 3563 356 3618 lit
380 3562 588 3617 flumen

295 3633 483 3691 domui
506 3632 610 3697 illi,
634 3638 689 3686 et

295 3706 511 3768 cecidit.
541 3713 598 3759 et

296 3777 430 3834 facta
460 3784 551 3833 est
579 3772 688 3830 rui-

297 4030 379 4086 lus
409 4030 576 4085 homo
600 4024 669 4079 de
702 4021 846 4076 malo
878 4020 1172 4075 thensauro
1217 4012 1419 4086 cordis
1442 4008 1759 4086 sui_pro[ert
1785 4021 1900 4086 ma-

564 4078 889 4151 abundantia
912 4092 1056 4145 enim
1081 4084 1281 4143 cordis.
1314 4099 1376 4138 os
1403 4083 1475 4157 (ᾳ)
1507 4081 1623 4157 ejus
1650 4078 1691 4150 1‘
1724 4078 1899 4147 loqui-

301 4154 585 4238 iiiioum
616 4180 797 4222 autem
823 4164 1029 4219 vocatis
1060 4174 1146 4215 me
1178 4154 1755 4212 Domine‘Domine.et
1794 4164 1900 4203 non

303 4244 501 4301 facitis.
522 4255 661 4311 quae
685 4238 827 4311 dico.

376 4290 863 4381 otiini‘sﬁiii’ié‘nn
888 4306 952 4381 ad
980 4313 1158 4381 Ine.e_t
1184 4299 1330 4381 audit
1356 4297 1519 4380 verba
1544 4310 1662 4381 mea
1691 4302 1756 4381 et
1778 4290 1904 4381 facit

306 4365 730 4444 eaivostcnilam
786 4378 936 4432 vobis
974 4377 1060 4431 cui
1108 4373 1301 4444 similis
1327 4381 1429 4425 est.
1459 4367 1652 4444 similis
1681 4376 1763 4419 est
1801 4365 1901 4444 lto-

309 4435 779 4515 itii'ni'aediﬁcanti
805 4452 1022 4507 domum
1050 4447 1139 4517 qui
1172 4442 1325 4517 l'odtit
1349 4448 1401 4495 in
1436 4440 1626 4517 altum.
1651 4449 1705 4491 et
1724 4435 1903 4517 pusuit

1012 4512 1240 4586 petram.
1310 4512 1660 4586 inundatione
1721 4515 1904 4586 autem

315 4580 723 4657 iactat-inlisum
766 4580 860 4649 est.
896 4580 1097 4647 llunien
1137 4586 1320 4643 domui
1359 4585 1457 4640 illi.
1493 4595 1541 4638 et
1590 4598 1695 4634 non
1729 4580 1905 4658 potuit

473 4648 948 4725 movereﬂl‘undata
997 4663 1141 4717 enim
1185 4662 1768 4730 eratisuprapetram.
1802 4648 1904 4730 Qui

320 4721 753 4799 aui-enimaudi'vit
782 4747 837 4793 et
862 4751 966 4790 non
1001 4733 1145 4789 fecit.
1186 4729 1379 4785 similis
1408 4721 1492 4782 ἔδει
1522 4721 1727 4799 homini
1756 4721 1905 4774 aedi-

322 4794 501 4873 iii-.536
530 4794 752 4870 domum
779 4822 932 4866 suam
968 4818 1134 4876 supra
1162 4811 1364 4859 terram
1399 4799 1518 4855 sine
1555 4794 1906 4850 fundamento

310 4530 722 4585 fundamentum
779 4536 943 4591 supra

398 5026 489 5082 45.
518 5038 582 5080 os
609 5021 727 5092 ejus
754 5019 1009 5092 loquitur.

1331 260 1775 324 EVANGELIUM
1803 256 2176 320 SECUNDUM
2218 256 2472 317 LUCAM.

668 384 896 443 CODEX
943 382 1487 442 VERCELLENSIS.

1116 496 1181 535 na
1207 480 1400 535 domus
1428 478 1490 532 il-

1116 554 1220 608 lius
1251 564 1464 621 magna.

1329 661 1554 720 CAPUT
1580 660 1693 718 γη.

1117 761 1169 815 1.
1212 759 1287 831 (ο)
1316 757 1537 812 Factum
1560 764 1644 812 est

1115 840 1293 886 autem
1318 872 1333 896 ,
1359 845 1483 884 cum

1115 904 1375 973 inplesset
1402 899 1445 971 ἰ-

1115 989 1294 1029 omnia
1324 988 1444 1026 γετ-

1114 1045 1182 1101 ba
1208 1047 1261 1100 in
1282 1043 1503 1099 auribus

1117 1116 1321 1186 populi,
1356 1117 1527 1169 intra-

1115 1189 1193 1243 vit
1222 1190 1274 1241 in
1303 1186 1543 1256 Caphar-

1116 1259 1170 1314 2.
1214 1274 1395 1314 naum.
1426 1258 1554 1313 Cen-

1119 1332 1347 1386 turionis
1367 1344 1461 1384 au-

1119 1410 1226 1459 tem
1254 1401 1432 1471 cujus-

1114 1473 1239 1529 dam
1268 1488 1457 1527 servus

1114 1546 1254 1601 male
1279 1543 1483 1598 habens
1502 1582 1516 1610 ,

1115 1616 1413 1700 incipiebat

1117 1704 1255 1743 mort
1276 1730 1291 1752 ,
1321 1703 1409 1757 qui
1436 1701 1494 1740 e-

1118 1768 1201 1815 rat
1228 1760 1277 1815 ei
1306 1772 1483 1813 carus.

1117 1832 1171 1888 '5.
1214 1830 1451 1886 Audiens
1482 1836 1661 1885 autem

1118 1903 1188 1959 de
1211 1902 1339 1959 Jesu
1364 1945 1380 1969 ,
1412 1902 1558 1956 misit

1119 1974 1367 2030 seniores
1389 1973 1482 2029 .lu-

1120 2046 1378 2102 daeorum

1121 2133 1318 2187 rogans
1342 2117 1517 2180 illum,

1119 2199 1179 2245 ut
1200 2190 1432 2256 veniret,

1120 2270 1177 2317 et
1196 2270 1417 2317 sanaret

1120 2348 1340 2388 servum
1367 2333 1431 2387 il-

1121 2405 1249 2460 lius.

1122 2476 1180 2542 4,
1207 2476 1333 2545 Qui,
1366 2488 1489 2531 cum
1515 2474 1696 2530 venis-

1124 2558 1268 2612 sent,
1301 2562 1459 2615 roga-

1124 2618 1255 2674 bant
1278 2617 1463 2673 Jesum

1127 2689 1380 2755 sollicite,
1409 2687 1492 2741 di-

1127 2771 1314 2818 centes
1333 2776 1347 2814 :
1376 2760 1523 2828 Quo-

1128 2834 1270 2889 niam
1294 2832 1413 2903 dig-

1129 2920 1231 2961 nus
1252 2901 1537 2971 est,'ut_il-

1130 2977 1167 3032 li
1196 2986 1444 3047 praestes

1132 3043 1325 3105 5.'hoc
1347 3064 1361 3114 ;
1396 3043 1571 3116 diligit

1131 3119 1277 3178 enim
1308 3126 1527 3189 gentem

1130 3199 1395 3255 nostram,
1434 3198 1491 3245 et

1133 3264 1475 3336 Synagogam

1136 3336 1254 3406 ipse

1135 3404 1438 3462 aediﬁcavit

1137 3478 1189 3533 6.
1221 3476 1394 3532 nobis-
1428 3473 1543 3529 Ibat

1135 3557 1314 3604 autem
1344 3561 1468 3601 cum

1134 3620 1243 3677 illis
1269 3618 1447 3674 Jesus.
1478 3614 1644 3671 Cum-

1136 3707 1240 3762 que
1270 3690 1381 3762 jam
1408 3702 1516 3743 non

1136 3759 1297 3834 longe
1320 3759 1480 3817 abes-

2410 370 2644 429 CODEX
2687 371 3143 431 VERONENSIS.

1978 470 2047 526 de
2081 470 2223 525 malo
2252 469 2403 525 then-

1977 556 2137 597 sauro
2168 544 2403 611 proferet
2429 554 2546 595 ma-

1980 614 2053 667 la.
2086 615 2159 668 Ex
2189 615 2361 667 abun-

1979 685 2161 739 dantia
2192 687 2336 740 enim

1979 757 2161 811 cordis
2182 771 2242 810 os

1980 826 2058 900 (α)
2085 828 2200 898 eius
2222 827 2263 898 i'
2291 828 2374 883 ιο-

1979 912 2180 969 quur.

1979 971 2072 1026 46.
2102 970 2239 1038 Quid
2265 980 2446 1027 autem

1979 1043 2184 1097 voeantis
2214 1057 2320 1107 me,

1984 1113 2233 1179 Domine,

1985 1185 2208 1239 Domine
2233 1201 2246 1249 ;
2279 1194 2337 1241 et

1984 1271 2089 1311 non
2121 1257 2301 1311 facitis

1980 1343 2118 1397 quae
2144 1327 2310 1383 dico?

1980 1400 2070 1453 47.
2097 1400 2305 1463 Omnis,
2337 1400 2427 1468 qui

1982 1471 2129 1526 venit
2159 1471 2225 1524 ad
2256 1486 2364 1538 me,

1982 1550 2039 1598 et
2062 1542 2214 1597 audit
2240 1557 2353 1596 ser-

1982 1629 2173 1668 mones
2199 1628 2348 1667 ["608

1986 1686 2106 1748 bos,
2138 1694 2194 1739 et
2222 1685 2299 1738 la-

1956 1826 1959 1827 ν
1984 1760 2058 1811 cit
2084 1771 2198 1823 eos,
2230 1765 2416 1812 osten—

1984 1828 2108 1883 dam
2136 1827 2289 1882 vobis

1986 1902 2073 1954 cui
2104 1898 2283 1954 simile

1988 1969 2078 2027 48.
2110 1983 2230 2025 est:
2256 1970 2451 2025 similis
2476 1977 2557 2024 est

1986 2042 2192 2096 homini
2227 2041 2415 2096 aediﬁ-

1988 2116 2129 2168 canti
2160 2114 2403 2178 domum,

1986 2190 2076 2256 qui
2105 2184 2238 2239 fodit
2266 2186 2319 2237 itt

1987 2258 2180 2318 altutn.
2208 2266 2263 2309 et
2289 2256 2467 2326 posuit

1988 2329 2339 2381 fundamenta

1987 2414 2149 2468 supra
2182 2408 2387 2468 petram
2411 2414 2428 2465 ;

1993 2471 2356 2524 innundantia

1989 2549 2171 2596 autem
2203 2538 2365 2601 facta.

1993 2612 2071 2684 (b)
2103 2611 2265 2691 ειείεει
2298 2610 2340 2691 i
2360 2609 2469 2691 ,ημ-

1991 2682 2115 2737 men
2144 2682 2329 2736 domui
2359 2682 2470 2749 illi,

1951 2798 1962 2807 .
1992 2762 2047 2809 et
2076 2770 2181 2808 non
2209 2754 2382 2823 potuit

1993 2840 2112 2881 eam
2141 2840 2361 2879 movere
2393 2840 2407 2875 ζ

1994 2895 2218 2951 fundata
2241 2895 2387 2950 enim

1996 2977 2113 3024 erat
2138 2982 2305 3037 super
2330 2982 2424 3033 pe-

1996 3038 2086 3093 49.
2121 3048 2281 3093 tratn.
2308 3037 2443 3093 Nam
2469 3038 2560 3109 qui

1996 3110 2167 3176 audit,
2196 3121 2250 3164 et
2279 3124 2385 3164 non

2000 3181 2153 3247 facit,
2186 3180 2383 3235 similis

2000 3260 2082 3307 est
2105 3253 2307 3313 homini
2338 3252 2481 3308 aedi-

2000 3323 2181 3378 ﬁcanti
2210 3325 2430 3379 domum

2000 3408 2153 3449 suam
2184 3409 2348 3465 supra

2000 3481 2219 3520 arenam
2251 3466 2373 3521 sine

2000 3537 2354 3591 fundamento
2377 3552 2392 3589 :

2002 3608 2166 3662 allisit
2194 3607 2395 3661 ﬂumen

2004 3679 2187 3734 domui
2218 3677 2314 3743 illi,
2346 3685 2403 3733 et

2003 3750 2262 3805 continuo
2283 3748 2463 3805 conci—

1616 3890 1851 3951 coosx
1888 3885 2285 3978 Bntxunus.

2010 4005 2063 4058 in
2107 4017 2269 4072 quam
2315 3998 2505 4054 inlisus
2555 4007 2639 4054 est
2682 3998 2899 4055 ﬂuvius.
2934 4008 2988 4056 et
3017 4002 3278 4057 continuo
3316 4006 3511 4063 cecidit
3549 4016 3604 4064 et

2010 4075 2148 4129 facta
2178 4084 2263 4129 est
2291 4073 2443 4143 ruina
2476 4072 2667 4125 demtis
2706 4073 2850 4128 illius
2880 4088 3093 4143 magna.
3122 4077 3253 4129 Cum
3285 4089 3467 4133 autem
3500 4082 3601 4133 im-

2011 4148 2215 4216 ple‘set
2264 4142 2444 4197 omnia
2476 4146 2634 4197 verba
2679 4159 2773 4216 sua
2818 4145 2869 4197 in
2913 4142 3130 4199 auribus
3157 4148 3352 4216 plebis.
3386 4153 3607 4205 intravit

2010 4215 2408 4283 Capharnannt.
2459 4215 2802 4269 Centurinnis
2848 4228 3025 4269 autem
3078 4215 3358 4285 Cuiusdam
3412 4237 3604 4277 servus

2016 4294 2155 4343 male
2180 4288 2404 4342 habens.
2432 4294 2547 4340 crat
2570 4288 2880 4358 moriturus.
2908 4290 2996 4355 qui
3027 4301 3140 4340 erat
3173 4290 3247 4341 illi
3280 4296 3600 4358 praetinsus.

2011 4360 2112 4427 Qui
2160 4375 2282 4413 ι-ιιιιι
2335 4358 2577 4411 audisset
2631 4360 2697 4409 de
2742 4357 2869 4411 Jesu
2912 4363 3058 4411 misit
3088 4360 3153 4412 ad
3186 4357 3307 4413 enin
3358 4364 3603 4418 St‘tliOl'eS

2007 4432 2338 4487 Judaeornm
2372 4445 2565 4499 rugam
2590 4444 2712 4481 eum
2738 4439 2795 4499 ut
2823 4432 3031 4481 Veniret
3050 4442 3101 4480 et
3128 4434 3358 4487 salvaret
3382 4449 3599 4488 servum

2010 4520 2129 4573 eius
2158 4501 2229 4556 At
2260 4500 2335 4554 illi
2367 4497 2644 4573 venientes
2671 4502 2735 4573 ad
2762 4497 2942 4552 Jesnm
2981 4504 3240 4573 rogabant
3282 4521 3402 4559 eum
3446 4506 3604 4559 sum-

2010 4570 2115 4629 cite
2161 4576 2407 4645 diretttes
2438 4575 2484 4625 ei
2518 4570 2651 4637 Quia
2680 4572 2874 4636 dignus
2897 4582 2978 4623 est
3015 4584 3069 4623 ιιι
3101 4572 3202 4645 ltnc
3243 4576 3318 4628 im
3363 4586 3604 4645 praestes

2010 4646 2182 4715 diligit
2236 4643 2380 4696 enim
2415 4652 2642 4715 gentem
2688 4650 2957 4715 nostram.
2988 4650 3042 4696 et
3095 4643 3433 4715 Synagugzim
3489 4648 3605 4714 ipse

2011 4713 2316 4771 aediﬁcavit
2339 4714 2514 4767 nobis.
2547 4712 2705 4767 Jesus
2734 4720 2914 4768 autem
2949 4714 3059 4769 ibat
3086 4712 3208 4771 cum
3238 4712 3364 4772 illis.
3390 4716 3457 4771 Et
3484 4712 3611 4774 cium

2006 4787 2119 4858 jam
2147 4801 2255 4840 non
2283 4784 2446 4856 longe
2469 4792 2618 4841 esset

1600 4906 1833 4966 CODEX
1868 4903 2340 4964 CORBEIENSIS.

2028 5002 2159 5058 Car.
2214 4998 2325 5082 ΥΠ.
2373 5027 2442 5082 -—_-
2498 4999 2550 5080 ᾗ.
2593 4998 2615 5029 δ
2652 4998 2723 5053 Et
2776 4998 2971 5082 factum
3021 5000 3136 5067 est,
3187 5014 3311 5058 cum
3343 5000 3623 5076 implesset

2102 5073 2285 5128 omnia
2318 5071 2486 5126 verba
2515 5070 2566 5123 in
2591 5085 2749 5124 aures
2769 5070 2959 5138 plebis.

401 5098 489 5155 48.
534 5082 702 5151 inlisit
734 5082 931 5146 ﬂumen
964 5084 1145 5143 domui
1178 5082 1275 5138 illi.

406 5170 494 5226 49.
537 5164 702 5223 allisit
729 5163 929 5220 ﬂumen
954 5157 1139 5215 domui
1169 5155 1263 5212 illi.

404 5382 418 5411 ι

352 5799 545 5879 ἆγένέτο
570 5801 652 5860 ὅτε
678 5799 918 5855 ἐτελέσεν.

648 5894 925 5955 Parnm"
956 5885 1103 5949 XII.

454 5380 559 5430 σαι.
585 5389 715 5433 quae
738 5374 850 5423 dico
874 5364 1223 5433 vobis‘anVlg,
1247 5376 1377 5433 quae
1398 5358 1542 5411 dico?
1599 5422 1609 5433 .

590 5427 785 5489 domum
804 5449 959 5498 suam,
983 5431 1085 5498 qui.
1116 5427 1260 5498 vulg.
1288 5428 1503 5498 domum,
1528 5427 1632 5485 qui.

591 5477 974 5566 Etiﬁﬁiéaa’ia
988 5477 1173 5546 sine...
1200 5477 1317 5554 ἕως
1352 5477 1525 5537 domus
1546 5477 1747 5547 'magna,
1786 5477 1933 5545 Vulg.

2809 468 2906 536 dit,
2940 479 2990 523 et
3024 468 3163 523 facta

2809 550 2891 595 est
2913 541 3068 596 ruina
3098 540 3291 596 domus

2815 653 2828 666 .
2874 653 2887 666 .
2934 653 2947 667 .
2992 652 3007 666 .
3056 656 3066 665 .
3114 649 3129 665 .
3170 628 3386 682 magna.

3006 752 3235 810 CAPUT
3274 754 3389 811 VII.

2817 901 2867 953 1.
2903 898 2975 970 (c)
3000 898 3064 952 Et
3091 897 3291 970 factum
3309 906 3411 963 est,

2814 968 2935 1026 cum
2957 968 3242 1037 implesset
3264 968 3292 1040 -ί

2816 1046 2994 1096 omnia
3026 1042 3185 1096 verba
3298 1106 3299 1109 η

2818 1114 2871 1168 in
2900 1127 3059 1167 aures
3088 1113 3280 1171 plebis,

2818 1184 3043 1239 intravit
3066 1184 3249 1238 Catar-

2819 1272 3001 1311 naum.

2818 1328 2872 1380 “2.
2905 1329 3245 1385 Centurionis

2818 1406 2997 1453 autem
3026 1402 3208 1470 cujus-

2816 1470 2940 1525 dam
2971 1486 3161 1528 servus

2815 1544 2957 1597 male
2980 1542 3205 1610 habens,

2815 1624 2933 1667 erat
2960 1618 3182 1669 moritu-

2818 1700 2931 1749 rus,
2963 1688 3055 1754 qui
3081 1687 3157 1741 illi

2819 1766 2939 1811 erat
2967 1760 3288 1825 praetiosus.

2822 1828 2876 1882 5.
2903 1829 2988 1887 Ει.
3022 1845 3143 1883 cum
3174 1844 3260 1884 au-

2820 1899 2987 1954 disset
3016 1902 3082 1954 de
3109 1900 3201 1957 Je-

2820 1984 2906 2026 su.
2937 1972 3085 2027 misit

2821 2057 2900 2096 se.
2948 2084 2962 2096 .
3008 2085 3022 2099 .
3067 2083 3083 2098 .
3122 2043 3357 2099 Iudaeo-

2824 2115 2963 2178 rum,
2997 2130 3194 2185 rogans

2740 2250 2765 2263 κ
2825 2200 2970 2263 eum,
2999 2198 3055 2239 ut
3078 2202 3173 2263 ve-

2827 2257 2983 2311 niens
3014 2258 3249 2313 salvaret

2828 2343 3043 2383 servum
3075 2345 3213 2397 eius.

2825 2401 2881 2453 4.
2926 2400 3003 2452 Ad
3030 2401 3126 2463 illi,
3155 2414 3249 2455 ve-

2828 2470 3042 2525 nientes
3069 2472 3135 2524 ad

2826 2540 3037 2607 Jesuin,
3069 2556 3225 2612 roga-

2827 2612 2960 2667 bant
2988 2628 3111 2666 eum

2829 2683 3067 2748 solicite,
3094 2684 3183 2738 di-

2831 2766 3022 2809 centes
3053 2773 3067 2810 :
3096 2755 3231 2823 Quia

2832 2825 3027 2896 dignus
3056 2836 3159 2890 est,

2834 2907 2893 2951 ut
2922 2896 3029 2953 hoc
3062 2897 3137 2951 illi

2833 2966 2891 3021 5.
2933 2980 3175 3036 praestes
3206 2984 3219 3019 :
3252 2968 3336 3023 di-

2834 3038 2950 3108 ligit
2981 3040 3126 3095 enim

2834 3118 3051 3181 gentem
3083 3126 3181 3166 no-

2839 3191 3032 3244 stram,
3061 3191 3119 3237 et

2838 3254 3179 3324 Synagngam

2838 3322 2955 3393 ipse
2985 3322 3175 3378 aedili-

2838 3396 2985 3448 cabit
3014 3396 3192 3450 nobis.

2838 3464 2893 3519 6.
2933 3465 3095 3520 Jesus
3125 3474 3305 3522 autem

2840 3534 2972 3589 abiit
3001 3550 3124 3591 cum

2840 3607 2941 3661 eis.
2971 3607 3060 3672 Et,
3081 3622 3205 3663 cum

2838 3676 2950 3747 jam
2988 3693 3096 3732 non

2843 3750 3000 3819 longe
3020 3758 3167 3806 esset

2103 5146 2157 5199 5.
2190 5154 2246 5198 ut
2271 5142 2503 5209 veniret,
2532 5140 2552 5171 "
2581 5149 2637 5195 et
2664 5141 2941 5196 liberaret.

1551 5258 1941 5321 VABIANTES
1978 5255 2382 5315 LECTIONES.

2040 5363 2199 5417 super
2216 5358 2400 5417 terram
2422 5350 2613 5417 sine...
2638 5348 2813 5400 domus
2832 5350 2965 5417 illius
2983 5366 3178 5417 magna.

2163 5412 2289 5463 Gat..
2317 5412 2441 5462 Cum
2461 5412 2715 5472 implesset
2730 5415 2895 5464 omnia
2919 5412 3234 5468 verba'haec.

2105 5477 2128 5509 ³
2153 5476 2258 5527 Gut.
2280 5481 2325 5526 ει
2344 5480 2560 5525 sanaret.
2576 5514 2589 5538 λ

1648 5583 2018 5646 BLANCHINI
2054 5581 2288 5640 ΝΟΤᾸΞ.

413 5731 492 5805 (α)
518 5727 855 5805 Additejtts,
887 5722 1055 5780 etiam
1105 5726 1215 5776 tex.
1247 5714 1344 5773 Gr.
1394 5714 1575 5773 αὐτοῦ.
1613 5738 1682 5751 -
1714 5704 1974 5781 (b).)uxta
2007 5711 2115 5759 tex.
2165 5700 2261 5757 Gr.
2303 5698 2676 5775 προσέρρηξεν.
2721 5724 2793 5739 --
2836 5696 2910 5767 (ε)
2950 5697 3025 5753 lta
3071 5706 3126 5754 et
3173 5699 3293 5758 cod.
3350 5702 3544 5778 Cant.,
3572 5714 3662 5775 καὶ

2985 5862 3063 5927 18

3472 252 3580 316 554
