4042 6192
391 215 500 284 δὸὅ
557 266 560 267 ν
857 261 860 264 -
939 217 1210 276 EUSEBII
1245 214 1587 275 VERCELL.
1631 213 2078 276 EVANGELIUM
2108 216 2251 274 CUM
2292 215 2520 276 VAltllS
2555 215 2711 276 COD.
2751 208 3142 274 COLLATUM.
3584 209 3687 270 556

793 330 1026 394 CODEX
1062 333 1600 392 VERCELLENSIS.
2526 331 2759 390 CODEX
2796 331 3251 393 VERONENSIS.

404 437 489 487 set
514 444 544 484 a
578 428 759 492 domo,
887 469 892 473 .
1236 442 1453 484 servum
1482 425 1504 457 ⁸
1531 442 1619 481 θαι
2100 443 2130 482 a
2156 427 2357 494 domo,
2930 427 3251 482 invenerunt

403 501 554 556 misit
578 499 646 555 ad
670 500 817 556 illurn
1240 515 1391 554 num.
2101 500 2249 553 misit
2284 499 2354 553 ad
2931 513 3146 555 servum
3179 513 3267 553 sa—

407 575 424 605 ¹
451 571 711 628 Centurio
1241 570 1328 625 Η.
1370 569 1435 624 Et
1463 567 1662 625 factum
1691 576 1798 636 est,
2099 570 2255 626 illum
2290 567 2496 626 Centu-
2932 585 3084 625 num.

404 642 628 707 amicos,
656 643 737 698 di-
1238 640 1492 710 deinceps
2100 642 2183 696 rio
2205 642 2411 696 amicos
2936 641 3021 695 11.
3066 641 3131 695 Et
3154 639 3352 694 factum
3381 647 3488 706 est,

405 729 539 771 cens
566 715 652 772 ei:
1239 713 1352 767 ibat
1380 712 1537 767 Jesus
1569 713 1623 767 in
2101 727 2249 778 suos,
2284 712 2472 770 dicens
2499 734 2512 770 :
2933 711 3193 780 deinceps
3219 710 3336 767 ibat

405 787 656 853 Domine,
687 783 798 840 noli
824 798 915 841 ve-
1239 783 1538 847 civitatem,
2105 784 2332 838 Domine
2933 783 2989 838 in
3016 784 3315 848 civitatem,

403 873 535 913 xare
560 865 653 915 te:
682 871 794 914 non
1239 870 1379 925 quae
1403 855 1588 925 appel-
2102 855 2215 911 noli
2244 863 2296 911 te
2325 872 2416 912 ve-
2931 869 3073 920 quae
3100 862 3328 912 vocatur

403 944 524 985 sum
550 929 695 984 enim
1240 925 1384 981 latur
1415 925 1549 980 Nain
1576 944 1592 992 ;
2104 941 2235 982 xare
2261 946 2275 982 :
2305 943 2410 982 non
2931 926 3126 991 Naim;
3154 933 3212 982 et

405 1000 622 1072 dignus,
658 1008 716 1054 ut
1242 1004 1300 1072 et.
1327 997 1554 1054 comita-
2103 999 2249 1055 enim
2279 998 2474 1072 dignus
2935 997 3088 1072 ibant
3097 1011 3234 1072 _cu_m

405 1065 507 1128 sub
536 1081 735 1126 tectum
1246 1068 1440 1122 bantur
1466 1083 1588 1122 cum
2105 1084 2250 1136 sum,
2283 1065 2466 1126 ut'sub
2937 1068 3033 1123 illo
3058 1065 3313 1138 discipuli

402 1158 586 1198 meum
616 1143 635 1173 ’
658 1142 865 1204 intres;
1242 1139 1338 1194 illo
1365 1139 1602 1206 discipu—
2108 1149 2248 1195 tecto
2276 1155 2398 1196 meo
2934 1140 3053 1209 ejus
3084 1139 3160 1209 (ο)
3187 1137 3340 1194 multi
3365 1137 3423 1208 1-,
3449 1139 3451 1142 ’

407 1213 483 1286 (a)
511 1213 607 1268 sed
634 1213 721 1266 die
746 1211 937 1286 -j-_ver-
1242 1211 1282 1286 li
1310 1211 1416 1276 sui,
1448 1219 1504 1265 et
1531 1219 1640 1265 tur-
2108 1212 2161 1286 ἶ.
2204 1212 2372 1266 intres
2387 1229 2412 1286 _;
2445 1213 2524 1285 (a)
2547 1213 2644 1270 sed
2934 1220 2998 1286 et
3015 1211 3172 1286 turba
3197 1224 3290 1286 coe

405 1277 500 1352 bo,
531 1292 587 1340 et
619 1277 832 1339 sanabi-
1245 1283 1312 1354 ba
1345 1297 1557 1354 magna.
2108 1282 2195 1338 dic
2221 1286 2262 1354 -ι-
2293 1277 2517 1350 νεὼο’,’
2939 1283 3026 1354 t2.
3069 1283 3240 1352 piosa.
3279 1277 3360 1351 (ά)
3395 1278 3461 1336 Et

407 1365 496 1412 tur
525 1370 658 1425 puer
689 1369 803 1410 me—
1246 1353 1336 1408 12.
1373 1353 1600 1409 Factum
1633 1363 1718 1410 est
2108 1363 2164 1408 et
2191 1352 2472 1410 sanabitur
2938 1352 3162 1408 factum.
3207 1394 3220 1408 .
3268 1391 3281 1404 .
3329 1392 3342 1404 .
3387 1367 3440 1408 In

407 1427 468 1482 8.
496 1443 578 1482 us.
607 1425 739 1480 Nam
772 1434 825 1481 et
1246 1437 1426 1480 autem
1454 1441 1578 1480 cum
2111 1442 2246 1494 puer
2275 1441 2447 1482 meus.
2941 1425 3344 1494 adpropinqua-

409 1512 511 1569 ego
538 1497 701 1570 homo
731 1513 849 1556 sum
1249 1496 1546 1570 adpropi_n-
2109 1499 2164 1570 δ.
2208 1497 2339 1552 Nam
2368 1507 2424 1554 et
2451 1514 2550 1570 ego
2941 1504 3026 1570 ret
3039 1497 3091 1570 fj-
3114 1506 3303 1570 portae

407 1567 668 1640 potestati
1247 1568 1498 1640 quaretjj-
1522 1583 1651 1638 por-
2112 1567 2275 1624 homo
2303 1585 2420 1624 sum
2487 1567 2508 1570 “
2943 1567 3217 1640 civitatis;

411 1638 688 1708 subjectus
712 1656 726 1694 ί
1250 1649 1335 1693 tae
1363 1638 1597 1694 civitatis
1625 1657 1640 1705 ;
2112 1640 2215 1696 sub
2240 1648 2508 1708 potestate
2944 1639 3020 1765 (e2
3046 1648 3100 1695 et
3127 1639 3165 1710 -ί-
3194 1650 3323 1694 ecce

411 1711 586 1765 habeo
613 1712 713 1765 sub
739 1726 825 1765 me
1249 1708 1321 1765 (ei
1345 1719 1399 1764 et
1431 1709 1472 1765 -i-
1497 1725 1626 1765 ecce
1655 1709 1786 1765 eﬂe-
2110 1713 2458 1765 constitutus.
2943 1725 2973 1765 e
3017 1710 3271 1765 erebatur

409 1711 586 1766 habeo
613 1712 713 1765 sub
739 1726 825 1770 me
1249 1708 1324 1781 (ε)
1345 1719 1399 1764 et
1431 1709 1472 1780 -j-
1497 1725 1626 1768 ecce
1655 1709 1786 1770 elIe-
2110 1713 2458 1775 constitutus,
2943 1708 3271 1766 efferebatur

410 1783 617 1838 milites
645 1803 657 1835 :
687 1782 811 1840 dico
1248 1779 1474 1835 rebatur
1505 1795 1650 1836 mor-
2110 1782 2317 1837 habens
2336 1784 2438 1839 sub
2468 1798 2556 1841 me
2943 1781 3229 1838 defunctus
3259 1779 3400 1836 tilius

407 1853 537 1909 huic
563 1853 719 1918 vade,
748 1863 803 1909 et
1251 1859 1374 1906 tuus
1402 1850 1543 1906 [ilius
2109 1854 2312 1908 milites
2349 1873 2361 1908 :
2396 1864 2450 1911 et
2941 1853 3134 1908 unicus
3161 1852 3349 1910 matris

407 1925 594 1981 vadit:
626 1937 680 1980 et
708 1926 817 1980 alio
1251 1924 1444 1978 unicus
1467 1938 1583 1979 ma-
2110 1925 2234 1980 dico
2264 1925 2389 1981 huic
2942 1939 3112 1989 suae;
3137 1934 3192 1979 et
3218 1924 3352 1978 haec

407 1997 553 2062 veni,
578 2005 633 2051 et
661 1998 849 2054 venit:
883 2007 937 2052 et
1249 1994 1349 2049 tris
1378 2009 1542 2060 suae;
1570 2003 1626 2052 et
1650 1994 1783 2054 haec
2110 1996 2268 2063 vade,
2299 2006 2354 2051 et
2944 1995 3104 2052 vidua
3135 2003 3275 2060 erat,

411 2069 436 2149 ξ
461 2082 623 2149 se_rvo
658 2084 780 2149 meo
1249 2074 1365 2149 erat
1389 2067 1570 2149 vidua,
1603 2137 1616 2149 .
2111 2068 2257 2149 vadit
2287 2086 2300 2122 :
2332 2077 2388 2149 et
2941 2079 2995 2149 et
3025 2067 3180 2149 turba
3311 2066 3449 2122 mul-

409 2139 496 2196 fac
517 2138 642 2204 hoc,
671 2149 726 2194 et
756 2140 830 2195 fa-
1251 2145 1304 2192 et
1333 2138 1488 2210 turba
1515 2137 1647 2193 civi-
1832 2165 1842 2171 -
2111 2139 2218 2192 alio
2247 2138 2391 2204 veni,
2942 2148 2995 2193 ta
3017 2139 3056 2210 -j-
3079 2154 3201 2193 cum
3223 2137 3341 2193 illa.

415 2211 470 2267 9.
503 2211 595 2266 cit.
629 2211 725 2265 His
755 2226 850 2267 au—
1248 2209 1375 2263 tatis
1415 2223 1609 2279 magna
2112 2219 2168 2266 et
2197 2210 2386 2265 venit:
2417 2221 2472 2266 et
2943 2211 3030 2266 ‘15.
3073 2210 3243 2278 Quem
3272 2223 3395 2268 cum

411 2283 562 2342 ditis.
594 2281 753 2337 Jesus
779 2283 886 2341 mi-
1251 2279 1338 2335 15.
1381 2295 1502 2334 cum
1536 2281 1650 2334 illa.
1683 2279 1753 2336 Et
2111 2297 2274 2338 servo
2306 2298 2427 2337 meo
2458 2281 2542 2338 fac
2944 2281 3152 2337 videret
3183 2282 3289 2336 Do-

409 2362 562 2410 ratus
593 2361 704 2408 est:
738 2361 796 2412 et
1249 2349 1270 2382 ⁸
1299 2352 1468 2406 visam
1503 2368 1622 2408 eam
1961 2355 1965 2360 ’
2115 2353 2239 2419 hoc,
2272 2361 2326 2408 et
2355 2354 2498 2409 facit.
2945 2355 3146 2418 minus,
3175 2353 3432 2412 misertus

409 2439 708 2482 conversus
1249 2421 1531 2489 Dominus,
1562 2424 1755 2480 miser-
1839 2493 1843 2494 ν
1907 2492 1943 2494 Α
2113 2424 2167 2480 9.
2210 2425 2448 2482 Audiens
2473 2436 2657 2485 autem
2945 2431 3031 2480 est
3060 2439 3227 2494 super
3256 2439 3401 2491 eam,

407 2497 657 2566 sequenti
689 2511 748 2550 se
1247 2502 1336 2566 tus
1356 2503 1440 2549 est
1463 2495 1534 2561 ei,
1560 2504 1617 2551 et
1638 2496 1773 2554 dixit
1799 2493 1850 2552 ei
1871 2492 2008 2552 :No-
2111 2494 2249 2552 haec
2276 2495 2456 2563 Jesus.
2945 2505 3000 2552 et
3024 2492 3161 2550 dixit
3183 2495 3264 2550 illi
3291 2515 3304 2551 :

410 2564 621 2633 turbae,
641 2567 819 2622 dixit:
1246 2565 1285 2620 li
1313 2564 1466 2622 ﬂere.
2112 2568 2341 2624 miratus
2374 2580 2456 2624 est
2487 2587 2500 2624 :
2947 2566 3067 2622 Noli
3099 2566 3251 2621 ﬂere.

411 2639 586 2694 Amen
614 2638 735 2694 dico
1250 2636 1338 2689 Μ.
1383 2637 1761 2707 Etaccedens,
2113 2648 2169 2696 et
2196 2655 2495 2696 conversus
2946 2639 3033 2694 M.
3078 2637 3146 2692 Et
3174 2639 3422 2706 accessit,

407 2710 587 2781 _vobis,
619 2707 675 2763 in
706 2709 827 2765 nul—
1247 2707 1427 2781 tetigit
1453 2709 1604 2764 locu—
2113 2712 2470 2781 sequentibus
2943 2719 2998 2781 et
3021 2710 3198 2781 tetigit
3221 2710 3375 2766 locu-

409 2779 695 2857 l_o_tant_am
1249 2777 1381 2844 lum,
1406 2786 1491 2857 (et
1516 2781 1608 2850 qui
2113 2777 2208 2857 se,
2228 2783 2402 2857 dixit:
2435 2782 2511 2857 (b)
2945 2780 3081 2849 lum,
3111 2780 3201 2857 (Hi
3227 2797 3328 2837 au-

408 2849 753 2924 ﬁde'minve—
1250 2849 1561 2924 portabant,
1694 2921 1703 2924 Α
2114 2852 2248 2924 Dico
2276 2849 2456 2920 vobis,
2491 2849 2500 2854 ’
2947 2862 3078 2918 tem,
3113 2849 3203 2924 qui
3236 2868 3361 2922 por-

409 2920 468 2977 ni
497 2922 548 2976 in
583 2922 739 2976 lstra-
1248 2922 1541 2991 steterunt)
1576 2930 1631 2977 et
1656 2921 1767 2978 ait:
2114 2923 2170 2978 in
2205 2924 2354 2978 nullo
2380 2936 2498 2980 tan-
2952 2920 3161 2989 tabant',
3195 2920 3366 2982 stete-

412 2993 502 3048 10.
531 2993 638 3048 hel.
669 2991 739 3048 Et
762 3007 847 3049 re-
1252 2989 1274 3020 ⁶
1296 2988 1658 3061 Adulestiens,
2115 3002 2224 3049 tam
2254 2995 2439 3052 ﬁdem.
2483 3033 2499 3058 .
2543 3035 2556 3054 .
2605 3039 2618 3052 .
2953 2994 3102 3120 runt)
3133 2988 3190 3050 et
3219 2998 3296 3050 ait
3325 3013 3340 3050 :

412 3064 557 3119 versi
585 3073 714 3119 sunt
1250 3062 1598 3120 adulescens.
2114 3065 2171 3119 in
2192 3065 2440 3120 Istrahel.
2954 3066 3074 3120 Adu
3098 3081 3311 3120 escens.

409 3064 557 3136 versi
585 3073 714 3119 sunt
1250 3062 1598 3136 adulescens,
2114 3065 2172 3136 in
2192 3065 2440 3123 Istrahel.
2954 3062 3311 3136 Adulescens,
3341 3067 3437 3126 tibi

411 3135 659 3210 domum,
686 3137 777 3205 qui
1249 3133 1345 3210 tibi
1372 3133 1671 3210 dico,_sur-
2052 3187 2058 3193 .
2116 3135 2204 3210 10.
2252 3139 2317 3193 Et
2343 3142 2560 3198 reversi
2956 3137 3100 3204 dico,
3131 3133 3314 3210 surge.

412 3206 569 3281 missi
596 3204 775 3270 erant,
1249 3204 1344 3281 lii.
1385 3220 1472 3276 ge.
1508 3206 1575 3263 Et
1603 3219 1800 3264 conse—
2113 3206 2362 3281 domum,
2386 3213 2478 3281 qui
2954 3210 3042 3281 15.
3085 3211 3151 3265 Et
3177 3204 3404 3281 resedit.

409 3285 466 3334 et
494 3278 819 3334 invenerunt
1248 3275 1327 3330 dit
1353 3275 1562 3333 mortu-
2116 3279 2267 3336 missi
2299 3275 2530 3343 t'uerant.
2949 3280 3044 3353 qui
3068 3290 3188 3338 erat
3209 3297 3358 3339 mor-

1731 3413 1968 3475 CODEX
2004 3413 2402 3478 BRIXIANUS.

407 3530 437 3568 a
472 3514 655 3570 domo.
712 3513 863 3568 misit
907 3512 974 3568 d
1001 3526 1128 3567 cum
1179 3509 1435 3567 Centurio
1465 3512 1672 3567 amicos
1714 3510 1906 3586 dicens
1941 3511 2012 3565 ei.
2122 3522 2249 3586 runt
2293 3529 2512 3586 servum
2564 3515 2655 3586 qui
2702 3513 2994 3585 languebat
3041 3527 3256 3568 sanum.
3298 3511 3368 3567 Et
3407 3511 3736 3586 factumet!

414 3587 643 3642 Domine
699 3586 807 3640 noli
845 3593 898 3640 te
952 3599 1176 3639 vexare.
1204 3587 1330 3654 quia
1390 3598 1494 3638 non
1539 3598 1660 3656 sunt
1710 3582 2019 3656 diguus_ut
2120 3585 2174 3639 in
2205 3588 2451 3656 sequenti
2480 3582 2707 3642 die—ibat
2735 3582 3088 3641 iu'civitatem
3118 3599 3256 3655 quae
3276 3592 3512 3656 vocatur
3535 3583 3736 3648 Naim.

409 3659 512 3714 sub
560 3665 762 3713 tectmn
822 3673 1001 3711 meum
1036 3653 1231 3712 intres.
1269 3665 1488 3728 propter
1519 3653 1663 3728 quod
1693 3669 1792 3709 nec
1817 3669 1904 3728 me
1930 3654 2016 3723 ip-
2123 3668 2177 3712 et
2208 3653 2361 3713 ibant
2391 3674 2510 3712 cum
2543 3659 2636 3712 illo
2675 3658 2925 3728 discipuli
2955 3656 3073 3726 ejus
3099 3653 3153 3712 et
3183 3655 3349 3728 turba
3380 3657 3622 3728 copiosa.
3653 3657 3738 3713 Ut

414 3744 533 3784 sum
563 3729 757 3798 dignus
803 3729 1096 3800 arbitratus
1141 3741 1262 3782 sum
1313 3727 1381 3780 ad
1423 3735 1475 3800 te
1514 3727 1720 3781 venire.
1776 3726 1872 3800 sed
1929 3728 2019 3792 die
2123 3737 2305 3800 autem
2335 3730 2786 3800 adpropinquavit
2819 3724 3018 3798 portae
3061 3729 3300 3782 civitatis
3329 3724 3563 3800 (e)_et1-
3594 3742 3738 3785 ecce

411 3801 581 3854 verbo
624 3796 683 3854 et
726 3799 1006 3854 sanabitur
1049 3813 1182 3867 puer
1223 3813 1376 3852 meus
1426 3796 1560 3850 Nam
1617 3808 1672 3850 et
1711 3813 1810 3867 ego
1854 3796 2018 3852 han
2123 3796 2791 3856 defunctus'ellerrebatur
2832 3796 2986 3855 ﬁtilius
3036 3800 3228 3855 unicus
3276 3796 3436 3852 matri
3486 3796 3636 3854 suae.
3669 3808 3740 3855 et

411 3886 533 3926 sum
559 3870 658 3924 sub
684 3879 950 3938 potestate
977 3870 1303 3923 constitutus
1329 3869 1532 3923 habens
1553 3868 1655 3923 sub
1679 3883 1764 3920 me
1793 3870 2013 3923 milites.
2123 3871 2259 3926 haec
2302 3883 2418 3926 erat
2454 3873 2633 3927 vidua.
2682 3882 2736 3926 et
2779 3872 2933 3926 turba
2978 3870 3216 3926 civitatis
3256 3869 3421 3924 multa
3454 3886 3576 3924 cum
3607 3870 3732 3925 illa.

412 3952 470 4014 et
500 3940 622 3996 dico
668 3941 792 3995 huic
830 3939 989 4014 vade.
1041 3951 1094 4014 et
1130 3943 1314 4014 'vadit.
1371 3951 1426 4014 et
1469 3940 1575 4014 alio
1622 3941 1771 4014 veni.
1826 3949 1878 4014 et
1925 3955 2017 3994 ve-
2122 3944 2293 4009 Quam
2323 3959 2445 4002 cum
2491 3943 2712 4014 vidisset
2752 3943 2908 3998 Jesus
2940 3942 3318 3998 misericordia
3349 3951 3529 4014 motus
3557 3956 3737 4014 super

413 4011 496 4067 nit
527 4019 580 4065 et
609 4026 767 4065 servo
795 4026 916 4066 meo
944 4010 1026 4065 fac
1055 4013 1157 4065 hoc
1190 4020 1243 4066 et
1289 4010 1436 4064 facit.
1480 4010 1574 4064 llis
1608 4010 1808 4083 auditis
1855 4009 2014 4083 Jesus
2121 4029 2205 4068 ea.
2241 4014 2374 4069 dixit
2409 4015 2503 4070 illi.
2538 4014 2654 4068 Noli
2683 4013 2814 4070 ﬂere
2860 4015 2926 4070 Et
2952 4014 3187 4069 accessit
3207 4023 3260 4070 et
3289 4014 3462 4083 tetigit
3484 4009 3734 4069 loculum

413 4084 702 4158 miseratus
747 4091 854 4158 est.
912 4091 966 4137 et
1013 4097 1306 4158 cottversus
1341 4081 1709 4158 sequentibus
1749 4097 1807 4136 se
1845 4082 2015 4158 turbis
2119 4085 2187 4158 _lii
2220 4098 2398 4140 autem
2422 4087 2515 4158 qui
2543 4089 2846 4158 portabant.
2875 4094 3163 4158 steterunt.
3191 4094 3248 4140 et
3273 4081 3739 4158 aitJ'esus.’Adu-

416 4152 778 4230 dixit._Amen
806 4154 926 4208 dico
949 4153 1103 4230 vobis
1131 4169 1230 4230 nec
1245 4157 1310 4230 _in
1341 4151 1583 4230 lsdrahel
1619 4161 1822 4230 tantam
1851 4153 2010 4208 ﬁdem
2044 4225 2052 4230 _
2118 4155 2331 4213 lescens
2362 4151 2457 4213 tibi
2489 4151 2609 4213 dico
2634 4173 2815 4229 surge.
2865 4157 2933 4213 Et
2964 4158 3170 4213 resedit
3197 4156 3450 4230 protinus
3479 4157 3572 4228 qui
3604 4167 3738 4214 erat

417 4227 619 4284 inveni.
654 4225 725 4282 Et
757 4226 963 4284 reversi
991 4226 1080 4296 qui
1111 4225 1260 4282 missi
1289 4225 1505 4280 fuerant
1544 4224 1762 4280 domum
1797 4225 2015 4280 invenc—
2044 4225 2052 4230 ’
2119 4242 2268 4284 mor-

1709 4335 1943 4392 CODEX
1972 4338 2444 4400 CORBEIENSIS.

491 4435 544 4488 7.
585 4433 606 4468 "
641 4431 877 4499 Omittit,
914 4439 1134 4502 propter
1171 4428 1316 4500 quod
1362 4435 1417 4482 et
1455 4430 1722 4502 meipsum
1765 4444 1871 4485 non
1900 4445 2021 4485 sum
2198 4436 2252 4490 9.
2283 4435 2337 4491 iu
2362 4436 2510 4490 nullo
2538 4445 2739 4492 tantam
2775 4437 2933 4493 [idem
2962 4436 3141 4493 inveni
3167 4434 3222 4492 in
3243 4435 3431 4494 israet.

418 4504 639 4579 dignum
686 4500 981 4560 arbitratus
998 4500 1104 4570 ,Vut
1147 4502 1391 4558 venirem
1423 4500 1490 4556 ad
1521 4510 1573 4558 te
1607 4518 1619 4556 :
1651 4501 1692 4574 ἰ·
1722 4503 1862 4572 quod
1891 4519 2018 4574 διῳ-
2203 4507 2290 4563 10.
2335 4508 2658 4565 invenerunt,
2683 4524 2901 4567 servum
2934 4523 3147 4566 sanum.

420 4579 575 4652 pleri!
602 4593 780 4633 recens
808 4591 1010 4631 manus.

1655 4691 2051 4750 VARIANTES
2088 4691 2489 4749 LECTIONES.

485 4791 498 4819 ι
538 4789 643 4837 Gal.
665 4785 901 4837 Centurio
922 4783 949 4814 ⁸
976 4779 1197 4846 (r_oga_ns)
1217 4784 1415 4846 amicos,
1434 4781 1642 4846 dicens:
1665 4781 1896 4846 Domine,
1923 4784 2022 4832 noli
2194 4785 2215 4815 ³
2249 4783 2354 4832 Gal.
2379 4794 2525 4846 servo
2547 4779 2809 4846 meodico,
2833 4778 2926 4846 fac.
2960 4777 3106 4846 Vulg.
3133 4791 3282 4830 servo
3303 4789 3444 4841 meo,
3468 4777 3558 4828 fac.

337 4887 344 4890 .
419 4852 589 4899 vexari
607 4847 906 4911 Magister.)
931 4842 1075 4909 Vulgi
1095 4842 1330 4895 Centurio
1350 4842 1549 4903 amicos,
1574 4843 1743 4896 dicens
1761 4858 1774 4894 :
1791 4845 2019 4908 Domine,
2191 4846 2214 4911 if
2249 4847 2354 4911 Gal.
2381 4848 2472 4911 qui
2491 4844 2770 4911 languebat.
2805 4842 2950 4911 Kartg.
2976 4842 3362 4911 quitlangu‘erat.

421 4911 519 4959 noli
545 4904 736 4960 veiari'.
891 4904 900 4909 ’
1029 4904 1047 4909 ’⁷
1372 4966 1380 4968 Α
2005 4904 2014 4908 ⁷
2192 4910 2213 4941 ⁸
2249 4910 2356 4959 Gal.
2381 4904 2596 4958 vidisset
2607 4908 2633 4956 J
2639 4919 2771 4956 esus.
2809 4905 2956 4968 Vulg.
2981 4904 3186 4968 vidisset
3212 4904 3465 4968 Dominus.

484 4973 505 5004 ³
541 4971 647 5043 Gut.
672 4974 844 5034 intres;
871 4971 959 5022 sed
982 4971 1060 5043 dic
1081 4969 1250 5020 verbo.
1283 4966 1435 5043 il’gtlg.‘
1457 4969 1632 5043 intres.
1655 4967 1868 5040 Propter
1891 4969 2024 5043 quod
2144 5032 2175 5043 η
2195 4971 2216 5001 ⁸
2251 4973 2357 5021 Gut.
2392 4970 2708 5022 Adolescenti
2735 4967 2877 5019 :Tibi
2906 4962 3041 5020 dico.
3082 4967 3231 5036 Vulg.
3267 4962 3738 5030 Adolescensfgtibi

418 5039 472 5084 et
490 5045 570 5082 me
595 5035 750 5095 ipsum
776 5032 869 5084 non
887 5048 993 5083 sum
1017 5033 1217 5096 dignum
1239 5032 1522 5095 arbitratus,
1548 5036 1603 5082 ut
1625 5032 1846 5086 venirem
1869 5032 1930 5084 ad
1952 5036 2021 5081 te:
2129 5032 2258 5082 dico.

418 5097 513 5148 sed
531 5095 610 5146 dic
633 5095 806 5146 verbo.
2192 5096 2211 5126 ⁷
2247 5099 2307 5146 Et
2331 5094 2398 5146 ita
2422 5096 2529 5146 Gal.

1741 5179 2112 5280 sustentui
2143 5218 2374 5279 mons.

496 5329 524 5356 α
553 5320 664 5374 Aut
705 5322 1062 5389 rogans,_aut
1105 5315 1310 5382 dicem;
1334 5315 1480 5389 item
1527 5315 1615 5372 vel
1647 5314 1913 5389 _Magisler
1939 5315 2028 5372 vel
2131 5316 2258 5387 gine
2287 5316 2339 5370 in
2369 5322 2574 5372 textum
2604 5312 2789 5371 illam.

419 5390 640 5445 Domine
662 5389 714 5442 in
755 5383 877 5444 cod.
916 5383 1042 5443 Gat.
1077 5395 1206 5440 sunt
1234 5386 1504 5442 variantes
1531 5383 1796 5444 lectiones
1820 5404 1852 5444 θ
1882 5404 2024 5443 πιπς

483 5528 567 5654 3a)
596 5527 735 5583 Ante
775 5527 864 5580 sed
911 5525 1025 5587 dic,
1058 5523 1211 5578 deest
1254 5531 1460 5591 prapter
1501 5525 1639 5592 quod
1665 5533 1712 5576 et
1743 5541 1821 5579 me
1846 5525 2018 5592 ipsum
2039 5541 2140 5579 non
2163 5543 2278 5581 sum
2301 5525 2515 5594 dignum
2561 5524 2860 5588 arbitratus,
2894 5530 2949 5576 ut
2996 5521 3222 5577 venirem
3269 5521 3342 5574 ad
3389 5529 3457 5587 le,
3486 5520 3647 5576 etiam
3676 5519 3727 5574 in

523 5597 862 5654 .Cant.-—(bi
899 5597 1058 5651 Deest
1082 5595 1262 5654 Amen,
1295 5595 1422 5649 item
1448 5595 1498 5648 in
1532 5594 1751 5648 tex.Gr.
1782 5595 1983 5648 Ibidem
2015 5597 2068 5649 in
2097 5598 2260 5651 nullo.
2296 5597 2360 5650 Et
2389 5599 2457 5652 ita
2489 5596 2731 5651 nonnulli
2755 5595 2927 5648 Latini
2951 5593 3167 5648 codices
3193 5592 3345 5654 olim,
3377 5601 3513 5648 teste
3533 5591 3727 5648 S.Atn-

411 5591 862 5669 cod.Cam.—(b)
899 5597 1058 5669 Deest
1082 5595 1262 5669 Amen,
1295 5595 1422 5649 item
1448 5591 1751 5669 in'tex.(_}r.
1782 5591 1983 5669 Ibidem
2014 5597 2260 5669 iirnullo.
2296 5591 2457 5652 Etita
2489 5596 2731 5669 nonnulli
2755 5595 2927 5669 Latini
2951 5593 3167 5669 codices
3193 5592 3345 5658 olim,
3377 5601 3513 5669 teste
3533 5591 3731 5669 _S_._Atn-

409 5673 615 5727 brosio.
644 5664 986 5740 -(ε)ίᾹ(Ι(Ιὶι
1015 5668 1378 5740 ηιαιιίηρμθῐη
1415 5677 1522 5740 lex.
1546 5665 1642 5721 Gr.
1668 5666 1848 5740 ξκανοὶ.
1876 5665 2044 5740 έμ)
2071 5666 2147 5723 lta
2174 5684 2238 5723 ex
2260 5669 2382 5724 cod.
2413 5669 2595 5740 Cant”
2618 5668 2818 5740 ἐγένετο
2843 5664 2897 5725 δὲ
2924 5669 2994 5729 ὡς
3024 5665 3249 5740 ἤγγιζεν.
3271 5693 3345 5708 -—
3369 5665 3447 5736 (ι)
3471 5664 3633 5724 Addit
3657 5672 3725 5724 et,

404 5758 520 5806 rex.
546 5736 758 5812 qquuc
781 5736 878 5796 Gr.
915 5743 1020 5797 κκί.
1049 5769 1118 5780 --
1149 5737 1216 5812 (Γ)
1247 5737 1386 5795 Ante
1410 5739 1602 5806 multa,
1654 5737 1810 5794 deest
1854 5736 2100 5809 civitatis,
2141 5740 2303 5798 etiam
2356 5741 2408 5794 iu
2435 5739 2554 5797 cod.
2608 5736 2766 5794 Cant.

538 5955 578 5987 “‘-
