4042 6192
360 250 454 316 587

1441 254 1889 324 EVANGELIUM
1928 264 2300 327 SECUNDUM
2338 260 2597 325 LUCAII.

2472 377 2711 437 CODEX
2741 376 3190 439 νΕίιοΝΕΝειθ.

744 372 967 433 CODEX
997 372 1532 437 VERCELLENSIS.
1556 366 1565 373 “

353 484 439 545 us,
471 480 528 545 et
555 472 765 545 coepit__
1177 486 1209 527 a
1240 472 1517 545 languori-
2040 486 2185 543 tuus,
2217 486 2274 533 et
2299 491 2426 532 coe-
2866 475 3147 545 guoribus,

350 542 527 611 loqui.
561 544 626 597 Et
652 542 796 618 dedit
1178 548 1298 613 bus,
1328 542 1384 605 et
1414 563 1533 603 ver-
2040 550 2118 617 pit
2148 549 2313 618 loqui.
2349 549 2413 603 Et
2868 542 2921 601 et
2949 548 3139 618 plagis.

351 628 479 669 eum
512 615 675 669 matri
1178 619 1416 684 boribus,
1450 628 1506 676 et
2038 615 2187 675 dedit
2220 615 2370 674 illum
2868 626 2923 672 et
2952 615 3233 687 spiritibus

351 700 505 761 giae.
549 756 562 761 _
673 756 684 761 _
797 755 830 761 __
1178 692 1459 761 spiritibus
2038 692 2199 747 matri
2230 692 2367 761 ejus.
2868 689 3188 757 immundis;

353 756 440 811 16.
485 755 858 833 Adprehendit
1177 755 1457 833 malignis;
1564 830 1574 833 _
2040 761 2127 815 l6.
2171 755 2393 832 Accepit
2421 769 2601 817 autem
2867 770 2923 815 et
2949 764 3123 817 caecis
3153 755 3292 818 mul-

349 838 529 883 antem
556 830 715 883 timor

351 916 563 963 omnes,
588 910 644 955 et
670 900 768 957 ho—
1178 906 1246 959 tis
1276 905 1497 959 donavit
2035 918 2243 967 omnes,
2280 900 2347 959 et
2868 905 3065 959 visum.

352 972 604 1047 noriﬁfa-
752 1041 785 1047 _7
1176 976 1267 1030 22.
1310 978 1505 1031 visum.
1539 974 1605 1029 Et
1626 987 1749 1028 res-
2034 976 2457 1047 magniﬁcabant
2867 974 2957 1047 272.
2987 977 3051 1030 Et
3082 977 3416 1047 respondens
3436 1022 3451 1047 ,

351 1042 481 1097 bant
509 1044 700 1117 Deum.
734 1041 815 1097 di-
1177 1047 1443 1117 pondens,
1477 1047 1560 1101 di—
2039 1041 2205 1102 Deum
2232 1048 2475 1102 dicentes
2504 1064 2516 1101 :
2869 1046 3003 1117 dixit
3032 1049 3136 1101 illis
3170 1041 3184 1101 Ξ

349 1125 583 1189 centes_:
612 1116 756 1189 Quo-
1179 1116 1262 1173 xit
1289 1119 1395 1175 illis
1421 1136 1434 1173 :
1464 1118 1616 1173 Eun-
2035 1117 2191 1186 Quod
2222 1118 2493 1189 Propheta
2866 1116 2965 1189 ite,
2996 1121 3239 1175 nuntiate

351 1186 496 1240 niam
528 1186 770 1256 Prophe—
1180 1197 1260 1271 tes
1281 1205 1485 1271 renun-
2036 1205 2263 1271 ttiagnus
2292 1186 2412 1245 sur.
2868 1188 3123 1271 Iohanni,

352 1267 401 1310 ta
428 1272 655 1328 magnus
1181 1261 1309 1317 tiate
1338 1262 1540 1317 Johan—
2036 1261 2180 1331 rexit
2208 1261 2258 1314 in
2293 1276 2383 1315 no-
2868 1276 3007 1331 quae
3037 1262 3265 1327 vidistis,

350 1330 586 1403 surrexit
614 1333 666 1382 in
732 1397 744 1403 _
1179 1333 1254 1399 ni,
1288 1348 1423 1403 quae
1451 1332 1614 1387 vidis-
2035 1330 2149 1403 bis;
2180 1340 2233 1385 et
2260 1333 2386 1402 quia
2868 1342 2923 1403 et
2944 1332 3172 1389 audistis
3204 1353 3217 1389 :

348 1400 539 1465 nobis;
572 1407 630 1455 et
657 1397 782 1470 quia

347 1471 589 1526 visitavit
616 1472 762 1527 Deus

1177 843 1231 888 et
1260 830 1437 889 caecis
1469 830 1607 887 mul-

1179 1403 1264 1468 tis,
1294 1413 1347 1459 et
1379 1404 1562 1458 audis-

1178 1473 1245 1528 tis
1279 1493 1291 1529 :
1322 1475 1478 1530 Caeci
1511 1475 1587 1527 vi-

2038 833 2205 888 timor
2234 849 2462 903 magnus

2035 1402 2275 1457 visitavit

2036 1474 2180 1528 Deus
2210 1474 2419 1543 plebem

2871 833 2939 885 tis
2959 833 3180 889 donavit

2869 1400 3028 1458 Caeci
3068 1405 3270 1472 vident,

2871 1474 3011 1529 clodi
3035 1477 3224 1532 ambu-

349 1543 607 1618 populum
628 1556 717 1605 su-
1176 1543 1327 1618 dent,
1357 1546 1499 1601 clodi
2033 1547 2272 1618 su7am7in
2302 1544 2483 1618 bono.
2872 1546 3003 1611 lant,
3035 1547 3232 1618 leprosi

347 1631 439 1670 um
470 1616 524 1669 in
549 1615 713 1669 bono.
1176 1617 1474 1681 ambulant,
2035 1616 2123 1669 17.
2167 1616 2233 1669 Et
2264 1615 2405 1671 exiit
2433 1616 2519 1672 hic
2872 1615 3223 1685 mundantur,

349 1686 437 1740 17.
483 1686 551 1741 Et
574 1685 743 1741 exibit
767 1698 891 1739 νει*-
1178 1687 1381 1757 ieprosi
1409 1704 1536 1758 pur-

2069 1702 2218 1741 ermo
2248 1686 2322 1758 (a)
2348 1688 2403 1742 in
2873 1691 3071 1745 mortui
3101 1707 3184 1746 re-

344 1758 473 1813 bum
492 1758 605 1833 _ho_c
634 1758 689 1812 in
1176 1771 1391 1833 gantur,
1422 1775 1541 1814 sur—
2040 1760 2293 1833 universa
2872 1770 3118 1831 surgunt,
3146 1778 3278 1833 pau-

346 1837 458 1901 tota
484 1828 712 1895 Judaea,
1178 1831 1229 1885 di
1259 1832 1503 1896 audiunt,
2038 1829 2264 1901 Judaea,
2873 1828 3029 1901 perés
3056 1828 3221 1889 evan-

344 1900 413 1955 de
444 1901 560 1965 illo,
595 1910 648 1955 et
676 1902 727 1955 in
1178 1903 1375 1957 mortui
1402 1919 1490 1957 re-
2041 1900 2110 1955 Et
2129 1900 2278 1956 omni
2307 1915 2439 1957 con-
2872 1900 3175 1965 gelizantur
3208 1926 3219 1959 :

345 1972 498 2027 omni
525 1971 687 2045 ﬁniti.
1176 1984 1418 2045 surgent,
1453 1988 1583 2041 pau-
2039 1973 2167 2045 tinio
2194 1973 2429 2045 regionis
2872 1971 2964 2029 23.
3006 1985 3080 2041 et,
3112 1978 3301 2035 beatus

344 2059 431 2117 ma
463 2044 707 2117 regione.
780 2114 789 2117 7
1175 2043 1332 2113 peres
1360 2061 1523 2100 evan-
2034 2043 2177 2117 illius
2195 2044 2236 2115 ἰ-
2257 2045 2325 2099 de
2350 2060 2437 2117 eo.
2874 2055 2976 2112 est,
3003 2048 3092 2117 qui
3116 2049 3169 2103 in

348 2114 435 2170 18.
481 2114 549 2170 Et
578 2114 858 2170 renuntia-
1171 2117 1471 2185 gelizantur
1502 2135 1515 2171 :
2039 2116 2125 2170 18.
2171 2114 2234 2169 Et
2265 2116 2477 2170 nuntia-
2874 2132 2959 2171 me
2989 2114 3095 2173 non
3129 2119 3243 2176 fue-

346 2197 543 2242 verunt
572 2186 667 2242 Jo-
1174 2188 1265 2241 25.
1309 2197 1382 2253 et,
1412 2188 1601 2243 beatus
2038 2187 2479 2241 veruntJohanni
2875 2188 2944 2241 rit
2974 2190 3201 2245 scanda-

347 2259 512 2331 hanni
550 2257 713 2331 disci:
759 2327 798 2331 _
1176 2259 1300 2325 erit,
1331 2260 1575 2330 quicum—
2035 2257 2291 2331 discipuli
2313 2258 2455 2331 ejus
2872 2258 2963 2313 24.
3008 2260 3217 2318 lizatus.
3248 2262 3335 2331 Et,

352 2329 439 2385 19.
480 2330 592 2401 puli
621 2330 724 2387 sui.
758 2327 850 2392 Et,
876 2338 1016 2382 con-
1176 2346 1282 2401 que
1312 2327 1418 2384 non
1449 2346 1607 2387 scan-
2038 2328 2104 2401 de
2127 2329 2379 2385 omnibus
2409 2329 2542 2401 Itis.7
2872 2345 2996 2385 cum
3022 2332 3226 2389 disces-

345 2400 551 2456 vocatis
579 2402 720 2456 duo-
1177 2400 1498 2457 dalizabitur
2041 2400 2128 2454 19.
2162 2401 2228 2455 Ει
2256 2400 2573 2455 convocavit
2871 2402 3071 2457 sissent
3102 2421 3239 2461 nun-

348 2473 448 2527 bus
476 2473 700 2542 quibus—
1177 2472 1231 2526 in
1261 2489 1366 2527 me.
2038 2469 2174 2525 duos
2205 2471 2408 2526 Joltan-
2873 2473 2930 2526 tii
2958 2474 3035 2528 illi
3062 2474 3155 2530 Jo-

347 2542 470 2598 datn
501 2560 563 2598 ex
597 2543 756 2597 disci—
1174 2544 1265 2598 24.
1306 2545 1551 2613 Cumque
1580 2542 1687 2598 dis-
2038 2556 2135 2613 nes
2160 2542 2226 2597 de
2246 2542 2408 2613 disei-
2612 2611 2621 2613 _
2873 2544 3089 2611 hannis,

349 2617 492 2687 pulis
520 2616 655 2678 suis.
684 2613 777 2670 Jo-
1175 2611 1475 2687 cessissent
2036 2612 2175 2687 pulis
2202 2612 2335 2667 suis.
2382 2650 2395 2665 .
2444 2652 2456 2664 .
2503 2652 2515 2665 .
2557 2611 2625 2668 ad
2870 2618 3049 2687 coepit
3079 2617 3161 2672 di-

348 2682 560 2741 bannes
582 2687 686 2741 mi-
1180 2687 1350 2740 nuntii
1377 2685 1579 2740 Johan-
2034 2682 2242 2739 Jesum.
2291 2724 2303 2735 .
2351 2724 2366 2739 .
2410 2723 2425 2737 .
2872 2682 3085 2743 cereatl

345 2761 418 2812 sit
446 2759 514 2812 ad
548 2758 853 2822 Dominum,
1182 2758 1287 2822 nis,
1312 2757 1493 2829 coepit
2041 2755 2121 2810 Tu
2149 2771 2229 2821 es,
2258 2755 2348 2825 qui
2873 2758 3055 2829 turbas
3077 2760 3146 2816 de

344 2830 576 2885 dicens:
1182 2830 1365 2884 dicere
1395 2826 1463 2883 de
2044 2836 2303 2882 venturus
2335 2841 2394 2882 es
2424 2868 2441 2893 ,
2870 2826 3119 2887 Johanne
3147 2848 3160 2883 :

346 2900 428 2955 Tu
451 2917 531 2968 es,
557 2902 647 2973 qui
676 2915 804 2956 γοῦν
1173 2900 1458 2973 Johannen
2039 2914 2106 2953 an
2136 2898 2297 2952 alium
2334 2913 2429 2973 ex-
2872 2899 3008 2973 Quid
3031 2903 3218 2958 existis

347 2984 501 3026 turus
526 2970 608 3039 es,
637 2988 703 3026 an
732 2988 789 3025 a-
1040 3020 1058 3033 ,
1173 2972 1240 3026 ad
1274 2972 1456 3026 turbas
1490 2989 1500 3023 :
2040 2970 2355 3040 pectamus?
2874 2971 2927 3026 in
2955 2973 3230 3031 desertum

347 3045 481 3117 lium
505 3059 700 3117 expect
728 3114 766 3117 _
1173 3042 1312 3117 Quid
1342 3042 1528 3098 existis
2038 3041 2127 3097 20.
2174 3040 2558 3117 Adveniettws.
2874 3043 3097 3117 videre?
3124 3061 3291 3102 arun-

346 3116 439 3171 20.
483 3112 701 3171 tamus?
726 3114 793 3170 Et
815 3127 907 3169 νο·
1174 3115 1228 3169 in
1260 3114 1475 3170 deserto
2037 3123 2215 3169 autem
2248 3112 2315 3167 ad
2872 3114 3053 3171 dinem
3078 3134 3108 3172 a

348 3198 543 3242 nerunt
573 3189 652 3241 vi-
1175 3186 1401 3241 videre?
1427 3186 1521 3239 ba-
2039 3200 2161 3240 eum
2194 3184 2315 3251 viri,
2873 3202 3033 3243 vento
3058 3206 3175 3244 m0-

348 3260 393 3312 ri
426 3260 490 3313 ad
516 3274 659 3324 eum,
684 3267 739 3314 et
1175 3258 1460 3313 rundinem
2039 3257 2291 3313 dixerunt
2319 3273 2333 3309 :
2366 3254 2457 3311 Jo-
2872 3256 2963 3313 25.
3008 3261 3162 3316 veri?
3186 3260 3295 3317 Sed

345 3330 602 3385 dixerunt
626 3348 638 3383 :
1175 3346 1201 3381 a
1236 3339 1395 3384 vento
1416 3343 1529 3383 mo-
1803 3399 1809 3400 7
2040 3327 2245 3383 hannes
2264 3328 2409 3381 misit
2872 3332 2997 3400 quid
3021 3332 3207 3389 exiStis

344 3401 624 3457 Johannes
1174 3401 1264 3456 25.
1313 3402 1423 3455 veri
1452 3402 1475 3453 ?
1500 3402 1515 3431 ¹
1550 3400 1655 3457 Sed
1684 3399 1814 3471 quid
2040 3415 2137 3454 nos
2160 3401 2397 3469 Baptista
2872 3399 3097 3457 videre?
3124 3404 3222 3459 bo-

344 3473 586 3543 Baptista
614 3473 711 3527 mi-
1175 3472 1364 3527 existis
1395 3471 1535 3527 ride-
2038 3471 2104 3543 ad
2135 3482 2206 3536 te,
2230 3472 2451 3543 dicens:
2874 3473 3072 3527 minem
3102 3475 3237 3530 mol-

343 3540 568 3612 sit'nos,
597 3544 783 3600 dicens
810 3558 824 3594 :
1173 3544 1276 3598 re?
1304 3544 1577 3598 hominem
2038 3540 2115 3595 Tu
2142 3557 2223 3607 es,
2254 3542 2345 3611 qui
2872 3543 3011 3598 libus
3034 3547 3198 3599 vesti-

342 3615 423 3670 Tu
456 3631 534 3682 es,
568 3618 659 3686 qui
686 3629 814 3670 ven—
1176 3614 1565 3686 mollibusves-
2042 3624 2299 3686 venturus
2322 3625 2403 3674 es,
2872 3616 3067 3669 mentis
3099 3616 3253 3672 indu-

340 3698 497 3743 turus
524 3702 605 3755 es,
638 3702 704 3741 an

338 3759 504 3813 alium
534 3774 731 3828 expec-

336 3831 428 3884 21.
474 3830 693 3884 tamus?
725 3827 927 3885 Eadem

335 3900 469 3957 hora
501 3900 580 3974 (ι)
612 3916 777 3974 ettra-

334 3976 427 4029 bat
453 3974 493 4043 αξη
513 3972 723 4029 inultos

1176 3685 1415 3739 timentis
1436 3685 1518 3739 itt-

1173 3756 1359 3811 dutum
1384 3757 1405 3809 ?
1431 3756 1531 3811 Ec-

1170 3843 1250 3895 ce,
1286 3828 1377 3896 qui
1404 3829 1457 3882 in
1492 3844 1612 3885 ves-

1170 3908 1222 3954 te
1252 3902 1519 3970 praetiosa

1168 3979 1224 4025 et
1253 3971 1305 4026 in
1323 3971 1514 4027 delici-

2038 3700 2105 3737 an
2131 3685 2293 3738 alium
2318 3697 2406 3738 ex-

2075 3766 2315 3809 ectamus
2341 3756 2364 3805 ?

2086 3826 2131 3879 i.
2172 3825 2229 3881 In
2253 3826 2365 3894 ipsa
2396 3825 2523 3882 hora

2041 3897 2115 3970 (ὁ)
2143 3898 2369 3953 curabat
2398 3897 2439 3968 1—

2040 3970 2237 4025 multos
2264 3983 2296 4023 a
2320 3970 2407 4024 lan
2424 4000 2438 4010 -

2874 3688 3020 3757 tum?
3042 3686 3179 3743 Ecce
3209 3732 3223 3757 ,

2872 3756 3032 3827 quiin
3058 3767 3206 3814 veste

2871 3828 3139 3899 praetiosa

2868 3910 3017 3962 sunt,
3043 3911 3096 3955 et
3122 3902 3179 3955 in

2870 3969 3091 4039 delitiis,
3112 3972 3167 4027 in

3546 272 3652 334 658

1651 4086 1884 4145 CODEX
1920 4086 2317 4144 BRIXIANUS.

333 4197 457 4241 tuus
499 4194 557 4239 et
607 4183 773 4253 cmpit
804 4182 973 4252 loqui.
1024 4181 1091 4236 Et
1120 4180 1354 4254 reddidit
1384 4182 1533 4237 illum
1580 4182 1737 4237 matri
1772 4196 1921 4236 suae.
1958 4222 1961 4229 η
2032 4181 2233 4236 Eadem
2281 4190 2461 4254 autem
2500 4180 2631 4235 hora
2663 4183 2874 4235 curavit
2919 4183 3117 4238 multos
3144 4199 3173 4237 a
3202 4184 3551 4254 languoribus
3576 4203 3635 4249 et

332 4252 705 4325 Adprehendit
744 4264 923 4308 autem
968 4268 1165 4325 omnes
1205 4253 1387 4308 timor.
1418 4264 1467 4307 et
1511 4254 1930 4323 magniticabant
2036 4253 2224 4323 plagis.
2252 4265 2305 4306 et
2334 4252 2617 4322 spiritibus
2645 4253 2821 4307 malis.
2862 4255 3133 4325 etcaecis
3180 4252 3366 4313 multis
3408 4260 3633 4318 donavit

332 4324 499 4383 Deum
527 4327 791 4382 dicentes.
830 4326 963 4392 Quia
1013 4324 1281 4393 Propheta
1324 4341 1550 4393 magnus
1595 4330 1828 4379 surrexit
1875 4327 1926 4378 in
2037 4327 2231 4378 visum.
2264 4326 2329 4378 lit
2360 4325 2697 4395 respondens
2722 4325 2880 4379 Jesus
2910 4324 3044 4378 dixit
3074 4326 3202 4381 illis.
3248 4329 3449 4385 Euntes
3487 4348 3629 4389 nun-

332 4400 511 4455 noh‘ta.
540 4407 596 4452 et
623 4399 747 4467 quia
778 4396 1018 4451 visitavit
1052 4397 1193 4469 licus
1242 4398 1453 4469 plebem
1486 4413 1661 4451 suam.
1694 4398 1755 4449 Et
1799 4396 1929 4452 exiit
2037 4397 2165 4449 tiate
2192 4396 2430 4469 Joltaoni
2473 4410 2617 4469 quae
2662 4395 2895 4469 vidistis.
2929 4406 2983 4469 et
3011 4396 3258 4469 audistis.
3304 4402 3429 4469 quia
3481 4406 3629 4459 caeci

332 4470 421 4526 hic
445 4484 629 4526 sermo
644 4466 711 4525 in
742 4470 1048 4523 universam
1074 4466 1334 4523 Iudaeam
1356 4468 1425 4524 de
1452 4484 1537 4523 eo.
1564 4480 1615 4522 et
1638 4470 1691 4522 in
1710 4484 1931 4523 omnem
2038 4469 2242 4522 rident.
2276 4467 2417 4521 clodi
2440 4467 2738 4520 ambulant.
2761 4467 2960 4535 leprosi
2984 4466 3337 4523 mandantur.
3358 4474 3509 4529 surdi
3534 4492 3631 4530 au-

331 4545 632 4611 regimicm.
928 4609 939 4611 7
989 4609 995 4611 7
1138 4610 1143 4611 7
1204 4610 1213 4611 7
1308 4610 1311 4611 7
1712 4610 1715 4611 7
2037 4539 2214 4594 ditant.
2246 4539 2441 4611 mortui
2475 4548 2779 4607 resurgunt.
2816 4551 3081 4611 pauperes
3107 4544 3547 4611 evangelizantur
3575 4557 3631 4602 et

407 4608 473 4667 Et
502 4612 888 4667 nuntiaverunt
916 4609 1146 4665 Joltanni
1185 4610 1430 4680 discipuli
1463 4612 1581 4679 ejus
1608 4611 1673 4665 de
1708 4610 1787 4664 his
1810 4626 1926 4664 om-
2034 4611 2227 4680 beatus
2248 4618 2334 4663 est
2357 4610 2663 4678 quicunque
2691 4623 2797 4662 non
2826 4608 2988 4663 fuerit
3016 4608 3413 4670 scandalizatus
3436 4618 3488 4669 in
3518 4632 3626 4672 me.

330 4685 492 4739 nibus
519 4694 573 4739 et
599 4684 919 4757 convocavit
939 4681 1077 4736 duos
1099 4681 1166 4757 de
1187 4679 1465 4757 discipulis
1486 4684 1600 4737 suis
1620 4682 1921 4739 Johannes.
2032 4679 2169 4757 Cum
2197 4691 2378 4757 autem
2426 4680 2653 4757 discessi
2689 4689 2876 4757 essent
2918 4683 3099 4757 nuncii
3148 4684 3410 4757 .loliannis
3451 4689 3633 4757 coepit

2032 4753 2215 4805 dicere
2250 4751 2406 4805 .lesus
2440 4751 2505 4804 de
2535 4750 2785 4805 Johanne
2814 4752 2877 4805 ad
2908 4753 3114 4807 turbas.
3148 4756 3287 4822 Quid
3332 4758 3524 4811 existis
3554 4750 3627 4814 'in

328 4828 496 4881 alium
537 4834 907 4898 expectamus.
952 4822 1107 4898 Cum_
1138 4833 1316 4898 autem
1366 4827 1640 4898 venissent
1688 4824 1754 4898 ad
1797 4839 1922 4898 cum
2032 4824 2310 4898 desertum
2358 4822 2548 4898 videre
2588 4822 2950 4898 harundinem
2982 4840 3011 4878 a
3042 4838 3203 4898 vento
3245 4830 3469 4881 moveri.
3522 4830 3630 4885 Sed

329 4900 429 4953 viri
459 4893 737 4953 dixerunt.
767 4894 1042 4951 Iohannes
1071 4894 1313 4965 Baptista
1348 4897 1493 4950 misit
1522 4911 1619 4951 nos
1649 4896 1715 4949 ad
1747 4905 1798 4949 te
1835 4894 1919 4948 di-
2033 4894 2160 4964 quid
2209 4894 2401 4949 existis
2446 4893 2630 4948 videre
2684 4895 2957 4949 hominem
3006 4896 3260 4951 mollibus
3297 4898 3636 4958 vestimentis

326 4984 481 5026 cens.
509 4969 591 5024 'l‘u
615 4984 677 5025 es
702 4968 791 5039 qui
822 4976 1081 5023 venturus
1119 4982 1197 5022 es.
1238 4982 1308 5023 an
1344 4965 1507 5022 alium
1550 4975 1917 5037 expectamus.
2035 4965 2279 5031 indutum
2314 4966 2455 5021 Ecce
2476 4967 2567 5036 qui
2614 4965 2667 5019 in
2710 4976 2859 5021 veste
2901 4967 3138 5035 pretiosa
3185 4977 3314 5024 sunt
3344 4979 3400 5025 et
3426 4970 3636 5028 deliciis

1611 5078 1845 5137 CODEX
1880 5075 2353 5138 CORBEIENSIS.

2107 5174 2198 5265 2§.
2244 5175 2295 5265 i7n
2329 5181 2480 5265 veste
2512 5172 2747 5265 pretiosa
2787 5181 2945 5265 sunt,
2974 5182 3039 5265 et.
3061 5174 3115 5241 in
3153 5175 3366 5238 deliciis
3409 5195 3636 5265 supera.

2037 5245 2295 5310 bundant,
2329 5245 2383 5299 in
2405 5243 2657 5300 domibus
2686 5243 2892 5317 Regum
2914 5254 3061 5304 sunt.

330 4768 386 4811 et
404 4757 547 4810 misit
577 4755 643 4808 ad
675 4754 857 4809 Jesum
890 4753 1095 4823 dicens.
1125 4750 1204 4806 Tu
1232 4768 1290 4807 es
1324 4754 1414 4823 qui
1458 4764 1719 4808 venturus
1745 4770 1823 4807 es.
1855 4769 1923 4807 an

400 5177 490 5234 16.
530 5175 768 5233 visitavit
790 5175 1006 5247 plebem
1033 5190 1184 5231 suam
1211 5176 1268 5231 in
1292 5177 1455 5233 bono.

405 5250 492 5304 17.
534 5250 587 5304 in
618 5248 765 5302 omni
794 5247 991 5303 contini
1014 5248 1251 5318 regione.

399 5320 491 5377 24.
534 5320 857 5377 arundinem
878 5321 899 5350 ²
922 5335 952 5374 a
978 5329 1139 5375 vento
1167 5321 1391 5379 moveri.

1550 5412 1947 5471 VARIANTES
1984 5408 2392 5470 LECTIONES.

2100 5506 2119 5536 ’
2154 5505 2213 5555 Ει
2236 5503 2302 5555 ita
2329 5504 2437 5555 Gal.
2467 5508 2510 5554 et
2538 5506 2654 5555 Mm.

1623 5611 1990 5677 BLANCIIINI
2018 5609 2248 5671 NOTIE-

325 5783 370 5839 Ο
398 5714 475 5782 (η)
628 5720 684 5799 e71
734 5717 845 5767 tex.
874 5708 971 5766 Gr.
998 5709 1051 5766 ἐν
1070 5711 1159 5785 ολῃ
1179 5719 1243 5787 τῇ
1268 5710 1637 5787 ἰουδαίᾳξπερὶ
1665 5712 1849 5779 αὐτοῦ,
1879 5712 1966 5768 καὶ
2001 5708 2054 5765 ἐν
2090 5708 2237 5781 πάσῃ
2273 5713 2337 5780 τῇ
2363 5705 2667 5782 περιχώρῳ.
2701 5701 2869 5759 Favet
2909 5698 3300 5779 Verceli.--(b)
3328 5706 3407 5765 lia
3434 5718 3490 5767 et
3513 5711 3642 5768 cod.

374 5796 514 5839 antu
589 5799 831 5839 tnurrsue‘

374 5796 514 5849 ant,
540 5796 831 5859 ἐθεράπευε*
870 5840 871 5847 γ

395 5508 411 5540 ι
449 5508 559 5559 Gal.
583 5506 675 5556 sed
698 5505 907 5563 existis.
927 5500 1071 5568 Vulg.
1094 5503 1195 5554 Sed
1219 5503 1336 5567 quid
1360 5506 1555 5557 existis.
