2021 3096
188 131 243 161 559

384 184 502 214 CODEX
522 183 792 213 VERCELLENSIS.

194 236 217 263 is
230 234 400 270 superabun-

193 271 269 304 dant,
281 271 307 297 in
319 270 368 297 do-

194 307 283 335 mibus
296 312 389 341 regum

192 347 266 370 sunt.

193 378 239 406 26.
260 377 313 405 Sed
328 376 391 412 quid
404 376 479 405 exis-

193 414 229 442 tis
243 413 336 441 videre
347 413 359 439 ἰ

193 449 374 485 Prophetam?

192 484 282 513 Etiam
296 484 358 512 dico

192 522 271 549 vobis
284 530 290 547 :
307 519 393 548 Nemo

193 557 281 592 major
294 557 321 583 in
332 563 379 583 na-

193 594 228 620 tis
239 591 398 624 mulierum,

192 628 310 662 amplior
323 631 366 655 est

192 663 337 692 Johannen
396 689 399 691 _

190 699 312 734 Baptista
321 719 329 732 ,
345 699 353 714 ‘
370 702 398 726 et.

192 735 311 770 amplius
320 742 402 770 quam

192 770 340 805 Propheta.

191 806 240 834 27.
250 804 311 833 Ἡίε
321 809 378 839 est,
393 804 427 833 de
437 811 495 840 quo

192 842 325 876 scriptum

191 882 235 906 cst
250 886 256 904 :
274 877 344 905 Ecce
353 877 413 904 mit-

192 918 220 941 to
240 913 373 949 Angelum

190 957 282 977 meum
299 953 362 976 ante

188 985 287 1013 faciem
305 990 347 1012 tu-

191 1027 245 1054 am,
262 1020 307 1061 qui
324 1026 404 1061 prae-

189 1060 295 1092 paravit
307 1060 348 1084 vi-

189 1100 233 1119 am
244 1097 327 1120 tuam.

188 1128 236 1156 28.
252 1129 317 1155 Dico
330 1130 421 1155 autem
438 1132 486 1153 vo-

187 1164 231 1191 bis
246 1172 254 1190 :
270 1163 356 1197 Major
367 1163 395 1190 in

187 1199 260 1227 natis
276 1198 372 1227 mulie-

188 1243 249 1263 rum
261 1234 364 1263 Johan.

188 1278 243 1298 neu
253 1270 359 1306 Baptis-

189 1311 216 1333 ta
232 1314 313 1334 nemo
326 1311 378 1334 est.

188 1341 223 1369 Et
234 1342 279 1377 qui
298 1342 378 1369 mini—

189 1384 250 1404 mus
265 1381 305 1404 est
323 1377 350 1404 in

189 1420 275 1448 regno
288 1412 348 1444 Dei,

188 1448 277 1483 major
292 1448 341 1475 illo

189 1481 240 1512 29.
251 1488 302 1511 est.
317 1482 349 1510 Et
366 1484 377 1499 '
393 1481 491 1511 omnis

188 1520 304 1555 populus
317 1526 380 1547 cum

188 1555 338 1586 audissent.

189 1595 217 1619 et
228 1590 364 1626 publicani

185 1624 405 1662 justiﬁcaverunt
419 1624 518 1655 Deum,

188 1661 371 1705 baptizatiﬂ'i)
387 1661 455 1696 bap-

188 1773 271 1797 risaei
284 1773 373 1797 autem
385 1788 392 1801 .

189 1809 216 1833 et
226 1804 294 1840 legis
304 1805 370 1833 doo-

138 1865 140 1868 .
189 1846 265 1870 tores
279 1841 370 1869 consi-

611 232 687 259 lium.
710 250 717 257 .
733 231 758 258 ei
776 237 852 266 spre-

611 271 709 295 verunt
723 267 733 282 ³
748 267 774 293 in

612 310 652 336 se,
667 310 729 330 cum
742 309 795 329 non
827 309 831 311 ‘

644 359 651 367 .
675 358 682 365 .
705 358 711 365 .
733 337 840 373 ntbap-

614 394 622 402 .
645 395 652 402 .
674 394 680 401 .
702 374 749 401 ali.

612 410 657 451 5t.
677 408 714 473 Sf)
728 410 777 437 Cu.
795 408 832 444 ,νι-
846 415 911 444 ergo
922 407 995 436 adsi-

613 446 676 473 mtla
697 445 771 472 oho-

613 445 713 473 milabo
721 445 771 472 ho-

613 482 702 509 mines
715 489 782 515 gen-

596 536 598 540 .
614 517 649 544 tis
663 517 764 551 hujus?
779 521 808 544 et

614 553 656 579 cui
672 557 736 580 sunt
750 552 788 579 si-

613 588 659 616 52.
680 587 776 615 miles?
791 587 871 616 Simi-

613 624 654 651 les
669 629 732 651 sunt
746 624 788 651 in-

613 659 731 687 fantibus
749 659 778 686 in

615 695 674 723 foro
684 695 782 724 seden-

614 730 696 763 tibus,
713 730 759 765 qui
780 730 836 758 cla-

615 772 689 794 mant
703 766 735 793 ad
751 766 790 794 al-

615 806 761 834 terulrum.

626 837 654 873 d)
665 837 786 865 dicentes
799 837 820 873 -ιι
836 846 842 864 :

637 874 789 900 antavimus

615 908 704 941 vobis,
720 913 748 936 et
762 916 816 936 non

614 944 733 972 saltastis
746 953 753 971 :
768 944 810 971 la-

613 980 794 1008 mentavimus

613 1016 701 1046 vobis.
713 1020 741 1043 et
753 1023 808 1043 non

613 1051 766 1086 planxistis.

611 1087 658 1115 55.
681 1086 762 1115 Venit

612 1122 754 1151 Johannis.
777 1141 784 1149 .
805 1129 849 1151 at)-

614 1129 754 1151 Jonanms.
777 1141 784 1149 .
805 1129 819 1149 a
841 1136 849 1141 -

614 1159 676 1186 tista
691 1166 735 1186 ne.
759 1179 765 1185 .
789 1177 796 1184 .
819 1129 856 1193 ἃ)
887 1163 893 1166 ”

611 1202 685 1226 cans,
701 1202 744 1221 ne.
770 1215 775 1220 .
799 1214 805 1220 .
830 1213 835 1219 .

611 1229 795 1265 bibensine.
821 1250 826 1254 .
846 1248 852 1255 .
877 1248 882 1255 .

611 1267 671 1293 citis
683 1275 688 1292 :
704 1266 795 1293 Daem.
814 1279 838 1292 .-

612 1303 685 1328 nium
700 1302 790 1328 habet.

612 1337 657 1364 54.
674 1337 753 1363 Venit
768 1336 835 1363 Filiu

614 1372 731 1399 ltominis
745 1380 820 1399 man—

612 1407 726 1439 ducans,
743 1412 770 1434 et
785 1407 825 1434 bi-

611 1443 690 1474 bens,
704 1447 730 1469 et
741 1442 810 1469 dici-

611 1478 647 1505 tis
664 1487 670 1504 :
688 1478 756 1504 Ecce
774 1477 821 1504 ho—

611 1521 656 1540 mo
667 1514 676 1528 δ
687 1513 800 1541 devora-

613 1554 665 1590 tor,
679 1554 706 1576 et
719 1550 815 1589 bibens

611 1593 717 1617 Vlnllln,
731 1593 799 1611 amt-

611 1628 659 1648 cus
670 1620 789 1655 publica—

611 1657 656 1684 55.
671 1664 779 1683 norum.
802 1655 835 1683 Ει

609 1692 757 1727 justiiicata

611 1733 652 1755 est
666 1728 796 1762 sapientia

612 1764 622 1779 δ
634 1764 668 1791 ab
684 1764 809 1791 omnibus

612 1799 677 1827 ﬁliis
687 1799 754 1827 suis.

613 1835 647 1863 36
662 1835 698 1871 (ί)
708 1834 820 1871 Rogavit
833 1834 855 1870 1-
869 1841 917 1862 au-

1044 229 1169 257 domibus

1043 273 1138 300 regum
1152 268 1224 293 sunt.

1044 301 1090 329 26.
1112 300 1165 329 Sed
1176 300 1240 335 quid

1045 337 1144 364 existis
1159 336 1234 364 vide-

1045 380 1091 405 re;
1104 372 1225 406 Prophe-

1047 408 1121 435 tam?
1137 407 1236 442 Utique

1046 444 1107 471 dico
1118 444 1195 472 vobis
1203 464 1211 476 ,

1046 485 1074 507 et.
1085 479 1226 515 plusquam

1047 515 1222 550 Prophetam.

1046 550 1091 578 27.
1110 551 1159 578 Hic
1167 555 1210 578 est.

1047 585 1087 623 (α)
1102 587 1174 614 enim
1193 586 1232 622 γι,

1048 623 1081 650 de
1094 630 1147 658 quo
1158 623 1225 650 scri-

1048 663 1124 694 ptum
1139 662 1180 686 est
1195 667 1201 684 :

1049 694 1129 721 Ecce.
1152 713 1159 720 .
1183 713 1189 719 .
1213 713 1219 721 .

1049 730 1136 763 Auge.
1159 749 1191 756 ..
1215 750 1222 757 .

1049 771 1112 793 ante
1125 764 1224 793 faciem

1050 805 1135 834 tuam,
1151 801 1198 836 qui

1048 837 1218 872 praeparavit

1048 873 1118 900 viam
1135 877 1207 900 tuam

1048 914 1111 935 ante
1122 913 1157 935 te.

1047 943 1093 971 28.
1110 944 1174 971 Dico

1047 984 1137 1007 autetn

1047 1015 1124 1051 vobis
1141 1024 1148 1041 :
1165 1015 1249 1051 Major

1050 1050 1120 1078 inter
1131 1056 1209 1079 natos

1050 1087 1194 1115 mulierum

1049 1121 1173 1150 Johanne

1050 1157 1169 1192 Baptista

1049 1201 1130 1221 nemo
1143 1198 1194 1221 εει.

1046 1228 1125 1262 Nam,
1138 1229 1184 1264 qui

1047 1265 1137 1292 minor
1149 1269 1191 1292 est

1047 1301 1075 1327 in
1086 1309 1170 1336 regno

1047 1336 1107 1369 Dei,
1120 1336 1206 1372 major

1047 1377 1089 1399 est
1108 1372 1163 1399 illo.

1046 1407 1093 1434 29.
1107 1408 1141 1435 Et
1162 1408 1250 1436 omnis

1047 1443 1163 1478 populus
1177 1451 1224 1471 au-

1047 1478 1135 1511 diens,
1151 1483 1179 1506 et.

1047 1514 1193 1548 publicani.
1217 1535 1224 1541 .
1247 1535 1253 1542 .
1277 1534 1283 1540 .

1047 1554 1162 1577 averunt

1048 1585 1132 1612 Deum
1151 1586 1198 1613 ba-

1047 1620 1138 1655 ptizati
1151 1621 1188 1657 (ὁ)
1203 1622 1250 1650 ba-

1068 1656 1176 1694 ti_smum
1186 1657 1207 1694 -ι-

1064 1692 1190 1720 ohannis.

1047 1727 1092 1756 30.
1110 1728 1249 1757 Pharisaei

1048 1767 1149 1797 autem,
1164 1768 1192 1793 et

1047 1798 1208 1835 chisperiti

1048 1836 1189 1864 consilium

844 1889 960 1918 CODEX
980 1889 1178 1920 BRIXIANUS.

191 1949 220 1974 in
236 1945 361 1973 domibus
375 1950 470 1976 regum
485 1944 558 1968 sunt.
576 1938 630 1976 Sed
644 1938 815 1976 quidjexistis
827 1938 918 1976 videre
927 1939 992 1976 Pro-

192 1983 311 2017 pbelatu.
333 1980 372 2006 Ita
400 1974 461 2017 dico
490 1976 576 2017 vobis
592 1974 674 2017 etiam
693 1974 844 2017 plusquautl
859 1974 993 2008 Propheta

192 2009 242 2045 ilic
251 2021 292 2043 est
302 2014 529 2049 dequuseribtum
539 2010 665 2037 CSl.Et’CC
675 2009 892 2049 ntittuAngelum
904 2018 991 2036 meum

193 2058 257 2080 ante
269 2046 364 2078 l'acietn
376 2056 446 2075 tuam
461 2048 504 2082 qui
521 2046 694 2080 praeparavit
710 2046 778 2082 viain
795 2050 865 2082 ttuuu
880 2051 943 2082 ante
956 2052 992 2072 te.

197 2090 260 2115 Dico
267 2087 338 2114 enim
350 2085 435 2110 vobis.
446 2080 530 2116 Major
541 2083 611 2108 inter
621 2087 698 2107 natos
706 2080 849 2107 mulierum
859 2081 992 2114 Propheta

192 2124 331 2152 Johaunes
344 2120 474 2154 Baptista.
484 2126 564 2145 nemo
576 2117 685 2154 est.Qui
696 2121 792 2154 autent
802 2120 951 2154 intuorest.
966 2118 991 2143 iu

194 2168 277 2194 regno
289 2158 336 2185 Dei
348 2152 434 2190 tmijur
447 2160 486 2182 e51
500 2153 603 2194 iuvabit
614 2152 703 2194 muttis
714 2152 829 2194 populiis
842 2152 993 2194 audietts'et

194 2187 328 2227 publicani
338 2187 551 2227 just-iiicaVcrunt
564 2189 647 2227 Deum
660 2187 786 2227 baptituti
801 2188 933 2227 baptismo
947 2187 993 2227 :lof

193 2223 302 2258 inlunis.
316 2223 454 2255 Pharisaei
469 2230 558 2252 autem
573 2230 599 2250 et
613 2223 783 2258 chisperili.
794 2224 934 2250 eonsiliunt
944 2223 991 2250 Dei

191 2269 352 2302 spreverunt
360 2264 387 2290 in
395 2262 555 2302 semetipsos
564 2267 615 2287 non
624 2260 656 2302 bu
662 2258 753 2302 pt'i'zalti
761 2259 793 2302 a‘b
804 2266 846 2300 eo.
859 2263 921 2285 tunc
929 2266 991 2293 ergo

191 2294 271 2330 JEsus
281 2300 358 2328 dixit.
372 2298 408 2334 (ε)
423 2297 473 2324 Cui
483 2296 503 2330 'j
519 2303 583 2331 ergo
599 2294 758 2322 adsitnilabo
772 2294 897 2322 homines
910 2302 991 2329 gcue-

823 2350 940 2379 CODEX
959 2349 1197 2380 CORBEIENSIS.

225 2405 271 2433 28.
291 2404 359 2432 Nam
370 2401 416 2438 qui
426 2399 520 2438 minor
533 2401 576 2426 est
588 2396 636 2425 “in
651 2403 735 2431 regno
749 2397 808 2426 Dei.

228 2441 273 2469 30.
293 2448 348 2468 non
360 2435 498 2474 baptizati.

191 2575 312 2608 uique.,.
326 2577 352 2597 et
365 2571 489 2608 plusquam
502 2571 694 2608 Proplgytum-W
757 2606 774 2608 η
832 2606 849 2608 μ
865 2599 885 2608 ν

222 2599 302 2632 Ῡϐιιιί
317 2599 395 2629 omnis
407 2599 519 2633 populus,
528 2599 558 2633 ret
569 2602 627 2625 Mm.
642 2606 729 2626 omnes
738 2599 819 2632 populi
830 2599 942 2632 audiens,
952 2603 988 2626 et.

196 2637 269 2668 ινιιιῃ.
281 2637 360 2662 omnis
374 2632 478 2668 populus
489 2632 600 2668 audietis,
614 2637 647 2668 (ιεί

221 2662 233 2685 ἶ
246 2662 301 2694 tat.
315 2671 337 2692 et
349 2662 448 2692 M'mﬁ'in
459 2664 606 2694 semetipsis.
627 2662 701 2694 Vulg.
714 2663 739 2687 in
750 2664 909 2695 semetipsos.

854 2714 1036 2743 BLANCHiNl
1055 2713 1172 2743 ΝυΤιΕ.

223 2778 261 2815 (u)
277 2778 375 2806 Veron.
391 2773 633 2815 addit‘e'rtim,_cum
645 2771 851 2815 quampltt‘rim'is
866 2772 927 2799 cod.
943 2772 1046 2815 Latinis
1061 2777 1089 2801 et
1100 2773 1212 2815 Graecis.
1224 2774 1447 2815 EIMa‘tthaeotin

185 2807 322 2849 sumptum
334 2816 385 2849 est.
395 2825 431 2849 τ
442 2810 479 2846 (b)
493 2809 528 2837 Ita
544 2813 570 2849 et
582 2812 646 2849 nte}.
668 2807 728 2849 Gr.,
749 2808 779 2849 τρ
801 2808 946 2849 litim-maga.
958 2807 991 2835 Gr

1045 2817 1052 2835 ι
1069 2810 1278 2849 εχιιιθξὶεμ-ἤῆ
1293 2807 1437 2849 Antcptii,

184 2843 267 2880 etiam
286 2850 313 2877 in
334 2848 394 2875 cod.
409 2843 489 2874 Cant.
506 2860 541 2865 —-
559 2843 598 2880 (ά)
613 2843 651 2872 lla
675 2847 702 2872 et
720 2843 781 2871 cod.
801 2843 878 2872 Cant.
896 2843 921 2870 λέ

184 2888 219 2924 (Ῑ)
235 2886 271 2913 lta
282 2889 310 2912 et
321 2883 382 2911 cod.
398 2882 476 2911 Cant.
489 2882 631 2919 ἠρώτησεν.

463 127 601 163 EUSEBII
618 126 790 157 VERCELL.
810 124 1038 156 EVANGELIUM
1057 123 1129 155 CUM
1148 122 1262 154 VARIIS
1280 121 1358 153 COD.
1374 119 1573 151 COLLATUM.
1787 116 1840 148 560

1265 181 1380 211 CODEX
1400 179 1626 209 VEBONENSIS.

1464 227 1615 261 Dei-sprae-

1464 267 1562 290 veruut
1577 263 1603 288 in

1463 298 1625 332 setnetipsos

1464 343 1517 361 non
1534 333 1672 368 baptizati.

1466 371 1512 397 5L
1534 367 1633 404 (c)'Cui
1647 367 1754 404 'j‘simi-

1464 406 1503 433 les
1516 406 1604 433 dicam

1464 449 1529 476 ergo
1543 440 1668 468 homines

1464 477 1544 511 hujus
1563 484 1645 511 gene—

1464 515 1585 540 rationes
1595 513 1608 539 ?

1465 549 1511 577 32.
1532 548 1642 576 Similes
1653 552 1714 576 sunt

1467 586 1557 619 pueris
1573 591 1617 611 se-

1467 620 1591 648 dentibus
1605 620 1633 647 in

1467 656 1537 688 foro,
1550 661 1577 683 et
1590 655 1630 683 lo-

1467 697 1580 726 quentes
1593 690 1628 718 ad

1467 727 1595 760 invicem,
1729 745 1731 748 τ

1466 763 1505 799 (d)
1525 763 1647 790 dicentes
1666 762 1687 798 1-
1704 771 1709 789 :

1466 797 1643 826 cantaviutus

1467 835 1554 866 vobis.
1567 840 1595 862 et
1606 841 1659 861 uon

1467 870 1586 898 saltastis
1603 879 1610 897 :
1627 870 1665 897 la-

1467 906 1648 934 mentavimus

1467 942 1555 975 vobis,
1567 946 1594 969 et
1608 949 1662 969 non

1467 978 1513 1006 55.
1534 978 1671 1012 plorastis.
1683 975 1735 1004 Ve-

1468 1013 1509 1041 nit
1519 1014 1592 1041 enim
1606 1013 1654 1041 Jo-

1468 1050 1572 1077 hannes
1586 1049 1657 1084 Bap-

1469 1085 1530 1113 tista
1540 1106 1547 1118 ,
1560 1092 1647 1119 neque

1470 1120 1504 1156 (ε)
1525 1121 1703 1153 manducans,

1468 1164 1556 1191 neque
1566 1157 1661 1185 bibens
1671 1156 1702 1191 ἰη

1467 1197 1494 1220 et
1508 1193 1598 1220 dicitis
1610 1202 1616 1220 :

1466 1228 1642 1257 Daemonium

1466 1264 1557 1292 habet.

1464 1299 1509 1327 54.
1532 1300 1612 1328 Venit
1623 1299 1708 1327 Filius

1466 1336 1584 1364 hominis
1597 1343 1671 1363 man-

1466 1370 1578 1406 ducans,
1597 1377 1625 1400 et

1465 1406 1570 1441 bibens,
1588 1411 1617 1435 et

1465 1442 1555 1471 dicitis
1579 1452 1585 1470 :
1601 1443 1673 1471 Ecce

1466 1478 1547 1507 homo
1562 1478 1610 1507 dc—

1466 1518 1587 1547 vorator,
1603 1519 1631 1542 et

1465 1549 1560 1578 bibens
1574 1550 1676 1582 vinum,

1465 1586 1682 1621 publicanorum,

1466 1626 1493 1649 ct
1511 1626 1635 1657 peccato-

1466 1665 1526 1685 rum
1540 1658 1654 1685 amicus.

1465 1693 1511 1721 55.
1533 1694 1567 1721 Ει
1579 1693 1724 1728 iustiﬁcata

1428 1741 1430 1745 ι
1465 1733 1508 1756 est
1519 1730 1651 1763 sapientia

1465 1765 1500 1791 ab
1512 1765 1639 1793 omnibus

1465 1800 1527 1828 ﬁliis
1541 1801 1607 1828 suis.

1465 1836 1510 1864 56.
1531 1837 1567 1872 (Ῑ)
1578 1836 1692 1873 Rogavit
1706 1836 1727 1871 -ί-

1046 1940 1163 1978 rationis
1173 1941 1251 1974 httjus
1263 1946 1290 1968 et
1302 1942 1344 1978 cui
1360 1942 1463 1969 similes
1477 1946 1549 1969 sunt.
1566 1942 1675 1970 Similes
1691 1948 1762 1970 sunt.
1781 1951 1848 1978 puc-

1046 1976 1092 2002 ris.
1118 1977 1252 2004 suilettttb.
1281 1978 1306 2004 in
1325 1977 1392 2004 fort).
1417 1983 1442 2004 et
1458 1978 1613 2005 clautantib.
1640 1979 1672 2005 ad
1690 1976 1804 2006 invicetn
1819 1984 1848 2006 et.

1046 2011 1176 2038 dicculil).
1203 2013 1378 2040 (Iutttuvimus
1391 2014 1465 2040 vobis
1479 2019 1504 2040 et
1517 2023 1570 2041 nun
1585 2014 1713 2042 saltastis.
1742 2015 1847 2042 Inmen-

1047 2049 1164 2074 tavitnus
1193 2049 1269 2075 vobis
1292 2054 1317 2075 et
1343 2057 1394 2076 non
1411 2050 1545 2083 plorustis.
1563 2050 1643 2077 Venit
1657 2051 1728 2077 enim
1744 2050 1848 2077 Johan-

1047 2091 1095 2109 nes
1111 2083 1229 2118 Baptista
1244 2093 1295 2110 non
1314 2085 1477 2112 manducaus
1495 2093 1588 2118 panem
1602 2094 1688 2120 neque
1701 2086 1796 2113 bibens
1807 2086 1847 2113 vi-

1045 2126 1108 2145 ttutn
1132 2125 1158 2145 et
1184 2120 1272 2146 dicitis
1298 2121 1471 2148 liuetnuuittm
1495 2121 1584 2148 habet.
1602 2121 1683 2148 chit
1700 2122 1771 2149 lilius
1797 2122 1847 2149 ho-

1047 2154 1126 2181 minis
1143 2156 1308 2183 manducans
1321 2160 1347 2183 et
1367 2157 1460 2184 bibens
1475 2163 1500 2183 el
1514 2157 1604 2184 dicitis
1616 2158 1686 2184 Ecce
1702 2159 1784 2185 homo
1799 2158 1847 2185 de-

1046 2196 1155 2217 vorator
1175 2197 1201 2217 et
1227 2192 1321 2218 bibens
1343 2193 1445 2219 vinum.
1472 2194 1575 2220 amicus
1596 2194 1803 2227 publicanorum
1819 2197 1847 2220 et

1009 2257 1013 2261 ἑ
1046 2231 1219 2263 peccatortuu
1237 2228 1269 2253 Et
1295 2228 1440 2262 justilicata
1463 2234 1506 2256 est
1519 2229 1652 2263 sapientia
1665 2230 1699 2257 ab
1718 2229 1847 2257 omnibus

1045 2261 1106 2287 iiliis
1118 2262 1183 2289 suis.
1194 2263 1308 2297 Rogabit

1078 2398 1123 2435 51.
1145 2397 1182 2434 (c)
1198 2398 1207 2414 ⁷
1222 2397 1270 2426 Cui
1285 2406 1335 2434 ego
1348 2399 1367 2435 1‘
1378 2399 1482 2427 similes
1496 2400 1594 2428 dicam.
1659 2431 1666 2434 ν

1076 2434 1122 2462 55.
1143 2442 1232 2470 ueque
1245 2435 1423 2470 mauducans,
1436 2443 1523 2471 neque
1537 2436 1643 2470 bibens,
1660 2439 1690 2465 et
1701 2435 1807 2465 dicitis.
1847 2450 1852 2463 .-

800 2489 999 2519 VARIANTES
1020 2490 1219 2520 LECTIONES.

223 2546 228 2560 ¹
250 2545 308 2569 Mm.
327 2546 353 2566 ct
368 2543 482 2572 utique...
497 2543 520 2572 ει
542 2538 645 2572 amplius
665 2544 737 2570 quam
756 2536 889 2568 Propheta.
915 2535 989 2570 Vulg.

1076 2538 1087 2574 ξ
1104 2538 1158 2574 gat.
1171 2540 1351 2574 v9ratur.__Mm.
1366 2544 1472 2574 vocator.
1483 2540 1563 2574 Vulg.
1571 2541 1717 2574 devoratur.

1076 2569 1087 2605 ξ
1104 2571 1163 2594 Mm.
1177 2569 1207 2593 ab
1224 2571 1338 2596 omnibus
1354 2578 1368 2596 a
1383 2571 1438 2597 [iliis
1449 2573 1511 2598 suis.
1528 2569 1599 2606 Vulg.
1613 2574 1645 2599 ab
1663 2573 1777 2599 omnibus
1787 2572 1847 2600 ﬁliis

1044 2601 1105 2625 suis.

1074 2632 1084 2666 ξ
1102 2632 1160 2666 [1ης.
1175 2633 1291 2666 ἥκῃ-εεηο
1303 2633 1435 2660 caelorum.

1074 2663 1083 2678 ⁷
1103 2664 1131 2688 Et
1144 2663 1179 2688 ita
1192 2663 1281 2690 Galiel
1294 2666 1354 2690 Mm.

1449 2777 1507 2840 (ﬁuit
1520 2777 1606 2820 Lucas
1623 2778 1780 2822 Brugensis,
1793 2780 1844 2809 de-

1472 2819 1530 2840 eest
1544 2819 1581 2840 tm
1601 2820 1687 2840 autem
1700 2814 1842 2840 Donum“.

1472 2819 1530 2841 eest
1544 2815 1581 2850 ait
1601 2814 1689 2842 autent
1700 2814 1827 2844 Dominus
1834 2837 1842 2850 .

922 2854 1020 2880 γοντες.
1036 2859 1072 2866 -—
1094 2846 1131 2881 (ε)
1148 2846 1230 2874 Deest
1242 2855 1335 2881 panem
1350 2847 1448 2883 uinum,
1471 2849 1552 2877 etiam
1573 2849 1601 2878 in
1629 2851 1691 2879 cod.
1714 2852 1793 2880 Cant.
1808 2846 1844 2873 -—'
