4042 6192
367 295 465 358 561

1413 307 1865 369 EVANGELIUM
1902 307 2278 369 SECUNDUM
2314 308 2575 369 LUCAM.
2650 321 2672 350 4

746 422 973 482 CODEX
1032 425 1579 485 VERCELLENSIS.

362 521 474 587 tem
505 529 629 587 eum
672 517 761 587 qui

362 585 488 641 dam
514 585 707 645 Phari;

362 671 547 720 saetis.
567 668 624 713 ut
647 659 824 714 cibum

361 741 584 798 caperet
605 744 813 786 secum.

361 799 433 856 Et
453 801 735 870 ingressus

362 872 415 926 in
438 871 659 927 domum

364 943 665 1011 Pharisaei,
687 943 801 1000 dis-

362 1015 549 1071 cubuit

359 1088 452 1142 57.
482 1127 496 1140 .
535 1126 548 1140 .
581 1095 601 1140 t
630 1101 759 1143 ecce
794 1089 951 1145 muli-

1202 520 1405 592 aliquid
1436 520 1583 576 dice-

1202 608 1280 649 re.
1297 591 1412 660 Qui
1440 595 1515 647 ait
1547 610 1560 647 :
1590 591 1707 661 Dic,

1201 664 1474 735 Magister.

1199 734 1305 791 4i.
1335 736 1454 789 Duo
1478 734 1754 792 debitores

1200 816 1357 861 erant
1385 806 1499 861 cui—

1200 877 1321 933 dam
1352 880 1563 933 fenera—

1201 950 1303 1004 tori
1332 965 1346 1001 :
1376 965 1515 1003 unus
1546 950 1643 1005 de-

1201 1020 1361 1075 bebat
1388 1022 1555 1075 dena-

1202 1092 1312 1147 rios
1334 1093 1597 1161 quingen-

2497 408 2732 486 conE’x
2768 429 3223 489 vsuoususrs.

2063 528 2245 578 autem
2284 520 2437 578 illum

2063 594 2283 665 quidam
2312 593 2451 649 Pha-

2064 669 2297 730 risaeus,
2324 673 2385 719 ut

2064 736 2416 792 nianducaret

2064 824 2448 864 cum.....

2066 880 2134 934 Et
2157 880 2329 949 ingre.
2375 921 2388 933 .
2437 922 2449 933 .
2497 922 2508 934 .
2556 922 2567 933 .

2064 950 2284 1005 domum
2312 952 2453 1006 Pha-

2064 1023 2223 1077 risaei
2257 1022 2379 1077 dicu
2395 1054 2410 1062 -

2064 1093 2154 1148 57.
2198 1094 2335 1148 buit.
2368 1096 2434 1151 Et
2467 1109 2557 1151 ec-

2902 524 2970 578 ad
3000 524 3151 580 illum
3184 540 3201 581 :

2902 596 3113 660 Simon,
3145 596 3243 649 ha-

2904 667 3006 723 beo
3038 667 3134 722 tibi
3162 667 3266 722 ali-

2939 738 3025 794 nid
3052 739 3253 794 dicere.

2949 812 2979 863 d
3004 810 3093 865 ille
3115 812 3192 864 ait
3224 827 3238 865 :

2899 881 3175 952 Magister,

2898 950 3009 1007 dic.
3042 950 3115 1025 (ρ)
3148 951 3294 1025 Dixit

2896 1038 3028 1092 ergo
3052 1023 3209 1079 Jesus
3230 1023 3272 1092 -ιο
3297 1038 3310 1075 :

2894 1094 2989 1149 41.
3033 1095 3203 1149 Erant
3231 1094 3341 1149 duo

360 1174 424 1214 er
452 1157 530 1230 (a)
554 1158 606 1212 in
631 1161 819 1235 civitai-
1202 1172 1309 1235 tos,
1341 1157 1397 1217 et
1422 1157 1559 1219 alius
2064 1180 2127 1220 ce
2154 1165 2348 1220 mulier
2373 1168 2448 1235 (a)
2472 1168 2525 1222 in
2900 1166 3177 1222 debitores

364 1239 437 1295 te,
471 1245 611 1308 quae
636 1240 755 1286 erat
777 1230 819 1303 -ί·
1201 1234 1488 1308 denarios
1730 1246 1735 1251 ·
2064 1236 2304 1301 civitate,
2335 1230 2457 1308 quae
2901 1238 3117 1293 cuidam
3144 1236 3256 1293 fae-

360 1302 661 1378 peccatrix,
1056 1335 1061 1341 -
1201 1306 1560 1378 quinquagin-
1587 1376 1598 1378 _
1662 1375 1670 1378 Α
2064 1317 2183 1363 erat
2219 1308 2257 1378 ’ξ-
2280 1302 2404 1378 pec-
2902 1309 3137 1365 neratori
3167 1326 3181 1362 :

358 1375 579 1443 cognito
606 1388 674 1429 eo
906 1388 909 1391 ‘
1201 1377 1292 1431 42.
1336 1375 1411 1431 ta.
1446 1377 1561 1432 Non
1586 1375 1792 1433 baben-
2068 1375 2260 1446 catrix',
2282 1375 2353 1434 ’ut
2903 1397 3041 1436 unus
3068 1381 3237 1436 debe-

364 1446 381 1521 ξ
405 1446 732 1521 accumbere
1202 1448 1345 1521 tibus
1370 1448 1474 1521 illis
1496 1464 1595 1502 un-
2064 1452 2340 1521 cognovit,
2898 1452 2992 1508 bat
3013 1452 3269 1508 denarios

360 1516 414 1592 in
439 1515 603 1592 domo
627 1517 770 1592 Rha—
1201 1518 1269 1574 de
1296 1519 1612 1592 redderent,
2064 1515 2205 1592 quod
2239 1515 2487 1578 recubuit
2900 1541 2953 1579 D.
2986 1524 3126 1579 alius
3149 1540 3199 1579 ι..

359 1589 547 1656 risaei,
572 1586 724 1643 adie-

358 1659 514 1714 rebat
542 1662 755 1727 ampul-

1201 1590 1445 1661 utrisque
1465 1590 1564 1645 d0-

1202 1666 1367 1716 navit.
1398 1664 1529 1728 Quis

2064 1594 2119 1647 in
2151 1593 2312 1648 domo
2343 1595 2485 1649 Plia-

2062 1665 2244 1731 risaei,
2277 1667 2454 1720 attulit

2898 1596 2991 1650 42.
3021 1595 3140 1650 Non
3163 1594 3370 1649 haben—

2900 1667 3045 1722 tibus
3069 1667 3149 1738 (d)
3179 1678 3358 1722 autem
3380 1663 3420 1734 'l'

360 1730 467 1803 iam
500 1746 672 1800 uugu-
1200 1732 1366 1803 ergo8
1398 1733 1548 1788 illum
2063 1730 2397 1792 alabastrum
2428 1753 2530 1792 un-
2902 1740 3017 1793 illis
3042 1730 3187 1794 unde

358 1802 452 1857 58.
480 1805 592 1857 enti
618 1822 630 1856 :
662 1813 715 1859 et
739 1813 908 1861 stans.
1200 1802 1433 1879 amplius
1458 1804 1542 1859 di-
2064 1806 2156 1862 58.
2196 1811 2378 1879 guenti
2410 1827 2423 1864 :
2450 1818 2502 1865 et
2523 1816 2672 1864 stans
2904 1810 3221 1879 redderent,

356 1889 387 1927 a
414 1882 563 1927 retro
593 1890 685 1943 pe—
1199 1876 1367 1944 liget?
2064 1876 2219 1933 retro
2249 1896 2408 1936 secus
2905 1884 3126 1937 donavit

359 1945 459 2026 des
480 1946 659 2026 illius,
690 1947 827 2003 ﬂens
1198 1946 1289 2001 42.
1335 1947 1692 2026 Respondens
2064 1951 2231 2026 pedes
2263 1953 2404 2026 ejus.
2903 1954 3168 2026 utrisque.
3198 1952 3332 2020 Quis

360 2017 615 2096 lacrimis
630 2018 716 2073 in-
1202 2028 1379 2096 autem
1410 2017 1620 2096 Simon,
2064 2017 2324 2096 l‘acrymis
2437 2094 2443 2096 _
2902 2040 3033 2096 ergo
3060 2017 3203 2081 eum‘

365 2086 443 2167 (_b)
484 2089 716 2167 rigabat,
1201 2090 1341 2145 dixit
1368 2108 1381 2145 :
1408 2091 1582 2167 Aesti-
2068 2086 2394 2167 (b)grigabat
2419 2094 2461 2165 -ί-
2903 2086 3027 2167 plus
3052 2094 3283 2167 dilexit?
3354 2130 3357 2133 λ

364 2159 487 2247 tet
511 2160 719 2247 capillis
741 2175 831 2216 ca-
1202 2177 1313 2244 mo,
1342 2162 1483 2247 quod
1516 2162 1581 2229 is,
2064 2159 2263 2247 pedes;
2300 2205 2313 2219 .
2362 2209 2374 2220 .
2528 2176 2583 2247 et
3024 2165 3383 2247 Respondens

362 2232 495 2300 pitis
522 2233 603 2285 sui
634 2242 815 2287 exter-

361 2302 547 2372 gebat,
581 2312 635 2357 et
661 2318 818 2359 oscu-

365 2373 583 2429 labatur
609 2390 707 2443 pe-

1202 2234 1286 2287 cui
1316 2234 1550 2303 amplius

1202 2306 1509 2359 redonavit.

1114 2389 1123 2397 ‘
1201 2376 1303 2443 Qui
1333 2376 1471 2431 dixit
1498 2377 1547 2431 ei
1574 2394 1587 2429 :

2064 2236 2276 2306 capillis
2305 2237 2496 2308 capitis

2065 2309 2149 2363 sui
2178 2310 2446 2378 tergebat,

2066 2389 2122 2433 et
2151 2380 2434 2436 osculaba-

2905 2240 3093 2295 Simon
3123 2237 3261 2295 dixit
3290 2254 3305 2290 :

2902 2310 3169 2378 AeStimo,
3203 2310 3327 2380 quia

2902 2384 2967 2448 is,
3002 2383 3086 2436 cui
3113 2383 3235 2453 plus

364 2444 464 2500 des
484 2445 654 2521 illius,
687 2454 741 2501 et
1200 2446 1371 2521 Recte
1390 2447 1536 2518 judi-
2069 2457 2157 2521 tur
2186 2450 2353 2520 pedes
2902 2444 3145 2521 donavit.
3170 2451 3256 2506 Ad

366 2517 606 2587 ungebat
636 2532 736 2571 un-
1200 2519 1357 2574 casti.
2067 2517 2204 2589 ejus,
2236 2530 2292 2575 et
2320 2537 2417 2575 un-
2902 2524 2998 2580 ille
3022 2517 3157 2579 dixit
3177 2524 3228 2578 ei
3259 2538 3273 2575 :

366 2596 605 2666 διέθει-ιρι
1200 2589 1295 2645 44.
1336 2590 1405 2666 Et
1433 2604 1661 2666 conver-
2067 2593 2267 2661 guebat
2291 2608 2393 2647 un-
2902 2596 3070 2651 Recte
3095 2593 3372 2666 judicasti.

368 2660 460 2715 39.
504 2659 709 2716 Videns
737 2669 919 2718 autem
1202 2675 1295 2715 sus
1319 2662 1385 2715 ad
1413 2662 1571 2716 mnli—
2067 2659 2289 2731 guento.
2902 2666 2992 2721 44.
3036 2659 3426 2722 Ειέοιινθτειιε

368 2731 722 2799 Pharisaeus,
1203 2747 1375 2798 erem,
1406 2733 1545 2787 dixit
2068 2734 2159 2790 59.
2202 2734 2409 2791 Videtis
2438 2742 2618 2791 autem
2903 2739 2971 2794 ad
3000 2738 3308 2803 mulierem,

368 2805 460 2873 qui
492 2804 689 2858 invita-
1204 2803 1413 2859 Simoni
1445 2824 1457 2859 :
1490 2803 1583 2860 Vi-
2068 2807 2416 2873 Pliarisaeus,
2904 2810 3045 2865 dixit
3066 2808 3275 2865 Simoni
3307 2824 3321 2860 :

370 2885 694 2949 uerateum,
1205 2875 1303 2949 des
1333 2876 1479 2949 hanc
1499 2891 1622 2930 mu-
2069 2879 2158 2949 qui
2186 2893 2345 2933 voca-
2907 2880 3071 2937 Vides
3099 2880 3240 2935 lianc

369 2945 509 3017 dixit
534 2948 675 3002 intra
1204 2947 1435 3002 lierem?
1462 2947 1552 3001 ln-
2069 2945 2222 3005 ierat
2251 2964 2399 3017 eum,
2905 2950 3227 3008 mulierem?
3263 2948 3349 3005 lu-

371 3033 433 3072 se
459 3016 647 3072 dicens
677 3036 689 3072 :
725 3018 842 3083 Hic,
1209 3018 1343 3074 travi
1375 3019 1428 3073 in
1451 3018 1549 3074 do-
2069 3022 2145 3075 ait
2172 3023 2311 3077 intra
2384 3016 2391 3017 ί
2907 3026 3041 3080 travi
3064 3025 3118 3079 in
3142 3023 3241 3078 do-

371 3089 418 3142 si
450 3099 569 3143 erat
596 3089 729 3144 Pro-

373 3163 561 3230 pheta,
595 3163 616 3193 ²
644 3160 815 3218 sciret

1210 3105 1355 3144 mum
1388 3098 1532 3173 tuam
1552 3131 1567 3155 ,

1207 3175 1399 3230 aquam
1434 3178 1487 3216 tu
1522 3177 1617 3232 pe-

2070 3107 2151 3157 se,
2185 3093 2372 3149 dicens
2402 3108 2417 3145 :
2506 3138 2509 3143 .

2071 3163 2194 3231 Hic,
2226 3166 2270 3219 si
2295 3172 2443 3220 esset

2905 3111 3052 3152 mum
3076 3106 3247 3160 tuam,

2904 3183 3410 3223 aauam....-

3500 318 3506 336 ί
3560 308 3667 366 ὕϐἣ

372 3234 559 3302 utique
586 3248 728 3302 quae,
1208 3232 1367 3287 dibus
1391 3232 1522 3288 mihi
2071 3234 2366 3303 PrOpheta,
2904 3232 3060 3295 dibus
3086 3239 3223 3293 meis

372 3312 429 3358 et
457 3303 632 3371 qualis
656 3313 742 3359 est
1207 3319 1313 3358 non
1342 3304 1527 3359 dedis-
2071 3307 2238 3362 sciret
2264 3307 2368 3361 uti-
2904 3326 3013 3365 non
3034 3309 3231 3365 dedisti
3256 3327 3270 3362 :

373 3375 593 3448 mulier,
618 3390 758 3448 quae
1205 3376 1245 3448 ti
1274 3393 1287 3429 :
1320 3376 1454 3431 haec
1485 3384 1664 3432 autem
2072 3393 2175 3448 que
2204 3392 2375 3448 quae,
2906 3382 3041 3435 haec
3066 3390 3253 3436 autem

375 3447 545 3523 tangit
574 3446 760 3513 illum;
1204 3446 1442 3523 lacrimis
1471 3448 1558 3523 i_n-
2073 3446 2127 3504 et
2152 3446 2328 3523 qualis
2905 3452 3160 3523 lacrymis
3176 3452 3290 3523 suis

374 3518 630 3593 quoniam
672 3532 799 3588 pec-
1205 3520 1398 3593 rigavit
1426 3520 1528 3573 mi-
2072 3518 2272 3575 mulier
2296 3528 2402 3585 est,
2906 3518 3103 3593 riga'vit
3124 3522 3289 3592 pedes

375 3590 550 3661 catrix
576 3598 678 3643 est.
825 3659 836 3661 _
1209 3588 1263 3643 hi
1287 3589 1484 3659 pedes,
1514 3598 1571 3646 et
2072 3606 2213 3661 quae
2240 3593 2411 3661 tangit
2906 3588 3083 3656 méos,
3112 3588 3167 3648 et

376 3660 467 3715 40.
512 3659 586 3715 Et
603 3659 943 3730 respondens

376 3730 559 3798 Jesus,
592 3732 725 3786 dixit

377 3802 443 3856 ad
474 3803 625 3857 illum
655 3820 668 3856 :
701 3804 911 3872 Simon,

380 3873 555 3930 habeo
589 3875 683 3931 tibi

1210 3661 1423 3729 capillis
1454 3662 1569 3717 suis

1212 3733 1458 3786 extersit.

1211 3803 1301 3857 45.
1336 3804 1591 3859 Osculum
1621 3803 1721 3860 mi-

1211 3873 1265 3928 hi
1298 3892 1402 3930 uon
1432 3876 1615 3932 dedis-

2074 3678 2229 3728 eum;
2257 3663 2382 3731 quia

2074 3735 2351 3802 peccatrix
2382 3744 2483 3788 est.

2074 3806 2164 3860 40.
2196 3805 2261 3858 Ει
2282 3803 2619 3871 respondens

2079 3875 2260 3943 Jesus,
2294 3877 2431 3931 dixit

2908 3664 3121 3734 capillis
3146 3663 3260 3720 suis

2909 3733 3003 3790 45.
3047 3737 3225 3791 tersit.
3264 3733 3429 3790 Oscu-

2908 3807 3022 3862 lum
3047 3807 3177 3862 mihi

2910 3893 3018 3934 non
3064 3876 3265 3935 dedisti
3301 3894 3316 3931 :

1672 3989 1907 4047 CODEX
1947 3990 2343 4048 BRIXIANUS.

378 4095 583 4163 autem
614 4085 759 4163 illu_m
791 4086 1007 4163 quidam
1058 4101 1134 4163 ex_
1170 4085 1577 4163 Pharisaeis_ut
1625 4085 1978 4163 manducaret
2081 4085 2281 4163 aliquid
2313 4085 2608 4163 dicerem“
2632 4084 2723 4163 ille
2747 4088 2843 4163 ait.
2878 4086 3134 4157 Magister
3162 4085 3270 4163 die.
3301 4081 3564 4163 (c)_Dixit_
3586 4094 3682 4163 au-

379 4175 502 4213 cum
527 4158 643 4212 illo.
689 4158 760 4212 Et
806 4156 1080 4236 ingressus
1122 4159 1173 4211 in
1212 4159 1428 4211 domum
1478 4156 1757 4236 Pharisaei
1797 4158 1977 4211 discu-
2083 4166 2190 4212 tem
2214 4157 2465 4236 Jesus._-l‘
2492 4157 2609 4236 Duo
2636 4158 2914 4236 debitores
2942 4156 3095 4213 erant
3117 4158 3328 4236 cuidam
3360 4156 3677 4236 feneratori.

382 4231 517 4284 buit.
566 4230 630 4283 Et
688 4244 816 4284 ecce
870 4229 1065 4283 mulier
1105 4245 1256 4300 quae
1312 4240 1429 4283 erat
1476 4230 1529 4283 in
1586 4229 1805 4283 civitate
1854 4244 1978 4291 pec—
2084 4245 2223 4283 unus
2246 4228 2479 4283 debebat
2508 4229 2760 4285 denarios
2807 4228 3133 4300 quingentos
3170 4239 3221 4284 et
3245 4230 3381 4282 alius
3408 4228 3682 4300 quinqua-

381 4304 577 4355 catrix.
606 4309 667 4354 ut
703 4300 976 4369 cognmit.
1026 4295 1149 4370 quia
1193 4300 1463 4354 discubuit
1496 4302 1547 4354 in
1588 4300 1806 4354 domum
1840 4300 1978 4354 Pha-
2082 4302 2251 4370 ginta.
2277 4300 2391 4355 Non
2432 4300 2756 4354 habentibus
2785 4302 2866 4369 (ά)
2893 4295 3071 4357 atitent
3105 4300 3145 4370 ἦ
3179 4301 3282 4354 illis
3311 4295 3454 4353 unde
3486 4295 3682 4351 redde-

383 4373 569 4427 risaci.
621 4375 800 4447 attulit
853 4372 1179 4447 alabastrum
1214 4373 1493 4447 unguenti.
1538 4381 1781 4447 et_staus
1831 4381 1977 4447 retro
2085 4382 2205 4425 rent
2235 4387 2420 4447 omne
2448 4371 2691 4447 debitum
2725 4374 2969 4447 utrisque
2996 4373 3237 4447 donavit.
3272 4370 3403 4447 Quis
3430 4379 3681 4447 ergqeqj

381 4444 447 4497 ad
506 4444 667 4513 pedes
709 4443 824 4512 t-jtts
870 4442 1014 4518 licus
1058 4436 1313 4518 lacrimis'
1344 4446 1523 4513 coepit
1580 4442 1756 4512 rigare
1814 4443 1977 4518 pedes
2084 4436 3681 4518 rumplusillinu‘diligit.Respondensauteni_S_imn_udixit

382 4510 520 4584 ejus.
578 4526 629 4568 et
662 4510 871 4583 capillis
896 4513 1093 4581 capitis
1124 4515 1205 4568 sui
1227 4510 1669 4589 deterge'li:tt.uet
1692 4514 1976 4568 osculaba-
2083 4513 2327 4589 éCSliIItH
2359 4512 2481 4589 quia
2521 4510 2729 4589 Δἰς.“ὲιιὶ
2784 4514 2902 4581 plus
2944 4514 3186 4589 donavit.
3215 4517 3293 4589 et
3326 4514 3414 4567 ille

385 4576 474 4640 tur
499 4587 664 4656 pedes
691 4576 809 4655 ejus
838 4593 893 4639 et
933 4576 1210 4654 unguento
1250 4576 1545 4655 ungu'cbat.
1574 4586 1769 4639 Vidcns
1797 4598 1975 4638 autem
2085 4576 2556 4656 Recteijudicasti.
2600 4584 2667 4637 Et
2693 4576 2990 4656 conversus
3016 4585 3081 4638 ad
3118 4585 3400 4640 mulierem
3434 4582 3569 4635 dixit
3596 4576 3682 4631 Si-

386 4654 825 4725 Pharisaeus'qui
877 4666 1162 4710 vocaverat
1193 4673 1336 4711 eum.
1381 4657 1457 4711 ait
1510 4659 1646 4712 intra
1677 4672 1734 4711 se
1768 4658 1973 4730 dicens.
2086 4658 2232 4708 muni
2264 4655 2591 4730 Videsltanc
2620 4654 2919 4730 ntuliet‘cni.
2954 4654 3178 4730 introivi
3208 4658 3259 4710 in
3283 4656 3681 4730 domumduatn

388 4730 486 4784 Hic
534 4730 578 4783 si
630 4721 775 4783 esset
814 4728 1070 4796 proiiheta
1101 4728 1266 4783 sciret
1297 4730 1481 4797 utique
1526 4738 1755 4806 quae_et
1805 4727 1978 4806 qualis
2086 4726 2540 4806 aquampcdibus
2569 4729 2703 4806 meis
2735 4743 2839 4781 non
2867 4727 3087 4783 dedisti.
3122 4726 3255 4806 haec
3293 4733 3475 4806 autem
3506 4721 3681 4806 Alacri-

388 4803 583 4855 mulier
632 4811 715 4854 est
754 4794 892 4868 quae
921 4794 1095 4869 tangit
1131 4816 1252 4853 eum
1304 4794 1427 4868 quia
1467 4794 1735 4866 peccatrix
1769 4794 1876 4853 est.
1910 4797 1981 4870 Et
2088 4796 2189 4870 mis
2217 4800 2330 4870 suis
2358 4797 2552 4865 rigavit
2582 4800 2750 4868 pedes
2787 4814 2940 4855 meos
2967 4809 3022 4856 et
3047 4799 3256 4870 capillis
3286 4795 3400 4852 suis
3428 4794 3681 4850 detersit.

390 4871 730 4944 reSpondeus
756 4871 913 4927 Jesus
939 4871 1078 4925 dixit
1106 4870 1173 4926 ad
1191 4880 1215 4907 η
1233 4870 1450 4926 Petrum
1478 4871 1665 4928 Simon
1696 4870 1865 4924 habeo
1885 4869 1980 4923 tibi
2088 4868 2343 4923 Osculum
2372 4870 2503 4925 mihi
2537 4885 2643 4927 non
2671 4870 2893 4927 dedisti.

1654 4982 1888 5042 cousx
1927 4982 2390 5057 counsrsusts.

461 5083 553 5141 44.
594 5098 787 5155 aquam
819 5082 1043 5155 pedibus
1072 5080 1207 5138 mihi
1233 5096 1340 5139 non
1370 5080 1593 5139 dedisti.

1630 5194 2025 5253 VARIANTES
2064 5195 2482 5254 LECTIONESJ

460 5318 475 5349 ¹
515 5316 620 5366 ϐαι.
648 5316 776 5380 quod
814 5316 1055 5366 accubuit.
1096 5318 1214 5365 Mm.
1240 5314 1390 5365 Jesus
1414 5316 1657 5366 accubuit.
1691 5315 1836 5379 Vulg.
1862 5315 1993 5379 quod
2101 5314 2258 5380 qualis
2282 5320 2361 5365 est
2383 5313 2583 5366 mulier.

394 5375 773 5444 accubuisset.”
943 5442 950 5444 _
1060 5402 1065 5407 ~
1263 5440 1293 5444 __
1449 5440 1476 5444 η
1694 5441 1704 5444 Α
1789 5375 1807 5379 ⁷⁷
1839 5442 1845 5444 Α
1881 5375 1894 5379 ’
2120 5375 2133 5378 ⁷
2166 5378 2188 5409 ³
2221 5380 2344 5427 Mm.
2372 5390 2487 5429 eum
2510 5376 2733 5442 amplius.
2768 5375 2918 5444 Vulg.
2940 5390 3053 5430 eum
3077 5377 3203 5442 plus.

458 5445 477 5476 ¹
515 5442 621 5493 Gal.
649 5445 695 5491 et
723 5442 841 5491 Mm.
885 5442 1117 5491 scisset...
1163 5440 1325 5504 qualis
1364 5440 1560 5491 mulier.
1607 5441 1755 5507 Vulg.
1781 5442 1990 5491 sciret...

1734 5542 2104 5601 BLANCHINI
2140 5542 2365 5603 NOTIE.

472 5652 498 5680 ι
546 5641 762 5697 Derasa:
787 5647 913 5695 sunt
940 5638 994 5693 in
1017 5637 1208 5694 codice
1234 5636 1428 5693 littera
1459 5648 1636 5708 p...tr.
1667 5652 1695 5692 a
1718 5647 2029 5695 correctore

431 5832 434 5835 λ
469 5768 655 5842 (quia
686 5774 742 5822 et
771 5776 903 5822 text.
927 5764 1019 5842 Gr.
1056 5766 1106 5819 ἐν
1145 5773 1209 5840 τῇ
1235 5762 1378 5842 πέλει
1405 5766 1516 5842 {istc
1540 5763 1618 5825 ἦν.
1662 5795 1729 5807 --
1758 5765 1831 5835 (b)
1861 5766 1995 5824 cod.
2024 5782 2027 5805 ι

2106 5774 2181 5824 ut.
2214 5761 2437 5837 ἔϐρεξεν.
2477 5791 2547 5803 ———
2590 5759 2660 5830 (ε)
2702 5757 2834 5817 Cod.
2868 5755 3029 5816 Cant.
3080 5754 3233 5818 άᾶᾱὶι
3349 5757 3405 5819 δὲ
3431 5755 3592 5818 εἶπεν.
3624 5788 3697 5802 --

402 5830 486 5915 (αἱ
506 5830 669 5895 Iiddit
707 5846 897 5901 autem,
928 5836 1089 5894 etiam
1121 5830 1252 5892 text.
1280 5835 1375 5892 Gr.
1420 5831 1491 5889 δέ.
