4042 6192
315 294 419 352 565

714 417 944 475 CODEX
986 416 1526 477 VERCELLENSIS.

310 508 364 563 6.
407 507 523 582 lud.
556 510 626 566 Et
650 494 789 567 aliud
1151 514 1241 582 qui
1273 512 1529 578 audiunt;

307 580 509 635 cecidit
540 582 558 612 ³
592 599 682 638 su-
801 615 807 621 -
1149 580 1499 639 venitautem

305 666 406 722 per
441 664 675 721 petram,
1145 655 1411 721 diabolus,
1446 664 1503 711 et

306 734 363 778 et
390 734 612 779 enatum
1143 727 1301 781 tollet
1328 726 1395 782 de
1416 740 1539 782 cor-

306 796 551 867 exaruit,
571 811 736 867 prop-
1146 798 1211 853 de
1240 812 1425 853 eorum

307 872 391 921 ter
413 866 557 936 quod
579 866 689 923 non
1147 868 1395 936 verbum,
1421 885 1489 924 ne

312 937 541 992 haberet
568 954 725 997 umo-
1147 940 1435 996 credentes

303 1024 442 1065 rem.
1148 1012 1281 1065 salvi
1313 1012 1463 1065 liant.

304 1082 353 1135 7.
402 1080 470 1135 Et
492 1080 625 1137 aliut
646 1084 793 1141 ceci-

303 1151 383 1206 dit
410 1151 555 1207 inter
583 1156 695 1224 spi-

305 1238 423 1289 nas,
455 1234 509 1277 et
538 1239 725 1283 creve-

1151 1084 1237 1137 15.
1279 1083 1380 1149 Qui
1408 1091 1587 1140 autem

1148 1169 1311 1225 super
1349 1163 1577 1224 petram,

1146 1225 1201 1280 hi
1225 1234 1371 1291 sunt,
1398 1228 1511 1294 qui,

1146 1310 1266 1352 eum
1293 1296 1481 1352 audie-

1147 1368 1275 1431 rint,
1304 1384 1424 1423 cum
1446 1384 1581 1438 gau-

1146 1438 1237 1493 dio
1262 1440 1525 1509 recipient

1150 1510 1372 1565 verbum
1400 1528 1413 1562 :
1448 1519 1504 1565 et

1150 1582 1249 1650 ipsi
1275 1581 1295 1611 ³
1328 1582 1537 1637 radices

1147 1668 1253 1706 non
1278 1652 1512 1718 habent;

1144 1724 1234 1793 qui
1266 1723 1330 1777 ad
1364 1732 1499 1777 tem-

1146 1810 1245 1863 pus
1265 1794 1515 1862 credunt,

1145 1873 1201 1921 et
1224 1866 1274 1919 in
1303 1876 1508 1936 tempo-

1144 1953 1203 1992 re
1228 1947 1455 2006 tempta-

1141 2009 1303 2062 tionis
1328 2009 1503 2064 disce-

1149 2079 1233 2133 M.
1278 2079 1434 2133 dunt.
1467 2082 1621 2147 Qttod

1143 2162 1324 2206 autem
1360 2152 1411 2206 in
1440 2154 1549 2223 spi-

1143 2237 1240 2275 nas
1273 2223 1488 2291 cecidit,

1143 2292 1199 2347 hi
1230 2303 1375 2360 sunt,
1399 2297 1489 2364 qui

304 1304 431 1349 runt
451 1294 666 1364 spinae,

302 1376 357 1421 et
382 1365 679 1423 sull‘ocave-

302 1446 430 1493 runt
452 1437 607 1492 illud.
639 1440 712 1495 Et

303 1508 455 1563 aliud
484 1510 683 1565 cecidit

302 1594 467 1649 super
498 1589 700 1637 terram

303 1652 589 1721 optimam,
620 1662 676 1709 et

303 1723 527 1789 bonam,
549 1734 606 1780 et
634 1739 729 1781 oro

303 1803 414 1849 tum
446 1793 576 1849 fecit
599 1796 741 1853 lruc-

303 1874 414 1921 tum
441 1868 654 1923 centies

302 1946 533 1993 tantum.

301 2008 366 2086 Et
406 2009 545 2086 haec
573 2010 779 2086 dicens,

302 2080 577 2135 clamabat
613 2100 624 2134 :
653 2082 753 2151 Qui

302 2151 469 2207 habet
495 2168 655 2209 aures

299 2223 578 2287 audiendi,
612 2240 708 2281 au-

300 2294 352 2350 9.
397 2294 533 2349 diat.
558 2296 799 2353 Interro-

297 2365 502 2437 gabant
524 2382 625 2421 au-
1142 2366 1369 2437 audiunt
1407 2381 1528 2421 ver-

300 2448 409 2490 tem
443 2438 595 2493 illum
902 2484 917 2495 κ
1143 2436 1294 2503 bum,
1327 2445 1382 2491 et
1403 2452 1433 2491 a
1456 2439 1657 2495 sollici-

297 2507 575 2577 discipuli,
600 2512 757 2579 quid—
1145 2508 1444 2573 tudinibus,
1478 2518 1535 2563 et

1140 2579 1361 2643 divitiis,
1379 2589 1431 2631 et
1460 2579 1539 2632 Iu-

1139 2650 1306 2704 xuriis
1355 2663 1543 2705 saccu-

1139 2721 1173 2775 li
1202 2719 1505 2789 ingredien-

1141 2802 1243 2855 tes,
1269 2790 1536 2845 suffocan-

1137 2872 1245 2927 tur,
1276 2870 1331 2917 et
1357 2864 1376 2893 ⁸
1402 2878 1509 2917 non

1141 2934 1272 2989 dant
1298 2934 1441 2989 fruc-

301 2595 426 2633 nam
456 2590 602 2635 esset
629 2584 762 2639 haec

300 2653 325 2723 1
334 2652 405 2723 1).
435 2652 711 2723 parabola.
742 2655 844 2723 Qui

298 2721 435 2776 dixit
463 2741 476 2775 :
512 2721 683 2781 Vobis

298 2793 556 2847 traditum
579 2807 664 2851 est

298 2866 625 2935 mysterium

296 2938 454 3005 regni
486 2936 584 2992 Dei
619 2956 631 2990 :
660 2954 748 2995 ce-

304 3007 439 3061 teris
468 3018 651 3063 autem
1142 3014 1276 3060 tum.

298 3080 351 3132 in
396 3079 688 3147 parabolis,
1143 3078 1229 3131 l5.
1270 3076 1423 3143 Quod
1452 3090 1632 3136 autem

297 3160 358 3203 ut
388 3149 639 3205 videntes
1138 3147 1191 3201 in
1217 3157 1414 3205 terram

298 3236 409 3275 non
448 3221 687 3289 videant,
1138 3220 1335 3275 bonam
1364 3240 1375 3275 :
1410 3222 1465 3277 1ιί
1496 3233 1648 3290 sunt,

298 3303 352 3353 et
374 3294 395 3323 ²
426 3292 671 3368 audien-_
1140 3291 1311 3368 quiin
1341 3295 1508 3368 corde
1543 3295 1619 3368 (a)
1646 3295 1740 3351 bo-

298 3373 383 3417 tes
410 3379 517 3417 non
547 3366 705 3421 intel-
1142 3376 1211 3416 110
1236 3362 1276 3433 ⁵1·
1308 3362 1592 3422 audientes

298 3436 502 3505 legant.
1138 3436 1385 3501 verbum,
1420 3453 1508 3491 re-

1141 3505 1334 3569 tinent,
1359 3517 1413 3561 et
1446 3507 1589 3563 fruc-

1143 3586 1252 3630 tum
1285 3578 1413 3631 dant
1446 3580 1500 3632 in

1142 3649 1425 3717 patientia.

1148 3722 1235 3772 16.
1279 3720 1449 3774 Nemo
1478 3730 1657 3777 autem

1146 3790 1165 3820 ⁸
1190 3791 1468 3847 lucernam

1138 3877 1423 3919 accensam

299 3507 390 3560 11.
434 3506 531 3560 Est
551 3516 731 3564 autem
764 3509 896 3566 haec

299 3578 558 3647 parabola
592 3598 604 3632 :
644 3580 740 3636 Se-

298 3662 450 3713 men,
470 3661 552 3704 est
576 3666 690 3705 ver-

300 3720 392 3775 12.
434 3722 561 3776 bum
587 3722 699 3777 Dei.
730 3722 832 3791 Qui

298 3801 481 3847 autem
503 3792 524 3822 ³
546 3808 705 3849 secus

300 3865 464 3931 viam,
497 3863 550 3919 hi
572 3875 717 3931 sunt,

1375 298 1826 359 EVANGELIUM
1872 298 2240 359 SECUNDUM
2281 297 2535 356 LUCAM.

3497 303 3616 360 '566

2454 418 2688 478 CODEX
2729 418 3174 478 VERONENSIS.

2014 510 2067 565 6.
2110 518 2257 565 runt.
2285 510 2352 566 Et
2852 511 3102 568 seminati
3134 519 3293 577 sunt,

2012 582 2159 636 aliud
2183 584 2329 637 ccci-
2855 582 2911 639 hi
2939 591 3092 648 sunt,
3124 582 3218 651 qui

2013 651 2094 707 dit
2119 668 2280 723 supra
2306 662 2414 709 ter-
2853 654 3078 709 audiunt
3106 653 3333 709 verbum

2014 738 2155 790 ram,
2182 733 2236 779 et
2256 740 2350 779 na—
2856 726 2949 781 Dei
2970 742 2985 791 ;
3021 725 3170 779 venit

2014 803 2125 849 tum
2150 796 2312 863 aruit,
2852 805 3034 852 autem
3056 795 3327 861 diabolus,

2013 868 2137 935 quia
2172 882 2277 921 non
2854 878 2909 923 et
2941 868 3081 922 tollit
3115 907 3129 920 .
3178 906 3191 918 .
3236 908 3249 921 .
3294 902 3309 921 .
3354 904 3366 920 .

2014 936 2246 992 habebat
2269 939 2367 993 hu-
2854 939 2922 996 de
2948 940 3162 994 illorum

2014 1010 2066 1063 7.
2110 1010 2429 1066 morem.Et
2856 1052 2867 1066 .
2917 1050 2930 1064 .
2975 1052 2987 1064 .
3036 1052 3049 1063 .
3097 1050 3109 1062 .
3156 1048 3170 1063 .
3205 1009 3458 1075 verbum,

2849 1098 2918 1138 ne
2946 1081 3230 1137 credentes

2848 1154 2983 1209 salvi
3021 1154 3170 1208 ﬁant.

2850 1227 2940 1281 15.
2973 1225 3104 1279 Nam
3136 1224 3227 1292 qui
3255 1238 3417 1295 supra

2851 1307 3094 1367 petram,
3130 1295 3183 1349 1ιί

2848 1378 2995 1449 sunt,
3026 1367 3137 1449 qui,
3171 1381 3294 1422 cum

2849 1440 3118 1494 audierint
3159 1454 3280 1493 ver-

2015 1080 2147 1134 aliut
2170 1081 2367 1136 cecidit

2014 1153 2157 1206 inter
2177 1153 2385 1221 spinas,

2015 1231 2070 1277 et
2090 1222 2247 1277 simul
2271 1238 2360 1277 ex-

2016 1293 2207 1348 hortae
2240 1295 2428 1363 spinae

2016 1364 2417 1421 suﬂ‘ocaverunt

2016 1436 2069 1491 8.
2112 1437 2249 1491 illttt.
2285 1439 2349 1491 Et

2012 1508 2159 1562 aliud
2187 1509 2406 1565 cecidit.

2016 1579 2069 1633 in
2105 1588 2302 1634 terram

2016 1650 2233 1717 bonam,
2263 1662 2319 1706 et

2016 1732 2197 1775 natum
2232 1722 2357 1777 fecit

2013 1791 2244 1847 fructum
2273 1808 2399 1850 cen-

2015 1866 2245 1934 tuplum.

2014 1935 2160 1991 llaec
2199 1936 2411 2002 dicens,

2011 2007 2282 2062 clamabat
2308 2027 2319 2061 :
2350 2008 2453 2076 Qui

2013 2078 2179 2133 habet
2207 2094 2370 2135 aures

2014 2151 2291 2216 audiendi,
2322 2150 2526 2206 audiat.

2011 2220 2066 2275 9.
2101 2222 2579 2293 [interrogaverunt

2011 2302 2191 2347 autem
2214 2310 2339 2349 eum

2012 2363 2285 2431 discipuli,
2314 2380 2453 2435 quae

2010 2447 2155 2489 esset
2185 2437 2319 2491 haec

2011 2507 2293 2575 parabola.

2010 2576 2115 2649 170.7
2140 2578 2347 2649 Quibus
2376 2578 2492 2649 ipse

2007 2648 2145 2702 dixit
2172 2666 2183 2700 :
2214 2648 2383 2704 Vobis

2007 2719 2191 2773 datum
2228 2731 2312 2774 est

2006 2805 2175 2845 nosse
2206 2802 2409 2863 myste-

2005 2863 2143 2934 rium
2184 2865 2333 2934 regni

2005 2933 2101 2987 Dei
2130 2952 2142 2986 :

2005 3006 2203 3059 ceteris
2234 3015 2413 3061 autem

2008 3076 2058 3129 iu
2091 3077 2367 3146 parabolis

2007 3148 2220 3217 loquor,
2254 3158 2312 3203 ut

2005 3220 2252 3276 videntes
2294 3236 2400 3276 non

2004 3290 2243 3358 videant,
2276 3301 2331 3348 et

2004 3362 2283 3418 audientes
2313 3380 2419 3421 non

2005 3432 2340 3503 intellegant.

2008 3504 2095 3557 11.
2142 3506 2235 3559 Est
2262 3516 2439 3562 autem
2465 3508 2597 3563 haec

2004 3577 2261 3644 parabola
2293 3580 2412 3634 talis
2438 3595 2453 3643 ;

2007 3648 2225 3712 Semen,
2258 3659 2341 3702 cst

2006 3716 2229 3771 verbum
2264 3720 2358 3774 Dei

2008 3789 2095 3842 l2.
2138 3788 2237 3855 Qui
2269 3801 2447 3848 autem

2006 3874 2165 3914 secus
2191 3862 2331 3917 viam

2848 1511 2997 1574 bum,
3030 1524 3151 1563 cum

2847 1582 3045 1651 gaudio
3072 1581 3209 1651 reci-

2850 1650 2999 1723 piunt
3030 1650 3201 1705 illud:

2850 1734 2903 1778 et
2930 1724 2984 1778 hi
3016 1723 3254 1779 radices?

2852 1811 2961 1850 non
3002 1796 3201 1849 habent
3224 1813 3239 1861 ;

2851 1867 2978 1937 quia
3000 1865 3065 1919 ad
3096 1874 3234 1919 tem-

2850 1953 2952 2007 pus
2979 1937 3231 2004 credunt,

2845 2018 2900 2064 et
2930 2010 2981 2063 in
3012 2018 3261 2077 tempore

2848 2079 3215 2150 temptationis

2846 2152 3127 2206 recedunt.

2848 2224 2935 2277 M.
2976 2221 3129 2289 Quod
3158 2230 3337 2278 autem
3371 2222 3426 2278 in

2845 2294 3016 2364 spinis
3038 2294 3252 2361 cecidit,

2847 2365 2899 2419 hi
2931 2373 3085 2428 sunt,
3119 2366 3211 2434 qui

2843 2436 3089 2502 audiunt,
3117 2445 3173 2490 et

2842 2522 2870 2561 a
2903 2506 3362 2573 solicitudinibus,

2841 2587 2898 2633 ct
2921 2579 3124 2633 divitiis

2840 2661 2894 2704 et
2924 2650 3298 2719 voluptatibus

2842 2722 2980 2775 vitae
3010 2730 3203 2775 euntes
3218 2763 3233 2785 ,

2840 2792 3001 2847 simul
3033 2791 3301 2847 sull'ocano

2844 2871 2950 2924 tur.
2980 2871 3035 2918 et
3065 2877 3171 2917 non

2841 2934 3091 2990 referunt
3128 2933 3240 2988 fru-

2844 3008 2931 3060 15.
2973 3016 3141 3061 ctum.
3175 3005 3333 3073 Quod
3365 3016 3457 3061 au.

2843 3086 2950 3131 tem
2980 3080 3032 3131 in
3066 3077 3263 3133 bonam

2838 3158 3037 3203 terram
3071 3166 3083 3203 :
3118 3148 3174 3203 hi

2836 3229 3001 3288 sunt,
3035 3221 3123 3290 qui
3158 3222 3213 3276 in

2835 3292 2999 3346 corde
3028 3291 3104 3363 (a)
3131 3292 3229 3346 bo-

2839 3378 2910 3417 no
2930 3363 2967 3432 ’ἲ
2997 3362 3281 3418 audientes
3301 3400 3315 3427 .

2837 3433 3060 3487 verbum
3085 3437 3215 3488 reti-

2836 3514 2967 3558 nent
2984 3546 3000 3571 ,
3029 3513 3083 3559 et
3108 3504 3220 3558 fru-

2836 3585 2979 3629 ctum
3012 3574 3258 3631 adferent

2838 3661 2935 3713 per
2959 3647 3295 3716 patientiam.

2840 3716 2926 3771 l6.
2969 3717 3138 3772 Nemo
3167 3726 3345 3774 autem

2834 3788 3079 3845 accendit
3108 3788 3189 3843 lu-

2836 3876 3055 3916 cernam
3079 3903 3092 3927 ,
3118 3869 3173 3917 et

1568 3980 1575 4027 ῖ
1604 3971 1837 4028 CODEX
1878 3972 2273 4034 BRIXIANUS.

303 4065 369 4121 Et
384 4064 529 4121 aliud
548 4063 743 4121 cecidit
770 4080 930 4136 supra
954 4072 1161 4136 petram
1188 4072 1241 4119 ct
1268 4074 1450 4136 natum
1468 4063 1632 4119 aruit.
1652 4063 1775 4132 quia
1797 4079 1907 4117 non

302 4136 820 4193 babebatumorcm.
838 4135 1063 4192 Etaliud
1084 4135 1651 4205 ceciditinterspinas.
1676 4144 1727 4189 ct
1745 4136 1904 4190 simul

303 4219 530 4265 exortae
574 4218 700 4263 sunt
731 4210 923 4278 spinae
953 4220 1006 4263 et
1035 4208 1440 4263 suﬂ‘ocaverunt
1472 4206 1623 4261 illud.
1666 4206 1729 4260 Et
1760 4208 1906 4260 aliud

306 4280 505 4336 cecidit
530 4279 584 4334 in
622 4291 819 4335 terram
852 4281 1043 4334 bonam
1078 4291 1129 4334 et
1155 4278 1502 4350 germinavit.
1553 4288 1606 4350 et
1642 4278 1768 4332 fecit
1797 4278 1907 4332 fru-

308 4366 456 4407 etum
486 4352 798 4422 centuplum
829 4352 974 4406 llaec
1030 4349 1502 4416 cumloqueretur
1535 4349 1770 4404 dicebat.
1800 4350 1903 4417 Qui

306 4422 471 4478 habet
502 4440 664 4477 aures
687 4423 941 4478 audiendi
972 4422 1179 4478 audiat.
1214 4422 1694 4491 [interrogaverunt
1728 4432 1907 4475 autem

306 4511 431 4550 eum
463 4494 712 4563 discipuli
746 4495 865 4563 ejus
888 4494 1153 4557 dicentes,
1190 4508 1329 4563 quae
1358 4503 1443 4547 est
1477 4496 1608 4547 haec
1631 4493 1907 4560 parabola.

303 4566 513 4633 Quibus
548 4566 637 4620 ille
677 4566 815 4620 dixit
845 4566 1010 4621 Vobis
1036 4566 1221 4620 datum
1253 4574 1357 4619 est.
1400 4580 1561 4619 nosse
1590 4566 1907 4635 mysterium

304 4640 457 4706 regni
486 4637 602 4690 Dei.

486 4710 686 4763 ceteris
722 4718 900 4764 autem
928 4709 978 4762 in
1015 4708 1290 4776 parabolis
1319 4717 1374 4762 ut
1407 4705 1657 4761 videntes
1693 4722 1801 4759 non
1834 4706 1911 4759 vi-

306 4780 474 4835 deant
500 4792 554 4835 et
585 4780 865 4834 audientes
900 4796 1007 4833 non
1039 4780 1360 4848 intelligant.

492 4851 637 4906 llaec
686 4862 771 4906 est
814 4862 993 4906 autem
1028 4851 1283 4920 parabola
1323 4850 1523 4906 Semen
1568 4858 1649 4903 est
1678 4848 1904 4902 verbum

309 4923 425 4979 Dei.
452 4922 606 4992 Quod
634 4932 813 4977 autem
844 4937 1000 4977 secus
1032 4923 1176 4976 viam
1198 4922 1415 4977 cecidit.
1452 4921 1504 4975 hi
1535 4931 1661 4974 sunt
1691 4921 1781 4989 qui
1812 4935 1909 4973 au-

2012 4068 2167 4123 diunt
2212 4068 2410 4125 deinde
2438 4068 2587 4125 venit
2631 4067 2901 4124 diabolus.
2939 4075 2993 4122 et
3026 4066 3169 4121 tollit
3194 4064 3262 4121 de
3287 4064 3451 4121 corde
3483 4064 3607 4119 illo-

2016 4156 2132 4194 rum
2167 4141 2407 4196 verbum.
2449 4157 2517 4196 ne
2543 4141 2830 4196 credentes
2855 4138 2991 4194 salvi
3035 4138 3186 4193 ﬁant.
3221 4136 3354 4192 Nam
3386 4137 3474 4207 qui
3508 4151 3603 4191 su-

2017 4227 2113 4281 pra
2146 4222 2353 4283 petram
2401 4214 2453 4267 hi
2478 4221 2606 4266 sunt
2633 4213 2722 4283 qui
2754 4228 2875 4267 cum
2918 4210 3233 4283 audierint._
3260 4224 3382 4283 cum
3410 4208 3607 4283 gaudio

2016 4279 2318 4353 Suscipiunt
2357 4285 2603 4339 verbum.
2650 4279 2705 4337 et
2741 4285 2790 4337 hi
2836 4282 3047 4337 radices
3088 4296 3192 4334 non
3224 4280 3445 4353 habent.
3480 4279 3607 4349 quia

2018 4357 2083 4407 ad
2110 4349 2318 4426 tempus
2344 4356 2591 4419 credunt,
2620 4364 2674 4410 et
2701 4355 2753 4408 in
2779 4364 3034 4426 tempore,
3052 4349 3421 4426 temptationis
3442 4365 3605 4426 rece-

2019 4426 2152 4481 dunt
2176 4422 2328 4495 Quod
2361 4438 2539 4481 autem
2583 4427 2636 4479 in
2668 4426 2839 4493 spinis
2866 4422 3062 4495 cecidit
3099 4422 3153 4495 hi
3184 4432 3331 4475 sunt.
3366 4422 3606 4495 quicum

2018 4493 2290 4553 audierint
2310 4498 2531 4552 verbum
2561 4512 2591 4550 a
2614 4495 2977 4550 sollicitudine
3003 4493 3308 4547 divitiarum
3332 4501 3387 4547 et
3414 4494 3608 4561 volup-

2022 4571 2219 4624 tatibus
2267 4570 2409 4624 vitae
2462 4577 2656 4623 euntes
2699 4566 3030 4621 sull'ocantur
3066 4573 3121 4619 ct
3164 4580 3270 4619 non
3306 4565 3433 4617 dant
3465 4563 3608 4618 fruc-

2020 4650 2130 4693 tum
2159 4641 2314 4706 Quod
2360 4650 2540 4694 autem
2594 4640 2648 4693 in
2703 4651 2902 4693 terram
2944 4636 3141 4692 bonam
3176 4636 3372 4692 cecidit
3402 4636 3451 4687 ιιί
3482 4642 3609 4687 sunt

2016 4714 2104 4779 qui
2144 4712 2194 4765 iu
2235 4711 2399 4765 corde
2433 4711 2574 4765 bono
2605 4721 2658 4765 et
2691 4710 2923 4779 benigno
2951 4708 3233 4763 audientes
3262 4708 3485 4779 verbum
3515 4720 3601 4758 rc-

2018 4775 2210 4836 tinent.
2255 4792 2309 4837 et
2350 4781 2581 4836 fructum
2625 4775 2879 4836 adierunt
2920 4796 3015 4850 per
3056 4779 3389 4849 patientiam.
3434 4775 3606 4830 Nemo

2016 4862 2193 4909 autem
2227 4854 2501 4909 lucernam
2523 4853 2824 4910 accendens

1612 5033 1847 5088 CODEX
1884 5030 2352 5089 CORBEIENSIS.

382 5134 512 5190 Car.
537 5133 677 5191 Vlll.
696 5132 1045 5190 lO.——Vobis
1094 5132 1279 5188 datum
1318 5141 1401 5187 est
1431 5130 1573 5186 scire
1595 5128 1915 5201 mysterium

309 5208 429 5263 Dei.

2096 5126 2183 5181 M.
2225 5137 2438 5193 euntes,
2472 5128 2633 5181 simul
2653 5124 3009 5180 sullocantur.

2095 5200 2181 5254 15.
2223 5208 2277 5253 et
2306 5198 2538 5253 fructum
2562 5198 2795 5252 alterunt
2824 5211 2917 5266 per
2941 5196 3278 5267 patientiam.

1559 5292 1955 5351 VARIANTES
1994 5290 2397 5347 LECTlONES.

375 5397 391 5425 ι
431 5394 540 5443 Gal.
565 5405 715 5455 super
738 5398 950 5455 petrosa.
990 5387 1133 5455 Vulg.
1162 5403 1305 5452 supra
1332 5396 1537 5455 petram.

375 5458 395 5487 ³
432 5456 541 5505 Gut.
568 5444 841 5508 audientes.
874 5467 970 5502 non
996 5444 1294 5516 audiant,'et
1314 5444 1408 5501 rion
1432 5450 1729 5513 intelligant.
1763 5445 1910 5512 Vulg.

314 5519 597 5581 audientes,
622 5531 716 5566 non
744 5516 1037 5578 intelligant.

380 5582 401 5612 ³
436 5582 545 5628 (.‘at.
574 5575 722 5629 secus
744 5580 871 5628 viam
909 5575 1026 5628 sunt
1065 5579 1318 5637 seminatt,
1364 5575 1415 5624 hi
1455 5582 1587 5625 sunt.
1627 5576 1745 5625 Mm.
1768 5587 1913 5625 secus

314 5644 443 5693 viam
468 5651 601 5702 sunt,
630 5642 677 5692 bi
698 5649 829 5692 sunt.
865 5639 1008 5708 Vulg.
1030 5654 1178 5691 secus
1203 5643 1343 5700 viam,
1367 5638 1418 5687 bi
1438 5645 1566 5689 sunt.

2080 5386 2102 5451 ξ
2135 5386 2241 5435 ϐαι.
2265 5389 2311 5434 et
2335 5386 2454 5451 Mm.
2481 5384 2714 5435 radicem.
2752 5384 2895 5451 Vulg.
2920 5387 3127 5451 radices.

2081 5449 2101 5512 ’ξ
2140 5451 2256 5512 Mm.
2282 5461 2378 5497 non
2404 5449 2645 5512 fecerunt.
2681 5446 2825 5512 Vulg.
2849 5446 2949 5499 iton
2977 5449 3213 5498 referunt.

2083 5511 2103 5541 ⁸
2138 5510 2245 5560 Gal.
2268 5510 2542 5560 accendens
2563 5510 2830 5576 lucernam,
2848 5513 3041 5575 cperuit
3057 5521 3381 5576 eam_vas_so...
3401 5513 3470 5561 ut.
3494 5510 3618 5561 Mm.

2018 5574 2275 5623 luCcrnam
2311 5586 2562 5623 accensam
2593 5576 2753 5636 operit
2794 5570 2903 5624 eam
2924 5586 3055 5625 vaso.
3086 5571 3231 5636 Vulg.
3262 5570 3512 5623 lucernam
3534 5584 3619 5623 ac-

2022 5638 2260 5701 cendens,
2288 5638 2581 5701 cperiteam
2606 5650 2743 5697 vase,
2762 5644 2864 5686 aut.

1611 5720 1980 5777 BLANCIIINI
2028 5719 2259 5777 ΝΟΤΔΕ.

395 5816 473 5889 (a)
510 5818 643 5876 Post
665 5817 817 5887 bona,
841 5817 995 5876 deest
1025 5825 1073 5873 et
1099 5817 1313 5888 optimo,
1336 5815 1495 5871 etiam
1521 5814 1573 5871 in
1600 5813 1722 5871 cod.
1748 5814 1903 5872 Cant.
