4042 6192
404 291 509 351 567
943 292 1212 351 EUSEBII
1254 292 1594 349 VERCELL.
1638 288 2093 349 EVANGELIUM
2134 288 2279 348 CUM
2330 287 2556 346 VARIIS
2591 287 2748 346 COD.
2776 287 3173 346 COLLATUM.

796 410 1027 467 CODEX
1065 408 1607 469 VERCELLENSIS.

407 502 622 571 operiet
659 502 805 557 illam

406 588 566 639 vase,
600 584 693 628 aut
716 590 844 644 sup-

406 656 497 701 tus
522 648 715 700 lectum

404 718 581 789 ponit,
625 717 723 789 sed
748 733 845 772 su-

405 804 501 856 pra
533 788 792 843 candela-

404 861 562 915 brum
595 861 776 927 ponit,

404 941 468 985 ut
506 926 697 986 omnes
720 926 810 986 in-

402 1013 631 1065 trantes,
656 1005 735 1056 vi—

402 1074 567 1129 deant
599 1075 798 1127 lumen.

403 1148 495 1199 l7.
538 1145 679 1199 Nihil
710 1147 851 1198 enim

404 1226 489 1272 est
516 1216 812 1279 occultum,

405 1286 552 1356 quod
584 1303 687 1340 non
716 1302 807 1356 pa—

404 1357 514 1411 lam
552 1360 679 1411 liat:
714 1359 807 1412 sed

406 1444 511 1483 nec
540 1428 770 1484 abscon-
844 1446 855 1455 λ

403 1515 547 1558 sum.
581 1504 680 1554 nisi
712 1511 771 1555 ut

406 1582 791 1641 cognoscatur,

406 1652 466 1699 et
493 1647 543 1696 in
578 1646 751 1711 palam

404 1715 607 1769 veniat.

408 1785 497 1841 18.
543 1785 755 1847 Videte.
792 1802 1020 1857 quomo-

403 1857 476 1911 do
502 1859 772 1913 audiatis?

406 1928 645 1998 Quisque
675 1932 821 1986 enim

410 1998 682 2065 habuerit,
719 2003 817 2057 da-

408 2069 557 2125 bitur
588 2070 665 2125 illi
691 2091 704 2128 :
727 2083 781 2128 et

409 2142 503 2211 qui
541 2157 645 2196 non
677 2143 773 2198 ha-

409 2212 611 2276 buerit,
642 2224 696 2269 et
718 2215 862 2286 quod

409 2293 567 2352 putat
589 2300 647 2339 se
680 2288 771 2341 ha-

411 2357 570 2423 bere,
596 2358 750 2413 aufe-

411 2436 565 2482 retur
593 2428 659 2483 ab
691 2445 775 2485 eo.

412 2499 502 2553 ‘19.
549 2500 825 2558 Venerunt

412 2578 596 2625 autem
621 2574 685 2625 ad
720 2576 869 2629 illum

416 2654 611 2706 mater,
646 2652 700 2697 et
728 2643 836 2701 fra-

414 2719 531 2766 tres
563 2712 708 2769 illius
729 2757 743 2780 ,

413 2792 498 2837 set
529 2799 635 2837 non
667 2796 816 2853 pote-

416 2862 542 2907 rant
569 2857 758 2909 conlo-

417 2925 512 2994 qui
537 2927 583 2978 ei
616 2936 834 2995 prOpter

415 2995 509 3049 20.
555 2998 783 3053 turbam.
812 2998 963 3055 Nun-

417 3067 610 3121 tiatum
638 3080 721 3123 est
745 3088 839 3125 au-

418 3146 529 3214 tem
558 3140 574 3169 ¹
602 3140 709 3214 illi:
747 3144 821 3214 (a)
851 3141 1002 3208 Quo-

418 3209 566 3263 niam
597 3210 638 3281 ’ξ-
670 3209 842 3269 mater

424 3289 513 3333 tua
534 3322 548 3346 ,
577 3291 634 3336 et
659 3281 856 3340 fratres

420 3352 499 3405 tui
528 3364 670 3407 stant
697 3355 777 3410 f0-

419 3423 519 3483 ris,
552 3425 794 3482 volentes

416 3503 472 3546 te
507 3496 710 3552 videre.

421 3565 486 3640 2i
499 3603 514 3619 .
556 3568 658 3635 Qui
688 3584 911 3640 respon-

422 3637 583 3699 dens.
614 3641 748 3693 dixit

417 3708 487 3762 ad
519 3709 674 3766 illos:
710 3711 820 3767 Ma-

428 3923 621 4005 operit_
650 3940 767 4005 eam
795 3942 946 3983 vaso.
968 3938 1066 4005 _attt
1102 3930 1291 3984 subtus
1315 3932 1513 4005 lectum
1548 3933 1717 4001 ponit.
1752 3934 1846 3988 sed
1870 3950 2031 4005 supra

1242 511 1323 556 ter
1351 516 1495 567 mea,
1524 510 1581 556 et

1237 572 1437 628 fratres
1466 573 1605 637 mei,

1240 644 1319 697 illi
1348 654 1495 707 sunt,
1524 642 1616 711 qui

1240 716 1260 746 ²
1290 716 1513 769 verbum
1548 715 1641 769 Dei

1241 786 1489 853 audiunt,
1520 794 1577 841 et

1143 856 1158 871 ⁶
1245 857 1464 912 faciunt.

1243 928 1334 983 22.
1380 929 1604 983 Factum
1632 938 1717 983 est

1244 1012 1421 1054 autem
1450 1000 1502 1054 itt
1530 1015 1637 1054 una

1239 1070 1448 1126 dierum
1477 1090 1488 1124 :
1522 1079 1577 1126 et

1239 1144 1354 1212 ipse
1385 1158 1575 1197 ascen-

1237 1214 1315 1268 dit
1347 1215 1396 1267 itt
1430 1215 1580 1269 navi-

1238 1285 1413 1340 culam
1438 1328 1453 1347 ,
1486 1296 1540 1340 et
1578 1287 1690 1343 dis-

1238 1356 1404 1426 cipuli
1426 1358 1541 1425 ejus
1559 1400 1572 1421 ,

1238 1428 1451 1483 etdixit
1480 1430 1543 1481 ad

1240 1500 1363 1554 illos
1388 1519 1400 1553 :
1435 1500 1628 1558 'l‘rans-

1241 1569 1505 1627 freti-mus

1242 1652 1515 1711 stagnum.

1240 1713 1310 1768 Et
1337 1710 1415 1786 (ιι)
1454 1718 1684 1773 sustule—

1241 1801 1483 1839 I‘ll...

1240 1856 1332 1929 23.
1375 1855 1395 1886 ε
1422 1855 1732 1929 Νεινῑεειιιιι-

1242 1926 1343 1982 bus
1376 1940 1553 1985 autem

1242 2000 1322 2053 eis
1344 2040 1357 2064 ,
1386 2003 1617 2059 condor-

1244 2073 1361 2123 miit
1382 2112 1397 2136 ,
1429 2083 1483 2127 et
1514 2076 1637 2131 des-

1242 2143 1425 2196 cendit
1465 2154 1576 2200 tur-

1246 2216 1316 2269 bo
1340 2218 1392 2272 itt
1421 2230 1567 2291 stag-

1248 2304 1377 2343 num
1405 2304 1539 2344 V8"-

1250 2360 1329 2434 ti,
1362 2369 1417 2415 et
1438 2364 1657 2434 conple—

1248 2432 1443 2487 bantttr
1463 2477 1477 2499 ,
1509 2432 1564 2491 et

1246 2505 1517 2574 pericula-

1232 2574 1340 2629 .24.
1385 2577 1598 2633 bantur.
1627 2580 1732 2637 Ac-

1249 2648 1491 2704 cidentes
1520 2666 1616 2704 au-

1250 2727 1359 2791 tem
1387 2720 1620 2791 diSt-ipu-

1250 2790 1321 2854 li,
1349 2793 1643 2848 suscitave-

1252 2872 1377 2914 runt
1400 2861 1548 2916 illum
1572 2904 1587 2927 ,

1253 2929 1495 2987 dicentes
1522 2952 1535 2988 ζ
1563 2934 1670 2988 Ma-

1254 3004 1422 3071 gister
1437 3046 1450 3065 ,
1480 3007 1623 3074 peri-

1252 3089 1392 3128 mus.
1425 3075 1579 3131 Tunc

1251 3159 1479 3216 surgens
1494 3192 1509 3215 ,
1546 3148 1647 3202 im-

1253 3220 1461 3285 peravit
1502 3234 1631 3273 ven-

1252 3298 1335 3354 to,
1373 3299 1428 3343 et
1460 3301 1696 3361 tempes-

1251 3361 1344 3412 tati
1384 3376 1556 3428 aquae
1577 3404 1592 3426 ,

1250 3439 1304 3486 et
1326 3430 1408 3500 (ά)
1432 3434 1755 3489 destiterunt
1780 3452 1792 3487 :
1816 3434 1857 3505 1-

1250 3508 1307 3555 et
1346 3506 1479 3557 tacta
1512 3515 1595 3559 est

1253 3572 1274 3603 ’⁸
1305 3576 1602 3643 tranquilli-

1172 3659 1183 3665 ·
1252 3644 1343 3699 25.
1388 3657 1489 3700 tas.
1514 3646 1657 3702 Dixit
1677 3663 1771 3704 au-

1253 3724 1361 3771 tem
1386 3716 1493 3774 illis
1518 3736 1530 3772 :
1562 3717 1661 3775 Ubi

2536 404 2770 464 CODEX
2813 403 3258 462 VERONENSIS.

2099 504 2267 573 'ponit
2292 503 2392 560 sub

2111 575 2295 630 modio
2321 618 2335 641 ,
2370 574 2465 630 sed

2111 660 2271 714 snpra
2302 646 2497 701 cande-

2110 716 2321 772 labrum
2349 719 2535 788 ponit,

2110 798 2168 842 nt
2197 789 2458 845 intrantes

2109 860 2327 915 videant
2354 862 2437 917 lu-

2110 946 2258 985 men.

2111 1005 2200 1057 l7.
2240 1002 2357 1058 Non
2385 1004 2527 1059 enim

2110 1085 2194 1129 cst
2219 1076 2484 1129 occultum
2501 1118 2514 1141 ,

2111 1146 2255 1215 quod
2285 1162 2389 1200 non
2422 1162 2536 1201 ma-

2112 1216 2399 1271 nifestetur
2433 1236 2445 1275 :

2111 1298 2167 1343 et
2194 1303 2293 1343 nec
2324 1288 2419 1343 ιιι)-

2111 1374 2365 1414 sconsum
2393 1400 2408 1425 ,
2439 1360 2541 1416 nisi

2113 1444 2470 1501 cognoscatur
2488 1473 2503 1499 ,

2115 1512 2168 1557 et
2194 1506 2244 1556 iit
2271 1504 2445 1571 palam

2114 1576 2316 1630 veniat.

2098 1645 2205 1703 eis.
2230 1645 2466 1718 Videte,
2500 1661 2632 1718 quo-

2118 1716 2280 1770 modo
2310 1733 2405 1772 au-

2118 1786 2316 1841 diatis?

2118 1860 2218 1924 Qui
2245 1860 2387 1914 enim

2121 1930 2280 1984 liabet
2298 1972 2311 1995 ,
2349 1929 2565 1985 dabitur

2119 2000 2237 2055 illi:
2269 2008 2324 2056 et
2353 2002 2470 2073 qui-

2121 2087 2351 2142 cumque

2120 2160 2227 2198 non
2264 2145 2455 2210 habet,

2121 2217 2284 2270 etiam
2310 2216 2454 2286 quod

2121 2297 2271 2356 putat
2295 2303 2353 2342 se
2380 2290 2477 2342 tta-

2121 2358 2250 2413 bere
2270 2401 2285 2425 ,
2318 2360 2593 2417 auferetur

2120 2430 2189 2484 ab
2229 2432 2341 2484 illo.

2122 2501 2208 2557 l9.
2247 2501 2525 2560 Venerunt

2120 2586 2301 2631 autem

2119 2648 2186 2701 ad
2211 2648 2357 2702 illum
2385 2662 2500 2703 ma-

2119 2727 2233 2787 ter,
2258 2728 2312 2774 et
2340 2718 2534 2777 fratres

2121 2792 2239 2859 ejus
2261 2832 2275 2854 ,
2306 2799 2360 2845 et
2385 2808 2491 2847 non

2120 2870 2373 2932 poterant
2401 2863 2550 2918 adire

2121 2932 2190 2987 ad
2214 2948 2336 2988 eum
2368 2948 2498 3004 prae

2128 3004 2627 3061 ......Nnn—

2121 3076 2320 3130 ciatum
2365 3117 2378 3129 .
2423 3115 2437 3129 .
2484 3116 2499 3129 .

2122 3159 2301 3201 autem
2334 3148 2409 3202 illi
2439 3167 2453 3205 :

2121 3216 2213 3272 20.
2255 3216 2331 3289 (a)
2355 3220 2489 3285 Quia
2509 3219 2547 3291 ’ξ-
2574 3233 2687 3275 ma-

2124 3298 2205 3343 ter
2234 3300 2321 3343 tua
2344 3331 2358 3349 .
2389 3302 2444 3347 et

2122 3359 2317 3416 fratres
2350 3364 2425 3418 tui

2123 3440 2267 3487 stant
2289 3433 2420 3490 foris
2438 3476 2451 3501 ,

2122 3506 2368 3561 volentes
2393 3516 2445 3562 te

2122 3575 2326 3631 videre.

2121 3648 2212 3703 21.
2255 3650 2356 3718 Qui
2389 3649 2722 3717 respondens
2744 3691 2761 3718 ,

2122 3721 2257 3776 dixit
2284 3720 2351 3777 ad
2379 3737 2511 3779 eos:

1725 3837 1959 3893 CODEX
1996 3836 2394 3894 BRIXIANUS.

429 3994 839 4052 candelabrum.
877 4010 937 4053 ut
967 4000 1232 4055 intrantes
1261 4002 1476 4057 videant
1500 3994 1699 4057 lumen.

505 4065 619 4120 Non
650 4072 792 4143 enim
828 4078 912 4125 est
941 4074 1213 4129 occultum
1244 4078 1391 4142 quod
1434 4092 1538 4128 non
1564 4076 1837 4130 reveletur
1862 4120 1876 4143 ,
1931 4093 2032 4132 nec

428 4137 809 4214 absconditum
834 4143 975 4210 quod
1009 4160 1111 4194 non
1145 4137 1528 4213 cognoscatur.
1560 4158 1614 4200 et
1645 4150 1696 4200 ιιι
1731 4137 1907 4214 palam
1940 4165 2031 4199 ve.

431 4211 564 4284 t_tiat_.
596 4210 784 4266 Videte
829 4229 958 4283 ergo
981 4210 1255 4284 qnomotl'o
1290 4217 1509 4271 auditis.
1545 4219 1645 4283 Qui
1679 4210 1825 4272 enim
1868 4219 2030 4274 habet

427 4278 643 4360 davitttr
677 4284 775 4337 illi.
838 4278 1011 4360 et'qni
1047 4303 1150 4360 non
1202 4289 1384 4342 habet.
1440 4300 1493 4343 et
1522 4278 1588 4344 id.
1605 4292 1745 4360 quod
1778 4299 1929 4359 putat
1970 4307 2029 4347 se

429 4349 633 4404 habere
656 4349 1023 4411 auferetur-ali
1059 4359 1173 4412 illo.

508 4423 780 4479 Venerunt
810 4439 987 4501 autent
1019 4432 1084 4481 ad
1117 4431 1265 4483 illum
1297 4440 1473 4484 mater
1496 4442 1551 4487 et
1582 4431 1775 4486 fratres
1804 4433 1946 4501 ejus.
1977 4443 2033 4488 et

429 4509 541 4547 non
578 4508 849 4571 paterant
877 4499 1027 4553 adire
1065 4502 1130 4553 atl
1165 4518 1285 4556 euut
1318 4516 1447 4571 prae
1480 4504 1657 4558 turba.
1703 4504 1771 4557 Et
1814 4499 2033 4559 nuntia-

428 4574 544 4646 tum
567 4574 652 4619 est
679 4568 748 4646 ei.
786 4568 860 4638 (a)
895 4572 1094 4646 Quia_-l-
1119 4584 1291 4646 mater
1319 4568 1419 4646 tua
1445 4584 1501 4628 et
1550 4574 1745 4629 fratres
1780 4576 1856 4630 tni
1887 4586 2032 4630 stant

424 4636 580 4693 foris.
615 4636 857 4693 volentes
891 4651 941 4695 te
967 4636 1171 4698 videre.
1204 4643 1285 4699 Ad
1317 4645 1410 4700 ille
1440 4648 1775 4717 respondens
1813 4647 1948 4702 dixit
1973 4648 2038 4700 ad

2138 3950 2235 3989 eos
2286 3934 2457 3989 Mater
2486 3948 2603 3989 mea
2635 3942 2689 3989 et
2729 3932 2925 3987 fratres
2968 3931 3075 3986 mei
3103 3931 3155 3985 hi
3202 3937 3325 3985 sunt
3373 3930 3463 3997 qui
3504 3927 3733 3984 verbum

2138 4007 2234 4060 Dei
2263 4008 2489 4060 audiunt
2512 4016 2564 4060 et
2592 4004 2814 4058 faciunt.
2843 4003 3066 4058 Factum
3095 4013 3179 4056 est
3209 4012 3388 4057 autem
3412 4001 3466 4055 in
3493 4017 3595 4055 una
3619 4000 3737 4055 die-

2141 4094 2263 4131 rttm
2293 4086 2347 4130 et
2374 4077 2487 4145 ipse
2516 4076 2756 4130 ascendit
2807 4076 2858 4129 in
2904 4073 3206 4129 naviculam
3229 4083 3281 4128 et
3312 4072 3731 4145 discipnIi_ejus.

2136 4159 2189 4203 et
2215 4148 2373 4201 attatl
2399 4142 2547 4203 illos.
2599 4149 3033 4201 'l‘t'ansfretemus
3086 4156 3234 4199 trans
3266 4154 3515 4214 stagnum
3551 4142 3616 4196 Ει
3640 4159 3734 4196 as-

2135 4222 2454 4275 cenderunt.
2505 4219 2894 4287 Navignntibus
2940 4231 3119 4272 autem
3152 4217 3259 4269 illis
3307 4215 3619 4269 obtlortniit.
3675 4226 3731 4287 et

2132 4293 2414 4345 descendit
2449 4286 2681 4360 ItrnCcIIa
2714 4291 2860 4343 Venti
2911 4290 2961 4342 itt
3000 4301 3250 4358 stagnum
3286 4300 3333 4342 et
3367 4286 3437 4357 (ε)
3469 4286 3728 4360 navicula

2137 4358 2511 4432 Complehatnr
2544 4362 2855 4431 ﬂuctibus?
2877 4372 2932 4414 et
2963 4360 3424 4432 periclitabantur.
3452 4358 3732 4412 Acceden-

2141 4444 2221 4487 tes
2266 4429 2456 4489 autem
2506 4429 2902 4488 suscitavertint
2955 4448 3077 4485 eum
3105 4429 3351 4485 dicentes
3405 4430 3732 4497 Praeceptor

2144 4506 2403 4574 perimus.
2437 4506 2515 4559 Ad
2545 4505 2632 4559 ille
2669 4521 2897 4574 surgens
2927 4504 3222 4569 increpavit
3256 4510 3569 4574 ventumiet
3597 4511 3731 4553 tem-

2146 4571 2354 4646 pestate
2373 4578 2556 4629 maris.
2575 4586 2629 4631 et
2650 4571 2884 4630 cessavit
2904 4584 2962 4631 et
2986 4574 3123 4629 facta
3143 4582 3229 4629 est
3261 4571 3725 4642 tranquillitas“...

2152 4648 2293 4702 Dixit
2338 4660 2519 4703 autem
2548 4648 2655 4702 illis
2689 4646 2791 4705 Ubi

1714 4760 1949 4817 CODEX
1984 4760 2455 4817 CORBEIENSIS.

503 4849 591 4905 l7.
636 4865 735 4907 nec
764 4850 1113 4919 absconsum,
1145 4852 1246 4905 nisi
1278 4860 1659 4921 cognoscatur.

503 4921 592 4993 εξ.
638 4921 827 4978 Videte
852 4923 1124 4993 quomodo
1149 4923 1386 4976 auditis?

502 4990 593 5045 22.
637 5001 784 5048 trans
814 4990 1083 5066 stagnum.
1121 4996 1188 5049 Et
1217 4994 1557 5050 levaverunt.

2204 4856 2293 4912 25.
2335 4864 2391 4911 et
2423 4855 2443 4885 ⁸
2474 4853 2853 4923 complebatur
2877 4852 3131 4910 ﬂuctibus
3171 4851 3417 4908 navicula
3439 4892 3455 4923 ,
3481 4860 3536 4907 et
3578 4850 3730 4921 peri-

2130 4929 2479 4983 clitabantur.
2512 4925 2553 4997 ‘l‘

1666 5091 2060 5149 VARIANTES
2098 5081 2507 5148 LECTIONES.

487 5184 507 5249 ξ
545 5181 651 5249 Gut.
678 5181 745 5231 illi
770 5182 927 5233 :Ecce
952 5192 1126 5235 mater.
1161 5185 1303 5249 Vulg.
1331 5186 1403 5236 illi
1433 5204 1443 5237 :
1469 5186 1644 5249 Mater.

489 5246 667 5314 [Μῖνι.
704 5250 906 5314 veritum
938 5248 1172 5307 audiunt,
1202 5246 1473 5301 etlaciunt.
1512 5248 1656 5314 Vulg.
1698 5251 1903 5301 verbum
1927 5247 2023 5299 Dei

426 5308 648 5365 audiunt,
671 5315 723 5357 et
748 5308 945 5357 faciunt.

488 5368 510 5402 ⁸
545 5369 650 5421 Gal.
678 5379 723 5420 et
757 5374 877 5421 Mm.
907 5370 1253 5433 Navigantibus
1274 5382 1440 5425 autem
1477 5375 1592 5438 illis,
1630 5374 1875 5425 dormivit.
1903 5377 2022 5424 Mm.

495 5556 522 5583 α
746 5548 803 5604 1η
840 5550 1027 5605 codice
1054 5560 1137 5605 est
1167 5549 1380 5609 hiatus.
1410 5552 1620 5607 derasis
1660 5553 1725 5607 ad
1756 5552 1913 5608 linem
1948 5554 2015 5608 li-

422 5634 559 5674 neae
591 5626 827 5690 quinque
857 5624 1050 5678 litteris
1072 5666 1085 5687 ,
1118 5639 1256 5693 quae
1284 5626 1652 5693 sequebantur
1678 5664 1693 5687 ,
1734 5625 1803 5677 ita
1831 5632 1891 5677 ut
1929 5624 2016 5677 vix

2948 501 3147 566 Mater,
3181 508 3237 555 et

2949 570 3143 626 fratres
3172 570 3277 626 mei
3302 612 3318 631 .

2950 642 3003 696 hi
3032 652 3191 709 sunt,
3221 642 3312 709 qui

2948 714 3172 769 verbum
3204 713 3300 767 Dei

2950 784 3177 840 audiunt
3195 826 3210 848 ,
3234 792 3289 839 et

2950 856 3172 911 faciunt.

2950 929 3041 982 2:2.
3086 928 3309 982 Factum
3337 937 3421 983 est

2952 1009 3129 1054 autem
3161 1000 3211 1052 in
3244 1014 3348 1053 una

2953 1071 3160 1126 dierum
3196 1086 3208 1123 :
3240 1078 3295 1125 et

2954 1143 3071 1211 ipse
3097 1142 3341 1196 ascendit

2956 1216 3007 1268 in
3040 1212 3339 1267 naviculam
3358 1254 3374 1281 ,

2955 1294 3010 1340 et
3044 1284 3290 1350 discipuli

2954 1357 3073 1426 ejus
3093 1398 3107 1421 ,
3141 1366 3193 1417 et
3224 1356 3296 1409 ait

2951 1429 3016 1483 ad
3048 1430 3171 1482 illos
3197 1445 3209 1481 :
3244 1426 3443 1481 Trans-

2952 1500 3208 1555 fretemus
3235 1507 3385 1552 trans

2954 1581 3226 1641 stagnum.
3261 1569 3327 1623 Et

2956 1639 3379 1709 (bl—levaberunt
3404 1639 3466 1710 σι’.

2954 1714 3046 1768 25.
3088 1710 3470 1781 Navigantibus

2956 1795 3132 1840 autem
3164 1786 3298 1851 illis,

2956 1854 3247 1911 obdormiit
3263 1897 3276 1913 .

2956 1936 3011 1983 et
3035 1926 3300 1982 discendit

2959 1999 3192 2069 procella
3220 1996 3363 2052 venti
3384 2038 3397 2062 ,

2959 2082 3011 2125 et
3035 2069 3108 2143 (ε)
3143 2069 3332 2143 imple-

2958 2141 3115 2198 bat‘ttr
3142 2158 3169 2194 a
3198 2141 3295 2195 llu-

2958 2216 3134 2269 ctibus
3165 2214 3385 2267 navicu-

2960 2285 3098 2355 la-l~,
3129 2295 3185 2339 et
3212 2298 3306 2354 pe-

2960 2356 3357 2412 riclitabantur.

2961 2429 3053 2483 Ἡ.
3098 2426 3427 2482 Accedentes

2961 2510 3139 2555 autem
3165 2500 3335 2554 susci-

2960 2581 3210 2626 laverunt
3239 2585 3359 2626 eum
3386 2608 3401 2633 ,

2959 2643 3204 2699 dicentes
3229 2660 3241 2696 :
3274 2641 3434 2697 Prae-

2961 2727 3149 2787 ceptor
3163 2757 3177 2779 ,

2961 2790 3222 2858 perimus.

2960 2859 3043 2914 Ad
3076 2859 3166 2914 ille
3192 2872 3310 2911 sur-

2961 2945 3092 3003 gens
3112 2972 3125 2997 ,
3167 2930 3335 2998 impe-

2962 3003 3103 3059 ravit
3132 3014 3294 3055 vento
3316 3041 3331 3064 ,

2963 3082 3019 3129 et
3046 3071 3352 3143 tempestati

2962 3160 3161 3214 aquae,
3194 3153 3247 3199 et

2965 3216 3044 3288 (ά)
3072 3229 3319 3271 cessave—

2962 3300 3087 3343 runt
3112 3289 3153 3359 σι-
3180 3304 3191 3340 :
3214 3296 3267 3341 et

2964 3361 3104 3416 facta
3133 3368 3217 3414 est

2965 3429 3325 3498 tranquillitas

2990 3504 3036 3572 ε)
3068 3516 3263 3571 magna
3290 3499 3347 3571 -ξκ

2994 3575 3047 3630 5.
3086 3572 3231 3627 Dixit

2957 3656 3135 3701 autem

2960 3719 3067 3773 illis
3102 3735 3115 3773 :
3147 3715 3253 3772 Ubi
3280 3724 3365 3771 est

2127 5186 2439 5249 obdormivit.
2471 5182 2706 5249 VulgLEt
2730 5182 3072 5249 navigantibus
3091 5182 3205 5249 illis,
3228 5181 3534 5249 obdormivit.

2191 5248 2213 5278 ⁸
2254 5249 2374 5297 Mm.
2417 5242 2742 5309 tranquillitas
2780 5242 2977 5307 magna.
3014 5245 3168 5297 Dixit.
3192 5242 3359 5309 'Vulg.
3385 5242 3727 5307 tranquillitas.

2128 5311 2287 5361 Dixit.

2192 5375 2215 5405 ⁵
2252 5376 2309 5422 Et
2333 5369 2401 5422 ita
2425 5371 2533 5423 Gut.
2562 5377 2607 5421 et
2626 5374 2745 5421 Mm.

1811 5458 2173 5514 BLANCHINI
2211 5458 2442 5515 NOTAE.

2127 5554 2413 5624 ve5tigium
2443 5554 2705 5626 supersit.
2738 5552 2969 5609 Videtur
3001 5561 3180 5609 tamen
3215 5553 3476 5626 scriptum
3522 5553 3689 5611 fuisse
3711 5596 3727 5621 ,

2126 5642 2336 5696 magna,
2369 5637 2422 5680 ιιι
2450 5627 2500 5679 itt
2535 5625 2742 5680 Veron.

449 5798 459 5809 .
487 5730 561 5799 (a)
590 5728 751 5810 Αςίιιιι
796 5735 912 5798 quia
936 5775 947 5795 ,
980 5736 1138 5810 etiam
1158 5734 1286 5810 cod.
1312 5734 1495 5810 (Ῑιέιηι.ἵ
1523 5732 1617 5810 ὅτι.
1643 5733 1805 5806 --(b)
1834 5734 2001 5810 ,Ιιμιξι
2021 5746 2128 5790 lex.
2174 5736 2267 5791 Gr.
2304 5740 2725 5810 évfizOna‘ew._-—
2850 5736 3008 5793 Juxta
3036 5736 3187 5810 CQ“).
3221 5739 3278 5805 2,
3310 5740 3451 5810 apud
3492 5738 3716 5809 Millium

405 5799 515 5873 hic,
548 5802 999 5876 συνεπληροῦτο...
1031 5808 1089 5860 τὸ
1120 5808 1305 5864 πλοῖον.
1328 5836 1400 5848 --
1540 5808 1611 5863 Ita
1642 5814 1695 5862 et
1727 5799 1833 5862 (ei.
1860 5803 1955 5862 Gr.
1986 5808 2302 5867 ἐπαύσαντο.
2333 5799 2499 5882 w'ie)
2528 5808 2693 5866 Addit
2718 5799 2928 5880 ηὶαρηα,
2957 5825 3024 5865 ex
3058 5799 3461 5878 Matthaiofaut
3509 5799 3713 5866 Marco.

3607 285 3716 342 568
