4054 6198
326 272 440 332 5ἷὸ
1406 279 1853 337 ΕνΑΝςΕιιυη
1894 280 1927 336 ε

2031 276 2269 337 UNDUM
2297 278 2556 338 LUCAM.
3528 278 3632 335 δτι

706 391 935 451 CODEX
977 394 1521 453 VERCELLENSlS.
2462 393 2697 452 CODEX
2737 390 3192 453 VERONENSIS.

321 485 485 565 annis
512 484 649 565 duo-
1168 490 1254 565 lo;
1285 499 1339 545 et
1367 502 1595 560 quomo—
2033 489 2315 565 anuisxu.
2606 556 2612 565 ἱ
2866 489 3036 554 illum,
3071 488 3330 565 iudicabit

321 558 750 631 deeim,‘gquae
1166 561 1239 617 do
1278 558 1464 615 sanata
1504 568 1588 617 est
2031 574 2169 631 quae
2199 560 2251 614 in
2606 558 2612 565 ’
2864 575 3045 615 coram
3070 560 3356 629 omnibus;

323 630 379 685 iu
410 629 635 685 medicis
1166 632 1476 687 confestim.
2030 629 2274 686 medicos
2298 646 2419 687 ero-
2497 654 2506 686 λ
2864 642 2917 687 et
2947 631 3289 701 quemadmo-

325 715 683 770 consumpse-
1165 703 1257 759 48.
1298 704 1400 771 Qui
1426 703 1557 759 dicit
1584 702 1638 759 ei
1668 720 1681 757 :
2029 713 2260 774 gaverat
2290 716 2400 757 om-
2866 702 2991 757 dum
3023 702 3311 759 confestim

324 780 411 828 rat
440 787 656 828 omnem
1168 775 1327 840 Filia,
1357 774 1490 829 ﬁdes
1520 781 1608 829 tua
2029 773 2153 829 nem
2184 773 2540 831 substantiam
2863 783 3050 829 sanata
3084 781 3187 829 est.
3378 782 3383 785 ‘

322 845 685 899 substantiam
1168 856 1219 903 te
1246 846 1455 901 salvam
1487 846 1566 901 fe-
2028 860 2204 908 suam,
2234 860 2336 900 nec
2866 845 2955 901 48.
2997 844 3079 900 Ad
3116 846 3231 915 ipse

316 929 499 979 suam,
537 930 634 970 nec
662 930 760 987 po-
1176 918 1283 973 cit:
1315 918 1450 974 vade
1467 917 1523 975 in
2028 918 2097 971 ab
2126 917 2239 971 ullo
2260 931 2356 987 po-
2866 916 3002 970 dixit
3033 916 3109 971 illi
3141 933 3155 970 :

316 988 423 1059 tu_it
455 987 523 1040 ab
546 987 728 1059 aliquo
1162 1004 1313 1059 pace.
2026 988 2131 1043 tuit
2170 990 2344 1043 curari
2382 1008 2394 1043 :
2865 988 3023 1051 Filia,
3054 988 3190 1043 fides

316 1057 413 1113 44.
459 1057 659 1123 curari,
690 1075 846 1118 acce-
1161 1057 1249 1115 7:9.
1292 1060 1481 1115 Adhuc
1520 1060 1746 1123 loquen-
2024 1059 2116 1113 44.
2159 1063 2393 1118 accessit
2422 1075 2505 1118 re-
2862 1070 2949 1113 tua
2984 1069 3034 1115 te
3061 1060 3266 1115 salvam

316 1077 413 1113 44.
459 1077 659 1123 curari,
690 1077 846 1118 acce-
1161 1077 1249 1115 Iw.
1292 1077 1481 1115 Adnue
1520 1077 1573 1117 ιο
1614 1077 1746 1119 uen-
2024 1077 2116 1113 44.
2159 1077 2393 1118 accessu
2422 1077 2505 1118 re-
2862 1077 2949 1113 iua
2984 1077 3034 1115 te
3061 1077 3189 1114 sam

316 1129 461 1184 deus
481 1128 659 1205 deire-
1162 1141 1322 1205 tceo,
1355 1133 1506 1205 venit
1537 1077 1614 1205 (οἳ
2026 1140 2131 1205 tro,
2164 1139 2230 1205 _et
2860 1131 2985 1205 fecit
3011 1149 3022 1184 :
3053 1132 3189 1187 vade

320 1202 641 1273 tro,gtetigit
1159 1218 1189 1257 a
1219 1203 1466 1273 Principe
1548 1202 1557 1205 ⁷
1595 1202 1603 1205 ⁷
2024 1203 2201 1272 tetigit
2231 1218 2322 1257 ve—
2859 1203 2911 1256 in
2942 1217 3092 1273 pace.

310 1271 704 1358 vestimentum
1162 1271 1480 1358 S_yiiagogae
1505 1276 1569 1347 τ,
2022 1271 2260 1358 stimenti
2294 1276 2411 1346 ejus
2994 1274 3184 1330 Adhuc
3215 1274 3309 1358 illo

310 1344 470 1413 ejus,
502 1352 557 1398 et
585 1360 709 1415 pro-
1160 1344 1348 1401 dicens
1376 1344 1447 1402 ei.
1496 1344 1531 1400 .’
1556 1387 1568 1401 .
1611 1362 1699 1403 or-
2025 1344 2336 1412 fimbriam,
2856 1346 3135 1415 loquente,
3166 1348 3314 1403 venit

312 1418 469 1469 tinus
493 1419 645 1473 stetit
1161 1426 1246 1471 tua
1279 1425 1362 1471 est
1386 1419 1495 1472 lilia
2022 1426 2076 1471 et
2106 1418 2391 1473 confestim
2855 1417 2933 1486 (a)
2962 1433 2988 1469 a
3024 1418 3273 1485 Principe

305 1486 496 1560 fluxus
521 1502 647 1560 sau-
1156 1495 1267 1553 tua,
1297 1488 1405 1543 noli
1430 1488 1450 1519 ³
1480 1505 1573 1546 ve-
2019 1490 2167 1544 stetit
2192 1488 2370 1560 fluxus
2854 1487 3171 1560 Synagogae
3202 1489 3263 1560 ᾧ,

303 1558 488 1630 guinis
522 1559 659 1629 ejus.
1155 1575 1286 1614 xare
1315 1560 1484 1614 illum.
2018 1558 2295 1630 sanguinis
2850 1558 3038 1615 dicens
3068 1559 3119 1614 ei
3144 1578 3155 1613 :

309 1631 406 1685 45.
450 1628 607 1704 Iesus
634 1643 841 1704 autem,
875 1634 975 1691 sci-
1157 1631 1246 1687 50.
1278 1630 1436 1704 Jesus
1459 1642 1662 1701 autem,
2017 1628 2155 1698 ejus.
2850 1631 2998 1704 Quia
3018 1642 3233 1687 mortua

308 1715 411 1755 cus
442 1701 585 1768 quod
612 1707 727 1760 exi-
828 1701 835 1704 ⁷
1154 1716 1276 1757 cum
1319 1702 1500 1758 audis-
2019 1704 2110 1757 45.
2155 1704 2223 1759 Et
2247 1707 2322 1761 ait
2348 1708 2553 1765 Jesus:
2848 1714 2930 1758 est
2977 1703 3112 1757 ﬁlia.
3157 1743 3171 1757 .
3217 1746 3229 1757 .
3278 1745 3290 1757 .
3374 1741 3388 1758 ο

308 1772 510 1826 eritab
537 1789 603 1827 eo
624 1777 729 1830 vir—
1152 1782 1255 1828 set.
1298 1815 1313 1833 .
1366 1814 1378 1827 .
1426 1816 1438 1830 .
1487 1815 1499 1829 .
1549 1819 1561 1831 .
1609 1818 1623 1833 .
2020 1772 2152 1841 Quis
2180 1786 2265 1832 est
2848 1774 2957 1828 noli
2982 1790 3201 1830 vexare.

310 1852 418 1909 nis,
449 1842 753 1915 dixit:Qui
1151 1845 1307 1899 dixit.
1355 1885 1367 1898 .
1415 1887 1429 1901 .
1471 1856 1545 1902 at.
1594 1889 1606 1902 .
1656 1889 1668 1903 .
1714 1849 1728 1903 i
2015 1848 2104 1914 qui
2138 1863 2223 1903 me
2257 1859 2336 1905 te-
2845 1844 2934 1900 50.
2977 1846 3133 1901 «Iesus
3163 1856 3365 1913 autem.

304 1914 488 1994 tetigit
511 1917 633 1972 me?
659 1914 764 1976 Ne-
1150 1917 1363 2041 puellae
1393 1934 1406 1971 :
1440 1918 1546 1974 No-
2016 1919 2165 1999 tigit?
2194 1920 2405 1992 Negan-
2846 1918 3032 1972 audito
3057 1917 3159 2000 hoc

304 1987 562 2041 nantibus
1172 2004 1185 2041 l
1229 1998 1459 2041 timere:
2014 1989 2156 2041 tibus
2178 2001 2360 2041 autem
2850 1989 3038 2041 verbo.
3068 1999 3143 2041 ait

302 1986 562 2054 gantibus
1151 1986 1185 2041 li
1229 1990 1459 2043 timere:
2014 1988 2156 2044 tibus
2178 1986 2361 2051 autém
2850 1989 3038 2053 verbo,
3068 1990 3143 2045 ait

301 2065 484 2111 autem
508 2074 625 2113 om-
1148 2067 1355 2114 tantum
1396 2075 1517 2116 cre-
2011 2063 2283 2130 omnibus,
2844 2062 2981 2130 patri
3016 2062 3275 2130 puellae)

300 2130 485 2195 uibus,
517 2132 595 2185 ait
617 2131 719 2187 Pe-
975 2167 985 2176 ι
1144 2130 1231 2192 de.
1260 2141 1314 2186 et
1342 2132 1502 2188 vivet.
2012 2131 2150 2187 dixit
2178 2133 2279 2190 Pe-
2843 2130 2961 2185 Noli
2995 2136 3207 2200 timere,

302 2208 443 2279 _t_r_us,
477 2211 532 2254 et
557 2203 800 2279 quicum
1142 2200 1234 2279 54.
1275 2202 1519 2279 Cumque
1549 2220 1641 2263 ve-
2008 2211 2233 2279 lrus.i_et
2256 2211 2345 2279 qui
2841 2202 3003 2279 crede
3032 2213 3258 2279 tantum,

302 2272 398 2345 illo
424 2284 579 2327 erant
611 2293 625 2329 :
657 2274 764 2331 Μία
1142 2274 1312 2329 uisset
1336 2274 1505 2345 domi,
2008 2288 2129 2328 cum
2158 2277 2251 2331 illo
2271 2272 2285 2279 '
2838 2282 2892 2328 et
2921 2274 3063 2328 Salva
3092 2276 3213 2329 erit.

298 2343 493 2411 gister,
528 2349 721 2403 turbae
1141 2360 1247 2400 uon
1280 2355 1364 2400 est
1396 2343 1517 2415 pas-
2006 2358 2161 2400 erant
2195 2367 2206 2401 :
2238 2350 2404 2407 Prae-
2839 2345 2928 2399 51.
2972 2346 3042 2400 Ει
3073 2361 3195 2399 cum
3224 2348 3407 2404 venis-

304 2426 410 2469 tam
437 2429 668 2486 magnae
1138 2430 1229 2471 sus
1259 2419 1462 2472 intrare
2005 2428 2213 2485 ccptor,
2246 2424 2434 2481 turbae
2838 2426 2921 2470 set
2949 2418 3192 2470 domum.

302 2486 651 2560 conprimunt
1137 2501 1322 2543 secum
1352 2505 1541 2559 qucm-
2005 2498 2058 2541 te
2085 2495 2429 2560 conpriment
2836 2501 2943 2560 _nOn
2972 2488 3219 2556 permisit

302 2568 390 2631 te,
410 2567 464 2631 et
493 2559 627 2613 dicis
659 2579 671 2614 :
700 2561 831 2631 Quis
1138 2574 1325 2628 quam,
1358 2558 1461 2615 nisi
1492 2561 1592 2618 Pe-
2004 2568 2112 2631 tam
2144 2558 2391 2631 magnae,
2835 2558 3037 2613 intrare
3068 2573 3252 2615 secum

299 2628 475 2701 tetigit
506 2632 632 2686 me?
725 2628 741 2631 ⁷
1137 2638 1303 2701 trum,
1336 2642 1390 2686 et
1416 2632 1512 2689 ,Ιο-
1998 2639 2050 2684 et
2076 2630 2211 2687 dicis
2235 2628 2258 2686 ἐ
2284 2628 2413 2701 Quis
2832 2644 3181 2699 quemquam,

296 2700 411 2775 46.,
432 2701 534 2767 Qui
566 2702 703 2759 dixit
732 2721 746 2760 :
1134 2700 1374 2775 banuen,
1397 2715 1453 2759 et
1996 2716 2085 2756 me
2118 2700 2325 2775 tetigit?
2832 2703 2945 2775 nisi
2967 2701 3210 2775 Petrum,

296 2772 497 2843 Tetigit
522 2790 610 2829 me
1012 2776 1013 2779 “
1131 2770 1414 2842 Jacobum,
1444 2784 1499 2831 et

1993 2775 2083 2829 46.
2128 2770 2400 2837 Ad'Jesus
2428 2781 2510 2837 di-
2829 2781 2884 2827 ει
2919 2772 3227 2841 “hmine”.

292 2846 523 2921 aliquis;
557 2861 659 2917 ego
1132 2857 1366 2919 patrem,
1394 2860 1450 2905 et
1996 2846 2114 2901 xit:
2145 2847 2345 2921 Tetigit
2829 2854 2882 2898 et
2920 2844 3228 2913 Jacobumh

295 2918 439 2992 enim
469 2932 676 2987 coguo-
1129 2918 1357 2976 matrem
1391 2937 1488 2992 pu—
1991 2934 2079 2974 me
2107 2918 2335 2990 aliquis;
2828 2924 3144 2986 etgpatrem,
3178 2927 3235 2992 et

293 2990 633 3066 vi_virtutem
1126 2993 1315 3066 ellae.
1392 2990 1404 2992 ’
1509 3063 1521 3066 _
1989 3006 2112 3046 nam
2144 3001 2199 3047 et
2220 3010 2320 3066 ego
2824 2990 3316 3066 mallietupuellae.

289 3062 471 3134 exisse
498 3078 528 3117 a
558 3070 666 3134 me.
1126 3064 1215 3121 52.
1259 3063 1341 3119 Pl.
1389 3106 1401 3118 .
1446 3063 1641 3120 rabaut
1665 3080 1752 3121 ιιι·
1988 3066 2215 3134 cognovi
2242 3058 2349 3121 vir-
2820 3058 2910 3113 52.
2951 3058 3387 3134 Flebantaulem

290 3130 379 3186 47.
402 3132 494 3205 _Ut
532 3132 668 3188 vidit
698 3143 877 3191 autem
1124 3143 1231 3191 tem
1258 3152 1479 3203 omnes,
1988 3130 2153 3191 tufem
2186 3138 2253 3193 de
2280 3153 2366 3195 me
2819 3144 3031 3205 omnes,
3066 3133 3296 3205 etplan-

286 3203 504 3279 mulier,
538 3220 601 3260 se
627 3221 735 3261 non
1122 3220 1177 3263 et
1201 3208 1527 3279 plangebant
1984 3210 2185 3264 exisse.
2817 3204 3015 3279 gebant
3046 3203 3215 3279 illam.

279 3274 537 3342 latuisse,
568 3292 662 3332 ve.
1122 3274 1270 3334 eam.
1301 3274 1399 3348 Qui
1428 3281 1504 3334 di-
1981 3280 2073 3334 47.
2115 3280 2317 3337 Videns
2334 3291 2516 3339 autem
2817 3278 2899 3333 Ad
2928 3279 3019 3333 ille
3043 3278 3121 3331 di-

278 3348 355 3423 nit
388 3358 625 3423 tremens
646 3390 661 3415 ,
1118 3352 1193 3405 xit
1230 3370 1242 3404 :
1274 3351 1449 3407 Nolite
1475 3350 1571 3407 ﬂe-
1981 3352 2206 3417 mulier,
2234 3355 2355 3423 quia
2812 3352 2893 3423 xit
2924 3368 2936 3402 :
2966 3350 3145 3404 Nolite

279 3419 297 3448 ’
322 3428 375 3472 et
405 3421 697 3489 procidens
1116 3440 1195 3485 re.
1227 3423 1248 3453 ⁸
1279 3440 1369 3477 nu.
1419 3465 1430 3477 .
1480 3464 1491 3476 .
1535 3424 1645 3478 uim
1978 3439 2087 3477 non
2118 3419 2273 3479 latuit
2812 3422 2965 3484 flere,
2996 3436 3101 3475 non
3134 3429 3217 3474 est

273 3499 401 3570 ante
433 3490 601 3570 pedes
630 3492 695 3546 il-
1116 3495 1194 3567 (b)
1222 3510 1352 3570 mo._
1378 3535 1417 3570 ._
1438 3534 1453 3548 .
1495 3510 1523 3549 a
1549 3503 1638 3570 _est
1663 3495 1722 3565 -l-,
1977 3495 2153 3570 illum,
2177 3498 2323 3551 venit
2811 3491 2900 3570 (b)_
2918 3502 3128 3570 mortua
3152 3491 3211 3561 1-,

277 3560 420 3625 lius;
455 3570 509 3618 et
540 3563 613 3619 ob
641 3576 804 3635 quam
1111 3560 1217 3621 ἐξ,
1266 3606 1281 3620 .
1322 3566 1353 3619 d
1388 3565 1608 3619 dormit.
1679 3560 1716 3565 ’ί
1978 3567 2192 3628 timens,
2226 3576 2281 3621 et
2806 3560 2902 3617 sed
2931 3564 3156 3635 dormit.

271 3647 489 3705 causam
525 3632 673 3689 teti-'
1111 3638 1201 3693 55.
1245 3637 1330 3691 Et.
1378 3677 1391 3689 .
1440 3678 1452 3689 .
1494 3636 1749 3692 ridebant
1977 3637 2201 3705 procidit
2237 3646 2364 3693 ante
2805 3635 2893 3690 55.
2939 3635 3003 3689 Et
3028 3632 3352 3688 deridebant

270 3703 345 3778 git
378 3720 525 3778 eum,
558 3707 638 3760 iu-
1109 3724 1255 3773 eum,
1285 3710 1464 3763 scien-
1973 3703 2137 3778 pedes
2177 3708 2323 3763 illius
2356 3726 2369 3761 :
2804 3721 2949 3767 eum,
2981 3707 3214 3760 scientes

269 3774 473 3850 dicavit
504 3792 687 3832 coram
1108 3788 1192 3835 tes
1218 3795 1337 3835 eam
1365 3795 1510 3834 mor-
1972 3774 2030 3835 et
2065 3778 2135 3833 ob
2164 3795 2324 3850 quam
2805 3778 2945 3845 quod
2980 3786 3192 3832 mortua

270 3848 417 3902 omni
450 3863 624 3919 popu—
1107 3860 1252 3907 tuam
1280 3866 1423 3908 esse.
1970 3848 2197 3906 causam
2218 3852 2456 3923 tetigerit
2804 3858 2971 3905 esset.

1571 3981 1823 4039 'CODEX
1861 3980 2254 4041 BRIXIANUS.

258 4076 412 4131 annis
424 4075 711 4133 duodecim
725 4092 863 4149 quae
878 4078 928 4133 in
946 4077 1169 4134 medicis
1187 4086 1734 4148 erogaveratomncm
1751 4076 1868 4131 sub-
1975 4078 2427 4148 quemadmodum
2454 4077 2743 4135 confestim
2773 4087 2963 4133 sanata
2984 4086 3088 4133 est.
3118 4076 3199 4132 Ad
3218 4076 3309 4131 ille
3330 4074 3468 4149 dixit
3489 4076 3560 4131 ei.

258 4151 517 4203 stantiam
540 4164 712 4203 suam.
740 4147 795 4205 et
824 4165 931 4205 non
956 4151 1132 4221 potuit
1155 4152 1222 4206 ab
1246 4147 1354 4205 ullo
1379 4152 1579 4206 curari.
1602 4148 1866 4204 accedens
1975 4147 2108 4205 Filia
2143 4151 2276 4207 fides
2303 4162 2390 4206 tua
2439 4160 2489 4205 te
2536 4152 2739 4205 salvam
2767 4150 2893 4205 fecit
2933 4150 3149 4221 vadeiu
3184 4163 3333 4218 pace.
3371 4147 3559 4201 Adhuc

259 4229 431 4275 retro.
451 4222 652 4293 _tetigit
681 4218 1293 4278 [iniliriam'vestimenti
1328 4225 1464 4291 ejus.
1499 4233 1551 4277 et
1577 4221 1863 4277 confestim
1975 4221 2070 4277 illo
2096 4223 2352 4293 loquente
2382 4224 2527 4277 venit
2555 4222 2772 4293 quidam
2803 4223 2866 4275 ad
2910 4218 3214 4293 Principem
3245 4221 3563 4289 Syuagogae

254 4294 407 4348 stetit
439 4291 623 4346 fluxus
647 4293 928 4362 sanguinis
948 4294 1088 4363 ejus.
1127 4304 1181 4350 et
1212 4295 1287 4348 ait
1312 4293 1469 4349 Jcsus
1500 4295 1631 4360 Quis
1661 4304 1742 4346 est
1771 4293 1863 4363 qui
1970 4291 2239 4348 dlceus‘ei
2271 4293 2405 4361 Quia
2435 4291 2641 4349 mortua
2682 4303 2763 4348 est
2798 4294 2903 4347 lilia
2936 4304 3023 4346 tua
3048 4292 3156 4345 noli
3192 4305 3384 4363 vexare
3416 4307 3560 4363 eum.

253 4378 340 4418 me
371 4364 565 4434 tetigit.
597 4361 927 4434 Negantibns
968 4361 1147 4421 autem
1181 4367 1434 4421 omnibus
1459 4367 1535 4419 ait
1577 4364 1770 4419 Petrus
1791 4361 1862 4418 et
1968 4364 2129 4420 Jesus
2159 4376 2340 4420 autem
2369 4366 2553 4421 audito
2574 4365 2677 4418 hoc.
2705 4365 2893 4419 verbo.
2926 4364 3004 4416 ait
3035 4364 3168 4434 patri
3195 4361 3407 4429 puellae
3427 4361 3556 4434 Noli

249 4437 339 4503 qui
375 4433 498 4489 cum
524 4433 812 4490 “Inerant.
848 4437 1195 4506 Praeceptor.
1231 4438 1420 4492 turliae
1448 4448 1497 4491 tc
1524 4437 1865 4491 circumdant
1967 4440 2159 4492 timere
2201 4445 2404 4492 tantum
2437 4438 2597 4491 crede
2628 4447 2681 4490 et
2709 4437 2858 4489 salta
2888 4435 3011 4487 erit.
3054 4433 3117 4487 Et
3160 4447 3279 4486 cum
3317 4433 3560 4485 venisset

247 4516 302 4581 et
324 4508 711 4581 comprimunt.
752 4520 804 4562 et
842 4509 977 4562 dicis
1007 4508 1137 4577 Quis
1163 4524 1250 4565 me
1282 4508 1474 4577 tetigit.
1511 4507 1754 4581 Ethsus
1784 4509 1860 4562 ait
1964 4508 2022 4581 in
2048 4510 2268 4581 domum
2302 4523 2411 4561 non
2450 4508 2693 4581 permisit
2736 4506 2941 4581 intrare
2982 4520 3163 4581 secum
3208 4518 3554 4573 quemquam.

248 4576 450 4649 'l'etigit
482 4594 567 4632 me
596 4579 809 4649 aliquis.
840 4595 940 4649 ego
962 4576 1105 4635 enim
1131 4582 1357 4649 cognovi
1390 4576 1638 4634 virtutem
1670 4580 1738 4633 de
1770 4594 1856 4634 me
1962 4579 2074 4634 nisi
2103 4580 2320 4634 Petrum
2358 4590 2412 4633 et
2439 4577 2743 4649 Joltaunem
2776 4576 3119 4631 et’Jacobum
3167 4587 3219 4629 ct
3257 4584 3466 4649 patrem
3500 4583 3554 4626 et

248 4646 453 4704 exisse.
490 4646 702 4705 Videns’
740 4646 921 4706 autem
968 4652 1166 4706 mulier
1202 4646 1337 4722 quia
1393 4667 1497 4705 non
1554 4652 1704 4705 latuit
1731 4666 1855 4705 eum
1962 4660 2185 4705 matrem
2217 4652 2446 4722 puellae.
2474 4648 2702 4722 Flebant
2730 4655 2908 4722 autem
2936 4663 3126 4702 omnes
3145 4646 3553 4722 ctplnugcbaut

248 4730 516 4785 tremens,
545 4724 689 4794 venit
721 4732 776 4778 et
808 4723 1039 4794 procidit
1062 4732 1187 4777 ante
1206 4715 1354 4778 e'um.
1380 4733 1433 4776 et
1452 4723 1522 4777 ob
1543 4736 1703 4794 quam
1723 4736 1857 4794 _cnu-
1961 4722 2110 4794 illam
2138 4715 2329 4794 Adiille
2352 4719 2872 4794 tlixiltNolitcllet‘c
2896 4736 3003 4774 non
3030 4729 3111 4774 est
3138 4721 3280 4794 enim
3314 4715 3552 4794 (1))ιιιυντ

245 4804 363 4847 sam
398 4792 639 4864 tetigerit
686 4785 820 4849 eum'
857 4793 1113 4851 indicavit
1155 4808 1341 4850 coram
1382 4794 1530 4849 omni
1562 4785 1773 4864 'populo
1799 4800 1855 4848 et
1959 4792 2111 4863 tua'l-
2143 4792 2237 4846 sed
2261 4793 2478 4851 dormit.
2520 4793 2587 4846 Et
2622 4790 2944 4848 deridebant
2980 4807 3102 4846 eum
3149 4785 3383 4845 scientes
3409 4785 3549 4856 quod

1533 4914 1767 4972 CODEX
1795 4912 2269 4971 CORBEIENSIS.

312 5007 405 5062 45.
451 5007 640 5065 turbae
687 5016 741 5066 te
779 5009 1138 5081 comprimeut
1184 5018 1296 5068 tam
1345 5025 1573 5083 magnae
1597 5048 1615 5079 ,
1646 5018 1723 5080 et,
1754 5008 1836 5063 di—
2013 5008 2105 5083 47.
2147 5010 2272 5080 quia
2300 5024 2408 5065 non
2438 5009 2596 5065 latuit
2622 5008 2793 5075 illum,
2824 5008 2970 5062 venit
2998 5014 3256 5062 tremens.

236 5080 355 5145 cis,
381 5088 487 5137 etc.
1443 5080 1461 5083 ⁷
2015 5082 2107 5140 55.
2148 5084 2385 5140 scientes
2413 5084 2432 5114 ³
2463 5096 2583 5138 eam
2613 5087 2880 5137 mortuam
2909 5091 3048 5134 esse.

311 5150 400 5207 46.
444 5166 569 5207 nam
599 5160 655 5209 et
682 5167 784 5225 ego
810 5153 1039 5225 cognovi
1067 5153 1328 5212 virtutem
1354 5152 1533 5214 exisse
1557 5152 1627 5210 de
1652 5166 1759 5208 me.

1476 5269 1567 5326 VA
1576 5268 1782 5326 RIANT
1791 5266 1872 5325 ES
1905 5263 2313 5324 LECTIONES.

236 5424 247 5435 ο
300 5362 316 5391 ί
354 5360 461 5435 σᾳ.
488 5374 617 5424 quae
644 5362 693 5411 iu
717 5363 940 5413 medicis.
967 5365 1086 5413 Mm.
1112 5374 1241 5426 quae
1266 5363 1485 5415 medicis.
1530 5361 1678 5426 Vulg.
1702 5374 1832 5424 quae
1938 5356 2303 5435 vexar'e‘ilium.

233 5424 285 5472 in
310 5418 547 5474 medicos.
1132 5418 1145 5426 '
1628 5418 1651 5426 "
1722 5418 1733 5424 '
2003 5419 2025 5451 ⁸
2060 5420 2165 5470 Gal.
2194 5425 2237 5470 et
2262 5418 2380 5471 Mm.
2405 5431 2500 5470 non
2524 5424 2601 5470 est
2616 5425 2780 5471 tamen
2807 5426 3013 5482 mortua,
3032 5418 3137 5471 sed.
3172 5418 3319 5481 Vulg.
3344 5426 3439 5467 non
3466 5419 3544 5466 est

298 5486 461 5548 ’_Gat.
494 5496 545 5536 et
568 5488 841 5548 procedens
863 5487 922 5536 ad
945 5486 1159 5548 pedes...
1186 5487 1429 5538 iudicavit.
1456 5489 1573 5537 Mm.
1601 5490 1828 5538 narravit.
1940 5489 2132 5548 mortua
2158 5482 2340 5548 puella,
2367 5484 2473 5532 sed.

241 5546 390 5613 vulg.
420 5554 472 5598 et
497 5545 703 5613 procidit
727 5558 841 5613 aute
862 5545 1018 5611 pedes
1041 5552 1243 5612 ejus
1272 5552 1520 5601 iudicavit.
2005 5546 2025 5579 ⁸
2061 5545 2168 5597 Gut.
2194 5547 2310 5609 quia
2329 5545 2523 5597 mortua
2548 5550 2823 5599 essetJlm.
2845 5548 2958 5611 quia
2982 5552 3169 5595 mortua
3195 5552 3292 5595 est.

300 5611 464 5662 "Gal.
507 5612 679 5661 vexaai
723 5612 876 5661 illum.
933 5611 1285 5663 Mnuvexare
1325 5616 1633 5677 magistrum.
1680 5614 1831 5682 July.

1570 5721 1932 5779 BLANCHINI
1973 5721 2202 5779 NOTAE.

305 5807 382 5883 (a)
415 5807 496 5866 Ita
526 5817 581 5866 et
610 5820 717 5868 tex.
759 5808 852 5868 Gr.
874 5850 891 5879 ,
924 5810 1069 5892 παρά
1111 5816 1204 5868 τοῦ
1250 5813 1705 5891 ἀρχισυναγώγου.
1739 5800 1807 5855 -έ
1830 5814 1905 5887 (b)
1937 5810 2065 5872 Pe'St
2094 5825 2299 5873 mortua
2323 5814 2521 5885 ,vdeest
2544 5812 2716 5885 puella
2740 5853 2755 5883 ,
2785 5811 2948 5869 etiam
2981 5806 3032 5868 in
3058 5816 3168 5869 tcx.
3200 5808 3294 5869 Gr.
