4054 6198
242 285 355 345 377

646 401 875 461 CODEX
910 402 1452 463 VERCELLENSIS.

241 510 330 556 est
357 500 469 565 hic,
504 500 572 555 de
594 512 701 571 quo
1083 500 1163 556 eis
1179 500 1411 555 mandu-

242 572 411 626 audio
439 586 545 642 ego
1084 587 1231 627 care.
1260 572 1359 639 Qui
1378 571 1473 631 .di-

240 643 412 698 talia?
440 642 512 697 Et
538 657 703 714 quae—
1086 654 1280 699 xerunt
1306 662 1317 699 :
1348 644 1465 699 Non

240 716 403 772 rebat
431 715 584 770 vide—
1087 724 1216 770 sunt
1242 716 1397 772 nobis

246 802 311 843 re
339 786 514 841 illum.
1090 788 1374 857 plusquam

248 858 340 913 10.
383 857 450 912 Ει
469 858 682 914 reversi
1089 859 1326 930 quinque
1356 873 1451 930 pa-

248 930 522 999 Apostoli,
552 945 674 984 nar-
1090 946 1209 995 nes,
1243 939 1300 986 et
1328 935 1504 1000 pisces

247 1010 512 1057 raverunt
1091 1001 1198 1057 duo
1228 1021 1242 1057 :
1278 1004 1383 1057 nisi

247 1074 327 1129 illi
351 1088 515 1143 quae-
1092 1088 1213 1141 nos,
1237 1085 1449 1140 euntes,

248 1160 483 1215 cumque
513 1146 591 1201 fe-

248 1225 446 1272 cerunt
477 1234 490 1269 :
520 1228 575 1272 et
600 1215 695 1272 ad-

248 1303 479 1343 sumens
509 1304 623 1357 eos,

251 1359 485 1415 secessit
509 1375 596 1414 se-

1090 1161 1333 1201 cmanius
1361 1148 1413 1201 in

1091 1232 1309 1272 omnem
1341 1234 1436 1288 po-

1092 1291 1277 1359 pulum
1312 1291 1453 1344 hunc

1093 1363 1181 1416 14.
1206 1376 1378 1416 escas.
1413 1361 1582 1417 Erant

251 1447 443 1487 orsum
474 1432 525 1485 in
556 1433 634 1487 lo—
1091 1443 1273 1488 autem
1304 1433 1408 1487 viri

253 1519 379 1558 cum
406 1503 592 1559 deser-
1087 1504 1203 1560 fere
1224 1505 1374 1574 quin-

256 1585 396 1641 tum,
419 1574 511 1644 qui
531 1589 625 1631 vo—
1091 1592 1199 1645 que
1231 1577 1398 1630 milia.

254 1649 483 1702 cabatur
514 1648 528 1678 ³
559 1648 660 1703 De-
1094 1648 1237 1702 Dixit
1267 1657 1448 1703 autem

258 1720 348 1772 11.
392 1727 431 1771 ι.
478 1758 491 1771 .
533 1720 623 1777 da.
688 1758 701 1771 .
751 1757 762 1770 .
808 1713 1022 1770 Turbae
1098 1720 1163 1773 ad
1188 1719 1425 1790 discipu-

257 1803 441 1845 autem
464 1831 479 1854 ,
508 1805 630 1845 cum
1099 1791 1181 1845 los
1210 1806 1338 1846 suos
1369 1809 1381 1844 :
1415 1790 1572 1846 Faci-

259 1863 669 1932 cognovissent,
1100 1871 1153 1917 te
1183 1863 1305 1917 illos
1328 1870 1348 1901 ³
1370 1878 1581 1918 recum-

259 1944 481 1989 secutae
511 1945 638 1989 sunt
1098 1933 1227 1990 bere
1264 1950 1361 2005 per
1388 1949 1519 1990 con-

263 2006 714 2070 eum:et,exci-
1102 2047 1114 2059 .
1199 2046 1211 2059 .
1294 2047 1306 2059 .
1388 2047 1401 2060 .
1486 2047 1497 2059 .
1581 2045 1594 2059 .
1676 2045 1782 2061 ..

265 2078 424 2147 piens
458 2078 607 2144 illos,
1098 2077 1227 2148 quin
1270 2119 1283 2131 .
1329 2118 1342 2131 .
1389 2119 1403 2132 .
1449 2120 1464 2135 .
1505 2117 1520 2133 .
1567 2118 1579 2131 .
1626 2116 1640 2132 .
1686 2117 1699 2132 .
1747 2118 1761 2133 .

271 2149 597 2219 loquebatur
1099 2166 1739 2205 no.........-

270 2220 376 2275 illis
398 2221 607 2290 dereg-
1104 2222 1191 2276 15.
1228 2230 1400 2276 runt.
1446 2262 1461 2277 .
1506 2262 1521 2277 .
1566 2263 1579 2277 .
1628 2264 1641 2276 .
1688 2264 1701 2275 .
1745 2262 1758 2277 .

271 2291 821 2357 noDei,eos....
1102 2302 1811 2350 recu........nt

271 2365 292 2394 ³
318 2378 542 2418 necesse
572 2363 670 2419 ιω.
1104 2379 1316 2419 omnes.

269 2435 477 2517 hebant
495 2451 590 2490 cu-
1104 2436 1192 2517 16.
1222 2436 1475 2505 Acceptis
1500 2446 1680 2493 autem

271 2512 403 2579 rari,
428 2523 585 2562 sana-
1104 2512 1339 2579 quinque
1365 2524 1461 2578 pa-

274 2578 363 2633 12.
402 2580 510 2633 bat.
541 2580 668 2643 Dies,
692 2593 788 2634 au-
1106 2580 1284 2643 nibus,
1316 2588 1372 2633 et
1400 2580 1533 2636 duo-

275 2659 384 2704 tem
403 2665 612 2722 icoepe-
1108 2651 1208 2705 bus
1235 2651 1493 2719 piscibus,

274 2731 361 2777 rat
382 2721 682 2779 declinare.
1109 2723 1405 2792 respiciens

274 2794 617 2850 Accedentes
1111 2794 1165 2849 in
1194 2795 1425 2862 caelum,

276 2876 461 2920 autem
488 2864 619 2921 duo-
1110 2865 1387 2921 benedixit

279 2934 483 3001 decim,
514 2938 668 2993 dixe—

280 3021 410 3062 runt
434 3009 510 3062 illi
543 3027 558 3064 :
582 3007 671 3062 Di-

280 3080 442 3136 mitte
466 3078 539 3152 (c)
568 3080 777 3152 turbam
806 3080 867 3149 1,

282 3160 363 3214 ut,
399 3150 589 3207 euntes
608 3150 757 3222 adja—

284 3233 476 3277 centes
502 3223 674 3290 vicos,

286 3306 342 3349 et
371 3309 553 3362 agros,
582 3309 669 3349 re-

286 3364 471 3420 ﬁciant
497 3382 581 3431 se,
608 3375 663 3420 et
682 3365 766 3421 in-

286 3439 506 3492 veniant
533 3452 624 3492 es-

289 3522 382 3563 cas
425 3526 438 3562 :
472 3508 727 3578 quoniam

1115 2934 1190 3008 (e)
1218 2953 1382 3008 super
1412 2936 1535 2993 illos
1556 2938 1596 3009 οἳ
1628 2955 1642 3004 ;

1114 3016 1171 3063 et
1196 3008 1483 3079 Confregit,

1117 3089 1171 3135 et
1199 3080 1452 3152 dabat([)
1481 3081 1590 3135 dis-

1119 3153 1313 3221 cipulis
1334 3152 1397 3223 1-,
1429 3153 1598 3208 utad-

1120 3233 1383 3293 ponerent
1407 3235 1520 3278 tur-

1127 3296 1213 3348 17.
1257 3296 1359 3349 bis.
1393 3296 1457 3350 Et
1479 3295 1707 3351 mandu-

1127 3375 1406 3434 caverunt,

1130 3448 1184 3492 et
1207 3439 1383 3492 satiati
1413 3448 1558 3493 sunt.

1127 3509 1195 3563 Et
1225 3511 1495 3565 sublatum

294 3580 381 3635 hic
405 3581 456 3634 in
485 3582 673 3635 deser—
1126 3588 1237 3645 est,
1268 3581 1411 3652 quod
1440 3597 1528 3637 su-

293 3661 350 3707 to
373 3652 493 3706 loco
516 3668 723 3706 sumus.
1124 3652 1322 3718 perluit
1358 3654 1463 3710 illis
1478 3696 1493 3722 ,

292 3724 379 3778 15.
413 3723 556 3778 Dixit
583 3734 763 3779 autem
1123 3723 1453 3793 fragmento-

291 3795 357 3850 ad
381 3796 505 3850 illos
538 3812 550 3848 :
578 3796 709 3850 Date
1120 3810 1238 3850 rum
1267 3795 1457 3865 cophi-

1309 283 1761 346 EVANGELIUM
1799 280 2173 345 SECUNDUM
2214 282 2470 345 LUCAM.

3438 284 3543 342 578

2375 398 2611 457 CODEX
2654 396 3109 456 VERONENSIS.

1944 508 2049 565 est,
2079 498 2147 553 de
2173 513 2281 569 quo
2773 494 2883 550 illis
2906 494 3132 550 mandu-

1944 585 2046 641 ego
2072 569 2236 625 audio
2775 580 3050 641 careres.

1946 638 2079 696 talia
2100 642 2124 694 ’ἶ
2146 641 2215 696 Ει
2775 638 2857 693 Ad
2888 638 2964 693 illi
2996 638 3081 692 di—

1946 714 2241 784 quaerebat
2271 710 2421 768 illum
2779 720 2977 765 xerunt
3009 728 3026 784 :_
3046 708 3163 784 Non

1946 781 2150 839 ridere.
2780 790 2906 837 sunt
2941 781 3097 838 nobis

1950 856 2037 911 10.
2074 856 2142 910 Et
2166 855 2373 913 reversi
2779 853 3064 923 plusquam

1948 929 2219 998 Apostoli,
2245 945 2369 983 nar-

1949 1011 2205 1055 raverunt
2246 1000 2321 1054 illi

1990 1086 2324 1142 uaecumque

1976 1158 2130 1197 ecera
2140 1152 2197 1197 nt
2226 1161 2238 1195 ξ

1951 1223 2028 1279 et,
2057 1213 2359 1283 adsumptis

1954 1285 2059 1340 illis
2080 1328 2095 1352 ,
2125 1286 2354 1342 secessit

1953 1372 2199 1413 seorsum
2229 1360 2281 1413 in

1956 1429 2134 1486 locum
2161 1430 2343 1503 deser-

1955 1509 2092 1564 tum,
2120 1502 2265 1571 quod
2342 1550 2357 1557 -

1956 1582 2040 1627 est
2061 1572 2332 1629 Betsaida.

1957 1645 2046 1699 11.
2077 1645 2255 1713 Quod,
2278 1660 2401 1700 cum

1959 1718 2348 1783 cognovissent

1958 1788 2171 1851 turbae,
2205 1786 2283 1859 (a)
2311 1787 2481 1844 secuti
2509 1786 2551 1856 1-

1961 1868 2089 1912 Smit
2127 1859 2310 1915 illum:

2781 926 3021 996 quinque
3053 940 3241 995 panes,

2782 1005 2839 1052 et
2864 998 2971 1051 duo
3008 998 3185 1068 pisces
3215 1015 3229 1052 :

2782 1070 2887 1123 nisi
2920 1085 3020 1123 nos
3047 1084 3140 1123 ea-

2782 1154 2932 1207 mus,
2970 1150 3024 1195 et
3052 1155 3202 1196 ema-

2784 1227 2906 1273 mus
2938 1213 2989 1267 in
3014 1227 3230 1269 omnem

2786 1284 2925 1339 hanc
2950 1284 3162 1340 turbam

2785 1355 2853 1409 14
2892 1371 3065 1411 escas.
3111 1357 3285 1411 Erant

2784 1427 3044 1510 (d)_enirn
3075 1426 3113 1498 1-
3141 1427 3257 1483 fere

2784 1515 2885 1553 vrri
2917 1514 3157 1570 qumque

2789 1570 2960 1626 milia.
2993 1570 3085 1626 Ait

2788 1654 2967 1698 autem
2999 1642 3067 1697 ad
3094 1642 3168 1697 di-

2790 1713 3033 1784 scipulos
3066 1731 3079 1766 :
3105 1714 3208 1770 Fa-

2792 1788 2898 1841 cite
2927 1785 3052 1839 illos

2795 1857 3138 1915 discumbere

1962 1940 2016 2002 et
2044 1931 2259 2002 excepit
2797 1945 2895 2001 per
2924 1929 3173 1984 convivia

1962 2000 2105 2067 illos,
2140 2000 2196 2057 et
2548 2044 2565 2049 -
2796 2000 3226 2072 quinquagenos.

1966 2073 2287 2141 loquebatur
2799 2075 2889 2130 15.
2931 2072 3000 2127 Ει
3030 2074 3098 2127 ita
3130 2074 3273 2129 fece-

1963 2144 2072 2199 illis
2103 2145 2172 2199 de
2798 2155 2947 2200 runt.
2979 2146 3042 2199 Et
3066 2146 3177 2201 dis-

1963 2230 2132 2285 regno
2164 2217 2283 2281 Dei,
2718 2243 2723 2247 ·
2801 2219 3110 2275 cubuerunt

1961 2298 2017 2343 et
2044 2304 2161 2354 eos,
2186 2290 2277 2358 qui
2803 2305 3016 2346 omnes.

1961 2373 2091 2414 cura
2120 2360 2231 2414 indi
2274 2398 2289 2413 .
2333 2399 2348 2422 .
2395 2401 2408 2414 .
2453 2400 2466 2415 .
2518 2374 2529 2383 '
2808 2362 2897 2417 16.
2938 2360 3192 2429 Acceptis
3212 2368 3393 2418 autem

1964 2429 2051 2485 12.
2094 2431 2321 2487 sanabat
2365 2472 2377 2485 .
2424 2472 2437 2487 .
2485 2473 2496 2484 .
2542 2470 2555 2483 .
2604 2471 2617 2485 .
2808 2433 2968 2489 Jesus
2995 2434 3235 2503 quinque

1961 2514 2142 2558 autem
2170 2517 2304 2575 rcoe—
2808 2505 3037 2575 panibus
3056 2545 3071 2570 ,
3099 2513 3154 2559 et

1963 2583 2123 2645 perat
2149 2574 2322 2630 deeli-
2807 2574 3019 2633 duobus
3044 2576 3129 2647 pi-

1965 2661 2118 2702 nare.
2809 2647 2992 2704 seibus
3013 2689 3027 2712 ,
3050 2646 3300 2717 respexit

1968 2718 2038 2773 Et
2063 2728 2415 2776 accesserunt
2812 2721 2865 2776 iti
2905 2720 3114 2775 caelum
3133 2760 3149 2785 .

1968 2788 2046 2861 (ὁ)
2086 2792 2152 2846 ad
2181 2807 2305 2847 eum
2342 2791 2383 2863 1
2814 2802 2869 2849 et
2893 2790 3172 2848 benedixit

1970 2877 2067 2917 xu.
2108 2863 2359 2934 discipuli
2380 2905 2395 2933 ,

1972 2944 2029 2987 et
2059 2936 2314 2990 dixerunt

1974 3004 2055 3059 illi
2091 3024 2104 3059 :
2140 3007 2357 3062 Dimitte

1978 3076 2049 3149 (c)
2082 3078 2291 3133 turbam
2321 3077 2384 3148 1',

1979 3159 2037 3203 ut
2066 3159 2195 3205 eant
2222 3152 2369 3205 circa

1981 3222 2201 3277 castella
2220 3263 2235 3288 ,
2260 3222 2327 3293 ζει

1982 3293 2139 3347 villas
2159 3334 2172 3357 ,
2202 3303 2258 3348 et

1984 3363 2231 3420 reﬁciant
2256 3380 2336 3432 se,

1984 3445 2041 3491 et
2080 3436 2357 3492 inveniant

1987 3522 2142 3563 escas
2176 3525 2188 3560 :
2230 3508 2354 3577 quia

2816 2865 2891 2938 (c)
2907 2879 3083 2938 super
3116 2863 3236 2919 illos
3263 2861 3335 2934 1';

2818 2934 2873 2992 et
2899 2934 3059 3005 fregit
3077 2975 3092 2999 ,
3126 2944 3182 2989 et

2819 3008 3099 3063 distribuit
3196 3020 3197 3023 ‘

2823 3079 2895 3151 (f)
2932 3076 3213 3148 discipulis
3244 3077 3303 3149 οἳ,

2824 3160 2883 3205 ιιι
2908 3159 3175 3220 ponerent

2826 3232 2952 3278 ante
2971 3222 3180 3277 turbas.

2830 3295 2919 3349 17.
2964 3294 3029 3348 Ει
3056 3290 3283 3349 mandu—

2830 3374 3122 3431 Caverunt,
3154 3374 3211 3420 et

2828 3436 3056 3491 saturati
3093 3444 3236 3491 sunt.

2828 3508 2899 3563 Et
2932 3507 3205 3563 sublatum

1989 3579 2077 3633 hic
2107 3580 2159 3632 in
2189 3579 2307 3633 loco
2832 3588 2951 3645 est,
2975 3578 3117 3648 quod

1990 3653 2208 3706 deserto
2235 3664 2424 3706 sumus
2836 3650 3101 3720 superfuit
3138 3650 3246 3706 illis
3263 3689 3278 3715 ,

1994 3723 2082 3777 15.
2130 3764 2144 3776 .
2188 3763 2201 3775 .
2249 3763 2262 3776 .
2309 3762 2323 3775 .
2367 3761 2381 3776 .
2424 3729 2606 3779 autem
2837 3722 3263 3792 tragmentorum

1995 3794 2063 3849 ad
2108 3834 2121 3848 .
2164 3834 2179 3848 .
2226 3835 2240 3849 .
2288 3834 2300 3847 .
2348 3794 2482 3850 Date
2838 3792 3106 3865 c0pbinos

1632 3910 1861 3967 CODEX
1899 3908 2295 3967 BRIXIANUS.

298 4015 380 4062 est
411 4006 513 4060 iste
535 4005 601 4061 de
628 4019 736 4076 quo
765 4004 926 4060 audio
957 4004 1103 4059 talia.
1122 4005 1188 4059 Et
1215 4005 1512 4076 quaerebat
1537 4005 1721 4060 videre
1750 4021 1894 4058 eum.

297 4078 365 4133 Et
396 4078 603 4133 reversi
644 4078 885 4145 Apostoli
919 4078 983 4130 ad
1018 4076 1201 4131 Jesum
1237 4087 1593 4132 narraveruut
1618 4077 1692 4130 illi
1723 4076 1902 4131 omnia

299 4164 437 4217 quae
479 4149 748 4203 fecerunt.
781 4158 836 4203 et
862 4148 1152 4203 adsumens
1177 4150 1296 4203 illos
1325 4151 1549 4205 secessit
1574 4164 1816 4204 seorsum
1849 4148 1902 4203 in

301 4221 481 4275 lomm
529 4221 826 4275 desertum.
872 4222 962 4289 qui
1015 4221 1212 4274 dicitur
1261 4221 1546 4276 Betltsaida
1596 4221 1749 4289 Quod
1782 4236 1903 4277 cum

302 4293 689 4362 cognovissent
721 4293 890 4346 turba:
932 4292 1008 4363 (η)
1039 4294 1207 4346 secuti
1235 4292 1275 4363 1-
1304 4303 1430 4345 sunt
1461 4294 1610 4346 illum
1659 4301 1715 4346 et
1745 4307 1902 4363 exces

301 4365 379 4433 pit
408 4380 525 4417 eos.
556 4376 609 4417 et
640 4362 955 4432 loquebatur
984 4364 1089 4417 illis
1136 4364 1203 4418 de
1250 4362 1416 4434 regno
1447 4364 1561 4419 Dei.
1593 4374 1646 4418 et
1696 4378 1790 4417 eos
1819 4362 1906 4433 qui

303 4451 489 4490 curam
517 4434 848 4504 indigebant.
882 4436 1127 4490 Sanabat.
1159 4435 1281 4489 Dies
1306 4445 1486 4489 autem
1513 4438 1625 4503 jam
1651 4444 1909 4503 coeperat

304 4506 608 4561 declinare.
636 4508 701 4559 Et
730 4517 1077 4561 accesserunt
1104 4507 1387 4561 duodecim
1406 4507 1655 4577 discipuli
1689 4507 1806 4576 ejus
1832 4506 1906 4577 (b)

305 4578 369 4632 ad
404 4594 529 4632 cum
562 4577 603 4648 1-
643 4576 991 4651 etdixerunt
1012 4578 1111 4632 illi.
1147 4578 1368 4632 Dimitte
1414 4577 1487 4651 (c)
1520 4576 1729 4632 turbam
1770 4579 1809 4650 σῖ
1844 4576 1909 4631 ut

306 4659 435 4704 eant
464 4652 519 4703 in
551 4648 771 4703 castella
822 4658 877 4703 ct
905 4650 1081 4703 villas.
1136 4665 1273 4719 quae
1325 4652 1377 4704 in
1424 4648 1651 4705 ei'rcuitu
1705 4648 1830 4704 sunt
1857 4659 1911 4704 ct

309 4731 495 4776 emant
522 4720 623 4775 sibi
652 4734 806 4775 escas
846 4720 968 4788 quia
1004 4719 1092 4775 hic
1118 4721 1169 4774 iu
1201 4722 1321 4777 loco
1342 4721 1561 4777 deserto
1585 4736 1792 4777 sumus.
1820 4720 1911 4775 Ait

308 4802 492 4848 autem
516 4792 584 4847 ad
618 4792 736 4847 illos
762 4790 922 4848 Jesus
952 4792 1213 4864 Dateillis
1233 4808 1330 4849 vos
1356 4794 1708 4849 manducare.
1740 4792 1812 4847 At
1833 4792 1910 4847 illi

2003 4006 2279 4061 dixerunt.
2316 4005 2431 4060 Non
2478 4013 2606 4061 sunt
2637 4004 2791 4061 nobis
2823 4005 3108 4078 plusquam
3158 4003 3398 4077 quinque
3445 4017 3612 4078 panes

2006 4088 2057 4133 et
2091 4078 2228 4131 duus
2261 4080 2438 4145 pisces
2468 4078 2567 4133 nisi
2611 4078 2750 4132 forte
2798 4093 2897 4134 nos
2941 4076 3128 4132 eamus
3158 4076 3213 4131 et
3263 4091 3507 4131 eruamus
3559 4076 3612 4129 in

2008 4166 2223 4204 onmem
2274 4152 2413 4205 lianc
2460 4152 2670 4204 turbam
2721 4165 2897 4205 escas.
2960 4151 3124 4205 Erant
3157 4148 3239 4218 (ά)
3270 4151 3415 4203 enim
3446 4146 3611 4219 1viri

2010 4222 2121 4276 fere
2155 4223 2392 4291 quinque
2438 4222 2628 4275 millia.
2680 4222 2771 4276 Ait
2798 4232 2976 4277 autem
3023 4220 3089 4274 ad
3147 4220 3445 4289 discipulus
3487 4234 3616 4273 suos

2011 4291 2195 4347 Facite
2242 4294 2363 4348 illus
2403 4292 2747 4347 discumbere
2782 4309 2876 4361 per
2902 4292 3146 4346 convivia
3180 4294 3611 4360 quinquagenos.

2014 4365 2080 4418 Et
2122 4366 2190 4418 ita
2220 4365 2462 4419 fecerunt
2496 4364 2562 4419 Et
2589 4364 2933 4419 discumbere
2979 4363 3223 4417 fecerunt
3252 4377 3465 4417 omnes.
3512 4361 3619 4417 Ac-

2013 4438 2187 4506 ceptis
2225 4448 2404 4491 autem
2451 4438 2687 4507 quinque
2731 4435 2984 4507 panibus.
3015 4445 3090 4507 et
3118 4432 3331 4487 duobus
3366 4432 3620 4507 piscibus

2016 4504 2256 4576 respexit
2305 4508 2357 4563 in
2405 4504 2613 4562 caelum
2665 4504 2747 4561 ct'
2778 4505 3053 4562 benedixit
3084 4519 3205 4560 eos.
3250 4516 3304 4559 et
3359 4504 3519 4575 fregit
3558 4510 3624 4576 et

2016 4574 2164 4635 dedit
2206 4580 2273 4649 (ί)
2324 4578 2609 4649 discipulis
2640 4576 2682 4647 1-
2715 4585 2773 4632 ιιι
2819 4586 3086 4649 ponerent
3135 4574 3520 4649 anteﬁlurbas.
3556 4574 3624 4629 Et

2017 4646 2487 4707 mandu‘caveruni
2541 4646 2729 4703 omnes
2756 4646 3072 4704 et’saturati
3099 4658 3226 4703 sunt
3256 4648 3324 4703 Et
3385 4646 3625 4701 tulerunt

2018 4723 2161 4795 quod
2192 4721 2471 4792 superavit
2501 4720 2607 4776 illis
2639 4720 3066 4792 fragmentorum
3109 4720 3376 4792 cephinos
3417 4716 3625 4773 duode-

1600 4905 1833 4962 CODEX
1870 4904 2348 4965 CORBEIENSIS.

387 5004 441 5058 9.
484 5002 604 5066 Hic,
632 5000 724 5072 qui
751 5009 864 5069 est,
898 5002 965 5058 de
991 5017 1099 5074 quo
1128 5002 1291 5059 audio
1316 5002 1488 5059 talia?

312 5077 332 5105 "
358 5155 363 5157 Δ
391 5076 479 5157 12.
524 5084 580 5156 ut
610 5083 735 5157 eant
763 5074 908 5129 circa
934 5072 1177 5145 castella,
1206 5083 1260 5131 et
1287 5076 1465 5144 villas,
1491 5082 1545 5131 et
1566 5072 1815 5131 reﬁciant
1835 5088 1914 5144 se,

316 5155 374 5204 ει
401 5154 680 5203 inveniant
706 5160 878 5202 escas.

2094 5003 2183 5058 15.
2226 5000 2329 5057 nisi
2359 5015 2569 5067 eamus,
2599 5009 2654 5057 et
2679 5013 2944 5059 emamus.

2097 5074 2184 5130 t6.
2226 5072 2507 5131 benedixit
2532 5088 2698 5145 super
2726 5072 2885 5141 illos;

1575 5262 1976 5321 VARIANTES
2014 5257 2411 5317 LECTIONES.

390 5356 406 5421 ξ
444 5355 548 5421 Qut.
572 5355 857 5421 BethSaida.
876 5358 1006 5421 Min.
1032 5355 1457 5421 Betzaida._Vulg.
1484 5357 1800 5421 Bethsaidae.

387 5418 412 5487 ξ
450 5419 555 5467 Gut.
575 5420 663 5487 qui
685 5420 845 5487 curari
870 5419 1173 5482 indigebant.
1204 5417 1347 5487 Vulg.
1370 5417 1456 5483 qui
1474 5420 1923 5487 curaindigebant.

391 5480 414 5512 ³
447 5489 561 5531 Mm.
586 5480 898 5532 discumbere
922 5480 1076 5545 super
1099 5489 1283 5533 terram
1300 5480 1403 5547 'pef
1421 5484 1645 5534 convivia
1667 5480 1928 5546 centenos,

2033 5361 2085 5405 et
2109 5354 2504 5415 quinquagenos.
2537 5348 2682 5413 Vulg.
2701 5348 3015 5401 discumbere
3036 5362 3125 5413 per
3142 5350 3364 5402 convivia
3386 5348 3630 5413 quinqua-

2030 5429 2203 5481 genos.

1680 5588 2045 5648 BLANCHINI
2084 5589 2312 5647 ΝΟΤᾹΞ.

405 5684 487 5753 (u)
520 5684 719 5739 Veron.
750 5692 805 5740 et
845 5683 993 5740 Brix.
1031 5685 1208 5753 secuti,
1242 5685 1402 5750 forte,
1428 5685 1867 5756 quial'maseulini
1911 5686 2127 5757 generis
2152 5695 2277 5741 sunt
2311 5688 2356 5742 οἱ
2377 5682 2568 5757 ὄχλοιῖ
2604 5714 2673 5726 -
2701 5684 2777 5812 (ὺί
2813 5682 2980 5739 Addit
3008 5682 3078 5737 ad
3104 5696 3253 5747 eum,
3279 5682 3443 5738 etiam
3474 5682 3634 5741 Vers.

405 5756 497 5809 llh.
522 5758 685 5812 αὐτῶ.
717 5759 885 5812 -—(cl
918 5757 991 5810 Ita
1022 5767 1075 5811 et
1097 5764 1206 5811 tex.
1239 5757 1370 5812 Gr..
1405 5761 1491 5812 τὸν
1513 5755 1691 5812 ὅγλον.
1722 5789 1792 5797 -
1816 5758 1897 5812 (di
1921 5760 2000 5812 Ita
2031 5768 2085 5812 et
2105 5769 2213 5812 tex.
2243 5758 2363 5812 Gr..
2396 5758 2519 5812 νάο.
2546 5787 2616 5799 -——
2644 5757 2715 5812 (c)
2776 5765 2823 5811 ta
2867 5764 2922 5811 et
2963 5754 3063 5812 cod
3093 5755 3251 5810 Cant.
3274 5796 3289 5812 .
3318 5753 3398 5812 ἐπ’
3425 5758 3634 5812 αὐτούς.

332 5754 500 5833 Coll):
522 5758 685 5833 agi-qi.
717 5759 885 5833 ττ-(σ)
910 5757 991 5833 _l_ta
1022 5767 1075 5833 e_t
1097 5764 1206 5811 tex.
1239 5757 1370 5833 G_r.,
1405 5753 1491 5833 τὸν
1513 5755 1691 5829 ὄχλον.
1722 5789 1792 5797 —
1808 5758 1897 5833 _(d)
1919 5753 2000 5816 ita
2031 5768 2085 5816 et
2105 5769 2213 5816 tex.
2243 5758 2363 5826 Gr.,
2396 5753 2519 5833 ᾠᾶρ.
2546 5787 2616 5799 -——
2644 5753 2720 5828 (cf
2747 5753 2823 5812 Ita
2867 5764 2922 5811 et
2963 5754 3063 5812 cod
3093 5755 3251 5810 Cant.
3274 5796 3289 5824 ,
3318 5753 3398 5813 ἐπ’
3425 5758 3634 5822 αὐτούς.

333 5855 408 5871 —-
440 5826 509 5899 (f)
541 5817 666 5883 Pos't
698 5817 999 5901 discipulis,
1033 5828 1190 5887 deest
1213 5817 1626 5900 suis,'etiam"in
1656 5840 1763 5887 tcx.
1797 5817 1891 5885 Gr:
