2027 3099
229 134 281 163 579
495 125 633 162 EUSEBII
653 131 827 161 VERGELL.
844 130 1001 162 EVANGEI

1055 122 1155 163 thUIl
1178 130 1290 163 vanus
1310 130 1387 160 con.
1407 122 1608 160 comarum.
1833 125 1893 158 sso

428 190 543 219 CODEX
562 188 831 220 VERCELLENSIS.

226 237 544 269 n......decim.

225 274 270 301 18.
291 273 313 301 Ε
333 292 341 301 .
364 293 371 301 .
393 294 400 300 .
424 293 464 315 ,λ
482 282 527 304 um
546 278 607 308 est.

225 328 233 336 .
256 330 262 336 .
286 331 293 337 .
316 330 323 336 .
347 330 353 337 .
374 313 483 337 essetin

225 366 231 373 .
254 366 260 372 .
285 366 291 372 .
310 366 316 371 .
338 350 407 378 reto,
424 345 489 376 ade-

222 387 284 408 rant
296 381 335 408 illi
350 381 407 408 dis-

221 416 304 451 cipuli
318 417 370 450 sui,
389 421 417 444 et

220 452 372 487 interroga-

220 488 260 515 vit
271 496 328 521 eos,
344 488 439 517 dicens
452 497 459 515 :

220 524 306 558 Quem
323 531 366 551 me
376 522 416 550 di-

218 564 284 587 cunt
298 560 392 587 turbae

221 595 264 622 i9.
286 595 366 622 esse?
381 594 432 627 Qui
445 601 505 623 res-

219 631 371 665 pondentes
380 651 387 663 ,

218 666 363 693 dixerunt:
378 666 427 694 Jo-

219 701 335 729 hannem
349 701 417 736 Bap-

219 738 327 770 tistam;
344 737 389 765 alii
403 745 450 764 au-

218 779 274 800 tem
291 773 392 801 lleliam
404 781 411 806 ;

217 809 300 841 aliqui
313 816 387 841 vero,

216 845 279 879 quia
296 844 388 871 Profe-

217 884 244 907 ta
258 887 328 907 unus
344 881 352 896 ί
366 880 400 907 de

215 915 351 950 prioribus

215 952 260 979 ‘20.
282 951 410 979 surrexit.
432 951 476 979 Di-

215 987 255 1014 xit
269 991 359 1014 autem

216 1022 270 1050 illis
287 1030 294 1050 :
314 1022 367 1050 Vos
382 1030 430 1050 au-

216 1062 269 1085 tem
284 1065 365 1092 quem

214 1101 259 1120 me
270 1094 361 1121 dicitis

215 1129 296 1157 esse?
316 1129 439 1164 Respon—

213 1164 281 1192 dens
295 1170 384 1193 autem

213 1199 321 1233 Petrus,
336 1200 404 1228 dixit
418 1209 424 1228 :

211 1236 257 1263 21,
285 1236 433 1265 Christum.
449 1234 518 1271 Qui,
534 1244 595 1267 cum

211 1271 381 1307 nbiurgasset

211 1307 283 1340 illos,
298 1315 409 1342 praece-

211 1344 250 1377 pit
264 1351 297 1371 ne
312 1343 356 1371 cui
375 1344 417 1371 dl-

210 1384 305 1406 cerent
319 1379 370 1407 hoc
377 1400 385 1412 ,

208 1413 254 1442 23.
275 1414 387 1442 dicens:
402 1415 478 1450 Quo-

211 1450 282 1477 niam
298 1455 408 1485 oportet

211 1485 311 1513 Filium
327 1485 414 1513 homi-

211 1521 253 1548 nis
270 1522 353 1549 mulla
368 1529 415 1557 pa-

210 1557 246 1589 ti,
260 1560 288 1585 et
301 1558 431 1591 reproba-

208 1592 231 1620 ri
245 1594 255 1608 '
269 1600 285 1619 a
297 1593 418 1621 Seniori-

209 1628 260 1656 bus
268 1648 276 1661 ,
288 1633 315 1656 et
328 1629 421 1656 Ponti-

209 1664 305 1692 ﬂcibus
313 1685 321 1698 ,
337 1669 364 1692 et
378 1663 451 1692 Scri-

208 1699 266 1733 bis,
279 1704 307 1728 et
320 1700 405 1727 inter-

209 1735 263 1768 ﬁci,
279 1740 306 1763 et
320 1740 382 1771 post
396 1739 451 1764 ter-

206 1771 273 1798 tium
285 1771 357 1799 dietn
372 1779 416 1799 re—
468 1771 473 1775 '

206 1806 252 1835 25.
273 1814 395 1842 surgere.
409 1807 454 1835 Di—

207 1843 287 1870 cebat
301 1846 392 1870 autem

208 1878 241 1905 ad
261 1886 356 1906 omnes
372 1888 379 1906 :

207 1913 236 1941 Si
251 1914 311 1948 quis
321 1914 379 1942 vult

207 1954 268 1985 post
282 1957 326 1978 nte
340 1950 414 1978 veni—

204 2057 265 2083 ciui.
284 2056 314 2084 Et
332 2056 431 2083 factum
446 2060 487 2083 est
503 2063 563 2082 cum
582 2055 656 2082 solus
671 2058 742 2082 esset
766 2061 858 2082 orans.
877 2062 1004 2082 occurre-

206 2099 265 2118 rnttt
291 2093 314 2119 ci
337 2092 460 2126 discipuli
489 2091 547 2125 ejus
573 2095 600 2117 et
626 2091 802 2124 interrogavit
826 2090 885 2117 illos
910 2090 1005 2118 tllCt‘lIS

203 2128 287 2161 Qucsn
312 2136 354 2155 me
369 2128 461 2154 dicunt
476 2135 536 2154 esse
564 2126 672 2153 turbae.
692 2128 724 2152 Λι
742 2126 777 2152 illi
803 2126 1003 2160 respondentes

203 2165 338 2190 dixerunt.
363 2164 511 2190 Jltllttllllt'lll
528 2163 687 2197 Baptistant.
713 2162 757 2188 alii
783 2168 873 2188 autem
898 2162 1002 2189 ilcliant

202 2199 246 2224 alii
262 2200 323 2233 quia
340 2200 472 2232 l’mpltctt
496 2207 563 2225 unus
577 2198 611 2225 de
627 2197 764 2234 prioribus
781 2199 910 2225 surrexit.
932 2198 1005 2224 Dixit.

201 2240 289 2261 autem
304 2235 356 2261 illis
369 2235 423 2262 νος
437 2239 524 2260 ειιιιι-ιιι
535 2242 613 2269 quem
629 2233 671 2261 ine
687 2234 775 2260 dicitis
792 2241 863 2260 esse.
881 2233 1003 2265 llcSpnu-

200 2270 267 2297 deus
280 2276 368 2297 autem
392 2272 486 2297 Simon
505 2268 603 2297 l’eirus
623 2270 700 2296 dixit.
716 2268 755 2296 Tu
771 2276 800 2296 es
815 2269 942 2296 Christus
961 2268 1005 2295 Fi~

201 2306 252 2333 lius
267 2306 324 2333 Dei.
344 2307 376 2332 At
392 2307 435 2333 ille
448 2306 591 2339 increpans
605 2313 651 2332 ens
669 2306 802 2339 praecepit
822 2313 854 2331 nc
872 2305 913 2331 cui
929 2305 1003 2333 dicc—

200 2346 261 2368 rcnt
277 2343 326 2369 ltoc
341 2343 444 2368 dicens.
460 2340 525 2373 Quit
544 2346 650 2374 oportet
666 2340 764 2368 Filium
783 2341 900 2368 hominis
919 2341 1000 2367 multa

200 2378 252 2411 pati
268 2383 294 2405 et
311 2377 450 2412 reprulnri
467 2386 479 2403 a
496 2376 656 2404 Senioribus
670 2382 696 2403 et
714 2377 886 2410 Principibus
902 2377 1000 2404 Sacer-

199 2413 291 2440 dutum
309 2419 335 2441 et
351 2413 462 2441 Scribis.
481 2417 508 2439 et
524 2412 621 2438 occidi.
637 2417 664 2438 et
679 2413 757 2439 tertia
779 2412 822 2438 die
847 2419 998 2447 resurgere.

198 2448 308 2475 Dicebat
328 2455 417 2476 autent
432 2448 465 2475 ad
487 2455 592 2474 omnes.
611 2448 637 2475 Si
662 2448 722 2482 quis
746 2448 803 2473 vult.
818 2453 878 2482 post,
893 2456 936 2474 nte
953 2456 998 2475 vc-

198 2484 266 2512 nire.
288 2484 404 2520 abneget
424 2484 612 2519 semetipsum.
637 2487 665 2513 et
688 2482 765 2511 tollat
787 2490 896 2513 crucem
921 2490 998 2512 suam

234 2588 281 2617 9A.
301 2587 519 2624 salvabitillam.

643 244 674 265 re
683 258 690 270 ,
702 237 818 272 abneget

645 280 675 301 se
689 274 777 308 ipsum
786 293 794 306 ,
810 276 838 301 et

645 313 773 344 sequatur
786 316 839 336 me.

642 343 688 371 24.
699 344 818 380 Quisque
829 344 901 373 enim

643 380 758 408 voluerit
773 379 833 407 ani-

641 423 713 443 mam
723 423 800 443 suam

641 452 746 478 salvam
761 453 829 479 tace-

641 495 669 514 re
678 508 684 519 ,
706 487 801 521 perdet
815 487 846 514 il-

641 523 693 549 lant
711 532 717 549 :
733 528 770 553 et,
786 523 832 557 qui
848 529 907 558 per-

641 558 740 585 diderit
755 559 812 585 ani-

641 600 713 621 mam
727 601 804 621 suam

641 637 722 657 eattsa
742 630 808 663 mei,

640 665 755 693 salvabit
767 665 800 693 il-

640 699 685 742 25:
701 701 766 728 lam.
782 701 824 736 Qu
845 721 851 728 .
874 721 880 728 .
905 721 912 729 .

640 743 711 764 enim
731 745 780 771 pro
801 758 807 764 .
831 756 838 764 .
861 756 867 763 .

640 772 742 800 homini
759 773 801 800 lu-

639 808 711 836 crari
724 816 802 836 mun-

640 843 703 871 dum
721 849 806 871 totum
816 864 823 877 ,

639 887 670 906 se
682 884 771 907 autem
788 880 828 915 ip—

639 922 699 942 sum
716 914 811 949 perdel

639 957 680 983 re,
694 955 739 977 aut
754 950 791 986 (b)
803 950 862 986 jac-

640 990 726 1013 turam
742 986 780 1013 l'a-

636 1020 681 1049 26.
704 1022 768 1049 ciat.
785 1021 806 1057 -ι-
821 1021 924 1057 Quisqu
946 1041 952 1048 .

636 1057 708 1084 enim
721 1064 789 1085 con-

637 1092 711 1120 fusus
726 1093 786 1121 l'uer
806 1113 813 1119 .
837 1113 843 1119 .

636 1133 802 1162 me,etm.
826 1149 863 1156 ..

636 1163 709 1192 hunc
721 1164 763 1191 Fil
785 1186 791 1193 .
814 1185 821 1191 .
844 1184 851 1191 .

635 1198 726 1226 homin
749 1220 756 1226 .
779 1219 787 1227 .
809 1202 877 1229 .Q.

634 1234 729 1263 fundet
750 1258 757 1265 .
780 1255 787 1262 .
811 1255 819 1263 .
841 1255 848 1262 .

632 1278 693 1298 cum
705 1278 756 1299 ven
777 1292 784 1299 .
808 1292 816 1299 .
831 1287 844 1292 -

634 1307 777 1342 ritingl.
800 1322 837 1335 .-

634 1342 673 1370 ria
685 1350 744 1376 sua,
760 1347 788 1370 et
808 1363 815 1370 .
839 1363 846 1371 .
861 1359 874 1363 -

634 1378 693 1411 tris,
709 1383 737 1405 et
752 1378 806 1406 San
830 1399 835 1406 .
858 1400 865 1406 .
880 1394 892 1399 -

635 1418 723 1450 torum
731 1413 820 1450 Ange-

633 1448 732 1477 lorum.

630 1483 688 1512 ‘27..
712 1505 720 1512 .
742 1504 749 1511 .
770 1492 803 1513 eo
814 1489 904 1513 autem
917 1492 964 1513 vo-

634 1540 641 1547 .
665 1539 671 1545 .
695 1540 701 1547 .
723 1520 808 1548 ’vere
823 1528 830 1548 ε
847 1526 911 1549 sunt

636 1577 642 1582 .
665 1575 672 1582 .
695 1576 702 1583 .
725 1556 786 1584 dam
804 1556 849 1585 hic

664 1612 670 1618 .
693 1611 700 1618 .
721 1596 798 1626 ntes,
815 1593 861 1628 qui

631 1634 685 1654 non
696 1633 788 1663 gusta-

631 1663 698 1690 bunt
713 1668 840 1696 mortem,

633 1707 639 1713 ·
661 1718 669 1727 .
690 1706 760 1727 onec
772 1699 846 1727 vide—

631 1753 639 1762 .
662 1755 668 1761 .
690 1739 719 1762 nt
733 1742 846 1770 regnum

630 1789 637 1797 .
660 1790 667 1797 .
688 1770 724 1798 ei.
741 1771 808 1798 Fac-

627 1805 672 1833 28.
697 1827 704 1834 .
727 1826 734 1833 .
755 1814 799 1833 um
815 1810 857 1834 est
869 1810 959 1834 autent

629 1861 636 1868 .
658 1862 665 1869 .
687 1847 729 1869 ost
747 1842 813 1870 haec
824 1849 887 1869 ver-

631 1896 638 1904 .
661 1897 669 1904 .
688 1885 719 1911 a,
735 1877 746 1893 λ
758 1878 867 1906 circiter

632 1934 638 1940 .
661 1933 667 1940 .
688 1919 732 1941 ost
745 1913 803 1941 dies
818 1920 860 1941 oc-

662 1969 667 1975 .
689 1956 705 1976 o
719 1949 868 1984 adsumptis

1303 188 1422 220 CODEX
1442 188 1667 221 VERONENSIS.

1081 244 1131 264 ΧΗ.

1080 272 1125 299 18.
1147 271 1182 299 Et
1193 271 1292 301 factum
1303 275 1356 306 est.

1079 315 1140 335 cum
1159 307 1234 335 solus

1078 347 1151 371 esset
1163 351 1254 376 orans,

1078 383 1156 406 erant.
1170 384 1259 407 autem

1079 419 1105 441 et
1118 422 1178 442 cum
1195 414 1242 442 illo

1078 450 1214 484 discipuli,
1232 455 1259 478 et

1079 486 1257 521 interrogavit

1078 520 1342 555 i...'..Quetn

1080 576 1087 583 .
1111 578 1117 584 .
1141 577 1147 583 .
1170 577 1176 583 .
1191 557 1286 585 dicunt

1078 601 1138 621 esse
1154 593 1267 621 turbae?

1078 628 1123 656 19.
1143 628 1184 656 Ad
1199 629 1237 656 illi
1251 635 1295 656 re-

1076 664 1244 699 sponderunt

1076 701 1117 733 ei,
1132 705 1159 728 et
1170 700 1241 727 dixe-

1079 742 1142 763 runt
1157 745 1162 762 :
1178 735 1319 762 Joliannen

1076 772 1240 806 Baptistant;
1258 771 1304 798 alii

1076 814 1166 834 autent
1181 808 1290 839 llclian;

1076 843 1139 875 alii,
1155 843 1215 877 quia

1076 879 1209 912 Prottlieta
1225 884 1294 904 unus

1077 914 1110 941 de
1126 912 1261 949 prioribus

1077 950 1235 977 ressurcxit.

1076 986 1122 1012 20.
1145 985 1216 1012 Dixit
1229 989 1318 1012 autem

1078 1022 1132 1048 illis
1149 1030 1154 1048 :
1174 1020 1227 1048 Vos

1077 1062 1168 1085 autem
1180 1063 1223 1084 me

1074 1100 1155 1128 quem
1172 1091 1263 1128 dicitis

1074 1127 1154 1156 esse?
1171 1127 1295 1163 Respon-

1074 1163 1152 1191 dens.
1175 1184 1182 1191 .
1205 1183 1212 1191 .
1234 1181 1243 1190 .

1074 1199 1172 1227 Petrus
1192 1219 1200 1228 .
1223 1219 1230 1226 .
1254 1218 1261 1226 .
1284 1217 1291 1226 .
1314 1217 1321 1224 .

1190 1234 1413 1263 Dei......

1074 1271 1120 1298 2t.
1142 1271 1190 1299 llle
1200 1291 1208 1303 ,
1223 1271 1367 1306 increpans

1074 1307 1134 1334 illos
1143 1327 1151 1340 ,
1167 1313 1279 1342 praece-

1090 1344 1109 1370 it
1125 1351 1159 1370 ne
1170 1343 1213 1371 cui

1081 1387 1139 1406 inec
1151 1379 1274 1406 dicerent
1286 1398 1295 1411 ,

1069 1414 1115 1441 22.
1136 1415 1229 1442 dicens
1242 1422 1248 1441 :
1264 1410 1340 1447 Quod

1069 1454 1195 1485 apportet
1205 1450 1250 1478 Fi-

1068 1485 1134 1513 lium
1146 1485 1263 1513 hominis

1069 1522 1151 1548 ntulta
1168 1521 1238 1556 pati,

1068 1562 1096 1584 et
1110 1555 1252 1591 reprobari

1067 1600 1082 1619 a
1095 1592 1266 1627 Principibus

1067 1627 1245 1656 Sacerdotum
1253 1648 1262 1662 ,

1066 1668 1094 1693 et
1107 1664 1209 1692 Scribis
1218 1684 1226 1698 ,

1066 1703 1093 1727 et
1105 1699 1193 1727 occidi
1202 1720 1208 1732 ,
1225 1704 1253 1727 et

1066 1739 1127 1770 post
1142 1735 1201 1763 dies

1067 1776 1121 1798 tres
1138 1779 1290 1806 resurgere.

1065 1807 1111 1833 25.
1134 1808 1243 1834 Dicebat
1259 1815 1307 1833 an-

1066 1847 1118 1869 tctn
1133 1844 1166 1869 ad
1181 1851 1275 1870 omnes
1290 1851 1296 1869 :

1065 1878 1092 1905 Si
1108 1878 1167 1913 quis
1185 1879 1240 1905 vult

1064 1914 1097 1940 ad
1114 1922 1155 1941 me
1171 1922 1216 1941 ve-

1062 1950 1123 1978 nire
1132 1969 1139 1982 ,
1155 1950 1272 1986 abneget

876 2006 992 2034 CODEX
1010 2006 1208 2036 BRleANUS.

1056 2063 1069 2082 c
1083 2056 1166 2083 ittidie
1183 2061 1210 2083 ct
1233 2060 1362 2090 sequatur
1383 2063 1436 2084 me.
1453 2055 1505 2090 Qui
1524 2056 1596 2083 enim
1619 2055 1735 2083 voluerit
1750 2055 1871 2083 animam

1056 2100 1133 2118 suam
1149 2093 1252 2118 salvam
1270 2091 1359 2119 facere
1382 2092 1478 2126 pcrdct
1493 2100 1551 2119 cant
1567 2100 1629 2119 itam
1651 2092 1695 2127 qui
1719 2091 1873 2126 perdiderit.

1057 2128 1174 2154 animant
1189 2136 1264 2154 suum
1282 2134 1394 2163 propter
1407 2137 1458 2155 tne.
1472 2128 1573 2155 salvam
1595 2127 1674 2154 faciet
1700 2135 1771 2154 eam.
1795 2127 1869 2160 Quid

1056 2165 1127 2189 enim
1154 2164 1263 2197 prodest
1291 2164 1404 2191 itontini.
1422 2164 1444 2191 si
1472 2164 1590 2190 luct'clut‘
1605 2165 1763 2191 universum
1786 2170 1870 2190 mun-

1057 2199 1129 2226 dum.
1148 2207 1177 2226 se
1201 2204 1290 2226 autent
1317 2201 1405 2234 ipsum
1431 2200 1535 2233 perdat.
1553 2205 1580 2226 et
1605 2199 1800 2226 detrimentum
1823 2198 1869 2226 sui

1056 2234 1145 2262 Ιῖιείςιι.
1164 2236 1212 2268 Qui
1238 2236 1309 2262 enim
1335 2243 1376 2262 tne
1398 2235 1526 2263 confusus
1538 2234 1632 2262 fuerit.
1648 2239 1695 2262 aut
1710 2242 1786 2262 meos
1805 2241 1869 2262 ser-

1058 2278 1160 2297 mones.
1188 2271 1257 2298 ltunc
1283 2270 1367 2299 Filius
1392 2270 1510 2298 hominis
1535 2270 1683 2298 confundet
1714 2278 1777 2298 eum
1802 2277 1866 2297 cum

1055 2307 1159 2333 venerit
1183 2307 1207 2332 in
1236 2307 1377 2341 majestate
1403 2315 1461 2334 Stin.
1492 2310 1519 2333 ct
1540 2306 1628 2333 Patris
1651 2311 1677 2333 et
1700 2306 1866 2334 Sanctorum

1055 2342 1231 2376 Augeluruni.
1249 2343 1313 2369 Dico
1333 2348 1423 2369 autent
1443 2343 1530 2369 vobis.
1550 2349 1613 2369 Vcl‘c
1629 2345 1693 2368 sunt.
1704 2341 1817 2405 (quidam
1829 2341 1867 2369 de

1055 2378 1098 2404 hic
1114 2378 1248 2405 stantibus
1274 2379 1319 2405 uui
1336 2386 1388 2405 non
1402 2378 1550 2405 gustabunt
1571 2381 1687 2405 mortem
1725 2385 1794 2405 onec
1822 2377 1865 2405 ri-

1055 2378 1098 2404 lllC
1114 2378 1248 2406 stantibus
1274 2379 1319 2413 qui
1336 2386 1388 2405 non
1402 2378 1550 2413 gustabunt
1571 2381 1687 2406 mortem

1502 243 1531 263 se
1545 236 1644 270 ipsum,
1655 238 1694 268 et,

1501 271 1604 299 sublata
1616 277 1698 298 cruce

1502 315 1548 335 sua
1561 328 1568 340 ,
1585 311 1713 341 sequatur

1501 342 1547 370 24.
1568 349 1621 370 me.
1636 341 1687 375 Qui

1501 379 1572 406 enim
1589 377 1702 405 voluerit

1499 414 1616 441 animam
1630 420 1707 441 suam

1499 450 1602 477 salvam
1616 449 1708 477 facere

1501 485 1595 520 perdet
1606 485 1680 526 illam
1695 493 1703 512 :

1499 529 1573 553 nam,
1586 529 1631 556 qut
1644 528 1706 556 per-

1500 557 1599 585 diderit
1613 557 1672 584 ani-

1500 600 1562 620 llam
1574 600 1650 620 suam

1501 633 1612 663 propter
1627 635 1679 661 tne,

1500 665 1538 726 pa)
1556 665 1600 691 ille
1614 663 1633 699 -ἲ
1648 664 1748 692 salvam

1511 701 1579 726 :tciet
1593 700 1676 726 illaut.

1511 701 1579 727 itciet
1593 700 1676 726 illaut.

1498 736 1543 763 25'.
1570 739 1597 766 ᾖ
1615 735 1684 769 Quid
1704 735 1775 765 enim

1499 771 1626 806 prodecst
1643 771 1691 798 llO-

1498 807 1574 839 mini,
1589 807 1611 834 si
1626 808 1666 834 lu—

1498 848 1589 870 cretur
1604 844 1713 870 univcr-

1499 887 1557 906 sutn
1568 879 1697 906 ntundum
1707 899 1715 914 ,

1498 921 1528 943 Se
1541 919 1630 943 autem

1498 950 1604 985 perdat,
1619 954 1647 978 et

1497 986 1536 1021 (li)
1549 986 1739 1016 detrimentum

1497 1022 1593 1058 faciat?
1605 1022 1626 1058 -ι-

1495 1058 1540 1086 26.
1561 1057 1629 1085 Nam
1643 1058 1689 1093 qui

1496 1102 1540 1122 me
1553 1094 1703 1126 erubuerit.

1496 1134 1523 1157 8|.
1533 1137 1608 1158 meos

1495 1172 1648 1198 sermones,

1495 1199 1567 1228 hunc
1578 1200 1663 1228 Filius

1495 1236 1612 1264 hominis
1623 1243 1688 1264 eru-

1493 1271 1597 1302 bescet.
1610 1279 1672 1303 cum

1493 1308 1599 1336 venerit
1611 1308 1638 1335 in

1493 1344 1636 1377 majestate
1648 1350 1708 1377 sua.

1492 1384 1764 1408 etPa.......

1492 1416 1654 1444 Sanctorum

1492 1452 1669 1487 Angelorum.

1490 1486 1545 1514 27.’
1560 1487 1625 1514 Dico
1640 1490 1730 1516 autem

1491 1523 1567 1550 vobis
1580 1530 1661 1552 vere:

1490 1559 1573 1594 aliqui
1588 1563 1652 1588 sunt

1466 1618 1469 1620 .
1490 1593 1659 1628 hic'stantes,

1489 1630 1535 1665 qui
1552 1637 1604 1657 non
1620 1637 1670 1665 gu-

1489 1666 1600 1694 stabunt
1613 1673 1686 1694 mor-

1489 1706 1555 1734 tem,
1571 1701 1659 1729 donec

1488 1736 1597 1765 videant
1612 1743 1726 1772 regnum
1744 1734 1805 1764 Dei.

1486 1772 1533 1800 28.
1553 1772 1666 1800 Factum
1677 1776 1720 1800 est

1487 1813 1577 1844 autem
1588 1813 1651 1844 post

1487 1843 1555 1880 haec
1567 1843 1663 1880 verba,

1486 1879 1543 1915 fere
1556 1884 1619 1915 post

1485 1914 1544 1943 dies
1558 1914 1620 1943 octo

1485 1951 1637 1986 adsumpsit

1725 2385 1794 2405 onec
1822 2377 1865 2405 vi-

1053 2413 1136 2440 dcunt
1161 2422 1271 2449 regnum
1299 2414 1356 2441 Dei.
1380 2413 1492 2441 Factum
1519 2418 1560 2440 est
1585 2419 1676 2440 autent
1710 2418 1770 2448 post
1796 2413 1865 2441 haec

1051 2449 1145 2477 verba.
1171 2448 1230 2478 fere
1256 2449 1314 2478 dies
1338 2454 1411 2477 octo.
1427 2454 1455 2477 et
1476 2448 1629 2484 adsumpsit

840 2538 960 2568 CODEX
978 2538 1217 2568 CORBEIENSlS.

1091 2586 1138 2614 ‘25.
1159 2594 1190 2614 se
1202 2590 1294 2615 autem
1309 2586 1420 2623 perdat,
1435 2591 1482 2615 aut
1495 2587 1691 2617 detrimentum
1704 2586 1797 2616 faciat.

805 2644 1013 2681 _VARIANTES
1032 2642 1241 2674 LECTIONES.

228 2697 236 2713 ¹
256 2697 315 2722 Mm.
329 2695 362 2720 de
374 2693 522 2719 senioribus.
538 2691 612 2725 Vulg.
625 2691 658 2717 de
670 2691 798 2725 prioribus.

225 2729 312 2759 ’VMm.
335 2727 384 2759 pati
402 2732 416 2750 a
432 2723 596 2759 Senioribus;
608 2727 635 2759 et
653 2723 787 2759 reprobaij
799 2729 814 2759 tt
831 2723 993 2759 Principibus.

199 2758 271 2791 Vulg.
286 2754 348 2791 pati',
361 2761 387 2783 et.
399 2756 526 2791 reproba_ri
539 2761 553 2779 a
563 2754 717 2791 Senioribus,
731 2756 758 2778 et
768 2754 930 2785 Principibus.

226 2791 237 2806 ³
254 2790 308 2815 Gut.
322 2796 382 2816 vere
394 2796 400 2814 :
410 2790 467 2813 sunt
477 2786 564 2819 aliqui,
576 2792 619 2818 qut
631 2785 671 2810 hic
679 2788 783 2810 stantes.
797 2786 856 2810 Mm.
870 2787 926 2819 quia
937 2788 996 2811 sunt

302 2809 308 2815 ι
324 2803 382 2816 νῦιο
394 2807 400 2814 ο
410 2803 467 2813 aunt.
477 2803 564 2819 ιιιιιιιιι,
576 2803 619 2818 qua
631 2803 671 2810 μιν
679 2803 783 2810 uua-Ovu-
797 2803 856 2810 ...μ--

1049 2687 1471 2753 “"9“é£‘°.i‘i}‘if’t.ié“3eieifeé
1477 2692 1537 2747 ἶὲῗιξ
1546 2689 1566 2717 ³³

1369 2708 1375 2714 .
1386 2695 1448 2726 Vere
1460 2694 1466 2715 :
1477 2692 1536 2716 sunt
1546 2689 1623 2746 angui
1634 2690 1675 2719 hic
1684 2692 1790 2721 stantes,
1802 2690 1854 2721 qui.

1369 2724 1402 2746 )Sl
1417 2721 1471 2746 dies
1482 2725 1566 2746 octo...
1595 2721 1733 2746 altannem.
1747 2725 1774 2746 el.
1784 2720 1854 2746 Jam-

1595 2721 1717 2754 oltannem
1725 2740 1733 2754 ,
1747 2725 1774 2747 et
1783 2720 1858 2746 Πω-

1047 2753 1116 2778 bum.
1133 2751 1207 2785 Vulg.
1217 2752 1274 2778 fere
1285 2752 1340 2778 dies
1347 2751 1406 2778 octo
1419 2756 1495 2778 ειη...
1509 2751 1629 2779 Jacobum
1646 2757 1672 2779 et
1683 2751 1814 2778 Joannem.

857 2838 1044 2868 BLANCHINI
1062 2840 1179 2868 NOTAE.

228 2891 268 2928 (α)
282 2890 363 2919 Addit
383 2890 443 2924 ille,
456 2889 540 2918 etiam
561 2893 616 2917 tex.
628 2883 680 2916 Gr.
703 2885 827 2918 οὖτος.-
838 2884 878 2922 (b)
893 2884 991 2914 Veron.
1005 2891 1034 2915 et
1046 2885 1302 2917 Vercell.omittunt
1313 2886 1354 2917 sui
1365 2894 1376 2920 ;
1388 2885 1465 2924 juxta
1477 2890 1534 2920 tex.
1549 2886 1639 2926 ϐπ,εὸ
1658 2888 1804 2925 ζημίωθείς.
