4054 6198
447 255 557 315 583
878 326 885 329 γ
961 245 1240 308 EUSEBII
1274 245 1613 307 VERCELL.
1658 244 2115 306 EVANGELIUM
2151 242 2295 305 CUM
2332 245 2565 306 VARUS
2601 243 2760 305 COD.
2802 245 3218 308 COLLATUM.‘
3645 240 3746 306 584

838 364 1070 425 CODEX
1108 366 1651 425 VERCELLENSIS.

446 469 599 533 cidit,
631 475 686 523 et
716 464 825 521 dis-

448 541 621 610 carpit
650 540 797 593 illum

450 628 573 668 cum
600 623 812 679 spuma,

450 693 506 740 et
536 684 551 715 ¹
582 683 668 736 vix
691 693 843 735 rece-

449 755 525 810 di.
571 795 584 807 .
618 752 686 806 ab
715 750 831 819 illo,
857 762 988 804 con-

451 826 718 881 tribulans

448 898 540 954 40.
582 901 912 963 eumzetp.
960 931 972 943 .
1024 920 1087 945 .—

450 978 601 1025 catus
621 981 740 1022 sum

451 1039 756 1119 discipulos.

451 1121 597 1174 tuos,
628 1117 685 1163 ut
710 1117 858 1163 eice-

451 1195 573 1239 rent
603 1180 778 1246 illum,
807 1183 863 1231 et

453 1269 561 1309 non
588 1263 777 1323 patue-

454 1334 599 1380 runt.

453 1397 519 1452 M
533 1436 548 1449 .
591 1391 948 1464 Respondeas

452 1476 635 1524 autem
657 1465 838 1529 Jesus,

453 1539 627 1594 dixit:
660 1539 680 1569 ²
707 1536 752 1592 Ο
777 1548 940 1607 gene-

454 1612 596 1665 ratio
626 1610 800 1663 incre-

453 1681 656 1746 dibilis;
687 1692 822 1751 quo-

456 1768 630 1823 usque
649 1767 746 1806 ero

454 1835 583 1895 aput
612 1838 707 1895 vos
722 1862 739 1890 ,

456 1894 515 1951 et
540 1894 795 1950 suﬂ'eram

456 1967 590 2022 vos?
613 1966 800 2020 Adduc

457 2038 563 2094 hoc
587 2037 757 2092 tilium

455 2107 551 2164 42.
593 2118 770 2163 tuum.
808 2104 886 2178 (b)
910 2104 1103 2161 Adhuc

455 2190 634 2237 autem
651 2179 707 2252 r-j-
732 2193 889 2236 acce—

456 2252 619 2307 dente
644 2251 762 2318 illo,

454 2324 643 2381 adlisit
670 2323 817 2377 illum

456 2396 549 2452 ille
578 2395 799 2464 Spiritus
826 2408 937 2448 ma-

457 2467 564 2535 lus,
592 2474 648 2523 et
676 2480 940 2536 concerp-

455 2537 547 2596 45.
590 2540 679 2595 sit.
710 2535 1001 2608 Imperavit

456 2620 639 2665 autem
662 2608 822 2665 Jesus

459 2682 535 2752 (ο)
561 2682 774 2752 spiritui
794 2680 836 2752 -ιή
852 2679 1038 2733 inmun
1055 2704 1068 2716 -

456 2750 551 2818 do,
578 2750 633 2807 et
657 2750 869 2806 sanavit

456 2838 708 2893 puerum.
732 2829 787 2877 et

454 2893 695 2951 reddidit
722 2894 787 2948 il-

456 2966 570 3020 lum
598 2965 735 3034 patri
764 2977 886 3019 suo.

455 3035 548 3092 Μ.
591 3035 892 3107 Stupebant
918 3048 1013 3089 au-

458 3118 564 3165 tem
591 3123 783 3164 omnes

456 3181 511 3235 in
540 3180 807 3249 magnalia

456 3251 555 3308 Dei
583 3269 597 3305 :
621 3250 873 3306 omnibus

454 3334 640 3379 autem
664 3323 869 3377 miran-

455 3395 620 3459 tibus,
661 3393 730 3449 de
757 3408 878 3448 om-

454 3466 636 3531 nibus,
669 3479 808 3534 quae

452 3536 708 3601 faciebat,
740 3535 821 3591 di-

455 3610 535 3665 xit
560 3606 629 3664 ad
656 3606 822 3663 disci-

462 4461 590 4516 dine
624 4460 738 4512 Dei.

1284 463 1442 533 pulos
1471 479 1485 516 :
1516 462 1706 517 Ponite

1287 550 1382 589 VOS
1419 550 1472 588 In
1502 550 1647 589 all“-

1284 604 1386 661 bus
1418 607 1613 661 vestris

1285 677 1451 732 verba
1481 678 1646 732 haec:

1288 747 1457 802 Filius
1481 750 1640 816 enim;

1289 818 1528 874 hominis
1556 820 1639 874 in-

1290 892 1420 960 cipit
1443 891 1578 945 tradi
1604 892 1657 945 in

1292 962 1541 1016 manibus
1570 962 1665 1016 ho-

1291 1034 1382 1088 45.
1433 1033 1656 1088 minum.
1684 1033 1765 1089 Ad

1293 1104 1367 1159 illi
1394 1104 1609 1173 ignora-

1293 1175 1425 1229 bant
1452 1178 1676 1231 verbum

1296 1246 1421 1311 hoc;
1446 1255 1503 1301 et
1524 1257 1641 1302 erat

1296 1318 1569 1373 occultum

1296 1390 1365 1443 ab
1392 1390 1492 1456 eis,
1516 1405 1584 1446 ne
1612 1391 1693 1445 in-

1297 1461 1616 1530 tellegerent
1634 1503 1649 1528 ,

1299 1542 1355 1587 et
1387 1533 1652 1589 timebant

1300 1604 1603 1674 interroga-

1299 1690 1361 1730 re
1387 1690 1511 1730 eum
1542 1675 1610 1730 de
1630 1690 1752 1731 ver-

1297 1746 1388 1802 46.
1430 1746 1500 1801 bo
1531 1746 1657 1802 hoc.
1698 1746 1723 1801 1
1762 1786 1776 1800 .
1820 1781 1835 1801 .
1878 1753 1989 1800 tra-

1300 1818 1378 1872 vit
1407 1828 1589 1873 autem

1301 1890 1322 1921 ³
1360 1890 1619 1962 cogitatio
1652 1888 1735 1962 (ιι)
1766 1890 1819 1944 in

1300 1962 1382 2017 eis
1408 1961 1446 2030 j
1474 2002 1491 2029 ,
1525 1964 1645 2031 quis
1672 1976 1794 2016 nam

1301 2040 1450 2088 esset
1473 2038 1646 2104 major

1300 2104 1546 2160 illorum.

1300 2174 1392 2230 47.
1431 2176 1589 2232 Jesus
1610 2184 1824 2244 autem,
1855 2173 1934 2230 vi-

1300 2263 1360 2303 sa
1391 2248 1675 2318 cogitatio—

1301 2334 1373 2373 ne
1400 2320 1580 2374 cordis

1302 2390 1523 2445 illorum
1545 2432 1560 2456 ,
1595 2390 1692 2445 ad-

1302 2461 1633 2531 prehensum

1300 2532 1566 2589 inl'anlem
1586 2574 1602 2598 ,

1300 2607 1493 2660 statuit
1520 2604 1663 2675 apud

1299 2675 1390 2732 48.
1417 2692 1501 2743 se,
1524 2670 1577 2732 et
1609 2676 1680 2748 (ε)
1700 2671 1917 2744 dixit-j':
1945 2670 2062 2742 qui-

1298 2762 1533 2818 cumque
1562 2764 1651 2803 me

1301 2820 1531 2889 recipit,
1557 2833 1666 2873 non

1302 2905 1390 2944 me
1418 2890 1641 2958 recipit,

1302 2961 1399 3017 sed
1426 2976 1547 3015 eum
1570 3002 1584 3025 ,
1614 2960 1706 3027 qui

1300 3048 1388 3088 me
1414 3031 1583 3086 misit.
1613 3029 1717 3098 Qui

1301 3103 1446 3161 enim
1472 3104 1647 3169 mini:

1301 3190 1421 3230 mus
1452 3175 1507 3228 in
1536 3173 1716 3229 omni-

1302 3246 1403 3302 bus
1435 3246 1594 3300 vobis
1616 3253 1703 3301 est
1722 3285 1738 3311 ,

1305 3318 1394 3372 hic
1421 3327 1503 3372 est
1527 3332 1676 3388 mag-

1298 3404 1419 3444 11118.

1297 3460 1390 3515 49.
1436 3459 1580 3530 Resp
1623 3499 1636 3513 .
1680 3500 1695 3514 .
1739 3457 1916 3516 ndens

1299 3540 1481 3587 autem
1512 3530 1717 3586 Johan-

1303 3618 1400 3660 nes
1423 3644 1438 3670 ,
1468 3602 1604 3658 dixit
1630 3620 1643 3657 :
1675 3604 1789 3659 Ma-

2580 364 2813 423 CODEX
2852 364 3307 425 VEBONENSIS.

2158 469 2212 516 et
2240 460 2423 527 elidit,
2459 467 2519 517 et

2157 531 2383 602 dissipat
2414 547 2537 587 eum

2157 619 2279 657 cum
2314 619 2503 672 spuma
2525 644 2541 671 ,
2567 613 2623 660 et

2158 675 2249 729 vix
2269 676 2502 730 discedit
2529 716 2543 741 ,

2160 746 2427 801 dilaniatis
2454 761 2579 801 eum
2614 764 2627 800 :

2161 818 2253 873 40.
2294 826 2351 873 et
2378 819 2559 889 rogavi

2160 888 2461 959 discipulos
2488 902 2606 945 tuos
2628 930 2641 955 ,

2163 971 2223 1015 ut
2253 962 2496 1017 eicerent

2165 1032 2315 1087 illum
2339 1075 2353 1097 ,
2379 1042 2434 1087 et
2456 1046 2561 1088 non

2162 1112 2476 1172 potuerunt.

2165 1174 2255 1229 41.
2301 1174 2658 1245 tteSpondens

2165 1254 2344 1303 autem
2367 1246 2529 1302 Jesus
2552 1289 2569 1314 ,

2166 1317 2303 1373 dixit
2328 1336 2341 1372 :
2371 1321 2415 1374 Ο
2439 1326 2602 1389 g'ene-

2166 1390 2307 1444 ratio
2332 1390 2560 1444 intidelis
2576 1430 2590 1454 ,

2168 1469 2224 1516 et
2247 1475 2497 1531 perversa
2518 1502 2533 1528 ,

2168 1547 2449 1604 usquequo
2490 1572 2503 1584 .
2551 1570 2565 1585 .
2602 1544 2701 1604 cro

2173 1616 2301 1674 aput
2324 1603 2418 1659 ves
2443 1604 2467 1658 ?
2495 1604 2572 1674 (a)
2601 1603 2712 1676 [us-

2160 1673 2375 1746 quequo
2408 1714 2423 1729 .
2469 1713 2483 1727 .
2507 1673 2643 1745 ero]

2161 1747 2439 1801 vobiscum
2466 1785 2482 1812 ,

2160 1827 2216 1874 et
2246 1820 2419 1887 patiar
2446 1831 2541 1873 vos
2567 1816 2590 1867 ἰ)

2160 1890 2349 1945 Adduc
2384 1889 2487 1945 huc

2164 1962 2332 2016 tilium
2364 1974 2534 2017 tuum.

2161 2034 2255 2087 252.
2294 2032 2371 2105 (b)
2403 2034 2591 2087 Adhuc
2617 2045 2716 2085 au-

2169 2113 2277 2176 tem
2301 2104 2340 2176 j-
2368 2105 2617 2159 veniente

2168 2175 2285 2245 ipso
2304 2216 2320 2242 ,
2353 2175 2499 2231 elisit

2170 2248 2319 2302 illum
2348 2249 2576 2302 daemo-

2168 2319 2317 2374 nium
2343 2361 2359 2387 ,
2389 2327 2444 2374 et
2467 2319 2581 2373 dis-

2162 2392 2382 2455 cipavit.

2161 2461 2252 2518 45.
2296 2463 2362 2517 Et
2388 2458 2687 2529 increpavit

2161 2532 2321 2588 Jesus
2347 2532 2418 2604 (c)
2442 2532 2603 2604 spiri-

2163 2605 2241 2659 tui
2271 2605 2312 2675 ’ξ-
2338 2603 2617 2659 immundo
2636 2644 2650 2670 ,

2163 2684 2221 2732 et
2250 2678 2464 2730 sanavit

2167 2764 2389 2817 puerum
2406 2788 2422 2814 ,
2452 2756 2509 2803 et

2165 2818 2402 2873 reddidit
2424 2819 2575 2875 illum

2099 2941 2102 2944 .
2165 2892 2451 2961 patrisuo.

2165 2960 2257 3016 M.
2300 2960 2607 3031 Stupebant

2164 3040 2345 3089 autem
2375 3048 2567 3088 omnes

2167 3105 2218 3175 in
2249 3105 2517 3175 magnitu-

2166 3171 2591 3231 dinef...§

2166 3247 2419 3302 omnibus
2463 3287 2477 3300 .
2523 3286 2557 3316 ,ἢ
2582 3278 2629 3300 .-

2167 3319 2413 3373 rantibus
2443 3333 2608 3388 super

2167 3391 2420 3462 omnibus
2436 3432 2450 3457 ,
2475 3405 2615 3462 quae

2170 3460 2421 3517 faciebat.

2168 3533 2313 3587 Dixit
2339 3543 2523 3589 autem

2168 3602 2328 3660 Jesus
2349 3606 2417 3661 ad
2443 3606 2527 3661 di-

1782 3716 2014 3774 CODEX
2052 3717 2449 3777 BRIXIANUS.

456 3828 512 3876 et
538 3818 691 3875 elidit
709 3825 765 3873 et
784 3814 1012 3884 dissipat
1026 3829 1149 3871 eum
1175 3827 1297 3870 cum
1329 3820 1608 3882 spuma.et
1633 3811 1721 3866 vix
1744 3811 2056 3869 disceditab

457 3906 523 3946 eo
539 3890 806 3945 dilauians
831 3903 977 3941 eum.
998 3894 1053 3940 et
1074 3886 1254 3953 rogavi
1277 3884 1571 3954 discipulos
1596 3892 1715 3937 tuos
1740 3892 1798 3954 ut
1818 3885 2059 3939 eicerent

458 3962 609 4016 illum
628 3971 800 4015 etnon
817 3968 1131 4029 potuerunt.
1152 3953 1509 4025 Respondens
1530 3968 1709 4008 autem
1726 3953 1880 4008 Jesus
1902 3956 2056 4029 dixit.

456 4032 502 4087 0
531 4026 1112 4102 generatiu'incrednla
1136 4038 1191 4084 et
1218 4042 1467 4102 perversa
1496 4040 1893 4102 usquequo-ero
1916 4026 2056 4102 apud

459 4096 558 4160 vos
579 4113 630 4157 et
661 4101 831 4171 patiar
854 4116 969 4171 vos.
998 4098 1187 4153 Addnc
1218 4100 1322 4171 huc
1345 4098 1511 4171 ﬁlium
1547 4108 1718 4171 tuum.
1748 4096 1823 4167 (b)
1853 4097 2057 4171 AAdhuc

458 4184 640 4228 autem
663 4167 711 4243 ’ἢ-
757 4170 1154 4243 veniienle_illo
1206 4168 1556 4243 elisit_il|unt
1612 4167 1956 4243 dnetnunium
2006 4179 2061 4224 et

458 4239 741 4315 dissipavit
762 4259 907 4315 eum.
940 4241 1006 4296 Et
1037 4241 1335 4311 increpavit
1357 4239 1540 4315 Jesnm
1571 4240 1817 4308 spiritum
1849 4240 2055 4315 inmun-

459 4310 610 4371 dnmI
644 4330 695 4371 et
718 4313 929 4370 sanavit
956 4310 1203 4382 puerum.
1234 4322 1287 4365 et
1318 4310 1555 4367 reddidit
1580 4326 1703 4366 eum
1738 4313 1873 4381 patri
1916 4311 2055 4379 ejus.

462 4388 765 4457 Stupebant
798 4396 980 4440 autem
1007 4399 1197 4439 omnes
1226 4395 1282 4438 et
1327 4382 1663 4438 mirabantur
1703 4383 1756 4437 in
1788 4384 2057 4453 magnitu-

534 4530 900 4597 Omnibusque
925 4526 1247 4583 mirantibus
1274 4527 1326 4583 in
1357 4526 1611 4582 omnibus
1655 4528 1792 4595 quae
1834 4524 2064 4581 faciebat

460 4674 640 4732 eicere
660 4688 807 4729 eum.
837 4672 919 4726 Ad
947 4670 1037 4725 ille
1058 4670 1191 4727 dixit
1222 4670 1337 4726 Hoc
1357 4685 1528 4741 genus
1562 4685 1669 4725 non
1701 4671 1846 4725 exiet
1875 4671 1975 4725 nisi
2006 4671 2059 4724 in

461 4746 803 4804 orationibus
823 4753 879 4799 et
891 4742 1134 4814 jejuniis.
1198 4766 1201 4767 ν

2993 459 3229 530 scipulos
3255 472 3383 514 suos
3409 475 3423 512 :

2992 531 3182 587 Ponite
3222 545 3434 587 sermo-

2998 618 3097 659 nes
3124 603 3223 658 hos
3255 603 3310 658 in

2995 674 3214 730 auribus
3241 673 3439 731 vestris
3471 692 3485 730 :

2998 762 3120 802 nam
3157 746 3324 801 Filius

2998 818 3236 872 hominis
3266 829 3374 873 tra-

2994 889 3153 945 detur
3180 889 3231 943 in
3264 906 3379 943 ma-

2995 962 3155 1017 nibus
3178 960 3480 1017 hominum.

2996 1030 3087 1087 45.
3129 1030 3210 1087 Ad
3243 1034 3316 1087 illi
3346 1036 3501 1102 igno-

2996 1104 3187 1159 rabant
3208 1105 3435 1159 verbum

2998 1175 3129 1231 istut
3159 1191 3175 1239 ;
3205 1184 3260 1231 et
3285 1182 3405 1232 erat

3004 1254 3566 1302 ......manle

2997 1332 3094 1373 eos
3112 1360 3126 1383 ,
3169 1327 3229 1373 ut
3254 1334 3360 1374 non
3384 1333 3513 1374 sen-

2999 1390 3165 1445 tirent
3181 1432 3196 1456 ,
3219 1402 3273 1445 et
3298 1391 3460 1446 time-

2999 1462 3129 1515 bant
3156 1461 3389 1517 interro-

2997 1547 3127 1602 gare
3154 1532 3305 1588 illum
3328 1533 3395 1589 de

2998 1605 3103 1659 hoc
3132 1605 3321 1660 verbo.

2994 1674 3085 1731 46.
3129 1675 3351 1731 Intravit
3377 1685 3556 1733 autem

2995 1748 3251 1819 cogitatio
3274 1746 3355 1820 (ά)
3389 1747 3444 1803 in

2993 1820 3073 1876 eis
3097 1860 3113 1884 ,
3145 1821 3183 1890 ἢ·
3215 1824 3341 1889 quis

2997 1906 3187 1947 eorum
3222 1891 3396 1960 major
3425 1900 3593 1947 esset.

2996 1960 3086 2017 47.
3126 1962 3209 2017 Ad
3235 1962 3425 2032 Jesus,
3450 1963 3533 2019 vi-

2997 2034 3133 2089 dens
3154 2034 3357 2104 cogita-

2996 2106 3172 2160 tiones
3202 2105 3384 2161 cordis

2998 2177 3214 2231 illorum
3234 2218 3250 2241 ,
3280 2177 3376 2232 ad—

3000 2249 3347 2318 prehendens
3370 2263 3499 2319 pue—
3560 2252 3567 2257 ’

2998 2335 3117 2374 rum
3137 2361 3153 2385 ,
3185 2320 3376 2375 statuit

2996 2406 3159 2447 secus
3187 2405 3280 2453 se,
3308 2401 3365 2446 et

2999 2463 3091 2518 48.
3133 2462 3207 2534 (e)
3239 2462 3314 2516 ait
3340 2480 3352 2516 :
3386 2461 3428 2534 -ι-
3457 2461 3721 2531 Quicum-

3001 2549 3108 2603 que
3136 2535 3413 2604 acceperit

2997 2619 3223 2674 puerum
3257 2605 3419 2661 istum

2999 2677 3052 2731 in
3083 2676 3304 2732 nomine

2997 2763 3122 2804 meo
3139 2789 3155 2815 ,
3194 2763 3283 2804 me
3310 2764 3397 2804 re-

3000 2820 3133 2890 cipit
3163 2836 3176 2872 :
3206 2828 3260 2874 et
3288 2820 3411 2891 qui-

2998 2905 3239 2963 cumque
3262 2907 3349 2946 me

2998 2961 3304 3032 receperit,
3338 2977 3445 3018 non

2996 3048 3085 3089 me
3113 3034 3339 3103 recipit,

2995 3104 3092 3159 sed
3124 3120 3246 3159 eum
3267 3145 3281 3170 ,
3315 3105 3407 3169 qui

2996 3190 3082 3231 me
3106 3176 3275 3231 misit.
3303 3175 3435 3231 Nam
3452 3216 3470 3244 ,

2995 3248 3086 3317 qui
3115 3249 3293 3303 minor
3316 3256 3403 3304 est

2999 3319 3142 3375 inter
3167 3334 3361 3376 omnes

2998 3404 3097 3445 vos
3115 3432 3129 3457 ,
3154 3389 3242 3446 hic
3266 3392 3439 3459 major
3464 3400 3568 3447 est.

2998 3461 3091 3516 49.
3134 3462 3494 3531 Respondeas

3000 3542 3183 3589 autem
3210 3533 3415 3589 Johano

3002 3620 3099 3661 nes
3118 3645 3134 3673 ,
3157 3604 3295 3661 dixit
3319 3622 3332 3659 :

2239 3815 2387 3869 Dixit
2427 3824 2607 3869 autem
2649 3813 2716 3869 ad
2767 3812 3062 3885 discipulos
3108 3829 3259 3871 suos.
3315 3814 3506 3871 Ponite
3562 3829 3660 3871 vos
3712 3815 3769 3873 in

2163 3887 2384 3942 auribus
2414 3886 2611 3941 vestris
2639 3900 2922 3941 sermones
2964 3887 3100 3941 istos
3138 3886 3306 3942 Filius
3348 3889 3492 3941 enim
3526 3886 3769 3941 hominis

2164 3959 2403 4014 futurum
2430 3969 2513 4013 est
2543 3966 2602 4010 ut
2632 3957 2874 4011 tradatur
2906 3958 2958 4012 in
2989 3973 3182 4012 manus
3214 3958 3512 4013 hominum.
3558 3958 3638 4012 Illi
3669 3974 3772 4012 au-

2164 4040 2272 4085 tem
2307 4030 2625 4100 ignorabant
2670 4030 2771 4084 hoc
2806 4030 3029 4085 Verbum
3072 4038 3127 4083 et
3177 4040 3293 4084 erat
3342 4030 3615 4085 occultum
3661 4031 3765 4084 eis.

2164 4114 2359 4156 utnon
2402 4102 2775 4170 intellegerent
2808 4102 2958 4155 illud.
3007 4112 3062 4155 et
3107 4102 3369 4156 timebant
3421 4102 3767 4168 interrogare

2165 4189 2287 4228 eum
2317 4173 2384 4226 de
2417 4175 2519 4227 hoc
2552 4173 2741 4227 verbo.
2784 4172 3005 4227 Intravit
3028 4182 3211 4228 autem
3258 4174 3536 4243 cognatio.
3582 4171 3662 4241 (ά)
3712 4174 3769 4227 in

2164 4249 2245 4299 eis
2274 4245 2311 4315 -ί-
2332 4245 2451 4312 quis
2480 4259 2666 4299 eurum
2698 4248 2871 4313 major
2898 4253 3061 4299 esset.
3091 4245 3155 4297 Et
3182 4243 3341 4299 Jesus
3388 4246 3577 4298 videas
3615 4243 3767 4315 cogi-

2167 4313 2400 4371 tationes
2425 4317 2607 4370 cordis
2630 4316 2845 4386 illorum
2873 4316 3287 4385 adprehendens
3318 4331 3547 4386 puerum
3572 4313 3771 4367 statuit

2163 4388 2467 4458 eumjnxta
2506 4404 2587 4442 se.
2638 4396 2693 4442 et
2746 4385 2882 4441 dixit
2935 4387 3033 4442 eis.

3088 4388 3426 4453 Quicumque
3466 4389 3772 4454 susceperit

2162 4474 2389 4530 puerum
2420 4466 2579 4513 istum
2608 4458 2661 4513 in
2692 4460 2910 4530 nomine
2934 4474 3055 4514 meo
3085 4475 3170 4513 me
3194 4458 3407 4528 recipit.
3458 4468 3518 4530 et;
3539 4459 3770 4526 quicun-

2164 4528 2269 4599 que
2299 4546 2384 4585 me
2413 4533 2624 4599 recipit.
2659 4529 2847 4599 recipit
2873 4546 2997 4584 eum
3038 4530 3128 4599 qui
3178 4545 3264 4585 me
3292 4529 3457 4584 misit.
3490 4528 3591 4597 Qui
3621 4530 3767 4582 enim

462 4603 640 4660 Jesus.
670 4601 807 4655 dixit
836 4601 1047 4655 Petrus.
1083 4600 1306 4654 Domine
1335 4614 1503 4668 quare
1524 4614 1620 4654 nos
1652 4614 1758 4652 non
1789 4600 2062 4667 potuimus
2166 4604 2342 4656 minor
2365 4610 2445 4655 est
2465 4602 2607 4655 inter
2628 4616 2819 4655 omnes
2848 4617 2943 4655 vos
2972 4601 3059 4657 hic
3081 4602 3255 4670 major
3278 4611 3382 4655 est.
3411 4599 3767 4669 Respondeas

2166 4682 2347 4727 autem
2372 4671 2651 4729 Johannes
2681 4672 2839 4727 dixit.
2877 4673 3188 4744 Praeceptor
3215 4672 3452 4728 vidimus
3478 4670 3773 4743 quemdam

1750 4833 1981 4891 CODEX
2019 4831 2488 4890 CORBEIENSIS.

534 4934 626 4992 44.
667 4934 1027 5006 omnibusque
1043 4928 1394 5006 _mirantibus
1435 4943 1597 5006 super
1647 4928 1829 4985 omnia
1854 4969 1868 4993 ,
1918 4942 2058 4998 quae

464 5008 732 5073 faciebat,
764 5007 902 5062 dixit
938 5002 993 5062 ei
1042 5003 1237 5060 Petrus
1266 5019 1279 5055 :
1307 5002 1538 5073 Domine
1561 5042 1574 5061 ,
1602 5014 1909 5073 quarenos
1951 5014 2057 5073 non

467 5070 741 5152 potuimus
770 5080 971 5152 ejicere
988 5075 1166 5152 illum?
1193 5074 1399 5152 Quibus
1421 5072 1557 5152 dixit
1584 5090 1621 5152 ξ
1628 5070 1893 5152 Quoniam
1917 5070 2063 5152 ejus:

464 5140 635 5216 inedi,
664 5140 913 5205 oratione
951 5148 1185 5217 ejicitur,
1219 5140 1285 5201 ﬁet
1327 5143 1555 5217 jejunio.
1584 5143 1732 5198 Dixnt
1774 5140 1955 5217 autem
1996 5140 2064 5196 ad

465 5214 764 5294 discipulos
793 5234 921 5275 suos
954 5214 1191 5275 :Ponite
1212 5232 1309 5274 vos
1333 5216 1386 5270 in
1410 5215 1633 5271 auribus
1662 5214 1880 5270 vestris.

531 5412 550 5443 ⁸
587 5408 692 5461 Gat.
719 5413 767 5459 et
792 5410 911 5459 Mm.
932 5406 1015 5457 vix
1040 5404 1298 5456 discendit.
1332 5404 1584 5470 Vulg.,vix
1603 5405 1831 5470 discedit.

531 5475 553 5505 ι
586 5446 1015 5523 ῖιᾝὶἶὰἑῖιέἱὶίῖὅ
1042 5446 1307 5531 ὖῗᾶνὶῖῖέζ
1336 5446 1584 5518 iniili’éii's'f'
1603 5446 1871 5518 ῖὶῆἷιῖΐὰι.
1898 5468 2062 5531 vobis-

467 5549 597 5589 cum.
629 5534 771 5601 thg.
799 5533 841 5586 Ο
864 5528 1125 5596 generatio
1147 5528 1375 5594 inﬁdelis,
1402 5539 1454 5581 et
1480 5544 1775 5593 perversa...
1801 5529 1929 5593 apud
1958 5543 2063 5582 vos.

1812 5614 2184 5671 BLANCHINI
2219 5614 2454 5672 ΝΟΤᾸΞ.

2236 4926 2326 4984 45.
2356 4939 2409 4985 et
2442 4936 2559 4984 erat
2587 4928 2863 4984 occultum
2884 4927 3027 4984 inter
3054 4927 3222 4999 ipsos,
3255 4935 3315 4983 ut
3342 4941 3451 4984 non
3478 4924 3773 4994 sentirent,

2166 5008 2221 5055 et
2244 5000 2534 5064 timebant,
2568 5010 2674 5055 etc.

2238 5073 2333 5129 48.
2364 5072 2705 5141 Quicumque
2730 5086 2816 5126 me
2842 5071 3138 5141 receperit,
3162 5084 3269 5126 non
3307 5085 3397 5126 me
3431 5069 3651 5139 recipit,
3674 5066 3774 5141 sed

2171 5158 2317 5205 eum,
2345 5144 2435 5213 qui
2467 5159 2555 5200 me
2585 5140 2751 5198 misit.
2784 5141 2944 5197 Deest
2972 5140 3160 5214 folium
3207 5142 3262 5197 in
3302 5159 3399 5196 ms.
3439 5159 3472 5195 a
3498 5155 3647 5214 vers.
3704 5140 3777 5195 40

2175 5215 2330 5287 hujus
2350 5212 2557 5285 rapitis,
2581 5231 2744 5285 usque
2763 5215 2831 5268 ad
2854 5212 2995 5271 vers.
3019 5214 3085 5270 2t
3116 5214 3304 5284 capitis
3342 5212 3553 5270 decimi.

1706 5307 2104 5366 VARIANTES
2142 5307 2548 5365 LECTIONES.

2232 5403 2253 5467 ἒ
2288 5402 2392 5452 Gal.
2416 5409 2461 5452 et
2487 5405 2603 5453 Mm.
2628 5404 2861 5465 cogitatio
2883 5404 3017 5456 inter
3040 5416 3146 5456 eos.
3170 5406 3291 5455 Mm.
3314 5409 3444 5455 erat.
3474 5400 3620 5467 Vulg.
3640 5403 3779 5465 cogi-

2168 5466 2291 5516 tatio
2314 5467 2363 5515 in
2387 5478 2536 5517 eos...
2562 5474 2715 5518 esset.

544 5714 623 5788 (a)
647 5714 876 5772 Varians
914 5714 1080 5788 lectio
1131 5713 1188 5769 in
1216 5718 1424 5768 textum
1463 5710 1641 5788 _il_la_ta.
1672 5706 1953 5788 —_(b).lta
1980 5715 2198 5788 et__tex.
2230 5708 2327 5788 _Gr.
2361 5708 2459 5788 ξπτ
2506 5707 2579 5788 δέ.
2602 5736 2683 5788 :—
2710 5707 2788 5780 (c)
2828 5709 2909 5766 ita
2945 5715 3003 5765 et
3031 5716 3137 5766 tex.
3168 5709 3265 5769 Gr.
3296 5718 3370 5785 τῷ
3401 5713 3673 5783 πνεύματι.
3708 5733 3782 5749 -

472 5778 564 5860 (ιι)
588 5778 665 5842 l'ta
693 5796 749 5843 et
775 5797 883 5844 tex.
918 5787 1017 5843 Gr.
1065 5787 1111 5840 ἐν
1140 5787 1329 5847 αὐτοῖς.
1359 5813 1430 5828 -
1453 5783 1522 5856 (e)
1550 5782 1680 5839 Post
1707 5778 1801 5851 ait,
1830 5778 1987 5839 deest
2014 5778 2140 5848 illis,
2171 5781 2336 5838 etiam
2363 5781 2419 5838 in
2443 5781 2566 5840 cod.
2595 5778 2751 5837 Cant.
