4054 6198
311 323 421 386 595

1349 343 1794 401 EVANGELIUM
1831 344 2198 404 SECUNDUM
2238 347 2487 406 LUCAM.

714 452 944 511 CODEX
984 457 1520 516 VERCELLENSIS.

2432 465 2661 523 CODEX
2701 467 3155 528 VERONENSIS.

309 541 603 627 Dominum
632 544 797 627 Deum
826 561 906 605 tu-
1142 563 1244 627 tes,
1276 568 1397 608 cum
1425 562 1575 609 tran—
2000 556 2205 627 Diliges
2224 557 2406 615 Domi-
2826 574 2972 618 esset
3001 578 3159 621 secus

308 628 403 668 um
430 613 519 699 _(a)r
539 618 591 670 in
623 618 663 688 ’ξ-
695 627 805 675 toto
1145 613 1277 699 sirét
1298 641 1399 699 per
1426 640 1512 680 eo-

2019 613 2140 682 ιιιιιῖ
2158 630 2323 684 Deum
2830 634 3032 699 locum,

305 688 491 778 corde.
505 698 628 778 tuo,
1144 696 1266 778 dem
1296 688 1441 778 ῘοιεςξἸ
1466 707 1521 751 et
2001 710 2151 754 tuum
2180 701 2338 778 (a).in
2362 703 2400 773 -ί-
2827 688 3033 762 viderei
3056 688 3178 765 eum
3204 752 3221 778 ,

305 765 450 847 etin
476 766 587 847 tota
605 765 725 847 ani-
1144 768 1365 822 vidisset
1388 768 1540 847 illum
1999 778 2115 826 toto
2142 765 2307 847 corde
2376 765 2389 773 ’
2827 780 3160 847 pertransiit.
3190 806 3193 831 ξ

306 843 398 883 ma
433 837 542 895 tua,
568 842 623 887 et
644 848 710 888 ex

306 900 440 955 totis
471 904 674 958 viribus

311 971 393 1043 (ὁ)
422 971 524 1027 tuis
660 985 713 1031 et
738 976 859 1034 dili-

307 1058 409 1114 ges
436 1060 738 1115 proxrmum

312 1126 485 1181 tuum,
522 1128 639 1172 tan-

1142 840 1472 905 pertransiit.

1141 911 1229 967 '55.
1261 911 1635 967 Samaritanus

1143 993 1320 1038 autem
1352 982 1469 1052 qui-

1145 1054 1266 1109 dam
1298 1056 1399 1109 iter
1428 1056 1512 1109 fa-

1148 1127 1321 1191 ciens,
1350 1128 1499 1182 venit

2005 854 2121 908 tuo,
2155 853 2209 897 et
2236 845 2287 897 in

2005 924 2117 968 tota
2139 916 2318 969 anima

2007 994 2113 1046 tua,
2148 996 2198 1039 et
2230 986 2280 1040 in
2312 1001 2429 1040 om-

2006 1057 2163 1111 nibus
2191 1058 2396 1112 viribus

2008 1126 2084 1200 (b)
2116 1128 2282 1199 tuis-j-
2316 1147 2327 1182 :
2362 1140 2415 1185 et

2830 851 2920 905 35.
2953 851 3018 904 Sa
3028 867 3108 903 ma
3118 854 3337 925 ritanus,

2832 932 3010 996 autem
3050 926 3302 996 quidam;

2831 993 2935 1046 iter
2964 994 3185 1063 faciens,
3274 993 3283 997 “

2834 1063 3026 1118 venit.
3061 1106 3118 1123 ..
3154 1107 3169 1121 .
3205 1070 3237 1137 ,ζ

2836 1150 2982 1201 eum,
3016 1146 3070 1190 et
3091 1139 3172 1191 via

308 1203 473 1275 quam
506 1201 556 1245 te
587 1191 668 1275 it
709 1261 743 1275 ’Δ
784 1264 797 1275 ¹
830 1262 842 1275 ι
1150 1214 1244 1275 per
1270 1213 1412 1262 eum,
1443 1208 1498 1253 et
1523 1199 1601 1252 vi—
2006 1191 2314 1275 proximum
2835 1191 2992 1267 deus.
3025 1209 3204 1264 ntise-'

306 1260 404 1316 28.
435 1261 750 1343 sttm:.Di_xit
777 1262 848 1336 (c)
876 1279 969 1320 au-
1146 1260 1282 1325 dens
1306 1260 1453 1337 eum,

2019 1260 2180 1343 luum,
2203 1274 2340 1326 sicut
2834 1260 3171 1341 ricor'diaw‘,
3186 1306 3191 1318 κ

309 1343 421 1416 tem
450 1330 491 1403 -ιι
521 1332 594 1386 illi
616 1351 647 1416 ε.
668 1330 837 1391 Recl'
1144 1344 1402 1416 misertus
1430 1330 1534 1397 est.

2019 1353 2067 1416 te,
2092 1330 2286 1416 ipsum.
2363 1413 2369 1416 _
2836 1330 3146 1406 metusest.

309 1413 367 1496 te
396 1405 735 1496 resporndis:
1268 1413 1331 1496 Et
1362 1416 1597 1485 conliga-

2019 1405 2275 1496 zs.'nii_i_i_
2308 1413 2380 1489 (ε)
2407 1430 2503 1470 au-
2836 1420 2924 1496 54.
2973 1421 3037 1475 Et
3055 1405 3281 1496 alrligavi

308 1474 391 1556 ti;
418 1474 521 1531 hoc
550 1474 655 1545 fac,
685 1487 740 1534 et
1144 1484 1220 1538 vit
1245 1484 1467 1540 vulnera
1505 1474 1534 1485 ”
2011 1495 2117 1539 tem
2139 1486 2177 1556 ’ί-
2206 1486 2278 1539 illi
2314 1474 2327 1540 Ξ
2363 1474 2373 1484 ’
2836 1474 3064 1548 vulnera

306 1546 485 1601 vibes.

304 1618 401 1673 29.
434 1617 560 1685 Qui.
590 1635 711 1677 cum
735 1635 795 1677 se
814 1621 921 1679 vel-

306 1690 389 1744 let
413 1689 615 1759 jnStili-

303 1776 457 1823 care,
498 1763 634 1818 dixit

302 1833 374 1887 ad
402 1830 587 1889 JeSum
615 1854 627 1889 :
660 1836 726 1890 Ει

302 1905 429 1974 quis
458 1917 541 1959 est
566 1907 667 1960 mi-

302 1975 360 2030 hi
395 1978 712 2045 proximus?

300 2049 378 2105 30
408 2048 421 2078 ¹
449 2046 763 2119 Suscipiens

300 2130 487 2173 autem
517 2119 697 2189 Jesus,

301 2191 475 2247 dixit:
508 2193 682 2250 Homo

301 2265 525 2336 quidam
558 2265 683 2321 des—

304 2338 579 2392 cemlebat
608 2340 678 2393 ab

299 2408 649 2465 Hierusalem

301 2482 360 2536 in
394 2482 633 2546 Hierico,

303 2562 363 2607 et
389 2553 474 2607 hic
506 2553 700 2609 incidit

303 2625 362 2679 in
391 2625 632 2681 latrones

303 2699 418 2766 qui,
446 2698 719 2768 expolian—

1147 1556 1288 1625 ejus,
1323 1556 1503 1611 infun-

1147 1626 1283 1681 dens
1314 1628 1521 1694 oleum,

1145 1699 1321 1769 adque
1349 1702 1567 1765 vinum;

1146 1779 1201 1825 et
1230 1771 1521 1840 inpositum

1144 1856 1266 1897 eum
1300 1843 1349 1895 in
1377 1857 1476 1897 suo

1140 1913 1412 1983 jumento,

1144 1984 1301 2039 duxit
1333 1984 1387 2039 in
1411 1996 1521 2040 sta-

1142 2056 1295 2119 bulo,
1326 2068 1378 2111 et
1404 2072 1591 2113 curam

1144 2127 1333 2181 habuit
1362 2129 1498 2198 ejus.

1142 2199 1233 2253 55.
1260 2200 1325 2254 Et
1353 2202 1402 2254 in
1434 2202 1630 2257 crasti-

1143 2287 1272 2326 num
1304 2271 1451 2327 diem

1144 2344 1368 2412 protulit
1392 2346 1529 2398 duos

1144 2415 1420 2479 denarius,
1450 2424 1503 2470 et

1144 2486 1291 2541 dedit
1321 2487 1561 2540 stabula-

1146 2558 1251 2622 rio,
1274 2566 1327 2611 et
1352 2558 1491 2611 dixit
1518 2559 1579 2611 il-

1147 2628 1184 2683 li
1218 2646 1230 2680 :
1261 2628 1563 2695 Diligenter

1147 2715 1334 2754 curam
1367 2700 1512 2754 illius

2011 1556 2176 1611 Recte
2214 1557 2536 1628 respondisti
2571 1576 2585 1613 :

2010 1628 2115 1682 hoc
2140 1632 2239 1694 lac,
2264 1638 2319 1683 et

2010 1715 2181 1755 Vives.

2010 1771 2102 1825 29.
2136 1771 2233 1826 llle
2259 1781 2439 1825 autem

2006 1843 2197 1897 volens
2225 1843 2526 1911 justificare

2006 1930 2068 1969 se
2095 1916 2270 1984 ipsum
2305 1956 2319 1980 ,
2349 1916 2484 1969 dixit

2005 1987 2070 2041 ad
2098 1987 2284 2041 JCSIIm
2316 2005 2328 2040 :
2360 1986 2426 2040 Ει

2004 2059 2127 2127 quis
2145 2069 2227 2112 est
2258 2072 2411 2113 meus

2006 2130 2317 2196 proximus?

2005 2202 2094 2256 '50.
2121 2202 2435 2268 Susiu‘ciens
2458 2208 2638 2257 autem

2006 2272 2186 2339 Jcsus,
2215 2274 2389 2327 dixit:

2009 2344 2184 2398 Homo
2214 2345 2441 2401 descen-

2010 2416 2257 2470 debatab

2014 2488 2237 2540 llierusa
2250 2488 2355 2541 lem

2007 2556 2062 2609 in
2090 2558 2339 2611 lliericho
2362 2598 2379 2625 ,

2007 2637 2062 2681 et
2091 2628 2274 2682 incidit
2305 2631 2357 2682 in

2008 2698 2269 2763 latrones,
2301 2700 2393 2762 ιιιιὶ

2838 1564 2974 1631 ejus,
3002 1574 3058 1619 et
3084 1567 3168 1621 in-

2838 1634 3070 1691 fundens
3101 1639 3304 1705 oleum,

2840 1717 2893 1762 et
2920 1707 3127 1776 vinum,
3160 1723 3216 1764 et

2840 1779 3124 1849 imponens
3153 1783 3301 1837 illum

2840 1850 2890 1903 in
2915 1854 3159 1916 jumeuto

2836 1936 2958 1985 suo,
2986 1922 3140 1978 duxit

2835 1993 2902 2047 ad
2930 1995 3224 2060 stabulum,

2838 2076 2890 2118 et
2913 2080 3099 2119 curam
3130 2067 3248 2136 ejus

2833 2136 2962 2199 egit.

2834 2208 2927 2262 '55.
2962 2208 3023 2261 Et
3052 2210 3222 2264 altera
3255 2208 3345 2265 die

2838 2280 3063 2348 prouulit
3090 2282 3227 2336 duos

2838 2350 2972 2403 dena
2983 2356 3109 2418 rios,
3140 2363 3197 2408 et

2838 2421 2987 2475 dedit
3016 2426 3202 2477 stabu-

2835 2492 2995 2557 lario,
3026 2503 3079 2547 et
3101 2496 3179 2548 ait
3209 2513 3222 2547 :

2835 2559 3033 2636 Curam
3062 2568 3182 2636 ejus

2838 2633 3013 2696 habe;
3046 2633 3105 2691 et
3128 2637 3299 2705 quod-

2837 2720 3070 2775 cumque
3094 2724 3187 2763 su-

304 2776 390 2849 tes
412 2784 560 2850 eum,
592 2779 651 2850 et
678 2771 787 2840 pla—
1147 2771 1287 2826 habe
1307 2787 1322 2837 ;
1346 2771 1725 2850 et__quodcum-
1783 2843 1795 2850 _
1881 2842 1902 2850 Δ
2007 2770 2169 2823 etiam
2201 2772 2475 2850 despolia-
2839 2770 3279 2848 percrogaveris‘,

304 2842 394 2918 gis.
412 2842 717 2908 impositis,
1145 2858 1252 2914 que
1274 2845 1505 2909 amplius
1518 2843 1846 2918 erogaveris,
1881 2842 1903 2872 ³
2009 2854 2203 2918 verunt
2223 2844 2406 2918 illum,
2837 2842 2939 2918 ego
2962 2842 3149 2905 rever-

306 2911 583 2995 abierunt,
620 2928 702 2968 se-

306 3000 510 3038 mIVIVO
532 3001 599 3039 80

308 3056 396 3111 3L
432 3058 645 3111 relicto.
674 3055 810 3112 For—

1143 2912 1425 2970 revertens
1442 2957 1456 2979 ,
1624 2912 1631 2913 7
1782 2912 1905 2985 [ego

1145 2987 1371 3042 reddam
1400 2986 1518 3040 tibi.

1145 3058 1235 3113 36.
1268 3058 1399 3126 Quis
1425 3059 1621 3111 ltorum
1639 3056 1717 3111 vi-

2009 2924 2062 2967 et
2094 2915 2264 2995 plagis
2292 2914 2393 2968 im-

2009 2996 2244 3067 posuis,.
2277 3027 2288 3038 .
2318 3026 2331 3038 .

2008 3071 2152 3110 VIVO.
2191 3097 2205 3110 .
2237 3097 2251 3110 .

2838 2928 2978 3041 ἔξεις,
3013 2922 3238 2977 reddam

2862 3007 2878 3041 ι
2900 3008 2935 3041 ιι
2946 3028 2956 3040 .

2838 2999 2956 3045 tibi.

2838 3062 2926 3116 56.
2956 3064 3088 3131 Quis
3123 3067 3313 3119 borum

311 3127 446 3181 tuito
477 3128 674 3182 Sacer-
1145 3130 1305 3185 detur
1337 3131 1521 3199 proxi—
2010 3128 2284 3182 abierunt.
2842 3127 3004 3189 trium
3038 3136 3254 3191 videtur

311 3201 408 3276 dos
433 3199 656 3276 quidam
1147 3217 1269 3276 mus
1286 3201 1456 3276 fuisse
1530 3272 1540 3276 _
2010 3199 2099 3276 ξι.
2133 3199 2397 3276 sacerdos
2418 3202 2538 3271 qui-
2839 3206 2933 3259 tibi
2960 3211 3239 3276 proximus

312 3270 611 3343 descende-
1146 3275 1288 3341 ejus,
1319 3272 1412 3341 qui
1439 3272 1572 3327 inci-
2010 3270 2135 3343 dam
2162 3272 2375 3327 discen-
2434 3270 2449 3271 ί
2840 3270 3013 3332 fuisse
3033 3280 3105 3343 ei,

312 3342 400 3417 bat
430 3358 526 3413 per
552 3343 695 3417 viam
1146 3340 1303 3399 derat
1331 3340 1384 3399 in
1416 3346 1492 3398 la—
1542 3415 1548 3417 _
1590 3413 1602 3417 _
1638 3414 1668 3417 __
2012 3340 2172 3417 debat
2205 3360 2301 3412 per
2838 3348 2930 3417 qui
2952 3340 3140 3403 incidit

313 3416 481 3480 illam,
514 3422 571 3470 et
604 3416 679 3469 vi-

312 3502 373 3541 so
393 3486 510 3552 illo,
543 3500 701 3558 prae-

315 3559 480 3631 teriit.
535 3621 543 3631 δ

313 3630 401 3685 52,
438 3629 704 3687 Similiter
730 3644 825 3685 au-

314 3711 420 3758 tem
451 3713 509 3758 et
535 3700 692 3757 Levi-

1147 3418 1236 3472 37.
1266 3426 1451 3471 lrones
1470 3416 1493 3467 ’ἰ
1524 3413 1608 3470 Ad
1636 3414 1698 3469 il-

1150 3489 1202 3542 le
1228 3487 1404 3542 dixit:
1438 3487 1541 3553 Qui

1148 3558 1279 3614 fecit
1312 3559 1527 3612 miseri—

1148 3630 1389 3685 cordiam
1418 3631 1471 3683 in
1500 3628 1564 3682 il-

1153 3701 1225 3756 lo.
1260 3700 1403 3755 Dixit

2012 3414 2201 3468 eadem
2232 3417 2337 3484 via,

2012 3496 2065 3538 et
2096 3488 2213 3538 viso
2239 3488 2353 3553 illo,

2013 3556 2311 3623 praeteriit.

2014 3626 2103 3681 ⁸52.
2133 3626 2402 3683 Similiter
2429 3638 2479 3683 et

2013 3698 2222 3767 Levita,
2253 3715 2375 3754 cum

2838 3418 2892 3471 in
2926 3421 3198 3475 latrones?

2838 3489 2927 3543 37.
2962 3491 3041 3544 Ad
3068 3493 3157 3546 ille
3188 3491 3275 3545 di-

2845 3561 2923 3613 xit
2954 3579 2966 3613 :
2995 3560 3095 3628 Qui
3122 3562 3247 3618 fecit

2845 3633 3277 3689 misericordiam

2844 3702 2901 3757 in
2929 3718 3078 3760 eum.

3484 359 3592 415 894

1628 3812 1861 3872 CODEX
1896 3812 2290 3871 BRIXIANUS.

2015 3946 2068 3988 et
2098 3935 2301 3989 Levita.
2330 3948 2452 3991 cum
2485 3935 2723 3989 venisset
2750 3935 2816 3989 ad
2846 3935 3077 3990 eundem
3105 3936 3310 3990 locum.
3340 3943 3396 3991 et
3429 3935 3603 3992 vidis-

2018 4017 2100 4077 set
2128 4023 2250 4062 eum
2285 4007 2616 4074 pertransiit.
2648 4007 3021 4061 Samaritanus
3048 4018 3227 4061 autem
3257 4008 3474 4077 quidam
3506 4010 3610 4065 iter

2018 4076 2241 4133 faciens.
2277 4079 2421 4133 venit
2453 4092 2612 4131 secus
2656 4095 2803 4133 eum.
2838 4092 2889 4134 et
2924 4080 3110 4133 videns
3141 4076 3609 4135 euinmisericor-

2018 4150 2103 4202 dia
2129 4161 2306 4205 motos
2328 4161 2429 4205 est.
2456 4148 2522 4203 Et
2546 4153 2833 4205 accedens.
2866 4150 3105 4219 alligavit
3132 4152 3353 4205 vulnera
3385 4152 3524 4218 ejus.
3556 4161 3612 4206 et

2020 4224 2414 4285 Stinerltiudens
2442 4227 2620 4275 oleum
2652 4232 2706 4276 et
2749 4225 2952 4277 vinum.
2982 4234 3036 4276 et
3079 4224 3345 4290 inponens
3375 4223 3525 4275 illum
3557 4222 3615 4278 in

2017 4293 2321 4361 jumentum
2350 4310 2503 4346 suum
2533 4295 2686 4346 duxit
2714 4294 2778 4347 ad
2801 4295 3095 4347 stabulum.
3121 4304 3177 4346 et
3202 4309 3388 4346 curam
3423 4293 3495 4347 illi
3517 4295 3615 4349 ad-

2024 4365 2214 4421 hibuit.
2250 4366 2312 4419 Et
2342 4367 2509 4420 altera
2532 4365 2641 4418 die.
2678 4367 2899 4434 protulit
2920 4366 3054 4417 duos
3084 4366 3360 4418 denarius.
3389 4375 3441 4418 et
3461 4364 3613 4420 dedit

2022 4436 2913 4491 stabularioctdixitilliCuramilli
2939 4435 3614 4503 adhibe.etquodcumque

2022 4508 2517 4579 superervgaveris.
2543 4522 2643 4575 ego
2668 4516 2944 4561 revertens
2964 4506 3331 4579 reddamtibi.
3366 4506 3495 4576 ρυὶς
3519 4510 3617 4562 lio-

328 4585 461 4638 licto
488 4584 701 4638 Accidit
727 4577 906 4637 autem
940 4592 996 4636 ut
1027 4577 1291 4637 Sacerdos
1318 4582 1531 4652 quidam
1562 4582 1917 4638 descenderet
2022 4577 2644 4652 ruintrittmvideturtibi
2665 4581 2939 4652 proximus
2957 4577 3139 4652 fuisse.
3168 4578 3617 4652 illiquimciditin

327 4657 516 4711 eadem
548 4658 653 4710 via.
681 4664 732 4709 et
762 4669 886 4709 cum
916 4656 1140 4710 vidisset
1162 4669 1284 4709 eum
1318 4648 1614 4725 praeteriit.
1649 4654 1914 4709 Similiter
2020 4655 2278 4707 latrones.
2301 4651 2384 4706 Ad
2406 4648 3355 4716 illedixit.Quifecitmisericordiam
3374 4654 3427 4705 in
3443 4652 3618 4706 illum.

1603 4768 1839 4825 CODEX
1876 4763 2344 4825 CORBEIENSIS.

402 4865 495 4919 27.
542 4864 744 4934 Diliges
767 4863 1051 4918 Dominum
1087 4872 1237 4919 tnum
1264 4863 1319 4919 in
1342 4871 1456 4920 toto
1494 4862 1659 4920 corde
1683 4871 1798 4929 tuo,
1819 4870 1924 4917 etc.
2106 4861 2194 4915 51.
2236 4857 2503 4915 Sacerdos
2529 4868 2707 4915 autem
2731 4858 2953 4916 fortuito
2973 4859 3354 4917 descendebat.

335 4936 565 5001 Omittit,
600 4951 667 4991 ex
688 4937 835 4990 omni
864 4945 1046 4991 mente
1069 4946 1180 4991 tua.

319 3938 519 4009 Diliges
551 3938 840 4014 Dominum
871 3938 1039 3993 Deum
1068 3946 1219 4014 tuum
1251 3954 1319 4014 ex
1352 3946 1466 3993 toto
1508 3934 1674 3990 corde
1714 3943 1825 3987 tuo.
1859 3941 1915 4014 et

318 4026 379 4066 ex
408 4022 517 4064 tota
542 4012 721 4064 anima
748 4022 857 4064 tua.
889 4019 945 4064 et
963 4026 1029 4065 ex
1050 4011 1197 4063 omni
1226 4010 1421 4063 virtute
1448 4019 1557 4062 tua.
1605 4017 1657 4060 et
1678 4022 1743 4060 ex
1766 4010 1913 4058 omni

319 4093 503 4138 mente
532 4094 640 4135 tua.
675 4091 731 4137 et
758 4086 1060 4152 proximum
1097 4094 1241 4134 tuum
1268 4082 1408 4135 sicut
1438 4092 1487 4133 te.
1522 4084 1713 4148 ipsum.
1748 4077 1808 4152 Et
1833 4076 1914 4129 di—

324 4157 403 4209 xit
450 4155 528 4207 illi
576 4150 963 4208 JesusIRccte
1008 4152 1354 4222 reSpnndisti.
1411 4153 1509 4205 hoc
1542 4152 1622 4204 l'ac
1656 4157 1711 4203 et
1740 4150 1909 4201 vives.

319 4226 414 4280 Ille
441 4238 623 4280 autem
660 4226 841 4279 volens
866 4224 1165 4296 justilicare
1196 4241 1253 4279 se
1280 4225 1454 4291 ipsum
1479 4225 1612 4277 dixit
1636 4224 1699 4276 ad
1726 4222 1910 4296 Je~um

323 4297 391 4351 Et
411 4302 533 4366 quis
560 4309 643 4351 est
667 4313 818 4350 meus
845 4294 1140 4362 proximus.
1168 4296 1524 4361 Resnondens
1554 4308 1732 4348 autem
1756 4294 1913 4348 Jesus

323 4372 479 4422 dixit.
516 4370 687 4422 llomo
726 4369 943 4436 quidam
975 4370 1338 4423 descendebat
1367 4372 1434 4419 ab
1472 4367 1808 4421 Hierusalem
1860 4367 1910 4417 in

325 4441 603 4495 Hiericho.
648 4448 701 4492 ct
726 4440 914 4493 incidit
942 4442 992 4493 iu
1026 4439 1285 4493 latrones.
1336 4441 1425 4507 qui
1454 4438 1615 4494 etiam
1643 4438 1913 4507 despolia-

325 4523 522 4567 verunt
553 4528 677 4565 eum
708 4524 759 4566 et
788 4514 959 4580 plagis
983 4513 1228 4581 inpositis
1261 4510 1513 4565 abierunt
1544 4511 1807 4565 semivivo
1834 4526 1915 4565 re-

1544 5034 1939 5092 VARIANTES
1978 5030 2383 5090 LECTIONES.

401 5146 418 5172 ι
457 5141 564 5190 Gat.
584 5137 1182 5200 Suscipiens...'semivivo
1202 5148 1264 5200 eo
1280 5134 1472 5185 relicto.
1494 5134 1612 5185 Mm.
1631 5131 1929 5193 Suspiciens.
2104 5130 2129 5200 ξ
2152 5130 2274 5200 ιΜιη.
2304 5140 2399 5191 ego
2415 5131 2699 5187 revertens,
2727 5124 2944 5176 reddam.
2966 5121 3113 5189 Vulg.
3134 5138 3252 5190 ego,
3277 5139 3390 5177 cum
3409 5123 3631 5188 rediero,

350 5200 496 5268 Vulg.
523 5189 869 5265 Suspiciens...
896 5201 1131 5250 semivivo
1156 5198 1347 5249 relicto.
1729 5189 1741 5193 ’
2042 5189 2261 5240 reddam.

1038 5323 1330 5364 LECTIONES
1350 5322 1555 5363 CODICIS
1578 5318 1986 5361 VINDEBONENSIS
2011 5313 2288 5358 ABEUNTES
2312 5316 2378 5355 ΑΒ
2396 5315 2641 5356 EDITIONE
2658 5314 2925 5356 VULGATA.

400 5406 571 5457 27.Ad
600 5404 827 5454 ille....in
858 5406 959 5452 toto
979 5401 1127 5451 corde
1152 5406 1254 5460 tuo,
1280 5406 1331 5448 et
1354 5402 1402 5449 in
1429 5406 1526 5448 tota
1559 5399 1716 5447 anima
1742 5405 1851 5460 tua,
1878 5405 1929 5448 et
2038 5404 2090 5460 et
2114 5392 2327 5460 videns.-
2373 5396 2451 5460 54.
2477 5393 2538 5444 Et
2577 5394 2808 5456 alligavit.
2876 5392 3016 5460 Ibid.
3040 5393 3176 5460 illum
3189 5395 3250 5460 in
3269 5392 3493 5460 jumento
3511 5407 3637 5460 suo,

338 5474 391 5521 in
414 5456 514 5521 tota
538 5472 719 5516 virtute
745 5473 828 5515 tua
852 5482 862 5516 :
882 5472 933 5514 et
962 5456 1250 5528 proximum.
1314 5462 1544 5528 29Ldixit.
1609 5456 1929 5528 3Q.dispulia-
2036 5458 2181 5528 duxit
2203 5456 2282 5528 ad.
2463 5469 2559 5519 ego
2586 5465 2882 5519 revertens,
2934 5457 3133 5509 reddam
3164 5458 3268 5508 tibi.
3333 5457 3411 5507 56.
3446 5456 3642 5510 videtur

340 5519 522 5583 verunt
546 5530 759 5580 illutn....
786 5519 1023 5580 semivivo
1048 5539 1109 5576 eo
1131 5526 1323 5574 relicto.
1386 5524 1463 5573 51.
1489 5525 1728 5573 Sacerdos
1769 5519 1932 5573 autem
2039 5520 2124 5583 qui
2158 5519 2355 5569 incidet.

340 5594 677 5646 descendebat
700 5591 954 5643 eadem...
991 5587 1265 5653 praeteriit.
1329 5588 1407 5637 52.
1429 5586 1586 5636 locum
1611 5588 1786 5650 ipsum.
1852 5586 1934 5635 55.

1666 5693 2031 5750 BLANCHINI
2067 5694 2313 5753 NOT‘E."

423 5793 504 5863 (α)
538 5793 613 5847 Ita
644 5800 699 5847 et
725 5790 845 5848 cod.
877 5788 1034 5847 Cant.
1064 5794 1147 5855 ὲν,
1171 5788 1290 5863 hic,
1317 5798 1369 5845 et
1389 5789 1502 5845 fere
1526 5787 1832 5863 ubicunque
1856 5789 2011 5861 Vulg.
2047 5791 2176 5857 legit
2195 5808 2276 5847 ex.
2307 5822 2375 5834 ——
2399 5790 2474 5863 (ὁ)
2510 5790 2640 5846 Post
2675 5791 2810 5859 tuis,
2835 5790 2990 5849 deest
3012 5802 3059 5851 et
3085 5810 3149 5849 ex
3174 5796 3313 5852 omni
3339 5782 3506 5855 mente
3526 5802 3636 5863 tua,

349 5858 517 5923 etiam
564 5864 619 5921 in
656 5863 774 5923 cod.
822 5864 983 5922 Cant.
1027 5892 1097 5903 -——
1128 5859 1201 5933 (ο)
1230 5860 1302 5917 Ita
1325 5871 1379 5919 et
1412 5870 1518 5920 tex.
1549 5858 1642 5916 Gr.
1676 5858 1747 5914 δέ.
