4054 6198
507 331 613 390 595

897 447 1128 506 CHDEX
1173 446 1714 507 VERCELLENSIS.

503 553 683 600 autem
717 544 788 598 illi
811 543 972 600 Jesus
999 561 1014 598 :
1337 543 1426 596 42.
1459 545 1572 604 tha,
1606 543 1626 572 ³
1657 544 1826 598 Maria

506 615 672 670 Recte
703 631 898 682 respon
914 645 930 656 -
1335 616 1596 683 optimam
1629 630 1754 685 par-

502 687 628 742 disti
667 704 681 740 :
711 688 872 753 vade,
896 697 952 742 et
1336 695 1442 740 tem
1476 685 1579 739 sibi
1618 688 1728 740 ele-

502 770 557 810 tu
584 757 664 810 fac
694 759 966 814 similiter.
1333 759 1433 827 git,
1459 772 1598 826 quae
1627 773 1735 811 non

499 829 588 884 58.
621 828 844 884 Factum
875 839 963 884 est
985 845 1078 885 au-
1332 830 1608 884 auferetur

657 901 673 931 !
704 901 873 931 nium:

657 902 673 931 ,
861 902 873 912 .

498 902 1020 1041 ἷὲἓὲίηῗιῖἒῖἷέι¹⁹⁰¹¹¹¹
1367 1037 1378 1041 Α
1438 1036 1477 1041 _
1521 940 1750 1041 (ξΑΡυΤ
1793 941 1886 999 x1.

497 1034 554 1098 iii
583 1043 763 1096 vicum
1331 1037 1402 1091 ei.
1438 1036 1507 1090 Et
1532 1034 1642 1089 fac-

493 1113 792 1185 quendam;
826 1114 1019 1170 mulier
1334 1110 1388 1163 1.
1429 1115 1541 1185 tum
1573 1115 1659 1185 est
1683 1120 1807 1185 cum

492 1177 672 1240 autem
690 1177 856 1253 quae-
1331 1188 1477 1253 esset
1512 1177 1723 1253 (c)_ipse
1744 1177 1785 1250 ’ξ-
1803 1181 1858 1235 in

493 1256 617 1310 dam
649 1249 827 1310 nomi-
1329 1249 1561 1321 quodatn
1586 1249 1666 1303 lo-

1332 1319 1397 1378 co
1419 1337 1616 1403 orans;
1651 1319 1728 1391 (d)
1760 1331 1813 1377 et
1842 1325 1908 1395 τ,

1335 1405 1390 1448 ut
1411 1405 1632 1462 qmevn,

1329 1466 1467 1520 dixit
1495 1463 1712 1533 quidam

1328 1553 1394 1591 ex
1411 1535 1673 1590 discenti-

1325 1611 1427 1680 bus
1454 1606 1571 1676 ejus
1605 1623 1618 1659 :
1654 1609 1904 1680 Domine,

493 1343 565 1383 ne
596 1328 800 1381 Martha

494 1399 708 1468 excepit
737 1399 888 1454 illm

490 1473 542 1525 in
565 1472 729 1525 domo
753 1484 849 1526 sua
883 1490 896 1527 :

490 1543 581 1597 59.
615 1551 670 1596 et
696 1542 818 1595 huic
847 1554 966 1599 erat

488 1629 667 1678 Soror,
700 1628 861 1682 quae,

487 1679 784 1740 vocabatur
1323 1679 1458 1734 doce
1484 1694 1583 1732 nos
1614 1693 1730 1734 ora-

486 1757 648 1811 Maria
668 1772 682 1821 ;
715 1771 874 1826 quae,
1322 1766 1413 1826 re,
1431 1749 1569 1826 sicut
1591 1749 1798 1826 .lolian-

487 1843 609 1882 cum
635 1821 827 1882 con'se;
859 1821 868 1824 ⁷
1323 1824 1420 1876 nes
1446 1821 1631 1875 docuit

1321 1892 1619 1961 discipulos

1318 1979 1468 2019 SUOS.

1315 2036 1372 2089 2.
1401 2034 1546 2089 Dixit
1581 2043 1765 2092 autem

1318 2105 1427 2160 illis
1462 2124 1474 2159 :
1510 2106 1642 2162 Cum
1672 2123 1802 2162 ora-

1319 2178 1469 2240 bitis,
1490 2177 1657 2233 dicite
1686 2196 1702 2231 :

1326 2247 1489 2330 Pater
1519 2247 1591 2330 (e)
1624 2250 1822 2307 Sancte
1850 2295 1864 2317 ,

1322 2334 1412 2389 qut
1437 2335 1496 2373 es
1528 2336 1583 2374 in
1614 2336 1738 2377 cae-

1321 2392 1387 2444 lis
1413 2391 1474 2461 ~j',
1497 2394 1738 2446 sanctifi-

1321 2476 1475 2516 cetur
1491 2478 1699 2536 nomen

1323 2545 1496 2587 tuum.
1532 2535 1705 2590 Adve-

1320 2605 1432 2667 niat
1458 2620 1680 2675 regnum

1320 2691 1491 2737 tuum.
1523 2676 1592 2748 (ι’)
1620 2677 1742 2735 Fiat
1768 2697 1862 2738 vo-

1321 2756 1376 2809 ‘5,
1410 2749 1585 2801 lunlas
1620 2760 1703 2804 tua
1728 2753 1790 2824 1-.
1823 2755 1925 2810 Pa-

1323 2835 1445 2879 nell]
1475 2832 1721 2877 nostrum

1322 2897 1344 2927 ι
1372 2889 1702 2950 cotidianum

1319 2967 1387 3022 da
1414 2962 1570 3015 nobis
1599 2963 1696 3018 ho-

1317 3037 1373 3093 4.
1405 3038 1511 3092 die.
1548 3039 1614 3092 Et
1660 3038 1840 3094 dimit-

1321 3123 1372 3165 te
1401 3110 1555 3164 nobis
1588 3125 1714 3180 pec-

1319 3195 1437 3239 cata
1464 3196 1670 3249 nostra,

1319 3257 1461 3310 sicut
1490 3266 1543 3310 et
1568 3256 1667 3324 ipsi

1319 3329 1641 3383 dimittimus

487 1899 651 1953 dissel
688 1898 753 1951 ad
783 1914 877 1967 pe-

483 1971 579 2024 des
604 1971 840 2038 Domini,
867 1985 964 2026 au-

483 2042 671 2096 diebat
695 2056 814 2096 ver-

483 2111 574 2167 40.
609 2111 734 2165 bum
759 2112 896 2184 ejus.
926 2113 1062 2170 Mar-

486 2184 578 2237 tha
602 2194 785 2237 autem

487 2254 807 2309 turbabatur

485 2327 627 2381 circa
659 2326 827 2407 pluri-

485 2413 629 2451 munt
660 2412 840 2452 mtms-

485 2469 706 2523 terium.

484 2539 722 2594 Adstans
741 2552 920 2598 autem
941 2583 956 2608 ,

482 2611 620 2664 dixit
653 2629 666 2664 :
700 2612 948 2677 Dorbine,
969 2616 991 2648 ¹
1018 2628 1126 2670 non
1147 2614 1241 2670 ad-

484 2683 618 2736 tinet
640 2693 694 2735 at
721 2693 793 2748 te,
829 2685 977 2755 quod

485 2767 643 2807 SOI‘OI‘
672 2769 794 2808 mea

479 2824 713 2894 reliquid
744 2841 829 2881 me

481 2895 653 2951 solam
689 2897 974 2953 ministra-

482 2968 584 3028 re?
616 2967 705 3021 dic
730 2983 861 3038 ergo

480 3040 555 3102 ei,
590 3048 646 3093 ut
674 3038 895 3107 adjuvet

480 3117 574 3171 11.
619 3132 724 3170 me.
756 3116 1005 3184 Respon—

483 3191 618 3244 dens
647 3201 852 3251 autem,

480 3262 616 3316 dixit
645 3262 693 3314 ei
725 3261 1023 3314 Dominus:

483 3333 711 3398 Martha,
731 3333 862 3387 Mar-

1055 335 1322 393 EUSEBII
1363 333 1700 391 VERCELL.
1745 331 2188 391 EVANGEHUM
2228 333 2368 391 CUM
2415 334 2640 392 VARIIS
2673 333 2828 392 COD.
2868 337 3257 395 COLLATUM.
3693 329 3798 388 598

2638 452 2869 509 CODEX
2908 451 3358 510 VERONENSIS.

3032 549 3122 632 12.
3167 548 3334 603 Maria
3349 563 3456 632 opf

3035 627 3217 674 limam
3250 627 3456 687 partem

3031 691 3196 762 elegit
3221 691 3344 757 sibi,

2203 545 2273 599 Et
2300 545 2373 599 ait
2422 546 2496 600 illi

2200 616 2358 672 Jesus
2394 635 2405 669 :
2433 617 2605 681 Vade,

2199 699 2254 742 et
2277 696 2332 742 tu
2365 688 2445 743 fac
2468 690 2737 745 similiter.

2199 759 2289 814 58.
2334 759 2556 814 Factum
2591 771 2674 818 est
3031 759 3172 830 quae
3204 778 3307 815 non

2199 839 2402 895 autem,
2433 847 2554 886 cum
3030 835 3301 888 auferetur

2199 903 2362 969 irent,
2391 913 2445 956 et
3025 905 3121 959 illi.

2197 974 2312 1041 ipse
2345 973 2564 1028 intravit

2195 1044 2248 1097 in
2271 1044 2543 1114 quoddam

2193 1116 2454 1181 castello;
2478 1127 2532 1170 et

2192 1188 2389 1241 mulier
2417 1201 2582 1256 quae-

2191 1257 2314 1312 dam
2344 1257 2550 1312 Martha

2194 1332 2414 1383 nomine
2437 1346 2530 1383 ex-

2191 1403 2334 1470 cepit
2360 1401 2510 1454 illum

2190 1473 2245 1525 in
2278 1472 2496 1527 domum

2189 1544 2280 1598 59.
2309 1559 2460 1597 suam
2494 1562 2506 1598 :
2532 1552 2586 1599 et
2612 1543 2738 1599 huic

2188 1624 2305 1669 erat
2345 1631 2501 1669 SOPO!’

2190 1687 2411 1740 nomine
2442 1685 2548 1740 Ma-

2189 1758 2269 1811 ria
2292 1775 2306 1823 ;
2329 1772 2465 1826 quae

2189 1828 2352 1883 etiam
2376 1827 2571 1882 sedens

2188 1916 2347 1953 Secus
2378 1899 2544 1968 pedes

2188 1971 2263 2044 (α)
2284 1970 2322 2044 _J
2331 1987 2420 2024 esu
2450 1969 2507 2044 τ,
2542 1985 2634 2024 au-

2188 2042 2372 2097 diebat
2401 2043 2624 2095 verbum

2187 2113 2357 2168 illius.

2187 2185 2276 2239 10.
2303 2183 2506 2238 Martha
2539 2192 2722 2238 autem

2187 2256 2460 2324 satagebat
2484 2255 2630 2310 circa

2186 2325 2546 2381 ministerium
2579 2344 2593 2380 :

2184 2413 2323 2467 quae
2350 2399 2517 2460 stetit,

2184 2479 2238 2525 et
2261 2470 2336 2522 ait
2369 2488 2383 2521 :

2183 2541 2300 2595 Non
2331 2553 2414 2597 est
2437 2544 2534 2599 tibi

2184 2628 2333 2679 cura,
2366 2630 2433 2670 eo
2455 2616 2598 2685 quod

2184 2698 2342 2739 SOI'OI‘
2372 2702 2490 2742 mea

2183 2756 2411 2823 reliquid
2444 2771 2533 2814 mo

2183 2828 2355 2880 solam
2380 2830 2541 2884 mini-

2182 2900 2394 2952 strare?
2423 2901 2513 2954 dic

2181 2983 2312 3037 ergo
2346 2971 2446 3034 illi,
2478 2982 2534 3025 ttt

2181 3054 2268 3093 me
2289 3038 2530 3109 adjuvet.

2180 3111 2240 3183 4i
2255 3149 2268 3162 .
2315 3110 2379 3164 Et
2411 3129 2636 3183 respon-

2180 3182 2338 3244 dens,
2371 3184 2506 3238 dixit

2182 3255 2256 3328 illi
2289 3254 2365 3326 (ὁ)
2397 3255 2555 3312 .lesus
2583 3257 2622 3328 οι·
2650 3274 2665 3310 :

2181 3327 2408 3389 Martha,
2438 3327 2666 3392 Martha,

3225 1011 3455 1075 CAPUT
3496 1009 3592 1072 XI.

3030 1114 3080 1167 1.
3124 1111 3192 1166 Et
3221 1110 3418 1165 factum

3026 1193 3110 1238 CSl.
3139 1199 3259 1238 cum
3291 1190 3434 1236 esset

3025 1255 3097 1326 (ε)
3129 1256 3246 1321 ipse
3271 1253 3312 1325 τ
3335 1254 3389 1307 in

3024 1326 3257 1396 quodam
3278 1326 3396 1396 loco

3026 1394 3222 1462 orans;
3248 1394 3331 1478 (tl)
3355 1406 3412 1450 et
3433 1396 3494 1467 ἦ,

3026 1478 3081 1521 ut
3107 1477 3362 1532 cessavit,

3025 1539 3165 1593 dixit
3186 1555 3323 1592 unus

3024 1627 3092 1664 ex
3125 1609 3424 1678 discipulis

3019 1682 3136 1748 ejus
3166 1681 3230 1735 ad
3263 1696 3386 1736 eum
3410 1699 3422 1732 :

3023 1752 3274 1818 Domine,
3293 1751 3428 1812 doce

3025 1839 3124 1877 nos
3155 1838 3330 1887 orare,

3019 1893 3160 1948 sicut
3187 1893 3462 1951 Johannes

3019 1965 3204 2038 docuit
3232 1967 3529 2038 discipulos

3018 2035 3072 2089 2.
3115 2052 3262 2091 suos.
3299 2035 3470 2095 Et'nit

3019 2106 3125 2161 illis
3155 2126 3167 2160 :
3198 2107 3330 2163 Cum

3019 2181 3211 2246 oratis,
3243 2180 3412 2234 dicite
3443 2199 3458 2235 :

3020 2247 3180 2303 Pater
3209 2249 3281 2322 (e)
3307 2260 3518 2320 noster,

3016 2326 3109 2388 qui
3136 2335 3194 2375 es
3223 2322 3277 2375 in
3304 2338 3432 2378 cae-

3018 2389 3084 2444 lis
3112 2391 3175 2461 ἰχ
3210 2395 3409 2447 sancti-

3018 2464 3213 2517 licetur
3244 2480 3438 2520 nomen

3017 2543 3190 2588 tuum.
3229 2535 3419 2593 Veniat

3016 2619 3243 2674 regnum
3278 2616 3450 2664 tuum.

3019 2674 3089 2746 (f)
3124 2675 3245 2730 Fiat
3274 2679 3528 2739 voluntas

3017 2756 3108 2819 tua
3145 2749 3197 2801 in
3229 2750 3404 2819 caelo,

3017 2828 3072 2894 et
3097 2818 3151 2894 in
3178 2830 3318 2874 terra
3349 2818 3412 2894 1'.

3015 2887 3068 2942 5.
3110 2890 3308 2946 Panem
3343 2887 3589 2954 nostrum

3015 2962 3366 3019 cottidianum

3014 3031 3082 3084 da
3112 3035 3267 3089 nobis
3297 3038 3476 3098 hodie.

3013 3101 3068 3156 4.
3123 3106 3184 3158 Et
3210 3107 3424 3167 dimilte

3017 3177 3170 3231 nobis
3200 3181 3276 3250 (g)
3301 3181 3483 3240 debita

3017 3262 3222 3316 nostra,
3256 3255 3396 3308 sicut

2985 3333 3071 3391 _et
3101 3337 3201 3378 nos
3219 3324 3402 3379 dimito

1812 3419 2042 3478 CODEX
2079 3421 2356 3477 ΒΒΙΧΙΑΝ
2366 3421 2470 3478 US.

479 3543 547 3597 Et
573 3543 649 3595 ait
687 3540 943 3595 illiJesus
973 3539 1120 3595 Vade
1146 3550 1202 3595 et
1238 3550 1292 3594 tu
1323 3539 1405 3593 fac
1432 3538 1700 3594 similiter.
1734 3538 1956 3594 Factum
1990 3550 2075 3595 est

476 3620 655 3667 antem
686 3616 814 3666 dunt
837 3615 940 3666 iter
965 3612 1228 3666 facerent.
1261 3621 1313 3666 et
1344 3614 1458 3679 ipse
1482 3612 1703 3665 intravit
1725 3613 1778 3663 in
1800 3610 2069 3680 quoddam

477 3686 778 3738 castellum.
828 3683 1023 3737 innlier
1057 3695 1237 3737 autem
1283 3683 1544 3751 quaedam
1584 3683 1800 3736 nomine
1840 3681 2066 3738 Martha.

475 3755 688 3824 excepit
714 3770 834 3808 enm
864 3755 916 3807 in
944 3757 1160 3808 domum
1186 3770 1358 3808 suam.
1387 3767 1440 3808 et
1472 3753 1597 3807 huic
1636 3765 1750 3806 erat
1788 3767 1944 3824 soror
1979 3770 2070 3808 no-

477 3821 626 3879 miue
663 3826 825 3878 Maria
863 3840 1001 3894 quae
1030 3828 1191 3880 etiam
1225 3825 1425 3879 sedens
1464 3840 1620 3878 secus
1660 3825 1825 3893 pedes
1858 3821 2070 3878 Domini

475 3899 731 3950 audiebat
761 3898 985 3954 verbum
1023 3899 1162 3964 ejus.
1199 3896 1409 3950 Martha
1452 3905 1630 3952 autem
1678 3897 1958 3965 satagebat
2002 3896 2068 3949 de

474 3969 648 4022 multo
688 3968 991 4022 ministerio
1024 3984 1160 4036 quae
1193 3968 1342 4021 stetit
1379 3977 1433 4021 et
1466 3967 1560 4020 ait.
1592 3969 1814 4020 Domine
1848 3983 1949 4021 non
1987 3975 2070 4020 est

472 4042 567 4100 tibi
589 4055 715 4092 cura
733 4039 871 4106 quod
890 4055 1044 4093 soror
1060 4053 1178 4093 mea
1204 4039 1421 4107 reliquit
1441 4055 1526 4092 me
1542 4038 1714 4092 solam
1737 4038 2067 4107 ministrare.

471 4111 559 4168 die
580 4125 711 4180 ergo
734 4105 881 4170 illiut
906 4127 990 4165 me
1007 4110 1243 4178 adjuvet.
1265 4105 1618 4180 Res-pandens
1637 4118 1813 4164 autem
1831 4105 2068 4177 (b_).lesus

471 4181 511 4253 ἰ’
543 4177 683 4239 dixit
709 4182 809 4238 illi.
837 4177 1298 4238 Martha.7Martha
1319 4177 1551 4236 sollicita
1574 4194 1654 4236 es.
1680 4189 1735 4238 et
1758 4181 1990 4234 turbaris
2014 4181 2066 4234 in

2181 3541 2384 3594 multis.
2415 3540 2589 3595 Unum
2619 3548 2703 3595 est
2723 3549 2902 3594 autem
2928 3552 3083 3611 opus.
3114 3537 3275 3593 Maria
3308 3549 3484 3595 autem
3510 3545 3779 3611 optimam

2183 3623 2387 3680 partem
2419 3612 2577 3681 elegit
2608 3628 2748 3679 quae
2777 3627 2884 3665 non
2913 3609 3194 3664 auferetur
3225 3615 3291 3666 ab
3321 3627 3405 3667 ea.
3526 3610 3533 3618 ’

2251 3683 2318 3736 Ει
2360 3684 2556 3737 factum
2595 3694 2680 3738 est
2705 3698 2825 3738 cum
2854 3691 3000 3737 esset
3029 3684 3081 3734 in
3115 3683 3346 3750 quodam
3381 3685 3498 3740 loco
3523 3698 3692 3741 orans
3722 3697 3780 3741 ut

2178 3757 2432 3809 CQSs'at'il.
2452 3756 2740 3807 dixitunus
2763 3770 2829 3807 ex
2861 3753 3140 3821 discipulis
3165 3753 3280 3820 ejus
3299 3754 3364 3807 ad
3393 3771 3512 3808 eum
3547 3757 3778 3812 Domine

2177 3828 2310 3879 doce
2331 3843 2427 3879 nos
2443 3842 2617 3878 orare.
2653 3829 2789 3896 sicut
2809 3825 3083 3878 Joitnnnes
3102 3825 3283 3878 docuit
3305 3827 3597 3896 discipulos
3619 3845 3772 3882 suos.

2179 3898 2243 3950 Et
2269 3899 2344 3949 ait
2368 3895 2633 3968 illis‘Cttm
2658 3895 2826 3968 oratis
2854 3896 3037 3950 dicite.
3067 3896 3228 3952 Pater
3261 3896 3330 3967 (e)
3355 3895 3536 3956 noster
3578 3905 3669 3968 qui
3714 3917 3774 3954 es

2175 3969 2228 4022 in
2253 3968 2418 4022 caelis
2560 3967 2930 4022 sant-tilieetur
2971 3983 3166 4020 nomen
3212 3965 3360 4021 tuniu
3389 3965 3650 4024 Adveniet
3686 3987 3776 4025 re-

2175 4055 2336 4108 guntn
2372 4041 2622 4107 tttnttt.(f)
2648 4039 2765 4092 Fiat
2796 4039 3041 4091 voluntas
3077 4049 3184 4092 tua.
3211 4041 3346 4092 sicut
3372 4040 3420 4093 in
3451 4051 3604 4094 caelo
3635 4053 3688 4094 ιιι
3717 4045 3769 4096 in

2177 4121 2338 4166 terra.
2373 4109 2412 4179 ἰ-
2434 4111 2632 4163 Panem
2658 4119 2898 4163 nostrum
2928 4109 3281 4164 cottidianum
3305 4111 3372 4164 da
3399 4112 3554 4165 nobis
3585 4111 3766 4168 hodie.

2176 4181 2466 4237 Etdimitte
2480 4182 2637 4236 nobis
2655 4192 2876 4251 peccata
2890 4191 3098 4236 nostra.
3114 4183 3319 4236 sicutet
3337 4197 3434 4237 nos
3445 4182 3770 4240 dituittunus

1749 4317 1983 4375 CODEX
2014 4317 2488 4376 CORBEIENSIS.

543 4417 632 4488 411.
675 4419 955 4488 satagebat
973 4416 1116 4471 circa
1151 4413 1537 4488 ministerium.

542 4480 634 4555 41.
680 4480 882 4542 υηιὶἷιὶι
906 4507 921 4541 :
944 4488 1177 4542 sollicita
1201 4502 1290 4553 es,
1317 4495 1370 4541 et
1393 4485 1626 4540 turbaris
1650 4499 1781 4555 erga
1805 4485 2058 4554 plurima.

541 4552 634 4612 42.
673 4571 812 4629 quae
841 4573 946 4613 non
984 4559 1260 4614 auferetur
1287 4558 1388 4613 illi.

543 4627 800 4686 ΟΑΡᾹΧΙ.
829 4659 904 4673 --
929 4630 964 4683 2
995 4633 1016 4662 '
1056 4631 1218 4685 Pater
1255 4629 1488 4695 Sancte,
1523 4627 1615 4700 qui
1663 4629 1718 4684 in
1757 4628 1923 4684 caelis
1963 4643 2022 4684 es
2044 4671 2058 4694 ,

2169 4412 2540 4469 sanctiﬁcetur
2567 4427 2765 4467 nomen
2813 4420 2984 4470 tuum.
3018 4415 3215 4473 Veniat
3246 4430 3472 4483 regnum
3504 4423 3675 4469 tuum.
3706 4415 3767 4470 4.

2171 4484 2391 4538 Dimitte
2413 4483 2571 4538 nobis
2593 4485 2772 4539 debita
2796 4497 3014 4552 nostra,
3045 4488 3187 4544 sicut
3205 4489 3224 4520 ⁶
3245 4499 3299 4544 et
3320 4503 3420 4543 nos
3443 4487 3771 4542 dimittimus

2173 4555 2214 4625 ἰ-
2243 4555 2585 4610 debitoribus
2611 4557 2834 4612 nostris.
2863 4557 2931 4612 Et
2959 4573 3028 4613 ne
3049 4576 3147 4617 nos
3174 4559 3400 4617 inducas
3425 4560 3476 4613 in
3508 4561 3770 4615 tentatiu—

2169 4642 2290 4682 nem
2321 4645 2333 4681 :
2367 4627 2463 4684 sed
2495 4626 2666 4684 libera
2694 4641 2791 4684 nos
2817 4644 2847 4687 a
2886 4631 3049 4686 malo.

1693 4729 2093 4786 VABIANTES
2129 4731 2532 4790 LECTIONES.

535 4831 551 4858 ι
588 4828 696 4877 Gat.
723 4832 768 4880 ct
788 4828 904 4878 Mm.
930 4825 1045 4876 dum
1062 4824 1180 4876 iret.
1214 4822 1360 4888 Vulg.
1379 4824 1496 4888 dum
1518 4825 1666 4888 irent,

534 4892 555 4920 ¹
591 4892 695 4940 Gat.
723 4896 767 4939 et
793 4890 912 4938 Mm.
957 4900 1052 4936 non
1077 4896 1154 4936 est
1195 4883 1344 4945 cura',
1371 4885 1518 4948 quod.
1565 4883 1709 4949 Vulg.
1736 4899 1832 4935 non
1858 4893 1933 4935 est
1974 4887 2059 4936 tibi

471 4964 640 5015 curae,
665 4951 809 5015 quod.

535 5016 556 5047 ³
592 5008 710 5066 dini.
741 5013 889 5062 Maria
913 5019 1077 5062 autem
1099 5012 1295 5060 bonam.
1326 5008 1471 5076 Vulg.
1495 5009 1641 5060 Maria
1665 5012 1912 5072 optimam.

2229 4826 2250 4898 ξ
2285 4828 2391 4898 (lat.
2416 4830 2656 4898 quotidie.
2689 4830 3213 4898 Vulgtquotidianum.

2229 4887 2250 4958 if
2286 4893 2391 4958 gat.
2418 4887 2568 4958 Pater
2595 4887 2928 4945 nosterfllhit.
2955 4887 3103 4949 Pater
3129 4903 3318 4958 sancte,
3342 4891 3691 4946 sanctiﬁcetur.

2231 4951 2251 4981 ⁸
2286 4953 2368 5003 Ita
2392 4960 2435 5003 et
2457 4957 2577 5004 Mm.

1164 5107 1455 5154 LECTIONKS
1476 5107 1677 5149 CODICIS
1699 5107 2106 5152 VINDEBONENSIS
2127 5113 2401 5156 ABEUNTES
2427 5117 2494 5156 ΑΒ
2526 5097 2777 5162 εωτιοιίιε
2801 5120 3068 5162 γυιοΑτΑ.

529 5192 592 5242 58
721 5192 773 5236 ut
805 5189 999 5236 irent...
1043 5188 1239 5236 nomine
1264 5187 1467 5236 Martha.
1562 5187 1640 5236 10.
1666 5187 1792 5236 circa
1825 5184 2060 5249 frequens

463 5249 1494 5313 ministerium......_tibicura,_eo,quod,_..
1539 5249 1851 5313 reliquid.....
1879 5258 1931 5302 ut
1971 5251 2056 5300 ad-

461 5286 722 5378 fti'JZiiB'é,
742 5286 756 5298 ⁸
882 5311 1128 5378 Dominus
1151 5286 1809 5378 I’Md'l‘l‘il;:“‘l‘afl‘il‘ll;
1822 5286 2052 5376 optiuiam

464 5374 654 5442 partem
667 5375 832 5442 elegit
851 5375 976 5442 sibi“,
1002 5385 1132 5434 quae
1159 5387 1256 5442 non
1271 5374 1523 5442 auferetur
1547 5375 1639 5442 illi:

527 5439 640 5491 CAP.
667 5434 842 5488 XI.'—-
865 5434 912 5484 1.
937 5434 1093 5485 Orans
1109 5448 1122 5496 ;
1160 5441 1213 5485 et
1250 5443 1361 5484 ut...
1387 5437 1515 5486 sicut
1542 5445 1596 5489 et
1620 5437 1867 5488 Johannes
1889 5439 2054 5488 docuit

2165 5191 2427 5263 discipulos
2452 5206 2587 5263 suos_'._
2608 5257 2618 5263 _
2645 5195 2874 5263 _2._diei_te
2901 5214 2911 5246 :
2934 5199 3082 5247 Pater
3108 5199 3302 5258 Sancte,
3328 5200 3410 5263 qui
3435 5201 3482 5247 in
3505 5198 3657 5263 caelis
3683 5211 3758 5260 es,

2163 5253 2510 5327 sanctiﬁcetur.
2541 5257 2671 5327 Ib_t'd.
2699 5259 2877 5327 Veniat
2908 5253 3302 5327 regnum_tuum.
3338 5253 3440 5311 Fiat
3483 5253 3759 5324 volnmptas

2162 5322 2262 5378 tua,
2289 5319 2411 5365 sicut
2435 5319 2480 5364 in
2499 5320 2655 5379 caelo,
2684 5330 2734 5370 et
2759 5323 2802 5369 in
2824 5319 2992 5371 terra:
3040 5323 3088 5370 5.
3115 5322 3298 5372 Panem
3316 5333 3530 5373 nostrum
3549 5319 3757 5373 cotidia-

2161 5391 2293 5450 num.
2360 5379 2407 5428 4.
2431 5388 2616 5450 nostra,
2643 5397 2740 5443 quo
2764 5384 2905 5433 modo
2922 5392 2982 5450 et
3006 5385 3097 5448 ipsi
3122 5386 3487 5438 dimittimus...
3513 5387 3563 5436 in
3590 5394 3755 5437 tenta-

2160 5442 2345 5490 tionem
2369 5457 2380 5492 :
2403 5442 2492 5492 sed
2514 5442 2764 5507 eripe’nos
2788 5459 2817 5495 a
2838 5447 2985 5497 malo.

1772 5539 2138 5597 BLANCHINI
2174 5542 2404 5623 item;

539 5636 617 5715 (αὶ
645 5636 960 5715 _l‘taAetntex.
1003 5631 1232 5715 Gr._roii
1282 5633 1476 5715 'lnaoli‘i.
1531 5661 1599 5715 ς-
1737 5631 1812 5686 Ita
1849 5642 1910 5715 [et
1963 5643 2104 5715 te}.
2127 5633 2221 5692 Gr.
2246 5637 2270 5691 ὁ
2291 5638 2498 5701 Ἰησοῦς.
2527 5671 2597 5715 ——_
2627 5639 2698 5711 (ο)
2728 5642 2889 5715 Addit
2924 5645 3062 5712 ipse,
3099 5645 3260 5700 etiam
3293 5655 3402 5700 ιρι,
3451 5644 3546 5701 Gr,
3575 5646 3743 5702 αὐτόν,

471 5704 561 5791 τί
599 5704 678 5791 (Δ)
725 5705 927 5791 Addit,
954 5716 1002 5791 et
1026 5705 1146 5791 cod.
1174 5720 1382 5791 quoque
1413 5705 1584 5791 (lane
1614 5707 1723 5788 mi.
1746 5733 1817 5743 -
1843 5705 1912 5791 (ei
1955 5705 2112 5791 Addit
2158 5720 2326 5791 noster
2346 5752 2360 5775 ,
2384 5715 2485 5791 ‘qui
2513 5704 2812 5791 esin'cltelis
2834 5754 2848 5778 ,
2880 5704 3178 5771 eti'am'lex.
3208 5717 3300 5791 Gr.
3333 5720 3473 5791 ἡμῶν
3499 5718 3523 5774 ὁ
3568 5721 3616 5773 ἓν
3642 5726 3747 5778 τοῖς

471 5775 725 5862 gemere.
754 5803 826 5862 .—-‘
863 5777 930 5862 (Ι)
962 5776 1122 5862 Addit
1170 5778 1260 5844 ﬁat
1289 5775 1522 5862 palantes
1544 5786 1654 5862 tua
1688 5779 1759 5862 _in
1776 5777 1942 5862 “caelo
1984 5779 2124 5862 etin
2147 5789 2288 5862 terra
2325 5775 2485 5862 etiam
2530 5794 2635 5862 lex.
2667 5784 2758 5862 Gr.
2791 5775 3044 5860 757,935“,
3084 5791 3141 5846 τὸ
3169 5775 3374 5862 θέλημά“
3405 5811 3529 5857 σου,
3584 5795 3649 5852 ὡς
3693 5775 3744 5845 ἐζ,

465 5847 664 5927 otii:an
689 5853 770 5906 καὶ
807 5851 891 5904 ἐπὶ
912 5865 1003 5912 τῆς
1041 5856 1153 5921 γῆς.
1183 5877 1254 5887 —-
1285 5847 1360 5921 (g)
1392 5848 1463 5902 ita
1509 5857 1561 5906 et
1601 5852 1722 5907 Cod.
1771 5849 1922 5907 Cant.
1953 5855 2016 5910 τὰ
2042 5854 2344 5930 ὀφειλήματα
2369 5857 2528 5932 ἡμῶν,
2556 5861 2623 5920 ὡς
2651 5861 2734 5915 καὶ
2754 5847 2902 5930 rigui:
2930 5847 3133 5937 ἀφίεμεν
3151 5847 3555 5934 τοῖςῗδφειλέταίς
3582 5847 3738 5936 flgitiu-
