4054 6198
341 188 428 247 601
1419 197 1862 255 EVANGELIUM
1904 197 2275 257 SECUNDUM
2317 200 2573 261 LUCAM.

719 309 944 368 CODEX
986 311 1526 372 VERCELLENSIS.

1154 417 1255 474 ter,
1284 409 1374 479 qui
1404 418 1456 463 te
1484 424 1609 478 por-

339 510 353 527 .
424 514 439 529 .
520 513 533 527 .
613 514 628 528 .
710 516 724 530 .
804 517 818 531 .
898 516 911 533 .
992 522 1004 533 .
1154 482 1557 546 tavit,etube-

337 580 353 599 .
422 588 437 601 .
520 588 533 600 .
616 586 629 599 .
707 589 720 602 .
803 590 816 602 .
897 590 909 603 .
992 590 1006 604 .
1152 568 1519 623 ra.quaesu-

1152 624 1243 679 28.
1286 624 1408 678 xisti
1446 643 1458 678 :
1490 626 1589 693 Qui
1618 626 1691 681 ait

1155 696 1231 749 illi
1264 712 1279 751 :
1315 696 1487 764 Beati,

1151 768 1238 836 qui
1262 769 1486 822 audiunt

1150 840 1371 894 vet-bum
1399 840 1515 904 Dei,

1151 910 1225 980 (c)
1256 923 1308 966 et
1336 912 1570 969 custodi-

337 992 1334 1037 ........unt+.

337 1086 352 1102 .
424 1096 437 1110 .
515 1094 530 1108 .
610 1090 625 1104 .
705 1091 719 1105 .
800 1090 814 1105 .
895 1093 908 1107 .
990 1094 1003 1105 .
1149 1054 1240 1109 29.
1282 1054 1459 1111 Turba
1489 1066 1663 1115 autem

1150 1129 1477 1181 convenien-

1150 1205 1223 1261 te,
1253 1200 1430 1267 coepit
1457 1200 1538 1255 di-

1148 1284 1272 1324 cere
1306 1288 1318 1323 :
1350 1272 1495 1326 Gens

1149 1339 1304 1409 haec,
1334 1357 1468 1413 gens

1148 1428 1318 1482 nequa
1350 1424 1435 1468 est
1466 1432 1479 1467 :
1519 1416 1627 1485 sig-

1145 1500 1273 1538 num
1302 1501 1470 1555 quae-

1144 1557 1251 1621 rit;
1284 1569 1338 1611 et
1371 1572 1476 1613 non

1143 1625 1356 1683 dabitur
1382 1632 1453 1695 ei,

1143 1700 1247 1773 nisi
1277 1702 1490 1773 signum

1143 1770 1332 1827 Jonae.

1145 1843 1233 1899 50.
1278 1845 1430 1901 Sicut
1460 1847 1603 1903 enim

1146 1914 1246 1969 fuit
1274 1915 1440 1974 Jonas

1146 1989 1357 2056 signum
1384 1992 1476 2046 Ni-

1149 2060 1344 2114 uevitis
1368 2080 1382 2125 ;
1417 2065 1495 2117 sic

1147 2132 1253 2185 erit
1275 2143 1328 2187 et
1359 2134 1488 2190 Fili-

1148 2218 1210 2256 us
1241 2203 1472 2263 hominis

1147 2274 1272 2330 huic
1294 2294 1455 2346 gene-

1147 2348 1344 2402 rationi
1372 2368 1383 2401 :
1418 2363 1472 2406 et,

1148 2418 1288 2473 sicut
1316 2420 1481 2479 Jonas

1150 2490 1202 2543 iu
1235 2500 1423 2548 ventre

1148 2565 1284 2617 coeti
1313 2563 1441 2630 fuit;
1467 2569 1544 2623 sic

1149 2634 1252 2687 erit
1276 2645 1330 2689 et
1357 2635 1523 2693 Filius
1551 2639 1646 2694 ho-

1148 2705 1311 2759 minis
1336 2707 1387 2760 in
1420 2719 1523 2763 ter-

1148 2778 1239 2853 51.
1280 2793 1417 2853 ram.
1459 2780 1657 2853 Regina

334 1156 352 1175 ο
426 1167 441 1181 ο
517 1164 531 1178 ι
608 1163 624 1180 ο
706 1162 722 1177 ο
799 1163 815 1179 ο
892 1164 907 1180 ο
989 1166 1003 1179 ο

323 2056 404 2133 2t}.
448 2069 502 2115 et
529 2059 608 2133 (tt)
635 2056 871 2114 adsumit
896 2059 935 2130 1'-

324 2127 488 2186 adhuc
517 2127 657 2186 alios

323 2213 517 2269 septem
548 2201 709 2271 spiri-

322 2279 402 2329 tus
431 2274 685 2345 nequior—
846 2332 858 2343 ,

323 2359 377 2399 es
401 2361 478 2413 se,
510 2355 566 2401 et
594 2347 799 2400 intran-

324 2424 421 2486 tes,
450 2417 771 2473 inhabitant.

322 2486 387 2542 Et
415 2491 543 2545 tiunt
574 2488 756 2545 nobis-

318 2560 442 2616 sima
474 2561 652 2615 homi-

313 2633 395 2686 nis
420 2634 564 2687 illius
592 2648 684 2702 pe-
810 2690 815 2693 _

306 2702 421 2773 jora
456 2706 723 2769 priorum.

308 2776 397 2829 27.
439 2777 664 2832 Factum
693 2783 777 2831 est
801 2790 895 2830 au-

310 2857 438 2915 tem,
470 2864 593 2903 cum
625 2848 699 2902 di-
1147 2850 1330 2904 Austri
1355 2866 1471 2905 sur-

307 2931 459 2975 ceret
491 2920 629 2975 haec
1147 2933 1236 2991 get
1260 2922 1312 2976 in
1336 2923 1530 2992 judici-

307 2992 446 3061 ipse,
479 2992 657 3047 levata
1148 3008 1179 3047 ο
1201 3008 1323 3047 cum
1349 2996 1478 3049 viris

305 3077 441 3135 voce
473 3079 639 3133 quae-
1146 3068 1453 3135 generatio-

308 3132 430 3207 dam
465 3132 629 3207 muli-7
1147 3132 1231 3191 nis
1254 3138 1432 3207 hujus,
1461 3150 1514 3195 et

307 3220 366 3259 er
390 3206 528 3261 dixit
558 3206 637 3261 illi
670 3225 683 3260 :
1145 3206 1473 3264 condemna-

307 3276 506 3334 Beatus
536 3294 668 3333 ven-
1146 3280 1219 3334 vit
1248 3296 1377 3343 eos;
1406 3298 1541 3352 quo-

2450 321 2685 378 CODEX
2727 323 3182 382 VERONENSIS.

2016 413 2109 472 24.
2152 414 2232 483 (α)
2258 414 2391 469 Cum
2416 430 2509 471 au-

2017 494 2126 557 tem
2152 486 2193 557 1-
2224 487 2459 541 immun-

2016 556 2117 611 dus
2140 556 2362 627 spiritus

2018 630 2213 683 exierit
2245 631 2258 659 ¹
2289 630 2355 683 ab

2018 699 2259 763 homine,
2282 717 2395 755 am-

2017 770 2168 826 bulat
2195 789 2288 841 per

2018 842 2155 908 loca,
2191 859 2329 913 quae

2016 930 2123 968 non
2155 917 2353 971 habent

2016 1000 2231 1055 aquam,
2265 1004 2434 1057 quae-

2015 1072 2143 1112 rens
2174 1061 2414 1127 requiem
2436 1082 2451 1130 ;

2015 1138 2071 1182 et
2098 1145 2203 1183 non
2232 1131 2312 1184 iti-

2018 1202 2257 1265 venieus,
2286 1212 2411 1260 tunc

2015 1271 2158 1326 dicet
2183 1293 2195 1328 :
2230 1274 2491 1335 Revertar

2014 1344 2068 1397 in
2097 1344 2317 1400 domum
2334 1390 2348 1413 ,

2014 1416 2157 1471 unde
2184 1420 2348 1475 exivi.

2013 1485 2103 1541 25.
2148 1489 2215 1543 Et
2245 1507 2366 1546 cum
2391 1512 2483 1551 ve-

2015 1562 2175 1629 nerit,
2214 1565 2369 1620 inve-

2014 1634 2122 1688 niet
2147 1650 2265 1689 eam

2012 1706 2191 1774 scapis
2224 1724 2377 1763 mun-

2013 1776 2214 1841 datam,
2246 1790 2302 1834 et

2012 1848 2106 1901 25.
2149 1864 2416 1906 ornatam.
2448 1854 2516 1908 Et

2014 1928 2144 1975 tunc
2167 1925 2333 1989 vadit,

2014 2002 2069 2046 et
2098 1994 2170 2062 (ὁ)
2196 1995 2429 2050 adsumit
2449 1998 2489 2068 ’ξ’

2014 2075 2221 2133 septem
2256 2069 2393 2122 alios

2011 2138 2233 2205 spiritus
2257 2154 2351 2193 ne-

2011 2209 2231 2277 quiores
2260 2226 2342 2276 se,

2009 2280 2386 2351 etingressus,

2011 2350 2299 2410 inhabitat.

2009 2422 2077 2475 Et
2109 2426 2168 2477 iit
2195 2425 2341 2493 ejus-

2008 2495 2154 2548 modi
2190 2497 2423 2551 hominis

2008 2568 2114 2618 vita
2148 2568 2314 2621 multo

2012 2638 2163 2706 pejor
2197 2639 2412 2706 prioris.

2008 2709 2095 2762 27.
2145 2710 2363 2764 Factum
2390 2719 2474 2767 est

2007 2790 2209 2844 autem,
2245 2798 2367 2837 cum

2010 2851 2145 2907 haec
2170 2854 2394 2922 diceret,

2009 2926 2281 2980 extollens

2009 3011 2195 3051 vocem

2007 3070 2270 3136 quaedam
2300 3084 2420 3124 mu-

2008 3140 2129 3207 lier,
2160 3143 2296 3196 dixit
2326 3141 2402 3197 illi
2431 3156 2449 3195 :

2009 3212 2211 3268 Beatus

2007 3295 2220 3351 venter,

1624 3398 1856 3455 CODEX
1896 3400 2285 3456 BRIXIANUS.

306 3488 439 3545 Cum
473 3490 769 3545 inmundus
799 3491 1027 3559 spiritus
1060 3492 1263 3547 exierit
1288 3493 1355 3547 de
1388 3494 1629 3549 homine.
1663 3494 1906 3547 ambulat

309 3576 405 3632 per
434 3564 552 3617 loca
573 3564 723 3617 arida
741 3579 1009 3633 quaerens
1028 3566 1272 3633 requiem
1296 3574 1350 3618 et
1376 3581 1478 3619 nou
1500 3566 1803 3619 inveniens.
1830 3565 1905 3618 di-

308 3634 397 3689 cit.
417 3634 679 3689 Bevertar
708 3637 758 3688 in
784 3634 1001 3689 domum
1029 3652 1222 3689 meam.
1247 3636 1388 3691 unde
1420 3638 1559 3689 exivi
1589 3637 1654 3691 Et
1676 3636 1903 3689 veniens

309 3704 575 3761 invenerit
602 3718 888 3760 vat-antem
931 3707 1110 3775 se0pis
1165 3708 1475 3761 ιιὶιὶιὶιὶιὶιὶιὶιὶ
1528 3718 1581 3761 et
1624 3716 1897 3761 ornatam.

310 3776 459 3850 Tunc
482 3779 630 3832 vadit
657 3786 711 3833 et
737 3780 810 3850 (b)
845 3780 1073 3833 assumit
1101 3779 1140 3850 -ξσ
1168 3788 1373 3849 septem
1399 3780 1533 3833 alios
1564 3780 1785 3847 spiritus
1810 3795 1902 3833 ue-

310 3849 572 3918 quitiores
600 3865 658 3904 se
705 3862 757 3904 et
788 3851 1015 3920 ingressi
1064 3849 1311 3905 habitant
1340 3852 1409 3905 ibi
1444 3853 1502 3904 Et
1533 3865 1687 3905 erunt
1723 3853 1903 3903 novis-

310 3925 441 3975 sima
471 3922 706 3976 hominis
734 3923 881 3975 illius
915 3924 1095 3991 pejora
1128 3924 1415 3987 prioribus.
1442 3924 1660 3977 Factum
1696 3934 1775 3976 est
1805 3938 1902 3975 au-

315 4001 415 4046 tem
461 4010 583 4047 cum
635 3993 769 4049 haec
820 3995 1045 4049 diceret.
1080 3995 1351 4049 extollens
1385 4011 1590 4048 vocem.
1636 3994 1899 4064 quaedam

312 4066 506 4121 mulier
532 4065 602 4121 de
626 4067 779 4120 turba
812 4067 947 4120 dixit
971 4067 1045 4120 illi
1081 4066 1280 4120 Beatus
1314 4074 1499 4121 venter
1524 4068 1612 4137 qui
1645 4079 1694 4121 te
1722 4075 1906 4135 porta—

2849 418 2939 490 qui
2970 427 3021 473 te

2850 491 3107 560 portavit,

2853 571 2909 617 et
2940 560 3128 629 ubera,

2854 648 2992 703 quae

2854 704 3069 760 suxisti.

2846 775 2936 831 28.
2980 776 3060 829 Ad
3093 777 3182 832 ille
3207 778 3343 833 dixit

2847 847 2915 902 ad
2942 862 3036 902 eos
3064 866 3076 901 :
3112 848 3284 917 Beati,

2847 922 2936 990 qui
2970 920 3198 975 audiunt

2850 991 3070 1045 verbum
3099 991 3215 1057 Dei,

2848 1062 2923 1133 (c)
2949 1073 3003 1116 et
3030 1074 3209 1118 custo-

2849 1133 2999 1205 diunt
3024 1134 3084 1205 -j-.

2849 1204 2942 1260 29.
2984 1204 3176 1260 Turbis
3212 1218 3393 1264 autem

2850 1277 3320 1346 concurrentibus,

2851 1349 3028 1417 coepit
3057 1348 3238 1405 dicere
3273 1369 3285 1404 :

2852 1419 3144 1474 Generatio
3172 1422 3324 1486 haec,

2848 1494 3126 1561 generatio
3151 1508 3270 1563 pes-

2849 1578 2985 1616 Slma
3014 1580 3027 1616 ζ

2850 1634 3066 1705 signum

2850 1710 3063 1777 quaerit
3086 1726 3100 1771 ;
3123 1717 3181 1762 et

2850 1780 3060 1849 signum
3092 1795 3197 1835 non

2850 1851 3068 1904 dabitur
3098 1852 3195 1916 illi,

2848 1922 2953 1977 nisi
2976 1924 3186 1993 signum

2848 1994 2936 2048 30.
2980 1995 3171 2050 Jonae.
3200 1995 3333 2051 Nam

2848 2067 2991 2120 sicut
3015 2068 3113 2121 fuit

2850 2137 3016 2193 Jonas

2850 2211 3063 2279 signum

2846 2281 3111 2337 Ninevitis
3142 2301 3157 2349 ;

2844 2355 2916 2407 ita
2942 2354 3045 2407 erit
3067 2363 3123 2407 et

2846 2424 3015 2478 Filius
3038 2425 3134 2479 ho-

2845 2496 3006 2549 minis
3030 2512 3121 2565 ge-

2846 2568 3110 2622 nerationi

2844 2638 2989 2693 huic.

2844 2710 2934 2764 5i.
2978 2710 3183 2781 Regina
3213 2711 3280 2765 ab

2843 2782 3045 2837 Austro
3067 2798 3187 2837 sur-

2842 2861 2934 2921 get
2966 2854 3017 2907 in
3044 2854 3132 2922 ju-

2843 2924 2987 2978 dicio
3012 2940 3137 2979 cum

2844 2997 2976 3050 viris
3006 3012 3099 3065 ge-

2844 3068 3142 3123 nerationis

2844 3139 3025 3207 hujus,
3052 3150 3106 3194 et

2843 3212 3176 3266 condemna-

2842 3283 2922 3338 bit
2950 3283 3103 3348 illos;

2012 3496 2089 3548 vit
2117 3505 2170 3550 et
2202 3496 2367 3549 ubera
2398 3508 2535 3563 quae
2561 3492 2775 3547 suxisti.
2805 3492 2885 3546 Ad
2913 3492 3004 3546 ille
3032 3490 3184 3544 dixit.
3211 3488 3363 3563 Beati
3393 3488 3483 3559 qui
3511 3502 3603 3543 au-

2010 3566 2165 3620 dittnt
2196 3562 2425 3619 verbum
2442 3566 2554 3619 Dei.
2590 3564 2663 3634 (c)
2696 3575 2748 3618 et
2775 3564 3085 3617 custodimit
3109 3563 3166 3633 -’,-.
3192 3562 3389 3634 Turbis
3420 3571 3600 3614 autem

2010 3637 2482 3691 concurrentibus.
2529 3633 2707 3704 coepit
2737 3636 2916 3689 dicere
2948 3636 3235 3689 Generatio
3281 3633 3413 3686 haec
3440 3646 3604 3704 gene-

2010 3710 2147 3762 ratio
2175 3710 2405 3777 pvssima
2433 3718 2517 3761 est
2540 3702 2753 3773 signum
2784 3708 3013 3776 quaerit.
3047 3716 3101 3760 et
3125 3706 3337 3777 signum
3368 3719 3474 3758 non
3503 3702 3602 3777 da-

2008 3775 2251 3833 bitur—ei.
2287 3779 2391 3833 nisi
2419 3782 2631 3848 signum
2679 3775 2847 3832 lunae
2889 3777 3212 3846 Pt'upltelae.
3266 3776 3419 3831 Sicut
3456 3775 3602 3848 enim

2007 3851 2105 3906 fuit
2133 3852 2297 3906 Jonas
2325 3846 2535 3920 signum
2564 3849 2845 3904 Ninevitis.
2880 3850 2947 3902 ita
2980 3852 3084 3903 erit
3110 3848 3277 3903 Filius
3291 3846 3601 3920 hominisin

2006 3926 2357 3993 generatione
2376 3917 2523 3977 —hac.
2578 3922 2783 3991 Regina
2818 3924 3000 3975 Austri
3048 3933 3234 3989 surget
3279 3921 3331 3973 in
3374 3917 3595 3993 judicio.

2007 3991 2127 4051 cum
2177 3998 2305 4051 viris
2349 3997 2719 4066 generationis
2771 3993 2929 4063 hujus
2972 4006 3025 4047 et
3054 3991 3434 4048 condemnavit
3484 4006 3598 4045 eos.

1571 4199 1801 4257 CODEX
1842 4198 2308 4255 CORBEIENSIS.

379 4318 470 4374 24.
515 4321 536 4351 ²
568 4319 909 4390 perambulat
933 4319 1048 4373 loca
1070 4361 1082 4383 ,
1108 4334 1246 4389 quae
1275 4334 1378 4372 non
1403 4318 1606 4372 habent
1637 4332 1851 4385 aquam.

383 4391 475 4445 26.
520 4389 580 4446 et
595 4393 825 4461 regressi
849 4433 863 4453 ,
891 4392 1213 4445 inhabitant.
1242 4392 1309 4445 Et
1330 4392 1389 4444 tit
1410 4390 1715 4459 bujusmodi
1740 4389 1911 4442 homi-

316 4467 396 4524 nis
418 4466 526 4517 vita
557 4468 726 4519 multo
751 4462 901 4531 pejor
930 4464 1130 4533 priore.

370 4534 460 4592 28.
502 4537 574 4590 At
613 4536 705 4591 ille
746 4534 768 4566 ³
792 4532 941 4589 dixit
958 4535 1025 4589 ad
1051 4549 1144 4590 eos
1175 4552 1187 4586 :
1222 4534 1369 4589 Beati
1399 4534 1489 4605 qui
1530 4532 1755 4588 audiunt
1781 4547 1906 4587 ver-

2013 4316 2140 4369 bum
2173 4314 2304 4378 Dei,
2334 4323 2443 4368 etc.

2087 4388 2175 4441 '50.
2224 4390 2294 4438 ita
2322 4385 2424 4439 erit
2451 4393 2505 4437 et
2531 4383 2701 4437 Filius
2730 4380 2961 4434 hominis
2991 4381 3043 4433 in
3074 4381 3421 4450 generatione
3451 4380 3552 4435 hac
3587 4400 3599 4435 :

2015 4469 2069 4512 et
2101 4456 2423 4512 sicutJonas
2452 4456 2503 4509 in
2535 4464 2689 4508 utero
2724 4453 2865 4508 coeti
2894 4452 3021 4517 fuit;
3054 4456 3128 4507 sic
3160 4462 3213 4506 et
3244 4454 3412 4508 Filius
3434 4454 3605 4508 homi-

2017 4532 2099 4584 nis
2123 4531 2173 4583 iu
2205 4529 2368 4583 corde
2406 4535 2602 4581 terrae.

1558 4648 1949 4706 VARIANTES
1988 4643 2391 4702 LECTlONl'IS.

373 4747 389 4775 ⁸
426 4748 539 4797 Gal.
574 4746 951 4797 ah'homine....
994 4753 1046 4796 et
1080 4758 1328 4808 quaerens
1365 4746 1612 4808 requiem,
1653 4744 1775 4808 Min.

313 4820 438 4871 quae
471 4823 568 4859 non
608 4809 759 4859 habet
798 4812 1038 4873 requiem,
1074 4806 1125 4858 et
1162 4820 1273 4858 non.
1311 4806 1455 4872 Vulgi
1498 4808 1561 4855 de
1602 4806 1900 4853 bomine.....

314 4883 559 4933 quaerens
580 4874 821 4935 requiem,
847 4881 899 4922 et
922 4885 1035 4921 non.

376 4936 394 4965 ¹
429 4937 536 4986 ϐαι.
566 4929 870 5000 perambulat
892 4950 981 4999 per
1003 4936 1105 4984 loca
1124 4935 1373 4997 iuaquosa.
1400 4935 1519 4982 Mm.
1540 4929 1908 4994 perambulabat

2010 4752 2104 4801 per
2127 4736 2229 4785 loca
2258 4738 2504 4798 inaquosa.

2076 4801 2097 4831 ³
2132 4801 2236 4849 Gut.
2261 4796 2386 4848 dixit
2408 4813 2419 4849 :
2439 4800 2630 4861 Quippe
2657 4797 2706 4847 hi
2726 4798 2920 4850 beati...
2948 4798 3240 4849 custodiunt.
3259 4800 3371 4848 Mm.
3398 4796 3524 4846 dixit
3546 4797 3604 4847 ad

2013 4876 2132 4913 eos:
2155 4863 2378 4913 Beati....
2404 4864 2702 4911 custodiunt.

1013 5052 1306 5093 LECTIONES
1332 5050 1535 5091 CODICIS
1562 5048 1977 5089 VINDEBUNENSIS
2000 5047 2269 5089 ABEUNTES
2290 5048 2354 5086 AB
2386 5046 2634 5087 EDITIONE
2664 5046 2931 5088 VULGATA.

372 5152 449 5203 24.
472 5151 535 5202 Et
556 5165 664 5201 cum
685 5151 959 5201 immundus
973 5151 1173 5211 spiritus
1190 5148 1371 5197 exierit
1390 5148 1453 5196 de
1474 5147 1688 5206 homine,
1713 5158 1902 5211 peram~

314 5216 445 5266 bulat
485 5230 575 5279 per
608 5215 730 5274 loca,
757 5216 836 5262 ubi
864 5227 956 5279 non
982 5210 1349 5279 liabetaquam,
1377 5223 1627 5279 quaerens
1650 5210 1902 5279 requiem;

315 5289 363 5328 et
381 5273 496 5328 culti
516 5291 610 5327 ηοιὶ
636 5279 900 5338 invenerit,
920 5277 1052 5325 dicit.
1116 5275 1193 5325 23.
1220 5273 1281 5322 Et
1304 5287 1411 5322 cum
1434 5274 1642 5338 venerit,
1669 5273 1903 5338 inveniet.

309 5342 386 5391 26.
436 5343 495 5391 Et
533 5349 649 5390 tunc
685 5341 841 5399 vadit,
888 5333 939 5388 et
962 5340 1169 5387 adsumit
1208 5344 1397 5399 septem
1432 5333 1550 5383 alios
1582 5337 1783 5396 Spiritus
1815 5347 1907 5399 ne-

314 5408 515 5467 quiores
553 5397 879 5467 se._lngresSi
928 5402 1236 5467 inhabitant;
1258 5397 1318 5467 Et
1350 5397 1907 5467 iit__liujt_i_smodi_homi-

314 5459 387 5517 uis
421 5470 520 5519 vita
556 5459 881 5529 multo-pejor
919 5465 1115 5527 prioris.
1178 5460 1256 5509 28.
1292 5459 1366 5509 Ad
1402 5460 1484 5510 ille
1510 5459 1642 5510 dixit
1683 5460 1742 5509 ad
1786 5473 1905 5509 eos:

2010 5144 2229 5193 Beati...
2272 5143 2560 5191 custodiunt.
2630 5143 2707 5191 29.
2750 5156 2910 5253 nequa
2948 5150 3023 5193 est
3060 5160 3071 5193 :
3107 5146 3302 5206 signum
3323 5147 3515 5208 quaerit
3537 5146 3601 5194 de

2012 5206 2169 5253 caelo.
2194 5213 2245 5253 et
2268 5207 2457 5253 siuuum
2482 5218 2575 5253 non
2601 5205 2795 5253 dabitur
2820 5208 2831 5253 i
2858 5206 2885 5253 li
2903 5247 2916 5253 _
2942 5208 3030 5253 nisi
3056 5208 3247 5253 sianum
3279 5208 3452 5253 .lonae.
3518 5210 3600 5253 5t)-

2012 5206 2169 5269 caelo,
2194 5213 2245 5253 et
2268 5207 2575 5269 signum_uon
2601 5205 2795 5253 dabitur
2820 5205 2916 5269 illi,
2942 5208 3030 5255 nisi
3056 5205 3247 5269 signum
3279 5205 3452 5256 Jonae.
3518 5210 3600 5259 5t).

2012 5266 2163 5316 Sicut
2185 5269 2313 5316 enim
2340 5270 2426 5315 fuit
2450 5266 2596 5314 Jonas
2634 5270 2826 5329 signum
2849 5266 3123 5329 Ninevitisf
3159 5273 3223 5319 ita
3248 5272 3341 5319 erit
3377 5278 3424 5319 et
3452 5269 3600 5320 Filius

2014 5330 2219 5396 hominis
2238 5330 2452 5396 iu_cord_e
2471 5338 2659 5396 terrae.
2681 5392 2692 5396 _
2720 5329 2805 5396 51.
2831 5338 2985 5396 surgit
3021 5335 3068 5381 in
3089 5334 3345 5396 judicio....
3368 5333 3599 5383 condem-

2013 5393 2226 5442 navit....
2265 5391 2371 5454 plus
2401 5392 2658 5443 Salamoue
2681 5392 2776 5444 hic.

1636 5566 2001 5624 BLANCIIINI
2039 5565 2266 5625 NOTAE.

383 5672 470 5746 (αὶ
512 5670 674 5727 Addit
716 5681 913 5746 autem,
966 5668 1126 5746 etiam
1174 5664 1487 5746 cod.‘Cant.
1535 5663 1608 5746 δέ.
1655 5663 1854 5746 —_(Q)
1899 5664 2029 5746 Post
2083 5664 2325 5731 adsuunt,
2364 5663 2518 5721 deest
2552 5657 2754 5736 secum,
2812 5666 3010 5737 pariter
3072 5667 3127 5721 in
3184 5674 3331 5722 textu
3382 5665 3476 5723 Gr.
3526 5694 3594 5707 ——

316 5732 405 5816 (ιδ’
441 5732 577 5801 Ῥοει
622 5732 943 5813 custodiunt,
994 5732 1148 5797 deest
1197 5732 1359 5807 illud,
1392 5737 1553 5795 etiam
1580 5739 1631 5791 in
1657 5732 1964 5793 cod.'Cant.
1984 5770 1995 5807 A1
