2027 3099
14 1875 22 1915 i

175 139 228 169 609

173 245 221 273 tis.
245 266 252 273 .
264 245 374 274 cubicu—

172 280 220 313 lis,
236 282 376 316 praedica-

171 316 248 353 bitur
259 324 340 353 supra

172 352 202 380 4.
224 357 242 380 ι.
266 373 272 379 .
294 352 340 381 ζει.
353 354 418 383 Dico
431 362 476 383 vo-

172 388 227 419 bis.
241 390 318 424 quasi
331 390 426 419 amicis
439 401 446 419 :

172 424 259 452 nolite
272 429 360 453 terre-

172 459 197 487 ri
212 461 250 497 ab
261 460 312 494 his,
328 462 374 497 qui

172 496 300 524 occidunt
309 517 316 528 .

172 537 201 559 et
214 537 275 566 post
289 533 356 561 haec

173 575 227 595 non
244 568 347 596 habent

172 603 302 640 amplius,
313 605 387 640 quod

174 639 283 666 faciant.

174 675 201 702 5.
221 675 399 703 Demonstra-

176 710 210 738 bo
222 716 312 739 autem
327 719 375 739 vo-

179 746 227 779 bis,
239 755 319 781 quem
331 748 365 774 ti-

179 783 269 810 meatis
285 791 292 809 :
309 790 383 815 eum,

180 819 231 853 qui.
245 824 388 854 postquam

183 855 189 868 ¹
204 855 345 887 occiderit,
359 854 405 882 ha-

182 890 221 917 bet
232 895 349 925 potesta-

183 931 229 952 tem
245 927 355 953 mitten-

182 961 204 988 di
217 962 242 989 in
256 962 359 997 gehen-

182 1005 246 1025 natn.
264 997 331 1025 Dico
347 1005 394 1026 vo—

182 1032 227 1066 bis,
240 1034 312 1061 bunc
326 1033 359 1061 ti-

185 1075 260 1097 mete.

183 1104 205 1132 6.
223 1104 318 1133 Nonne
330 1106 409 1141 quin-

182 1148 228 1174 que
241 1148 366 1176 passeres

183 1177 191 1191 ¹
200 1176 331 1210 depondio
346 1185 393 1205 ve-

183 1212 272 1239 niunt?
283 1218 312 1241 et
323 1221 355 1241 u-

183 1256 226 1276 illis
239 1256 334 1276 eorum

183 1292 230 1325 non
244 1291 286 1325 est
299 1285 326 1312 in
337 1285 407 1314 obli-

183 1327 255 1348 \uone
266 1329 292 1348 In
306 1328 387 1348 COIIS~

184 1355 207 1382 7.
225 1361 303 1391 pectu
318 1357 377 1385 Dei.
392 1356 446 1385 Sed

183 1397 206 1418 et
216 1392 305 1427 capilli
316 1400 362 1420 ca-

183 1428 240 1462 pitis
254 1429 337 1456 vestri

182 1471 272 1492 omnes
289 1472 384 1493 nume-

181 1500 228 1527 rati
242 1505 315 1528 sunt.
332 1500 388 1529 No-

180 1535 223 1563 lite
236 1537 349 1570 timere;

181 1571 190 1586 ³
205 1572 289 1609 multo
304 1581 351 1609 vos
364 1580 429 1609 pas-

180 1608 284 1636 seribus
297 1608 349 1637 dif-

181 1641 267 1671 fertis.

179 1678 204 1705 8.
227 1679 292 1708 Dico
302 1680 381 1709 vobis
397 1689 404 1707 :
418 1680 483 1708 0m-

178 1715 228 1749 nis,
244 1717 365 1751 quicum-

179 1820 243 1848 estis
268 1821 294 1848 in
319 1822 462 1851 cubiculis.
480 1823 677 1858 praedicabitur
701 1831 783 1857 super
804 1827 883 1851 tecta.
909 1823 973 1850 Dico

179 1862 266 1884 autem
279 1858 354 1885 vobis
364 1860 458 1887 amicis
470 1860 546 1887 meis.
556 1860 594 1887 Ne
610 1860 764 1887 terreamini
777 1858 810 1886 ab
823 1858 865 1886 his
872 1858 916 1893 qui
928 1866 973 1885 oc-

657 163 659 165 -
701 142 929 173 EVANGELIUM
947 142 1132 173 SECUNDUM
1152 143 1280 173 LUCAM.

370 198 486 229 CODEX
504 199 776 231 VERCELLENSIS.

591 256 643 284 que
654 249 762 277 Confes-

590 291 637 312 sus
650 284 662 300 ἰ
676 285 754 313 tuerit
768 292 813 313 me

590 327 683 348 Coram
699 321 786 348 homi-

592 356 683 389 nibus,
697 361 725 383 et
739 356 807 384 Fili-

591 399 623 419 us
637 392 754 419 hominis

591 427 766 455 conﬁtebitur

591 470 652 491 eum
668 471 760 491 coram

591 500 702 534 Angelis
716 499 763 526 Dei
777 508 784 526 :

591 535 618 562 9.
641 536 686 570 qui
701 539 792 563 autem

593 571 733 605 negaverit

591 614 635 633 me
649 614 738 634 coram
752 607 801 635 ho-

592 642 720 675 minibus,
735 643 783 670 ab-

592 678 735 712 negabitur

591 720 683 741 coram
694 714 785 748 Ange-

592 749 637 777 10.
658 750 691 777 lis
703 749 762 776 Dei.
778 749 811 776 Et
823 756 882 777 om-

590 785 643 817 nis,
659 786 704 820 qui
720 785 795 812 dixe-

592 821 627 848 rit
638 821 750 848 verbum

590 856 617 883 iu
629 856 726 884 Filiunt
737 857 785 884 ho-

590 893 682 924 minis,
700 893 793 920 remit-

591 933 662 955 tetur
677 929 714 956 illi
727 938 733 955 :
746 928 791 962 qui

591 968 681 991 autem
694 964 768 992 blas-

591 999 763 1034 phemaverit

592 1036 728 1077 Spiritum.
740 1036 881 1070 Sanctum,

592 1079 646 1099 non
661 1077 756 1099 remit-

592 1112 663 1135 tetur
676 1107 727 1135 illi.

592 1144 636 1171 11.
658 1143 725 1171 Cum
738 1148 830 1172 autem

590 1178 726 1207 adducent

592 1221 640 1242 vos
655 1215 688 1242 ad
705 1215 791 1251 Syna-

591 1258 684 1286 gogas,
706 1257 733 1278 et
748 1251 827 1278 Prin-

591 1287 676 1321 cipes,
693 1291 721 1314 et
735 1288 783 1314 Po-

593 1327 714 1354 testates,
730 1330 782 1350 no-

592 1358 640 1385 lite
653 1358 761 1386 solliciti

592 1401 664 1427 esse,
679 1402 794 1428 quomo—

592 1430 628 1458 do
643 1431 777 1458 rationem

593 1465 723 1499 reddatis,
742 1472 787 1494 aut

593 1502 655 1537 quid
671 1501 768 1530 dicatis
781 1511 787 1529 :

593 1538 638 1565 12.
659 1538 775 1565 Sanctus
787 1538 860 1566 enim

592 1574 709 1608 Spiritus
724 1574 832 1602 docebit

593 1617 641 1637 vos
655 1610 749 1637 eadem

594 1645 673 1677 hora,
686 1645 726 1680 (ά)
742 1653 812 1681 quae
824 1646 843 1681 ἦ·

593 1686 719 1716 oporteat
729 1682 769 1709 di-

592 1724 668 1745 cere.

1747 143 1752 175 Ῐ
1767 144 1819 173 610

1238 201 1353 229 CODEX
1376 200 1601 231 VERONENSIS.

1023 250 1099 282 estis,
1115 257 1194 284 prae-

1022 285 1155 313 dicabitur
1168 293 1251 320 super

1023 326 1103 352 tecta.
1124 329 1173 348 nec
1186 328 1239 348 nou

1023 363 1051 385 et
1064 358 1089 384 in
1104 357 1209 391 plateis.

1023 394 1049 421 4.
1071 393 1138 420 Dico
1148 398 1237 420 autem

1023 429 1100 456 vobis
1114 429 1209 456 amicis

1024 465 1091 492 meis
1107 474 1113 491 :
1129 464 1218 492 videte

1023 509 1058 528 ne
1070 500 1225 527 terreamini

1023 536 1057 564 ab
1073 535 1125 569 his,
1138 536 1184 570 qui

1023 572 1151 599 occidunt
1164 579 1223 598 cor—

1024 614 1084 642 pus.
1102 611 1129 634 et
1143 612 1204 642 post

1025 644 1092 670 haec
1107 651 1159 670 non

1023 678 1123 706 habent
1136 679 1264 715 amplius.

1024 715 1094 749 quod
1113 715 1222 742 faciant.

1024 751 1051 777 5.
1072 750 1219 777 Ostendam
1230 754 1320 778 autem

1024 786 1110 819 vobis,
1127 794 1208 821 quem

1024 822 1142 849 timentis
1156 832 1162 848 :
1177 822 1271 850 timete

1024 865 1097 890 eum,
1114 858 1158 892 qui
1175 862 1249 892 post-

1024 901 1105 928 quam
1121 894 1230 926 occidit,

1025 929 1108 956 habet
1121 934 1198 963 pote-

1025 970 1122 992 statem
1139 966 1202 992 mit-

1026 1005 1084 1028 tere
1098 1001 1123 1027 in
1139 1001 1243 1036 gehen-

1026 1044 1100 1064 nam.
1119 1036 1206 1064 Etiam

1026 1072 1192 1105 dico-vobis,

1027 1108 1099 1135 hunc
1114 1108 1217 1137 timete.

1026 1143 1054 1171 6.
1074 1143 1169 1172 Nonne
1185 1144 1239 1172 duo

1024 1187 1150 1215 passeres
1165 1188 1227 1208 asse

1025 1216 1155 1243 veniunt?
1170 1221 1198 1243 et

1025 1259 1108 1278 unum
1121 1259 1155 1279 ex
1171 1251 1226 1278 illis

1024 1295 1078 1314 non
1094 1287 1166 1315 cadit

1024 1323 1084 1350 sine
1098 1323 1235 1350 voluntate

1024 1358 1051 1385 7.
1074 1359 1132 1387 Dei.
1142 1358 1196 1387 Sed
1206 1363 1234 1386 et

1024 1395 1113 1436 capilli
1127 1402 1172 1422 ca-

1025 1431 1088 1465 pitis
1108 1431 1192 1459 vestri

1024 1474 1120 1494 omnes
1133 1474 1228 1495 nume—

1024 1503 1075 1530 rati
1090 1507 1163 1530 sunt.

1024 1537 1112 1566 Nolite
1129 1539 1225 1566 timere
1241 1547 1247 1565 :

1024 1574 1116 1601 multis
1133 1575 1290 1609 passeribus

1024 1610 1117 1674 glures
1133 1610 1171 1646 (a)
1185 1611 1251 1652 estis
1263 1610 1295 1646 1-.

1044 1666 1051 1672 .
1074 1646 1139 1673 Dtco
1154 1646 1234 1673 vohts
1250 1655 1257 1672 :

1044 1666 1051 1672 .
1074 1646 1139 1673 Dico
1154 1646 1234 1673 vobis
1250 1655 1257 1672 :

1025 1689 1131 1715 omnes,
1148 1682 1209 1716 qui-

1026 1725 1142 1751 cumque
1156 1725 1200 1745 me

828 1775 945 1803 CODEX
962 1774 1161 1803 BRIXIANUS.

1024 1822 1112 1850 fessus
1136 1822 1217 1849 fuerit
1243 1829 1335 1851 coram
1361 1822 1526 1850 hominibus.
1558 1827 1585 1850 et
1601 1823 1687 1850 Filius
1706 1821 1825 1851 hominis

1440 248 1581 277 confessus
1597 248 1677 277 fuerit

1439 292 1530 312 coram
1550 285 1636 312 homi-

1439 320 1529 353 nibus,
1545 325 1572 348 et
1586 320 1629 347 Fi—

1439 356 1491 384 lius
1507 356 1625 384 hominis

1438 392 1614 420 conﬁtebitur

1438 428 1514 455 illum
1530 435 1624 455 coram

1438 463 1549 499 Angelis
1562 463 1610 491 Dei
1623 472 1630 488 :

1439 499 1466 527 9.
1487 499 1533 534 qui
1545 504 1634 527 autem
1647 507 1726 535 nega-

1439 535 1509 562 verit
1524 543 1566 562 me

1440 578 1533 598 coram

1440 607 1607 639 hominibus,

1440 643 1544 678 negabo
1557 647 1585 670 et

1441 686 1491 714 ego
1504 686 1566 706 eum

1440 721 1532 742 coram
1549 714 1629 743 Patre

1440 758 1511 782 meo,
1524 751 1569 784 qui
1581 756 1624 778 est

1440 786 1466 813 in
1483 786 1577 813 caelis.

1441 822 1484 858 10.
1507 822 1540 849 Et
1555 829 1662 856 omnes,
1677 822 1723 858 qui

1440 857 1505 885 dicit
1518 858 1629 885 verbum

1439 893 1466 920 in
1482 893 1579 921 Filium
1595 894 1644 920 ho-

1440 929 1531 962 minis,
1546 930 1667 958 remitte-

1441 968 1486 992 tur
1499 965 1524 993 ei
1539 974 1545 991 :

1442 1001 1486 1035 qui
1504 1005 1592 1029 autem

1443 1036 1470 1063 in
1486 1036 1589 1071 Spiritu

1443 1072 1567 1100 Sancto.
1584 1092 1592 1097 .
1610 1093 1617 1099 .
1636 1093 1642 1099 .
1662 1093 1669 1100 .

1443 1108 1488 1135 11.
1504 1116 1558 1135 non
1574 1109 1726 1137 remittetur

1442 1144 1478 1171 ei.
1494 1144 1561 1171 Cum
1576 1152 1624 1171 au-

1443 1184 1497 1207 tem
1513 1180 1550 1216 (b)
1567 1180 1666 1208 ducent
1674 1181 1693 1216 1-

1442 1223 1490 1243 vos
1504 1216 1531 1243 in
1546 1216 1634 1252 Syna—

1441 1252 1527 1286 καεὶς,
1540 1257 1567 1279 et
1579 1252 1613 1279 ad

1441 1286 1626 1322 Magistratus,

1441 1326 1469 1350 et
1483 1323 1648 1354 Potestates.

1441 1359 1528 1386 nolite
1543 1359 1654 1386 solliciti

1441 1401 1502 1421 esse
1517 1394 1564 1430 (ε),
1580 1402 1648 1429 qua—

1441 1429 1510 1466 liter,
1520 1429 1546 1466 1-⁷
1556 1438 1670 1465 respon—

1441 1465 1539 1499 deatis,
1555 1471 1601 1493 aut

1442 1502 1485 1528 12.
1500 1502 1599 1538 dicatis
1613 1512 1619 1530 :
1635 1501 1696 1538 Spi-

1441 1538 1510 1565 ritus
1525 1537 1597 1566 enim

1441 1573 1557 1601 Sanctus
1570 1574 1655 1603 doce-

1442 1609 1482 1636 bit
1491 1617 1539 1637 vos
1555 1609 1582 1637 in

1442 1645 1500 1679 ipsa
1516 1646 1582 1673 hora
1593 1667 1602 1678 ,

1442 1681 1484 1716 (d)
1499 1689 1570 1718 quae
1582 1681 1603 1717 -ι-
1617 1689 1698 1718 opor-

1443 1720 1497 1744 teat
1510 1716 1612 1746 dicere.

1025 1858 1201 1886 conlitebitur
1212 1858 1285 1885 illtnn
1306 1866 1396 1886 coram
1412 1858 1522 1893 Angelis
1535 1858 1595 1886 Dei.
1610 1859 1654 1894 qui
1676 1862 1765 1886 autem
1778 1866 1826 1886 tte-

179 1893 399 1930 cidunticorpus.
422 1900 526 1930 etpost
550 1897 627 1923 haec.
653 1903 706 1923 non
735 1895 833 1922 ltabent
858 1894 974 1929 amplius

179 1929 246 1963 quod
270 1929 380 1957 faciant.
402 1929 549 1958 Ostendam
573 1937 662 1959 autem
685 1931 760 1958 vobis
786 1938 865 1965 quem
880 1932 975 1957 timea-

180 1966 221 1991 tis.
253 1965 345 1993 timete
383 1975 454 1994 eum.
484 1968 528 2001 qtti
561 1972 702 2003 postquam
727 1967 867 1994 occiderit.
895 1966 976 1992 habet

180 2005 340 2038 potestatem,
352 2003 459 2030 mittere
472 2003 498 2030 in
513 2002 662 2038 gehennam
676 2002 711 2029 Ita
731 2003 793 2030 dico
808 2002 883 2029 vobis
906 2004 975 2028 hunc

180 2036 280 2064 timete.
318 2037 414 2065 Nonne
429 2036 545 2074 quinque
565 2046 687 2074 passeres
702 2044 819 2066 veneunt
833 2037 973 2074 dipundio.

181 2077 205 2098 et
230 2080 300 2100 unus
324 2081 357 2100 ex
373 2074 426 2101 illis
449 2073 507 2101 non
525 2073 570 2102 est
588 2075 615 2102 in
635 2074 771 2102 oblivione
793 2082 884 2101 coram
906 2073 971 2101 Deo.

182 2107 237 2144 Sed
260 2114 288 2136 et
302 2109 392 2143 capilli
413 2110 508 2144 capitis
523 2112 607 2138 vestri
634 2118 729 2138 omnes
748 2110 880 2137 numerati
902 2114 974 2136 sunt.

184 2142 279 2181 Nolite
293 2142 358 2181 ergo
381 2142 476 2173 timere
490 2146 581 2174 multis
603 2146 756 2181 passeribus
769 2146 977 2173 excellentiores

186 2152 268 2171 uoute
293 2152 323 2172 er
342 2153 358 2173 ο
381 2152 476 2173 timere
490 2152 581 2174 mulllS
603 2152 756 2181 passeribus
769 2152 977 2173 excelletlltores

186 2178 220 2214 (η)
232 2180 297 2208 estis
374 2181 439 2209 Dico
452 2186 542 2210 autem
566 2183 653 2211 vobis.
678 2183 767 2210 omnis
787 2182 832 2217 qui
845 2189 889 2209 me
912 2188 978 2208 con-

1025 1895 1188 1929 gaveritme
1216 1902 1308 1921 coram
1337 1894 1501 1921 ttominibus.
1529 1894 1706 1929 denegavitur
1732 1902 1825 1923 coram

1026 1930 1136 1965 Angelis
1162 1929 1218 1957 Dei.
1236 1930 1267 1957 Et
1290 1931 1378 1957 omnis
1394 1932 1438 1965 qui
1453 1930 1517 1957 dicit
1539 1931 1649 1957 verbttm
1675 1930 1700 1957 in
1726 1930 1836 1958 Filium-

1027 1966 1143 1993 hominis
1158 1966 1312 1993 remittetur
1326 1966 1362 1993 illi
1374 1966 1399 1994 ei
1411 1972 1500 1993 autent
1511 1966 1557 2001 qui
1571 1967 1598 1993 in
1612 1966 1742 2001 Spiritum
1756 1966 1826 1994 Satt-

1027 2007 1099 2029 ctum
1116 2002 1402 2036 blasphemaveritnou
1423 2002 1586 2030 remittetur.
1602 2002 1667 2029 Cum
1683 2007 1771 2029 autem
1788 2003 1827 2029 in-

1028 2037 1127 2065 ducent
1138 2046 1184 2064 vos
1199 2039 1223 2063 in
1237 2038 1385 2073 Synagogis
1401 2043 1428 2066 et
1441 2039 1474 2065 ad
1490 2038 1670 2073 Magistratus.
1686 2043 1713 2065 et
1725 2038 1757 2065 ad
1773 2038 1826 2065 Po-

1032 2078 1153 2101 testates.
1173 2074 1255 2101 nolite
1270 2075 1377 2100 solliciti
1395 2081 1465 2102 esse.
1489 2074 1605 2108 qualiter
1625 2078 1672 2101 aut
1690 2073 1754 2109 quid
1770 2081 1827 2101 res-

1031 2109 1183 2144 pondeatis.
1199 2115 1244 2136 aut
1260 2111 1321 2144 quid
1346 2110 1452 2137 dicatis.
1476 2110 1593 2144 Spiritus
1616 2110 1688 2137 enim
1712 2110 1827 2137 Sanctus

1029 2145 1137 2173 docebit
1148 2153 1196 2173 vos
1210 2146 1237 2172 in
1252 2146 1309 2180 ipsa
1331 2146 1398 2173 hora
1413 2146 1452 2181 (ά)
1468 2153 1537 2181 quae
1550 2145 1571 2180 ’ἲ
1585 2150 1708 2180 oporteat
1722 2145 1825 2173 dicere.

819 2242 935 2271 CODEX
950 2242 1185 2271 CORBEIENSIS.

217 2288 279 2319 CAP.
298 2291 355 2319 ΧΠ.
370 2308 403 2312 —
417 2293 444 2320 8.
466 2296 493 2321 et
506 2292 591 2320 Filius
601 2292 718 2320 hominis
733 2290 907 2319 confitebitur
920 2290 931 2306 ⁸
946 2289 973 2318 ἱη

188 2324 255 2363 illo-l-
266 2335 326 2355 cum
342 2329 460 2363 Angelis.

258 2361 433 2400 denegabitur
447 2369 474 2392 et
488 2365 546 2400 ipse
554 2371 645 2392 coram
659 2365 769 2401 Angelis
786 2364 846 2392 Dei.

220 2398 261 2426 to.
276 2401 302 2427 in
319 2398 420 2436 Spiritu
435 2398 524 2429 autem
538 2401 638 2429 Sancto
657 2398 714 2437 qui‘
727 2400 840 2433 dixerit,
858 2406 911 2427 non
926 2406 969 2427 re-

1027 2294 1208 2367 ¹ἶῖ¹ἓ¹ῗῗοῧ¹ιὶε
1223 2323 1331 2352 solliciti
1345 2330 1409 2352 esse
1434 2321 1551 2358 qualiter
1561 2322 1764 2358 respondeatis,
1779 2325 1827 2350 aut

1028 2360 1237 2431 dliglsépiritus
1249 2395 1357 2424 enim...
1375 2396 1386 2411 ⁶
1395 2394 1459 2432 quid
1472 2399 1597 2431 oporteat
1620 2394 1719 2423 dicere.
1734 2394 1755 2430 -ι-

782 2455 979 2484 VARIANTES
998 2453 1199 2483 LECTIONES.

189 2502 192 2506 ⁷
217 2503 226 2540 ξ
241 2505 299 2540 ῌηι.
311 2506 428 2540 occidit...
442 2506 516 2540 etiam
526 2506 588 2531 dico.
606 2504 680 2538 Vulg.
693 2505 841 2540 occiderit...
855 2504 888 2540 ita
899 2504 962 2540 dico.

205 2536 227 2573 ν’
242 2537 294 2561 Gat.
306 2537 437 2568 depondio.
455 2538 514 2562 Mm.
520 2544 641 2593 (passeres
656 2535 714 2562 asse
730 2538 831 2562 veniunt
847 2535 978 2567 depondio.

195 2566 260 2599 iulg.
274 2575 388 2598 passeres
398 2572 509 2594 veneunt
537 2570 644 2599 tpondto.

218 2585 720 2633 ῗῗέηῗῗ
734 2599 813 2632 pluris
825 2599 884 2625 estis
894 2605 945 2624 vos.

1064 2502 1075 2517 ⁸
1092 2503 1145 2526 Gal.
1162 2501 1251 2526 fecerit
1269 2501 1294 2525 in
1306 2506 1347 2525 me
1363 2503 1454 2524 coram.
1467 2499 1528 2523 Mm.
1541 2497 1629 2523 fecerit
1639 2504 1731 2524 coram.
1752 2497 1826 2531 Vulg.

1032 2533 1158 2559 confessus
1169 2532 1244 2557 fuerit
1254 2539 1294 2556 me
1304 2537 1393 2556 coram.

1063 2566 1074 2581 ⁵
1090 2566 1120 2590 Et
1131 2565 1164 2589 ita
1176 2565 1234 2589 Mm.

1064 2596 1074 2611 ⁸
1091 2597 1149 2620 Mm.
1166 2601 1231 2626 quae
1243 2598 1357 2626 oporteat
1366 2600 1409 2618 vos
1419 2592 1515 2618 dicere.

533 2650 677 2670 LECTIONES
689 2650 790 2671 CODICIS
802 2645 1008 2670 VINDEBONENSIS
1022 2647 1157 2668 ABEUNTES
1173 2647 1204 2666 ΔΒ
1215 2645 1339 2665 EDITIONE
1352 2645 1483 2665 VULGATA.

218 2688 237 2711 ί.
250 2689 281 2714 ab
290 2691 376 2715 eis.....
389 2690 491 2721 amplius
500 2689 657 2722 nonbabent,
668 2690 732 2722 quod
743 2689 838 2722 faciant.
871 2690 896 2714 5.
915 2689 978 2714 occi-

188 2717 227 2744 dit.
258 2722 282 2746 6.
301 2717 448 2751 dipondio;
459 2728 538 2746 coram
552 2717 663 2746 Domino.
677 2717 683 2722 ”
696 2721 720 2746 7.
744 2721 824 2751 capilli
838 2721 912 2746 vestri
925 2727 978 2745 om-

189 2752 362 2777 nes....Nolite
378 2752 580 2781 timere...pluris
594 2753 660 2777 estis.
676 2752 745 2778 Dico.
778 2753 802 2777 8.
812 2752 873 2778 Dico
891 2753 977 2777 vobis:

189 2781 336 2816 Quicumque
350 2784 476 2809 confessus
495 2783 572 2809 fuerit
583 2783 607 2808 in
618 2790 688 2809 me...
701 2784 858 2809 conﬁtebitur
881 2785 905 2808 in
925 2782 978 2808 illo.

1029 2688 1054 2713 9.
1067 2687 1197 2718 negabitur
1209 2687 1271 2717 ipse.
1305 2684 1343 2711 to.
1357 2686 1498 2710 remittetur
1507 2684 1554 2710 illls
1565 2692 1570 2711 :
1581 2687 1604 2711 in
1616 2685 1734 2718 Spiritum
1746 2687 1827 2711 autem

1031 2716 1155 2749 Sanctum,
1168 2719 1209 2750 qui
1220 2716 1322 2750 dixerit,
1335 2724 1381 2741 non
1391 2718 1533 2742 remittetur
1545 2718 1578 2750 ei.
1612 2716 1651 2742 1f.
1661 2718 1777 2750 inducent
1785 2723 1828 2742 vos

1032 2750 1060 2774 ad
1079 2750 1241 2782 Magistratus,
1252 2753 1278 2774 et
1296 2749 1506 2782 Potestates...._._..
1522 2749 1628 2780 qualiter
1648 2749 1827 2782 respondeatis,

1032 2786 1073 2807 aut
1083 2781 1178 2807 dicatis.
1212 2781 1250 2806 12.
1262 2786 1328 2812 quae
1344 2782 1457 2811 oporteat
1467 2780 1563 2805 dicere.

842 2834 1026 2864 BLANCHINI
1046 2834 1160 2863 NOTE.

221 2884 260 2919 (a)
279 2885 344 2913 Post
357 2885 417 2913 uti:
427 2906 434 2918 ,
448 2885 524 2913 deest
540 2892 598 2918 vos,
615 2884 738 2921 etiamin
753 2888 808 2912 lex.
822 2883 921 2921 Gri—
931 2883 975 2921 μθ)
989 2882 1026 2911 ita
1042 2887 1068 2910 et
1081 2882 1141 2911 cod.
1158 2882 1236 2910 Cant.
1257 2882 1412 2921 φίρωσιν.-
1427 2881 1464 2918 (c)
1479 2881 1545 2910 Post
1554 2881 1675 2917 qualiter,
1690 2882 1768 2912 deest
1780 2888 1827 2911 aut

188 2921 261 2954 quid,
277 2922 358 2950 etiam
379 2922 407 2950 in
420 2921 480 2950 cod.
498 2922 574 2950 Cant.
590 2936 625 2941 —
638 2920 679 2957 (d)
697 2920 735 2948 ita
749 2925 776 2948 et
790 2923 844 2948 tex.
860 2919 908 2947 Gr.
924 2919 952 2947 ἆ.
