4054 6198
506 261 607 320 611
1042 259 1316 320 EUSEBII
1355 261 1694 320 VERCELL.
1736 257 2198 319 EVANGELIUI!
2234 258 2377 318 CUM
2422 258 2644 320 YAﬂliS
2681 257 2836 318 COD.
2876 255 3270 317 COLLATUM.
3678 251 3768 310 6|!

898 376 1128 434 CODEX
1169 379 1706 438 VERCELLENSIS.
2585 383 2608 412 ‘
2639 376 2873 437 CODEX
2912 372 3362 436 VERONENSIS.

513 474 601 544 15.
646 475 789 532 Dixit
817 482 996 528 autem
1341 474 1440 541 bo;
1470 491 1523 532 et
1551 477 1623 530 ibi
1651 489 1781 532 con-
2206 473 2294 528 15.
2330 475 2395 528 Et
2423 475 2498 528 ait
2525 471 2746 544 quidam
3034 468 3303 544 graegabo
3332 480 3450 521 om-

449 583 460 606 ,
512 543 590 616 illi
619 547 834 615 quidam
1341 563 1522 616 geram
1557 563 1675 601 om-
2203 545 2270 600 de
2299 549 2452 604 turba
2479 564 2492 600 :
2519 545 2631 602 Ma-
2669 553 2672 556 '
3035 543 3143 604 nia,
3177 557 3314 611 Quae

511 615 579 670 de
611 619 799 672 turba:
825 616 934 671 Ma-
1344 615 1441 673 nes
1473 621 1675 674 fructus
2201 618 2391 683 gister,
2419 619 2506 673 dic
3035 623 3160 668 nata
3191 618 3318 666 sunt

510 689 701 764 gisler,
732 689 817 742 dic
1347 690 1432 744 19.
1476 706 1627 745 meos
1648 733 1661 753 ,
1688 697 1743 745 et
1770 687 1857 744 die
1887 723 1900 739 .
1937 729 1950 739 .
1987 725 2001 740 .

1987 725 2001 740 .
2202 679 2355 764 frzttri
2383 679 2528 764 tneo.
3168 685 3245 753 (α)
3278 679 3500 764 mihi-1';
3527 690 3577 736 et

511 759 662 813 fratri
696 777 836 824 meo,
1343 764 1554 818 animae
1585 777 1771 817 meae:
2204 771 2263 813 ut
2292 761 2496 817 dividat
2534 773 2650 812 me-
3035 757 3211 810 dicam
3242 757 3458 811 animae

513 839 572 884 ut
600 833 864 900 partiatur
1342 831 1520 888 Habes
1555 834 1721 888 multa
2204 846 2325 886 cum
2357 833 2725 888 hereditatem.
3036 843 3227 882 meae:
3265 824 3438 900 Habes

511 893 724 976 mecum
757 906 852 960 he»
1338 904 1422 976 .(b)
1449 907 1582 960 bona
1607 905 1684 976 1-;
1730 902 1954 971 aepula-
2205 905 2294 958 14.
2330 905 2406 958 Ad
2439 906 2529 959 ille
2559 901 2638 956 di—
3035 900 3199 976 multa
3234 895 3309 971 (b)
3341 897 3482 950 bona
3502 893 3570 964 ’ἒς

511 975 818 1030 reilitatem.
1341 971 1432 1032 Ἦ).
1475 993 1554 1032 re.
1593 971 1732 1031 Dixit
1757 982 1937 1028 autem
2203 977 2284 1029 xit
2309 977 2357 1028 ei
2388 994 2400 1028 :
2434 976 2478 1031 Ο
2507 977 2603 1030 ho—
3033 971 3311 1038 aepulare.

514 1045 602 1099 M.
645 1046 746 1112 Qui
770 1047 905 1101 dixit
929 1048 977 1100 ei
1013 1063 1026 1098 :
1345 1048 1419 1102 illi
1466 1048 1604 1104 Deus
1631 1067 1642 1102 :
1673 1046 1879 1109 Stulte,
2206 1061 2315 1111 nio,
2343 1048 2464 1116 quis
2495 1063 2580 1103 me
3032 1035 3124 1116 eo;
3169 1042 3313 1116 Dixit
3334 1045 3514 1116 autem
3543 1035 3622 1092 illi

515 1115 530 1146 ³
564 1117 759 1184 Homo,
795 1119 914 1191 quis
1346 1117 1446 1172 hac
1474 1132 1632 1174 nocte
1661 1119 1776 1173 ani-
2205 1112 2484 1191 constituit
2509 1119 2595 1188 ju—
3038 1115 3180 1191 Deus
3207 1133 3220 1168 :
3256 1112 3462 1191 Stulte,

518 1227 531 1241 .
580 1229 593 1242 .
640 1227 714 1254 .1.
761 1230 776 1243 .
814 1184 832 1244 ζ
865 1189 943 1243 uit
1347 1205 1485 1243 mam
1518 1201 1661 1245 tuam
2206 1189 2403 1256 dicem,
2429 1184 2524 1244 aut
3038 1184 3140 1240 hac
3177 1193 3335 1239 nocte
3364 1184 3485 1240 ani-

518 1297 532 1310 .
578 1300 589 1311 .
640 1301 652 1313 .
699 1301 712 1312 .
757 1261 788 1312 .'
816 1301 829 1314 .
861 1278 886 1315 r
913 1275 1010 1315 vos
1347 1262 1366 1291 ²
1398 1272 1690 1330 reposcunt
2206 1260 2634 1330 dispensatorem
3039 1273 3183 1312 mam
3213 1267 3358 1311 tuam
3391 1268 3478 1308 re-

637 1372 649 1384 .
698 1371 710 1384 .
757 1370 770 1383 .
804 1335 894 1386 in?
1346 1347 1374 1384 a
1408 1343 1494 1386 te:
1528 1350 1664 1404 quae
1693 1349 1780 1388 er-
2207 1347 2370 1404 super
2402 1336 2535 1387 vos?
3036 1337 3228 1399 petunt
3256 1346 3285 1382 a
3320 1339 3395 1382 te.

517 1401 604 1456 15.
650 1441 663 1454 .
709 1444 721 1456 .
767 1447 780 1459 .
831 1445 842 1457 .
888 1445 902 1456 .
949 1442 962 1455 .
1008 1440 1021 1454 .
1087 1409 1269 1455 autem
1342 1418 1410 1473 go
1435 1401 1656 1474 parasti,
1687 1421 1779 1459 cu-
2210 1401 2296 1457 15.
2343 1405 2483 1458 Dixit
2511 1412 2686 1459 autem
3040 1441 3051 1454 .
3101 1441 3112 1451 .
3159 1442 3172 1455 .
3221 1441 3234 1454 .
3279 1406 3515 1474 ._aute_m

518 1511 532 1526 .
576 1514 589 1526 .
637 1515 648 1526 .
698 1515 707 1528 .
757 1517 768 1528 .
817 1516 828 1529 .
876 1517 888 1528 .
932 1513 949 1530 .
1339 1468 1652 1543 j'us'erunt‘l
1679 1476 1752 1547 (c)
2207 1475 2272 1528 ad
2302 1491 2438 1528 eos:
2475 1475 2634 1529 Vide-
3039 1515 3052 1527 .
3105 1512 3116 1523 .
3165 1513 3177 1525 .
3219 1514 3236 1547 .
3277 1470 3346 1547 ti,
3374 1468 3526 1538 cujus

518 1586 531 1598 .
579 1587 590 1597 .
640 1586 653 1600 .
700 1587 712 1598 .
759 1587 772 1598 .
820 1590 830 1600 .
875 1561 1034 1602 cave-
1344 1542 1433 1600 2:2.
1482 1549 1621 1602 Dixit
1650 1542 1831 1603 autem
2208 1555 2283 1612 te,
2309 1556 2361 1599 et
2389 1559 2575 1602 cavete
3035 1545 3236 1618 erunt?
3266 1542 3344 1618 (c)
3397 1553 3406 1560 '

514 1626 567 1671 te
596 1619 664 1671 ab
695 1622 838 1678 omni
1343 1621 1410 1671 ad
1440 1618 1735 1687 discipulos
2207 1618 2276 1670 ab
2305 1621 2450 1672 onmi
2481 1635 2606 1672 ava-
3035 1616 3126 1669 22.
3167 1616 3314 1670 Dixit
3342 1620 3524 1687 autem

513 1692 780 1754 avaritia;
810 1691 933 1761 quia
1350 1705 1479 1745 suos
1512 1709 1525 1746 :
1560 1685 1783 1760 Propte-
2209 1689 2331 1742 ritia
2353 1705 2368 1752 ;
2393 1695 2519 1760 quia
3036 1689 3103 1741 ad
3137 1685 3438 1761 discipulos

513 1776 621 1815 non
653 1762 705 1815 in
737 1759 892 1832 supe-
1345 1775 1436 1816 rea
1470 1763 1622 1816 vobis
1652 1762 1734 1816 di-
2209 1776 2316 1815 non
2351 1759 2610 1815 iurabitu-
3037 1774 3165 1832 suos
3197 1776 3209 1812 :
3243 1759 3538 1832 Propterea

512 1833 684 1887 rando
715 1834 872 1890 alicui
896 1879 910 1900 ,
1344 1848 1410 1885 co
1436 1850 1448 1884 :
1479 1835 1644 1889 nolite
1671 1833 1781 1886 sol-
2207 1831 2388 1886 dantia
2414 1833 2598 1902 cujus-
3040 1831 3193 1885 vobis
3223 1831 3375 1902 dico,

512 1905 625 1959 vita
650 1906 818 1971 ipsius
900 1899 903 1900 ⁷
1347 1903 1479 1958 liciti
1519 1921 1640 1960 esse
1680 1905 1748 1959 de
2207 1917 2388 1972 quam,
2423 1899 2532 1959 vita
3043 1901 3212 1957 nolite
3239 1899 3460 1955 solliciti

511 1986 618 2041 est,
652 1969 718 2030 de
749 1977 917 2033 facul-
1346 1977 1523 2029 anima
1555 1985 1757 2039 vestra,
2207 1969 2325 2042 ejus
2351 1987 2432 2029 est
2461 1991 2526 2030 ex
2561 1975 2675 2040 his,
3040 1989 3162 2030 esse
3192 1974 3270 2045 (ά)
3303 1973 3516 2045 animae
3533 1969 3590 2040 ῒ,

514 2047 603 2102 16.
647 2057 754 2102 tate
783 2065 902 2104 sua.
939 2049 1032 2103 Di-
1347 2047 1475 2115 quid
1500 2047 1706 2112 edatis;
2207 2061 2345 2114 quae
2383 2047 2642 2117 possidet.
3041 2047 3168 2114 quid
3199 2044 3498 2099 manduce-

509 2119 588 2172 xit
613 2129 792 2174 autem
1346 2133 1520 2188 neque
1545 2119 1614 2174 de
1637 2135 1756 2174 cor-
2215 2117 2302 2172 16.
2349 2119 2488 2174 Dixit
2517 2128 2697 2173 autem
3039 2119 3141 2180 tis;
3173 2132 3355 2185 neque
3377 2129 3508 2188 cor-

512 2192 825 2259 parabolam
1344 2187 1477 2258 pore
1507 2201 1712 2256 vestro,
2211 2191 2619 2245 similitudinem
3036 2190 3176 2258 pori,
3211 2188 3343 2257 quid
3371 2187 3453 2259 in-

508 2256 750 2330 ad‘illos,
781 2264 970 2316 dicens
998 2279 1011 2314 :
1344 2256 1471 2329 quid
1505 2261 1525 2293 ³
1557 2262 1822 2317 induami-
2209 2263 2276 2314 ad
2303 2262 2445 2326 illos,
2487 2262 2672 2316 dicens
2699 2277 2713 2315 ι
3036 2256 3129 2316 95.
3171 2256 3444 2315 duamini.
3475 2256 3599 2316 Ani—

507 2331 757 2405 Hominis
786 2349 883 2389 cu-
1343 2333 1434 2405 25.
1471 2334 1546 2387 ni.
1581 2337 1797 2398 Anima,
1824 2333 1940 2403 plu-
2209 2333 2458 2405 Hominis
2483 2349 2578 2388 cu-
3039 2348 3125 2386 ma
3157 2330 3229 2405 (ρ)
3256 2333 3410 2386 enim
3434 2330 3492 2401 ῒ,

502 2402 724 2473 jusdam
755 2407 891 2461 divi-
1344 2404 1420 2458 ris
1452 2416 1556 2469 est,
1582 2421 1742 2475 quam
1770 2402 1857 2460 es-
2203 2403 2418 2472 jusdam
2449 2405 2628 2458 divitis
3040 2402 3295 2474 plus'est,
3322 2417 3484 2473 quam

511 2477 580 2547 tis
610 2479 805 2534 uberes
1344 2491 1442 2542 ca;
1473 2487 1527 2531 et
1557 2491 1754 2547 corpus
1773 2519 1788 2540 ,
2210 2475 2408 2530 uberes
2437 2477 2641 2532 fructus
3039 2491 3197 2542 esca;
3230 2487 3291 2529 et
3318 2488 3514 2542 corpus
3538 2512 3552 2538 ,

509 2546 721 2605 fructus
748 2559 889 2603 attu-
1345 2547 1466 2614 plus
1497 2546 1806 2619 quam’ves-
2207 2548 2387 2601 attulit
2416 2563 2630 2618 posses—
2691 2618 2694 2619 ν
3041 2548 3161 2618 plus
3192 2562 3363 2616 quam
3396 2561 3486 2601 ve-

511 2619 596 2672 17.
641 2621 706 2675 lit
733 2637 897 2691 ager:
931 2628 986 2675 et
1013 2634 1098 2675 re-
1345 2618 1526 2691 titus.’
2212 2619 2300 2673 17.
2341 2620 2422 2675 sio
2455 2639 2468 2672 :
2497 2629 2555 2675 et
2581 2618 2728 2690 cogi-
3040 2620 3389 2691 sumentium.

507 2688 789 2762 cogitabat
829 2693 912 2747 in-
1339 2688 1432 2742 24.
1467 2691 1820 2748 Considerate
2210 2691 2342 2745 tavit
2372 2692 2514 2746 intra
2659 2688 2668 2690 ’
3036 2689 3127 2746 24.
3167 2688 3528 2762 Considerate
3555 2699 3667 2741 cer:-

507 2771 587 2815 tra
620 2780 702 2825 se.
725 2763 948 2818 dicens:
1344 2775 1560 2826 corvos,
1586 2764 1708 2833 quia
2208 2778 2269 2818 se
2287 2805 2300 2826 ,
2332 2762 2519 2818 dicens
2546 2779 2561 2816 :
3039 2777 3157 2828 vos,
3187 2761 3324 2830 quia
3348 2775 3456 2816 non

512 2833 650 2899 Quid
680 2835 910 2898 faciam,
1347 2849 1452 2886 non
1487 2874 1500 2886 .
1547 2873 1561 2886 .
1607 2875 1621 2888 .
1665 2871 1680 2886 .
1726 2873 1740 2887 .
1789 2879 1797 2888 .
1846 2875 1858 2889 .
1908 2876 1922 2896 ,
2208 2835 2346 2902 Quid
2380 2834 2610 2899 faciam,
3039 2833 3465 2896 seminant.tie-

508 2907 652 2973 quod
687 2923 792 2960 non
825 2907 918 2960 ha—
1347 2919 1488 2974 nequ
1519 2943 1532 2957 .
1569 2943 1582 2957 .
1628 2945 1642 2960 .
1691 2943 1704 2957 .
1751 2945 1764 2960 .
1795 2916 1892 2970 nt;
2208 2907 2351 2975 quod
2383 2923 2487 2962 non
3037 2920 3142 2975 que
3171 2913 3392 2960 metunt
3414 2947 3430 2968 ,

509 2975 613 3032 beo
646 2979 735 3033 ubi
764 2993 896 3033 con-
1345 2975 1437 3048 qui
1477 3017 1491 3030 .
1539 3016 1553 3030 .
1601 3017 1614 3030 .
1659 3015 1672 3028 .
1716 2993 1749 3030 n
1790 2985 1874 3032 est
2209 2977 2406 3042 habeo,
2435 2992 2541 3048 quo
3041 2977 3238 3046 quibus
3275 2982 3501 3033 nonest

507 3063 693 3118 geram
722 3049 870 3106 fruc-
1343 3047 1423 3101 cel
1457 3088 1469 3100 .
1505 3086 1518 3100 .
1554 3086 1568 3101 .
1605 3087 1619 3100 .
1656 3087 1671 3101 .
1701 3063 1778 3114 tn,
1807 3065 1842 3102 n
1875 3087 1888 3102 .
1914 3079 1940 3088 -
2209 3047 2533 3120 congregem
2614 3118 2623 3120 _
3039 3048 3356 3114 cellarium,

510 3130 596 3174 tus
624 3122 813 3177 meos?
847 3122 915 3176 Et
1342 3134 1376 3188 q
1406 3157 1421 3170 .
1460 3157 1474 3171 .
1511 3157 1524 3171 .
1557 3159 1572 3173 .
1600 3159 1614 3174 .
1652 3160 1664 3173 .
1701 3157 1716 3172 .
1753 3159 1766 3172 .
1805 3161 1819 3174 .
1857 3157 1873 3173 .
1907 3129 1961 3175 et
2209 3118 2630 3175 fructusmeos?
3040 3135 3214 3190 neque
3248 3120 3538 3186 horreum,

508 3195 774 3262 cogitans,
810 3194 894 3248 di-
1344 3191 1486 3245 Deus
1517 3206 1550 3262 p
1578 3231 1592 3244 .
1628 3233 1644 3246 .
1678 3231 1692 3245 .
1727 3231 1741 3246 .
1781 3234 1794 3248 .
1828 3230 1843 3245 .
2213 3194 2299 3247 18.
2343 3193 2412 3246 Ει
2438 3193 2576 3246 dixit
2608 3229 2622 3242 .
2667 3227 2680 3242 .
2732 3229 2745 3242 .
2793 3230 2806 3242 .
2852 3229 2866 3243 .
2913 3227 2926 3242 .
3039 3200 3094 3246 et
3122 3191 3280 3245 Deus.
3313 3191 3483 3262 pascit

511 3262 597 3319 18.
642 3263 1065 3320 xitzﬂucfaci-
1349 3303 1362 3316 .
1457 3298 1472 3313 .
1570 3303 1584 3316 .
1675 3303 1687 3316 .
1777 3305 1791 3318 .
1889 3305 1900 3316 .
1990 3304 2003 3317 .
2084 3304 2098 3317 .
2212 3264 2498 3319 Destruam
2527 3264 2662 3319 bor-
3042 3262 3456 3334 illoszquanto

505 3336 936 3407 amzdepeaam
1347 3374 1359 3386 .
1463 3375 1476 3387 .
1573 3376 1588 3390 .
1679 3374 1692 3389 .
1778 3377 1790 3388 .
1879 3377 1891 3388 .
1990 3376 2003 3388 .
2085 3377 2096 3388 .
2209 3351 2301 3391 rea
2332 3352 2491 3407 mea,
2521 3344 2578 3407 et
3042 3335 3216 3404 magis
3241 3349 3351 3393 vos

507 3406 701 3462 horrea
726 3405 826 3473 ;'et
860 3423 972 3463 ma—
1348 3447 1358 3458 .
1461 3444 1478 3460 .
1574 3447 1586 3458 .
1668 3447 1684 3462 .
1770 3447 1784 3460 .
1866 3449 1880 3461 .
1989 3449 2003 3462 .
2083 3446 2096 3462 .
2209 3408 2413 3475 majora
2448 3405 2687 3472 faciam;
3043 3407 3230 3476 plures
3265 3408 3398 3461 estis

500 3478 622 3549 jora
650 3481 904 3535 aediﬁca-
1326 3504 1359 3529 -.
1460 3516 1474 3529 .
1575 3519 1586 3531 .
1685 3519 1696 3530 .
1779 3520 1791 3532 .
1875 3517 1889 3532 .
1989 3517 2002 3532 .
2084 3521 2096 3532 .
2208 3489 2263 3533 et
2293 3479 2423 3534 illuc
2464 3493 2595 3534 con—
3051 3476 3442 3550 (navibus’i‘?

1821 3569 2055 3626 CODEX
2093 3570 2376 3630 BRIXIAN
2387 3571 2488 3628 US.

501 3664 643 3738 Dicit
665 3663 715 3719 ei
740 3666 956 3736 quidam
987 3665 1056 3719 de
1084 3665 1256 3738 turba.
1294 3665 1544 3738 Magister
1568 3665 1654 3721 dic
1686 3665 1837 3721 fratri
1886 3683 2007 3722 men
2040 3677 2096 3721 ut
2204 3669 2398 3724 Anima
2429 3669 2596 3728 habes
2631 3668 2794 3722 multa
2825 3666 2964 3724 bona
2993 3667 3163 3738 posita
3213 3669 3265 3722 in
3297 3682 3469 3738 annos
3517 3662 3762 3735 plurimos.

497 3737 706 3812 dividat
737 3735 944 3812 mecum
980 3737 1333 3812 hereditatem
1374 3735 1454 3790 Ad
1485 3738 1596 3812 ille
1641 3738 1777 3792 dixit
1806 3739 1875 3792 ei.
1924 3740 2096 3794 Homo
2207 3743 2486 3812 requiesce
2515 3739 2783 3812 coniede,
2821 3739 2941 3792 bibe
2993 3735 3048 3794 et
3102 3740 3382 3812 aepulare.
3436 3735 3568 3794 Dicit
3615 3742 3764 3812 autem

538 3809 619 3878 uis
650 3824 733 3866 me
764 3808 1043 3864 Constituit
1069 3807 1304 3876 judicetn
1336 3818 1426 3860 aut
1465 3809 1752 3862 divisorem
1781 3826 1940 3878 supra
1974 3827 2090 3865 vos.
2206 3807 2297 3865 illi'
2319 3811 2476 3866 Deus.
2527 3811 2725 3866 Stulte.
2773 3811 2871 3863 hac
2905 3819 3060 3864 nocte
3093 3810 3327 3874 animam
3363 3821 3504 3864 tuam
3548 3811 3766 3878 repelli“!

529 3877 643 3953 lixit
673 3887 851 3953 autem
882 3881 948 3934 ad
1000 3882 1136 3932 illus.
1170 3879 1359 3935 Videte
1403 3889 1458 3953 et
1485 3892 1673 3935 Cavete
1715 3897 1808 3934 vos
1853 3877 1918 3934 ab
1947 3885 2094 3935 omni
2204 3895 2335 3936 ate.
2386 3899 2524 3953 quae
2575 3890 2752 3936 autem
2787 3883 2984 3951 parasti
3038 3882 3192 3950 cujus
3246 3894 3423 3944 erunt.
3459 3882 3545 3938 Sic
3576 3877 3763 3953 iﬁlli!"

500 3950 745 4021 avaritia.
793 3955 915 4020 quia
965 3966 1070 4003 non
1121 3967 1187 4004 ex
1235 3951 1560 4006 abundantia
1609 3955 1926 4021 cuju~quam
1986 3957 2092 4008 vita
2205 3956 2304 4008 sibi
2343 3949 2731 4009 thensaurizat.
2764 3949 2816 4007 et
2847 3970 2953 4007 non
2983 3962 3066 4006 est
3095 3949 3148 4007 in
3182 3954 3292 4009 Deo
3329 3955 3498 4008 dives.
3532 3949 3660 4003 Dixit
3685 3958 3761 4021 all;

501 4020 620 4094 ejus
652 4030 734 4074 est
755 4015 831 4094 ex:
862 4021 945 4076 his
977 4038 1114 4094 quae
1147 4024 1404 4090 possidet.
1441 4023 1578 4078 Dixit
1624 4015 1802 4080 autem
1848 4025 2096 4078 similitu-
2208 4037 2312 4080 te.n
2344 4028 2408 4080 ad
2445 4025 2742 4094 discipulos
2767 4040 2913 4079 suos.
2938 4024 3064 4080 Ideo
3103 4025 3226 4090 ὼευ
3263 4027 3436 4082 vobis.
3471 4021 3625 4084 polite
3649 4015 3767 4070 Stllll‘

499 4091 682 4168 dinem
706 4091 771 4146 ad
804 4093 920 4146 illos
951 4092 1176 4168 dice_ns._
1197 4094 1733 4168 ΙΙΟιΙιίηιδςιῄυδίίςηη
1761 4096 1937 4148 divitis
1969 4098 2097 4150 ube-
2202 4098 2292 4151 citi
2322 4114 2440 4152 essn
2477 4095 2553 4168 (ιι)
2587 4091 2809 4150 animae
2838 4096 2877 4166 i—
2906 4097 3030 4166 quid
3079 4098 3440 4151 manducetis.
3480 4107 3644 4162 nequ¢3
3669 4099 3766 4168 οοῐέ

499 4181 592 4238 res
622 4166 824 4238 fructus
855 4180 982 4238 ager
1011 4164 1224 4238 adtulit.
1259 4172 1313 4219 et
1342 4167 1610 4226 Cogitabat
1635 4170 1770 4219 intra
1799 4182 1858 4220 se
1885 4169 2091 4222 dicens.
2206 4173 2316 4235 puri
2349 4164 2828 4238 quid'iudaamini.
2854 4164 3073 4224 afuima
3103 4168 3226 4238 plus
3270 4180 3352 4224 est
3392 4183 3546 4235 quam
3586 4167 3763 4238 εἶξαι-,ει

501 4236 638 4310 Quid
670 4238 856 4310 iaciam
889 4227 1010 4310 quia
1062 4252 1165 4310 ιιομ
1200 4237 1370 4290 habeo
1399 4240 1486 4290 ubi
1524 4253 1848 4310 congregem
1883 4238 2091 4294 fructus
2202 4227 2400 4309 corpus
2442 4256 2602 4310 quam
2658 4242 3058 4306 vestimentum.
3106 4227 3481 4302 'Copsiderate
3536 4227 3760 4310 volatilia:

501 4304 672 4384 fucos.
708 4307 774 4362 Et
797 4304 1085 4384 d_ixi't._ltoc
1126 4306 1314 4384 faciam
1350 4304 1864 4384 Destruam—horrea
1898 4328 2012 4364 mea
2043 4321 2096 4365 et
2200 4304 2321 4384 quia
2356 4304 2473 4366 non
2509 4304 2781 4370 sentinam
2837 4327 3013 4381 neque
3064 4321 3298 4368 metunt.
3347 4310 3534 4384 quibus
3581 4304 3765 4384 uotlc_5_1

501 4380 706 4449 majora
737 4381 1057 4453 aedilicabo.
1103 4390 1156 4433 et
1213 4381 1282 4434 ibi
1337 4382 1676 4453 coiigregabu
1722 4382 1902 4449 omnia
1953 4399 2091 4450 quae
2199 4377 2498 4437 cellarium.
2535 4399 2709 4450 neque
2741 4377 3011 4437 horreum.
3039 4393 3092 4437 et
3127 4386 3265 4437 Deus
3286 4377 3456 4453 pascit
3481 4378 3567 4434 illa
3592 4377 3765 4445 φωτιιο

498 4463 623 4507 nata
649 4464 773 4506 sunt
798 4451 933 4506 mihi
970 4461 1026 4506 et
1046 4451 1186 4507 bona
1213 4466 1349 4506 mea.
1385 4460 1439 4506 et
1467 4451 1641 4507 dicam
1672 4455 1884 4511 animae
1917 4469 2090 4508 meae.
2199 4457 2369 4524 magis
2409 4471 2506 4512 vos
2552 4457 2802 4510 meliores
2849 4456 2982 4510 estis
3012 4454 3079 4525 (f)
3109 4451 3301 4510 avibus
3330 4453 3392 4523 αἶ’.

1785 4551 2019 4609 CODEK
2055 4551 2520 4610 CORBElENSIS.

577 4650 662 4704 16.
705 4648 897 4703 uberes
932 4646 1137 4701 fructus
1169 4647 1345 4701 attulit
1382 4649 1673 4717 possessio.
2281 4648 2372 4702 ΞΟ.
2415 4646 2558 4702 Dixit
2585 4659 2788 4704 autem.

578 4721 662 4776 18.
709 4721 910 4776 Omittit
939 4728 992 4776 et
1017 4721 1156 4774 bona
1185 4735 1326 4774 mea.
2281 4720 2372 4774 21.
2414 4731 2466 4774 et
2496 4736 2600 4774 non
2628 4731 2708 4775 est
2740 4723 2792 4775 in
2817 4723 2928 4776 Deo
2954 4721 3124 4788 dives.

575 4794 661 4848 19.
705 4793 882 4848 Habes
907 4794 1069 4845 multa
1099 4791 1275 4856 bona;
1305 4791 1528 4860 epulare
1552 4791 1607 4845 in
1635 4806 1807 4847 annos
1840 4793 2059 4848 multos.
2280 4792 2372 4846 21.
2415 4791 2436 4823 ⁸
2467 4793 2635 4862 pluris
2663 4795 2794 4848 estis
2823 4793 3031 4848 avibus.

1762 4885 2147 4941 VARIANTES
2183 4884 2583 4941 LECTIONES.

564 4983 581 5017 ι
619 4983 734 5048 Gut.
753 4989 798 5032 et
829 4986 948 5032 Mm.
970 4985 1050 5032 ei:
1075 4982 1115 5032 0
1135 4983 1297 5034 horno,
1332 4976 1478 5043 Vulg.
1502 4976 1572 5026 illi
1595 4994 1606 5028 :
1629 4978 1802 5028 Homo.
1831 4981 1936 5031 ϐαι.
1968 4983 2098 5031 inter
2267 4980 2289 5048 ξ
2322 4980 2426 5048 Qui.
2453 4981 2642 5048 etth.
2661 4975 3133 5048 vestiamiai._!7ulg.
3158 4975 3440 5048 induatpilj-

502 5057 590 5097 vos
616 5045 784 5109 .Vutg.
808 5058 955 5106 super
975 5059 1076 5095 vos.
1429 5037 1449 5043 ⁷
2265 5043 2287 5074 ’δ
2323 5043 2430 5094 Gut.
2454 5045 2610 5103 magis
2631 5057 2716 5095 vos
2739 5037 2924 5105 plures.
2955 5037 3256 5102 lmfiuttgis
3287 5037 3454 5102 pluuii.

563 5111 583 5139 ²
619 5109 726 5160 Gat.
752 5113 798 5156 et
832 5109 952 5156 Mm.
987 5115 1235 5171 repetent.
1270 5109 1415 5174 Vulg.
1443 5112 1697 5167 repetunt.

1203 5209 1498 5250 LECTIONES
1526 5209 1731 5251 CODICIS
1749 5210 2158 5259 VINDEBONENSIS
2181 5209 2456 5252 ABEUNTES
2480 5210 2542 5248 ΑΒ
2574 5207 2821 5248 EDI'I‘IONE
2839 5205 3108 5246 VULGATA.

563 5265 642 5316 15.
669 5263 731 5314 Et
776 5265 842 5312 ait
887 5265 1098 5325 quidam.
1167 5265 1244 5329 1-}.
1291 5268 1364 5314 Ad
1405 5267 1490 5317 ille
1535 5250 1666 5317 dixit
1683 5268 1790 5317 ei...
1817 5281 1962 5329 supra
1989 5250 2156 5319 vos.“
2182 5250 2353 5318 VDixit.
2417 5268 2496 5314 20.
2535 5272 2768 5326 repetunt
2791 5263 3127 5329 atejninlqm
3153 5268 3325 5329 luam“:
3342 5267 3464 5320 ψιθε
3501 5258 3613 5329 «περ

502 5307 1506 5396 is;ie.;iu§jg.o;;1;;;i3autat.ffii:"Ji
1524 5307 1972 5396 saeuitiam
1997 5307 2092 5387 ἱΗὰ
2199 5307 2773 5396 ᾆξ”ὲυίῖιὲ-μξιῖτῑίὲἷ
2793 5307 3219 5396 ’ίμῖῧξξῗᾶἰῖεέῗ
3241 5307 3342 5378 22.
3358 5307 3493 5396 fauos
3503 5307 3754 5396 puppi;

496 5371 1971 5455 satanafeahgeag;;a:‘"isi"dest-5;:;'i.1;a~éaj"az
1989 5371 2092 5442 [Βῐῖ
2199 5371 3442 5455 aliis;atra::.iaa1;ateigs.estpasfqum.
3503 5371 3753 5426 ἉΝοιωθ

501 5453 681 5519 igra_._...
721 5447 776 5502 et
817 5453 882 5519 ibi
929 5447 1244 5519 congregabo
1261 5456 1451 5519 gmina,
1477 5469 1604 5516 quae
1653 5463 1762 5519 nata
1805 5447 1920 5512 sunt
1956 5456 2090 5519 mihi.
2202 5447 2288 5508 vos
2315 5447 2480 5519 plures
2499 5455 2619 5512 estis
2637 5453 2742 5512 istis
2759 5447 2969 5513 avibus?

545 5516 740 5564 tdicam
773 5515 961 5564 animae
1000 5509 1163 5575 uicae.
1229 5515 1303 5572 19.
1340 5517 1390 5574 in
1423 5509 1576 5575 minus
1615 5509 1843 5579 multos}
1869 5509 2092 5580 epulare.

1883 5576 2251 5634 BLANCHINI
2290 5576 2515 5634 ΝΟΤίΕ.

579 5671 650 5743 (a)
683 5672 805 5725 Post
829 5673 976 5740 mihi,
1015 5674 1165 5729 deest
1209 5684 1253 5728 et
1292 5676 1422 5730 bona
1460 5691 1591 5737 mea,
1625 5677 1783 5729 etiam
1815 5677 1865 5728 in
1899 5676 2017 5727 rod.
2045 5675 2204 5728 Cant.
2257 5707 2323 5715 -—-
2360 5675 2432 5746 (b)
2468 5677 2590 5730 Post
2635 5676 2788 5734 bona.
2819 5672 2973 5746 deest
3003 5673 3166 5746 posita
3204 5670 3255 5722 in
3286 5680 3447 5746 annos
3491 5655 3717 5746 ριωξξξξξίξξ
3734 5659 3750 5696 ι’

499 5735 790 5818 requiesce.
829 5735 1053 5818 comede,
1074 5746 1226 5818 Δὐιίἕιιε,
1259 5749 1459 5818 pariter
1479 5747 1534 5800 in
1577 5735 1706 5802 eod.
1745 5749 1903 5801 Cant.
1930 5776 2002 5787 —-
2027 5747 2098 5818 (c)
2135 5749 2285 5803 Vers.
2315 5735 2377 5800 2t
2411 5735 2565 5802 deest
2590 5748 2749 5801 etiam
2777 5747 2832 5798 in
2853 5744 2976 5818 cod.
3003 5735 3160 5801 Cant.
3184 5769 3252 5781 —-
3278 5737 3359 5818 (εἰ)
3385 5736 3508 5818 Ριξξι

504 5809 657 5871 deest
681 5823 889 5881 vestrae,
915 5815 968 5869 in
989 5815 1110 5871 cod.
1142 5809 1353 5888 quoque
1373 5817 1600 5875 Cant.-
1629 5818 1702 5891 (el
1728 5818 1893 5876 Addit
1918 5809 2249 5886 enim,'etiam
2275 5820 2402 5876 cod.
2436 5819 2599 5875 Cant.
2628 5815 2914 5895 γάρ.-(ι)
2947 5815 3020 5872 lta
3045 5825 3102 5873 et
3128 5825 3237 5872 tex.
3279 5809 3372 5866 Gr.
3403 5813 3496 5862 τῶν
3524 5812 3743 5856 unum»
