4054 6198
279 313 382 374 διδ
1325 319 1780 388 EVANGELIUM
1819 330 1840 384 ξ

1951 327 2194 391 υΝὒυΜ
2234 327 2486 390 LUCAM.
3409 367 3418 371 -
3455 331 3557 387 6H

671 435 898 500 CODEX
939 437 1476 504 VERCELLENSIS.
2395 441 2628 502 (EODEX
2659 439 3114 499 VERONENSIS.

1011 575 1028 589 .
1106 542 1186 588 ter
1215 546 1392 590 vester
1415 579 1428 600 ,
1960 538 2052 593 25.
2095 538 2228 604 Quis
2254 547 2436 594 autem
2798 536 3052 600 quoniam
3085 534 3277 590 horum

1102 607 1225 676 quia
1253 608 1273 638 ’
1302 607 1433 661 haec
1461 622 1578 670 etn-

1965 620 2207 665 vestrum
2241 609 2390 678 cogi-
2800 607 2875 676 (tl)
2907 606 3147 660 omnium
3175 607 3212 678 -ί-

1106 679 1188 730 nia
1221 693 1354 748 opus
1380 689 1507 738 sunt
1962 682 2149 741 tando.
2191 690 2368 748 potest
2800 678 3071 744 indigetis.

1101 749 1186 802 δι.
1231 751 1400 804 vobis.
1432 751 1451 780 ³
1479 750 1659 818 Quae-

1961 751 2178 808 adicere
2195 749 2270 806 ad
2797 749 2885 804 51.
2933 749 3311 806 Verumtamen

1103 821 1203 874 rite
1233 832 1410 876 autem
1961 832 2165 878 statum
2193 838 2349 878 suum
2797 821 3040 887 quaerite
3069 821 3140 886 (e)
3170 837 3258 876 re-

1098 891 1173 964 (e)
1202 909 1424 962 regnum
1453 892 1492 962 'j'
1515 892 1668 962 ejus;
1961 896 2199 950 cubitum
2235 895 2311 964 (α)
2347 893 2554 948 unum?
2581 893 2622 963 -ξ-
2792 908 2954 961 gnum
2983 892 3071 946 Dei
3099 892 3176 963 -j-;

1098 974 1152 1019 et
1179 967 1309 1020 haec
1337 965 1505 1020 adici-
1960 965 2051 1020 26.
2098 968 2158 1019 Et
2184 966 2252 1020 de
2279 967 2496 1020 ceteris.
2794 974 2849 1019 et
2880 965 3012 1016 haec
3040 966 3218 1019 omnia

1101 1045 1259 1090 entur
1291 1051 1385 1090 vo-
1961 1049 2017 1089 ut
2040 1037 2173 1092 quid
2205 1039 2423 1092 solliciti
2453 1037 2618 1092 estis?
2796 1035 3098 1089 adicientur
3125 1035 3299 1092 vobis.

1101 1107 1188 1162 52.
1234 1108 1335 1162 his.
1375 1106 1527 1164 Noli-
1959 1105 2446 1165 27._Considerate
2795 1107 2886 1161 52.
2930 1105 3104 1160 Nolite
3134 1107 3322 1165 timere

1103 1187 1152 1232 te
1186 1181 1374 1234 timere
1401 1179 1499 1233 nii-

1101 1252 1242 1322 nima
1269 1267 1430 1322 grex;

1098 1319 1120 1350 ⁸
1141 1319 1396 1390 quoniam
1423 1321 1533 1391 pla-

1095 1397 1206 1446 cuit
1236 1393 1378 1446 Patri
1405 1408 1525 1448 ves-

272 602 362 656 25.
411 611 909 664 ...test....~

271 684 651 729 ceresta...
690 715 703 728 .
743 716 756 730 .

273 760 401 820 suae
432 747 678 820 cubitum,
698 745 778 820 (al

271 816 360 870 26.
406 821 609 873 unum?
653 816 788 889 'j'Et
813 819 883 876 de

273 889 490 951 ceteris,
520 890 644 959 quid

271 961 482 1013 solliciti
511 961 682 1016 estis?

271 1029 362 1087 27.
401 1029 727 1090 Considera—

275 1112 323 1156 te
349 1103 459 1158 lilia
488 1106 631 1175 agri,

273 1175 541 1240 quomodo

276 1246 348 1316 (b)
376 1263 478 1300 non
514 1256 723 1314 texunt,
748 1245 789 1320 ’ξ’

278 1332 442 1387 neque
473 1330 640 1374 neunt
667 1339 680 1374 :

277 1387 389 1459 dico
418 1391 592 1459 vobis,
622 1407 722 1450 nec

1962 682 2149 741 tando.
2191 690 2368 750 potest

1961 751 2178 808 adicere
2203 752 2270 806 ad

1961 832 2165 878 statum
2193 838 2349 878 suum

1961 896 2199 950 cnbitum
2235 895 2311 964 (α)
2347 893 2554 948 unum?
2581 893 2622 963 ῒ

1960 964 2051 1020 26.
2098 968 2158 1019 Et
2184 966 2252 1021 de
2279 967 2496 1031 ceteris,

1961 1049 2017 1089 ut
2039 1037 2173 1107 quid
2205 1039 2423 1094 solliciti
2453 1037 2618 1094 estis?

1959 1107 2048 1164 27.
2093 1109 2446 1166 Considerate

1961 1180 2072 1234 lilia
2109 1181 2244 1250 agri,
2278 1196 2413 1248 quo-

1961 1253 2124 1305 modo
2154 1261 2405 1308 crescunt
2430 1270 2443 1306 :

1961 1339 2067 1378 non
2089 1323 2354 1387 laborant,

1961 1410 2136 1464 neque
2162 1406 2350 1456 neunt.

2798 1177 3027 1248 pusillus
3056 1193 3219 1246 grex;

2793 1251 2916 1319 quia
2947 1251 3253 1318 conplacuit

2797 1321 2938 1374 Patri
2966 1333 3150 1378 vestro

2791 1392 2920 1447 dare
2943 1393 3096 1446 vobis
3129 1409 3376 1463 regnum.

277 1458 525 1537 Solomon
560 1458 610 1537 in
1096 1473 1181 1537 tro
1207 1464 1337 1518 dare
1365 1480 1458 1518 vo—
1961 1458 2238 1537 (b)-neque
2272 1478 2458 1522 texunt
2483 1465 2524 1536 -1-
2560 1484 2570 1518 :
2793 1465 2883 1520 55.
2927 1458 3350 1537 Yenditefquae

275 1533 410 1586 omni
438 1535 607 1603 gloria
1095 1535 1177 1589 bis
1201 1551 1446 1603 regnum.
1959 1533 2081 1592 dico
2112 1533 2293 1596 autem
2324 1555 2419 1591 vo-
2499 1533 2509 1536 ⁷
2797 1535 3111 1604 possidetis;
3146 1545 3200 1590 et

278 1645 290 1655 .
326 1645 336 1654 .
373 1643 386 1656 .
417 1643 431 1657 .
462 1646 474 1657 .
512 1614 597 1660 tus
625 1622 685 1662 er
711 1646 723 1660 .
760 1647 774 1660 .
811 1647 825 1660 .
1094 1607 1186 1663 55.
1234 1607 1464 1664 Vendite
1507 1608 1600 1665 bo:
1959 1608 2064 1673 bis,
2099 1607 2170 1679 (ε)
2195 1609 2507 1679 quoniam?
2797 1607 2919 1661 date
2948 1607 3315 1677 elemosynam
3345 1625 3360 1662 :

275 1685 512 1746 tanquam
549 1694 613 1731 u—
1097 1693 1163 1732 na
1197 1688 1373 1733 vestra
1400 1695 1414 1744 ;
1445 1688 1498 1735 et
1958 1695 2062 1735 nec
2092 1681 2345 1736 Solomon
2798 1688 2852 1732 et
2880 1679 3035 1732 facite
3065 1679 3222 1736 vobis
3247 1695 3407 1735 sacu—

274 1761 392 1820 nuin
424 1763 486 1801 ex
521 1750 658 1804 istis.
1093 1749 1218 1804 date
1245 1751 1449 1806 elemo-
1967 1751 2020 1805 in
2047 1754 2190 1806 omni
2214 1753 2301 1806 illa
2797 1751 2898 1810 los,
2930 1752 3017 1820 qui
3043 1767 3148 1805 non

272 1817 354 1871 28.
390 1819 542 1886 Quod
570 1823 612 1874 si
647 1823 753 1878 fae-
1093 1836 1306 1892 synam.
1341 1821 1493 1878 Faci-
1961 1824 2131 1891 gloria
2161 1839 2256 1879 sua
2290 1840 2382 1879 ve-
2796 1817 3154 1884 veterescant,

275 1905 390 1960 num
423 1932 435 1945 .
472 1930 487 1945 .
523 1931 538 1945 .
575 1931 588 1944 .
625 1932 638 1945 .
1096 1902 1148 1948 te
1176 1893 1330 1949 vobis
1362 1908 1478 1947 sac-
1959 1895 2247 1960 stiebatur,
2277 1895 2418 1949 sicut
2798 1896 3144 1949 thensaurum

277 1958 426 2016 hodie
456 2004 468 2016 .
508 2003 521 2015 .
561 2004 574 2016 .
607 2004 620 2017 .
653 2005 667 2018 .
702 2003 715 2018 .
750 2004 765 2019 .
1093 1965 1265 2031 culos,
1295 1966 1384 2034 qui
1416 1981 1523 2032 non
1960 1980 2102 2026 unus
2132 1982 2198 2020 ex
2231 1958 2367 2022 istis.
2794 1964 3192 2021 indeiicieutem

276 2073 290 2085 .
378 2074 390 2087 .
483 2075 498 2089 .
585 2079 595 2088 .
675 2076 692 2092 ,
783 2074 797 2090 .
890 2075 904 2089 .
1001 2073 1014 2088 .
1089 2047 1455 2100 veterescunt,
1957 2035 2049 2094 28.
2093 2038 2400 2096 Autvidete
2793 2037 2846 2091 in
2877 2037 3197 2107 caelis,quo

277 2143 289 2155 .
331 2146 341 2156 .
373 2147 384 2157 .
415 2145 429 2159 .
464 2145 478 2157 .
514 2146 529 2160 .
559 2148 572 2160 .
608 2123 697 2161 um
1090 2109 1442 2163 thensaurum
1957 2111 2196 2168 faenum.
2239 2152 2254 2166 .
2301 2152 2314 2164 .
2347 2111 2382 2164 d
2791 2108 2875 2163 fur
2897 2123 3002 2164 non
3032 2107 3229 2176 adpro-

280 2215 290 2226 .
323 2216 334 2228 .
367 2217 377 2228 .
411 2214 424 2228 .
460 2218 473 2230 .
500 2226 526 2252 __
553 2194 617 2232 ur
646 2219 659 2231 .
692 2220 705 2233 .
1089 2194 1195 2233 non
1224 2179 1411 2234 deiici-
1958 2178 2050 2234 ho.
2099 2223 2112 2237 .
2159 2221 2174 2234 .
2221 2223 2234 2236 .
2280 2223 2293 2236 .
2339 2196 2469 2252 agro
2514 2190 2620 2237 est.
2666 2223 2678 2236 .
2791 2183 2922 2249 piat,
2950 2195 3122 2248 neque

279 2286 289 2297 .
331 2289 342 2299 .
382 2249 569 2314 vestit;
1088 2259 1269 2306 entem
1293 2252 1374 2305 in-
1956 2266 2079 2307 cras
2113 2255 2162 2307 in
2196 2249 2465 2312 clibanum
2791 2253 2930 2307 tinea
2958 2266 3200 2314 corrum-

277 2328 460 2397 quanto
499 2335 614 2374 nia-
1089 2323 1278 2388 caelis,
1311 2323 1403 2397 ubi
1424 2322 1508 2376 fur
1957 2323 2214 2397 mittitur,
2248 2326 2389 2384 Dens
2791 2323 2890 2397 pit,
2921 2333 2972 2377 et
3007 2323 3094 2380 ubi

2790 2393 2938 2447 fures
2965 2411 3074 2450 non
3106 2392 3184 2452 ef:-
3257 2448 3260 2450 .

2790 2465 3022 2529 fodiunt,
3053 2473 3108 2521 et

2789 2535 2879 2592 54.
2922 2535 3185 2594 furantur.
3216 2535 3368 2601 Nam,

2789 2607 2878 2662 ubi
2911 2607 3234 2666 thensaurus

2789 2687 2969 2738 vester
2998 2688 3102 2745 est,
3157 2734 3160 2736 _

2790 2749 2861 2803 ibi
2888 2751 2994 2804 erit
3021 2761 3074 2810 et
3100 2766 3196 2810 cor

2789 2830 3052 2882 VCSU‘UITI.

2789 2892 2879 2947 '55.
2921 2893 3039 2948 Sint
3063 2903 3244 2950 autem

1957 2396 2036 2447 sie
2067 2398 2254 2461 vesdt;
2280 2403 2482 2465 quanto

1958 2468 2129 2536 magis
2156 2482 2251 2526 vos
2279 2483 2396 2521 m0-

1956 2536 2109 2592 dicae
2141 2537 2266 2594 fidei
2287 2537 2310 2591 ?

1954 2608 2042 2662 29.
2094 2608 2162 2664 Et
2189 2624 2285 2664 vos
2306 2607 2475 2668 nolite

1955 2694 2219 2747 quaerere
2249 2681 2378 2749 quid

1955 2753 2320 2814 manducetis,
2351 2761 2445 2812 aut

1953 2822 2080 2889 quid
2111 2823 2337 2888 bibatis;
2369 2835 2424 2878 et

1954 2894 2122 2948 nolite
2143 2895 2345 2952 soliciti

1089 2408 1195 2449 non
1223 2395 1454 2460 accedit,

1090 2480 1190 2519 nec
1220 2467 1358 2519 tinea
1391 2481 1522 2520 con-

1089 2535 1177 2590 54.
1217 2537 1402 2591 sumit.
1437 2533 1538 2600 Ubi
1569 2537 1714 2598 enim

1087 2607 1251 2661 fuerit
1281 2608 1436 2661 then-

1087 2693 1282 2734 saurus
1304 2695 1397 2734 V88
1410 2712 1424 2718 -

1089 2760 1193 2815 ter,
1223 2751 1296 2808 ibi
1327 2752 1432 2818 erit

1087 2830 1142 2876 et
1165 2836 1260 2876 (ΣοΓ
1285 2833 1546 2878 vestrum.

1084 2892 1175 2949 55.
1220 2895 1284 2947 Et
1309 2893 1417 2948 sint
1439 2893 1605 2952 lumbi

277 2403 346 2456 gis
371 2405 464 2444 vos
497 2407 694 2459 parvae

275 2459 352 2516 29.
393 2462 555 2516 ﬁdei?
592 2463 658 2518 Et
684 2479 779 2526 vos

275 2533 420 2587 nolite
445 2549 609 2604 quae-

276 2617 380 2658 rere
407 2607 535 2675 quid
566 2625 624 2660 e-

271 2675 414 2747 datis,
448 2685 541 2731 aut
565 2677 694 2747 quid

268 2746 450 2801 bibatis
473 2766 487 2802 :
522 2746 659 2803 noli-

269 2826 314 2870 te
340 2820 353 2848 ¹
381 2819 600 2875 solliciti
627 2835 719 2876 cs-

265 2888 343 2943 '50.
383 2907 442 2945 se
472 2909 484 2944 :
518 2890 652 2948 haec
679 2890 824 2948 enim

264 2963 430 3016 omnia
460 2978 593 3034 gen-
1086 2966 1253 3019 vestri
1281 2981 1402 3020 suc—
1954 2965 2044 3031 3t),
2089 2980 2213 3028 esse
2243 2984 2256 3018 :
2293 2966 2425 3024 haec
2451 2964 2596 3024 enim
2791 2963 2957 3022 lumbi
2988 2967 3152 3022 vestri

266 3043 336 3086 tes
362 3035 564 3089 saeculi
1085 3034 1238 3098 cinti,
1264 3046 1319 3091 et
1347 3037 1432 3092 lu-
1954 3047 2147 3106 gentes
2179 3037 2339 3106 hujus
2367 3037 2554 3096 mundi
2608 3089 2614 3098 ,
2795 3035 3109 3106 praecincti,
3138 3049 3192 3096 et

263 3114 535 3170 quaerunt.
1085 3122 1282 3162 cernae
1314 3110 1334 3138 ⁵
1363 3124 1448 3162 ar—
1955 3119 2243 3175 quaerunt.
2286 3107 2543 3164 Scit......
2793 3107 3043 3162 lucernae
3063 3123 3155 3168 ar-

266 3176 368 3232 Scit
394 3178 541 3232 enim
567 3177 667 3234 Pa-
1085 3179 1178 3234 56.
1218 3179 1435 3248 dentes;
1469 3189 1522 3238 et
1547 3195 1642 3235 vos
1957 3179 2119 3234 Pater
2145 3190 2347 3245 vester,

1588 3293 1822 3351 (IODEX
1860 3293 2256 3351 BRIXIANUS.

261 3388 378 3456 Quis
400 3398 585 3443 autem
617 3401 850 3443 vestrum
879 3388 1163 3458 cogitando
1190 3399 1367 3459 potest
1395 3388 1608 3442 adicere
1635 3389 1701 3441 ad
1724 3396 1834 3440 sla-
1954 3380 2143 3458 gentes
2172 3388 2332 3454 hujus
2360 3386 2546 3442 mundi
2575 3387 2861 3457 requirunt
2889 3385 3003 3443 Scit
3029 3396 3212 3443 autem
3247 3387 3406 3443 Pater
3428 3380 3551 3444 vesé

262 3472 422 3514 turam
447 3475 599 3514 suam
621 3462 859 3514 cubitum
885 3476 1068 3513 unum.
1090 3462 1142 3515 Si
1173 3475 1300 3530 ergo
1323 3475 1495 3530 neque
1517 3461 1658 3528 quod
1683 3459 1841 3513 mini-
1945 3467 2033 3514 ter
2079 3462 2332 3528 quoniam
2385 3459 2638 3512 omnibus
2665 3459 2748 3513 his
2809 3459 3077 3527 indigetis.
3143 3459 3548 3515 Verumtamen.

259 3546 392 3585 mum
422 3542 510 3586 est
539 3535 762 3597 potestis
790 3531 916 3602 quid
949 3531 1016 3588 de
1042 3531 1234 3587 ceteris
1277 3531 1485 3586 solliciti
1518 3533 1666 3586 estis.
1703 3532 1843 3583 Con-
1947 3531 2190 3601 quaerite
2220 3531 2291 3601 (ε)
2319 3546 2540 3600 regnum
2571 3531 2663 3602 Dei
2697 3530 2758 3600 ἰη
2793 3540 2852 3584 .et
2883 3531 3011 3584 haec
3043 3531 3222 3584 omnia
3255 3531 3553 3587 adicientur

257 3603 484 3658 sideri-te
511 3603 616 3656 lilia
645 3601 914 3672 quomodo
943 3612 1211 3664 crescurit.
1247 3617 1353 3657 non
1383 3603 1644 3656 laborant.
1667 3617 1841 3667 neque
1949 3605 2122 3656 Vobis.
2155 3602 2270 3655 Noli
2305 3602 2496 3656 timere
2531 3601 2757 3668 pusillus
2779 3617 2930 3671 grex.
2967 3602 3088 3667 quia
3117 3602 3420 3669 conplacuit
3453 3603 3550 3658 Pa-

2793 3178 2882 3233 56.
2925 3179 3146 3243 dentes;
3187 3189 3243 3236 et

257 3686 417 3729 neunt
440 3675 752 3729 (liceantem
772 3675 943 3728 vobis.
967 3677 1038 3742 (ε)
1054 3675 1171 3743 quia
1190 3674 1602 3745 i-rrecSulonion
1619 3673 1670 3745 in
1695 3673 1839 3724 omni

255 3746 417 3812 gloria
458 3761 555 3799 sua
583 3746 914 3800 vestiebatur
947 3748 1082 3799 sicut
1114 3744 1276 3801 unum
1305 3761 1370 3802 ex
1409 3745 1543 3798 istis.
1575 3744 1629 3798 Si
1661 3755 1838 3796 autem

255 3815 466 3870 faenum
496 3816 638 3886 quod
673 3817 832 3872 hodie
861 3817 910 3870 in
945 3833 1072 3888 agro
1102 3825 1200 3871 est.
1234 3825 1288 3871 et
1326 3831 1444 3870 cras
1476 3819 1524 3869 iii
1569 3815 1840 3888 clibanum

257 3888 508 3942 mittitur.
556 3889 693 3942 Deus
725 3891 801 3942 sic
834 3886 1011 3943 vestit.
1045 3899 1246 3958 quanto
1277 3890 1443 3955 magis
1476 3903 1567 3942 vos
1602 3886 1841 3940 modicae

259 3958 396 4015 lidei.
432 3959 498 4014 Et
530 3974 625 4012 vos
671 3961 837 4014 nolite
878 3976 1140 4029 quaerere
1183 3960 1338 4031 quid
1366 3959 1718 4031 manducetis.
1753 3970 1843 4031 aut

261 4032 375 4100 quid
433 4031 632 4087 bibatis
669 4047 848 4101 neque
892 4033 1107 4087 solliciti
1157 4029 1296 4088 esse.
1330 4030 1463 4087 haec
1489 4029 1631 4085 enim
1665 4029 1840 4084 omnia

1951 3673 2018 3728 tri
2040 3683 2220 3728 vestro
2252 3674 2378 3728 dare
2406 3673 2558 3726 vobis
2593 3689 2836 3741 regnum.
2875 3673 3098 3726 Venditc
3145 3688 3282 3742 quae
3307 3675 3553 3740 posside—

1951 3745 2038 3799 tis.
2055 3753 2108 3797 et
2125 3744 2247 3798 date
2278 3746 2665 3814 eleitiOsynam.
2689 3743 2868 3800 Facite
2893 3745 3046 3800 vobis
3068 3745 3315 3799 sacrmlos
3333 3746 3551 3813 .quinon

1952 3825 2318 3870 veterescunt.
2348 3819 2695 3868 thensaurum
2740 3833 2844 3870 non
2887 3814 3230 3872 deiicientem
3273 3815 3324 3870 in
3365 3819 3548 3871 caelis.

1950 3903 2056 3958 quo
2082 3886 2166 3942 fur
2196 3905 2299 3940 non
2334 3888 2638 3956 adpropiat.
2684 3903 2858 3958 neque
2901 3891 3044 3942 tinea
3087 3887 3408 3957 corrumpit.
3443 3888 3549 3944 Ubi

1950 3957 2093 4014 enim
2110 3959 2530 4014 esttlieusaurus
2554 3969 2754 4013 vester.
2778 3957 2848 4013 ibi
2867 3961 3033 4014 eritet
3050 3974 3144 4014 cor
3157 3973 3417 4014 vestrum.
3435 3957 3554 4016 Sint

1952 4042 2130 4085 autem
2157 4031 2321 4086 lumbi
2348 4031 2508 4087 vestri
2536 4032 2826 4102 praecincti
2853 4040 2907 4086 ct
2929 4031 3185 4094 lucernae
3202 4031 3472 4088 ardentes.
3500 4043 3555 4088 et

1505 4145 1736 4200 CODEX
1775 4145 2248 4203 CURBEIENSIS.

324 4243 416 4301 26.
460 4241 686 4306 Omittit,
717 4240 772 4296 Si
803 4257 932 4312 ergo
958 4256 1132 4311 neque
1159 4239 1299 4312 quod
1333 4240 1610 4294 minimum
1639 4248 1724 4294 est
1755 4255 1849 4310 po-
2029 4240 2119 4295 29.
2164 4253 2254 4298 aut
2284 4243 2408 4312 quid
2436 4243 2630 4298 bibatis
2663 4261 2675 4298 :
2710 4244 2874 4299 nolite
2907 4245 3121 4299 solliciti
3154 4261 3296 4301 esse.

267 4316 430 4370 teStis.
627 4385 631 4386 ν
2029 4313 2119 4386 50.
2165 4314 2294 4368 haec
2317 4317 2459 4369 enim
2485 4323 2671 4382 gentes
2699 4316 2856 4386 hujus
2884 4317 3066 4370 mundi
3107 4318 3406 4386 inquirunt.

332 4386 568 4462 27.__non
622 4385 899 4462 laborant.
957 4401 1066 4440 non
1124 4394 1322 4450 neunt,
1378 4398 1550 4453 neque
1605 4391 1797 4440 texunt
1830 4401 1842 4436 :
2160 4386 2403 4462 quaerite
2432 4403 2653 4462 regnum
2690 4385 2814 4452 Dei,
2847 4390 3034 4462 quasso
3060 4389 3080 4419 ⁵
3114 4385 3375 4462 primum.
3406 4389 3446 4462 1-

277 4453 384 4509 idco
412 4457 531 4511 dico
562 4458 740 4520 vobis,
777 4457 1053 4511 Salomon.
2024 4458 2116 4513 '55.
2159 4453 2277 4512 Sitit
2301 4468 2479 4512 autem
2497 4453 2667 4512 lumbi
2698 4461 2868 4513 vestri
2896 4453 3152 4514 adcincti.

339 4529 420 4582 28.
462 4545 558 4584 vos
589 4528 846 4583 minimae
876 4528 1019 4583 ﬁdei.

1505 4619 1896 4676 VA-BlANTES
1932 4614 2336 4673 LECTIO‘NES.

2020 4711 2043 4742 ⁸
2077 4712 2235 4783 quiet
2263 4714 2380 4783 illm.
2406 4713 2483 4761 cui
2507 4712 2946 4775 complacuitPatri
2969 4727 3098 4766 meo.
3129 4713 3274 4783 Vulg.
3293 4719 3404 4781 quia
3424 4731 3553 4767 com-

1961 4773 2142 4838 placuit
2165 4774 2294 4838 Patri
2323 4783 2504 4824 vestro.

2018 4839 2045 4914 ξ
2077 4837 2182 4887 Gut.
2211 4837 2462 4900 ardentes,
2489 4842 2539 4888 et
2563 4850 2666 4888 vos.
2695 4837 2841 4905 Vulg.
2867 4840 3099 4891 ardentes
3137 4843 3186 4892 in
3218 4843 3441 4910 manibus
3464 4859 3551 4898 ve-

1959 4906 2102 5020 suis't
2118 4964 2260 5014 Deest
2285 4965 2490 5026 primum
2513 4960 2566 5014 in
2589 4967 2707 5015 Mm.
2733 4971 2780 5016 et
2803 4965 2934 5030 Gal.)

336 4717 350 4782 ξ
384 4719 499 4766 Mm.
529 4715 715 4782 extolli.
743 4714 895 4782 Vulg.
919 4716 1041 4782 tolli.

337 4779 354 4843 ξ
387 4782 501 4828 Mm.
528 4780 602 4843 his
623 4776 1117 4843 omnibus'indigetis.
1151 4776 1296 4843 Vulg.
1315 4779 1392 4828 his
1415 4779 1663 4843 indigetis.

335 4841 499 4906 iam.
525 4841 761 4900 Quaerite
797 4839 1004 4906 regnum
1043 4842 1172 4906 Dei._
1185 4839 1290 4906 Gtt't.
1463 4840 1589 4906 Dei:
1619 4847 1684 4906 et_
1710 4839 1850 4906 haec.

279 4902 418 5012 lfairly.
437 4903 671 4966 Quaerite
687 4901 898 4968 primum
923 4917 1130 4967 regnum
1150 4903 1264 4964 Dei,
1291 4912 1343 4954 et
1365 4903 1600 4966 justitiam
1627 4901 1764 4965 ejus.
1787 4901 1855 4954 Et

309 4977 403 5016 δοες.

957 5087 1252 5129 ιεατιοιιες
1273 5084 1475 5126 ωιηοιε
1493 5082 1909 5123 ιἫΝΒΕΒΟΝΕΝΞΙΒ
1937 5083 2210 5124 ABEUNTES
2230 5085 2295 5124 ΑΒ
2321 5085 2572 5125 EDITIONB
2597 5087 2866 5128 VULGA'I‘A.

336 5165 408 5216 25.
432 5167 684 5219 cubitum?
709 5166 768 5216 Et
783 5165 846 5216 de
864 5168 1092 5224 caeteris,
1117 5166 1230 5228 quid
1259 5165 1449 5216 solliciti
1475 5165 1596 5215 estis
1612 5164 1637 5214 ‘l
1699 5163 1853 5228 27.1i-
1961 5165 2091 5213 enim
2108 5171 2288 5225 gentes
2314 5164 2457 5225 hujus
2479 5164 2640 5228 mundi
2665 5170 2925 5228 quaerunt.
2945 5165 3050 5214 Scit
3072 5171 3237 5215 autem
3275 5165 3424 5216 Pater
3445 5183 3552 5217 vcs-

283 5225 487 5292 liaagri:
513 5243 605 5278 non
633 5237 916 5279 crescunt...
943 5245 1106 5291 neque
1133 5225 1494 5292 iiettnt,'ueqne
1522 5227 1855 5292 texuntzidico
1958 5234 2064 5292 ter.
2121 5228 2198 5277 5t.
2223 5240 2434 5289 regnum
2475 5226 2571 5292 Dei
2603 5233 2686 5276 :et
2725 5226 2849 5280 haec
2887 5229 3043 5292 omnia
3082 5229 3354 5278 adiciuntur
3393 5233 3548 5280 vobis.

285 5287 419 5349 vobis,
456 5296 690 5362 quoniam
719 5287 1137 5362 necnSalgmon...
1187 5294 1256 5362 sic
1290 5287 1619 5362 vestiebatur.
1683 5288 1760 5362 2t};
1805 5293 1852 5336 in
1958 5287 2317 5362 Eolitetiniere
2342 5327 2355 5350 ,
2393 5287 2616 5362 pusillum
2639 5302 2869 5362 gregem.
2934 5290 3191 5342 55date...
3219 5299 3548 5362 veterasceut.

284 5362 387 5412 agro
565 5355 784 5406 modicae
820 5355 967 5406 ﬁdei?
1028 5356 1106 5405 29.
1132 5355 1280 5404 nolite
1317 5353 1508 5406 solliciti
1549 5366 1681 5403 esse.
1717 5353 1854 5402 Haec
1961 5353 2040 5403 55.
2085 5352 2185 5402 sint
2225 5358 2388 5400 autem
2430 5350 2578 5399 lumbi
2621 5350 2874 5412 ardentes.

1576 5457 1939 5515 BLANCHINI
1975 5457 2209 5514 NOT/E.

348 5557 416 5630 (η)
448 5560 575 5640 Post
599 5578 788 5625 union,
813 5560 1037 5640 decstIsi
1062 5574 1360 5640 argentique
1381 5557 1518 5633 quod
1545 5557 1811 5637 minimum
1839 5563 1942 5623 est,
1973 5556 2213 5640 potestis,
2257 5553 2442 5640 etiam.
2463 5554 2670 5640 ill-cOd.
2697 5551 2849 5640 Cant:
3061 5573 3180 5618 eum
3201 5557 3402 5640 eodem
3421 5565 3549 5640 ,_ua;ii

289 5625 510 5704 περῖτῶν
530 5634 720 5690 λοιπῶν
751 5636 817 5689 τί.
860 5664 929 5672 —-
969 5631 1042 5755 (l2
1070 5625 1230 5686 Αῑιιιίι
1271 5625 1429 5697 neque
1470 5638 1674 5691 texunt,
1719 5629 1878 5680 etiam
1931 5627 2050 5682 cod.
2085 5629 2238 5681 Catil.
2271 5625 2387 5680 οὔτε
2418 5626 2630 5699 ὑφαίνει.
2687 5657 2741 5666 --
2781 5628 2850 5698 (ε)
2885 5625 3041 5682 Addit
3082 5625 3351 5696 quoniam,
3385 5636 3543 5684 etiam

289 5704 397 5756 cod.
425 5704 572 5756 Cant.
622 5703 720 5756 ὅτι.
753 5735 823 5744 -
851 5704 928 5756 (dl
956 5703 1000 5756 Α
1041 5702 1113 5756 dit
1145 5702 1369 5756 omnium
1390 5744 1404 5756 .
1435 5701 1594 5756 etiam
1634 5715 1776 5754 vers.
1817 5698 2051 5756 .‘Etltioo.
2087 5698 2344 5756 multique
2376 5700 2464 5750 alii
2495 5697 2615 5752 cod.
2661 5696 2839 5753 δι*ωοὶ
2866 5700 3005 5756 apud
3055 5701 3302 5756 Milliuni.
3331 5706 3543 5756 contor-

289 5702 397 5756 cod.
425 5704 572 5759 Cant.
622 5703 720 5761 ὅτι.
753 5735 823 5744 -
851 5704 928 5771 (d)
956 5702 1113 5757 Addit
1145 5702 1369 5756 omnium
1390 5744 1404 5766 ,
1435 5702 1594 5756 etiam
1634 5715 1776 5754 vers.
1817 5702 2051 5769 :Ethiop.
2087 5702 2344 5765 multique
2376 5702 2464 5750 alii
2495 5702 2615 5752 cod.
2661 5702 2839 5753 Grmci
2866 5702 3005 5768 apud
3055 5702 3302 5766 Millium,
3331 5706 3548 5757 contor—

292 5773 700 5850 tniier_V_erc_ell.
736 5787 788 5831 et
819 5776 1061 5850 Brige:
1084 5774 1359 5850 Matthmo.
1391 5803 1459 5850 τ·-
1491 5776 1564 5850 ς)
1599 5775 1730 5850 amt-
1760 5788 1987 5850 _reguum
2015 5811 2028 5835 ,
2055 5771 2208 5850 dcest
2223 5770 2476 5849 primum,
2497 5770 2706 5837 pariter
2741 5770 2794 5828 iu
2827 5780 2931 5826 lex.
2961 5771 3054 5826 Gr.
3075 5772 3214 5828 Ibid.
3245 5774 3535 5842 insulam,

290 5852 399 5912 post
426 5842 546 5915 Dei,
583 5845 738 5905 deest
767 5857 812 5902 et
852 5847 1102 5914 iustitium
1141 5849 1283 5918 ejus,
1316 5857 1366 5900 ut
1407 5844 1460 5900 in
1499 5841 1723 5904 \‘ei'cell.
1760 5839 1980 5908 Verum,
2009 5849 2065 5897 et
2093 5839 2358 5904 Brittium.
