4054 6198
305 338 411 397 625

696 457 928 518 CODEX
955 457 1492 519 VERCELLENSIS.

298 550 393 607 24.
428 549 552 606 los:
588 549 786 608 Intrate
1136 570 1232 609 vos
1257 561 1439 608 autem

298 637 400 692 per
427 635 628 696 angus-
1133 626 1299 696 proici
1328 623 1478 679 foris.
1526 644 1529 649 λ

301 702 415 749 tum
446 695 681 759 ostium;
1136 695 1226 754 29.
1270 696 1337 751 Et
1364 696 1578 750 venient

301 766 558 835 quoniam
585 766 722 820 mul-
1135 770 1204 825 ab
1233 768 1475 834 Oriente,

302 840 369 903 ti,
396 837 518 891 dico
538 837 719 904 vobis,
1133 852 1187 898 et
1206 839 1467 896 Occiden-

300 918 595 978 quaerent,
1132 922 1207 978 te,
1231 921 1286 967 et
1312 914 1379 964 8i)
1403 910 1567 981 Aqui-

301 995 407 1037 nec
438 989 690 1047 poterunt
1134 986 1280 1052 lone,
1306 992 1361 1037 et
1381 980 1519 1037 Aus-

301 1052 549 1108 introire.
1134 1067 1251 1119 tro;
1284 1063 1338 1109 et
1366 1054 1601 1109 discum-

299 1124 395 1179 25.
436 1122 569 1178 Cum
597 1132 780 1181 autem
1130 1129 1262 1183 bent
1288 1128 1339 1179 in
1370 1141 1490 1193 reg—

299 1196 587 1251 intraverit
1128 1201 1222 1256 ’50.
1266 1212 1335 1251 no
1368 1197 1484 1252 Dei.
1514 1196 1586 1253 Et
1610 1211 1698 1254 ec-

300 1266 620 1323 Paterl’ami-
1130 1286 1194 1326 ce
1216 1276 1341 1325 sunt
1364 1285 1462 1322 no-

302 1339 430 1405 lias,
462 1350 517 1394 et
540 1337 722 1394 adclu-

300 1412 440 1466 serit
463 1412 657 1465 ostium
684 1452 701 1477 ,

299 1491 363 1554 et
393 1482 663 1554 incipietis

298 1553 437 1609 foris
463 1553 629 1617 stare,

1132 1341 1363 1405 vissimi,
1395 1340 1485 1410 qni

1132 1422 1291 1469 erunt
1322 1411 1512 1479 primi;

1134 1494 1189 1541 et
1218 1492 1346 1539 sunt
1377 1482 1555 1551 primi,

1134 1556 1224 1628 qui
1252 1558 1470 1628 luerunt

300 1626 552 1681 dicentes
585 1644 601 1682 :
624 1625 868 1693 Domine,
1132 1625 1443 1684 novissimi.

300 1697 458 1767 aperi
485 1696 643 1753 nobis
667 1703 705 1767 ε]
1132 1700 1223 1757 51.
1266 1698 1466 1753 Eadem
1491 1695 1580 1753 die
1604 1710 1692 1752 ac-

298 1776 362 1824 et
391 1784 615 1839 respon-
1132 1778 1416 1828 cesserunt

298 1841 466 1914 dens,
492 1840 637 1896 dicet
661 1859 679 1898 :
1134 1842 1349 1914 quidam
1377 1839 1516 1895 Plia-

297 1913 503 1969 Nescio
526 1927 623 1966 vos
1134 1916 1456 1979 risaeorum,

1136 1987 1381 2041 dicentes
1408 1983 1485 2039 illi
1515 2001 1532 2037 :

1136 2057 1385 2123 Discede,
1413 2066 1467 2111 et
1494 2070 1583 2110 va—

1137 2131 1204 2184 de
1231 2128 1387 2191 hinc;
1416 2142 1551 2197 quo-

304 1985 455 2040 unde
478 1984 599 2039 sitis
632 2001 647 2038 :

299 2056 397 2111 ‘26.
444 2067 570 2111 tunc
598 2055 828 2128 incipie-

302 2130 377 2183 tis
401 2127 586 2184 dicere
614 2146 629 2182 :

302 2199 601 2255 Manduca-
1138 2203 1282 2256 niam
1314 2199 1485 2255 Hero—

302 2270 484 2326 vimus
512 2285 699 2326 coram
1136 2273 1234 2328 des
1264 2273 1382 2327 vult
1410 2282 1463 2326 te

300 2352 390 2400 te.
420 2354 474 2398 et
504 2342 767 2407 bibimus;
1137 2346 1226 2399 52.
1270 2343 1539 2398 occidere.
1569 2341 1652 2412 lp-

300 2424 363 2470 et
388 2415 442 2469 in
482 2414 707 2485 plataeis
1135 2430 1199 2472 se
1224 2425 1402 2470 autem
1431 2414 1512 2468 di-

302 2486 510 2541 nostris
536 2484 636 2541 do-
1134 2490 1213 2542 xit
1239 2492 1317 2543 eis
1341 2505 1354 2539 :
1389 2486 1534 2539 Eun-

300 2558 397 2613 27.
439 2558 618 2612 cuisti.
655 2557 723 2613 Et
748 2558 828 2614 di-

302 2639 393 2685 εει
418 2630 574 2684 vobis
600 2647 614 2682 :
648 2630 786 2686 Nes-

303 2703 394 2757 cio
424 2716 523 2755 vos
550 2702 692 2758 unde

302 2773 429 2830 sitis
459 2790 472 2827 :
500 2771 732 2828 discedi-

302 2855 362 2899 te
391 2860 419 2897 a
450 2858 535 2898 me
562 2844 578 2875 ²
604 2859 797 2901 omnes

301 2916 544 2984 operarii
571 2915 674 2971 ini-

300 2988 399 3043 28.
443 2988 686 3052 quitatis.
710 2990 732 3021 ³
762 2988 880 3047 illic

302 3059 412 3115 erit
441 3059 603 3113 ﬂetus
622 3101 638 3126 ,

304 3141 365 3187 et
390 3131 592 3186 stridor
621 3130 753 3188 den-

306 3202 445 3259 tium
471 3222 484 3255 :

306 3290 432 3331 cum
459 3275 703 3331 videritis

307 3346 584 3403 Abraham
605 3389 619 3413 ,
650 3357 706 3402 et

307 3419 448 3486 lsac,
478 3431 533 3474 et
554 3418 583 3473 ,1
589 3418 744 3486 acob,

307 3500 370 3546 et
395 3505 588 3544 omnes
618 3490 750 3547 Pro-

307 3562 505 3631 phetas
532 3562 625 3618 Dei
650 3563 733 3618 in-

308 3640 599 3689 troeuntes

308 3705 366 3760 in
399 3721 568 3778 regno
597 3704 688 3763 Dei
707 3746 724 3774 ,

1136 2568 1216 2615 tes
1236 2601 1250 2624 ,
1279 2558 1517 2613 indicate

1135 2631 1283 2699 vulpi
1310 2629 1465 2683 huic:

1135 2698 1280 2757 EcCe
1303 2700 1441 2755 eicio
1466 2698 1594 2753 dae-

1136 2774 1317 2829 monia
1338 2815 1352 2839 ,
1375 2780 1430 2827 et
1455 2785 1541 2825 sa-

1136 2846 1336 2900 nitates
1366 2858 1489 2913 per—

1136 2917 1257 2973 ﬁcio
1288 2917 1449 2971 hodie
1471 2958 1484 2981 ,

1138 2999 1194 3046 et
1223 3003 1342 3044 cras
1360 3028 1375 3053 ,
1403 2996 1460 3042 et
1483 2986 1573 3043 die

1140 3062 1302 3115 tertia
1331 3074 1583 3114 consum-

1138 3133 1229 3188 55.
1274 3147 1413 3186 mor.
1448 3130 1557 3187 Sed
1584 3144 1760 3201 opor-

1140 3212 1219 3260 tet
1249 3220 1334 3258 me
1363 3204 1556 3270 hodie,

1138 3288 1191 3332 et
1212 3291 1364 3339 cras,
1391 3286 1444 3330 et
1470 3274 1522 3328 in
1552 3274 1696 3329 futu-

1138 3363 1294 3413 rum;
1327 3346 1584 3417 quoniam
1612 3361 1719 3403 non

1139 3428 1354 3488 Oportet
1382 3418 1514 3472 Pro-

1140 3491 1357 3560 phetam
1389 3489 1529 3558 peri-

1142 3579 1205 3618 re
1232 3573 1385 3617 extra
1419 3560 1546 3615 Hie-

1140 3635 1400 3689 rusalem.

1142 3706 1233 3761 54.
1276 3703 1613 3759 Hierusalem
1632 3745 1646 3771 ,

1345 341 1792 400 EVANGELIUM
1830 339 2201 400 SECUNDUM
2240 341 2498 400 LUCAM.

3476 346 3582 402 626

2413 458 2642 516 CODEX
2684 460 3141 519 VERONENSIS.

1988 549 2079 605 24.
2122 548 2443 606 Contendile
2469 553 2549 608 in—
2817 563 3009 610 euntes
3040 556 3092 608 in
3121 568 3208 613 re:

1989 632 2134 678 trare
2171 637 2265 693 per
2286 638 2385 677 an-
2818 641 2923 695 gno
2954 626 3079 690 Dei,
3113 639 3209 679 vos

1987 702 2199 767 gustant
2227 703 2433 767 portam
2458 712 2472 761 ;
2818 707 2997 752 autem
3035 696 3238 767 expelli

1989 768 2147 834 quia,
2172 766 2292 821 dico
2317 766 2489 831 vobis,
2817 768 2913 824 29.
2956 766 3122 824 foras.
3160 770 3224 822 Et
3251 783 3343 825 ve-

1989 838 2144 892 multi
2172 847 2456 906 quaerent,
2817 840 2970 895 nient
2994 841 3061 894 ab
3082 840 3274 895 Orien-

1988 918 2043 965 et
2067 924 2172 963 non
2207 925 2301 980 po-
2819 921 2875 967 te
2894 955 2911 979 ,
2941 922 2993 967 et
3017 911 3173 967 Occi-

1987 988 2186 1045 terunt.
2819 983 3011 1048 dente,
3048 991 3104 1037 et

1989 1052 2078 1106 25.
2123 1051 2200 1125 (a)
2243 1054 2321 1109 Ex
2351 1068 2458 1125 quo
2486 1069 2605 1112 sur—
2822 1055 3121 1123 Aquilone,
3147 1062 3204 1110 et

1989 1128 2190 1178 rexerit
2225 1126 2263 1195 -ί-
2293 1126 2394 1181 Pa-
2821 1129 3055 1193 Au~tro;
3088 1137 3142 1181 et

1991 1196 2306 1251 terfaiuilias
2324 1239 2341 1265 ,
2823 1199 3141 1254 recumbent
3168 1197 3223 1253 in

1989 1277 2044 1321 et
2067 1269 2288 1323 cluserit
2821 1286 2990 1340 regno
3022 1270 3136 1325 Dei.

1990 1342 2216 1404 ostium,
2249 1348 2305 1395 et
2820 1342 2909 1397 50.
2954 1341 3020 1396 Ει
3049 1356 3178 1396 ecce
3206 1350 3333 1397 sunt

2820 1412 3099 1468 novissimi
3119 1456 3133 1477 ,
3168 1412 3260 1483 qui

2822 1498 2977 1540 erunt
3009 1484 3202 1556 primi;

2822 1566 2878 1612 et
2907 1567 3033 1611 sunt
3064 1556 3255 1625 primi,

2820 1628 2913 1698 qui
2939 1637 3103 1684 erunt
3132 1642 3230 1683 n0-

1989 1410 2259 1481 incipietis
2300 1412 2431 1468 foris

1988 1492 2163 1557 stare,
2195 1483 2272 1557 (b)
2302 1498 2359 1539 et
2384 1484 2503 1554 pul-

1988 1568 2112 1609 sare
2141 1555 2179 1626 τ
2192 1555 2214 1623 ,”
2241 1557 2423 1611 dicen—

1990 1633 2070 1698 tes
2097 1643 2109 1681 :
2145 1629 2219 1698 (c)
2254 1627 2360 1681 Do-

1988 1697 2167 1763 mine,
2203 1699 2383 1753 Domi-
2822 1697 3057 1759 viSsimi.

1992 1784 2059 1823 ne
2084 1772 2152 1839 1-,
2183 1772 2331 1837 aperi
2823 1772 2915 1826 51.
2954 1770 3010 1824 lu
3040 1772 3153 1840 ipsa
3183 1788 3279 1826 au-

1993 1842 2188 1895 nobis:
2221 1850 2276 1896 et
2309 1858 2396 1899 re-
2825 1853 2930 1897 tem
2962 1842 3053 1897 die
3080 1858 3170 1897 ac-

1991 1913 2265 1986 spondens
2281 1956 2296 1981 ,
2824 1925 3107 1969 cesserunt
3143 1914 3263 1986 qui-

1995 1984 2174 2039 dicet:
2824 1986 2947 2041 dam
2974 1984 3166 2040 Phari;

1993 2055 2189 2112 Nescio
2220 2072 2316 2111 vos
2827 2074 3098 2123 saeorum,
3140 2057 3223 2113 di-

2827 2139 3013 2185 centes
3043 2130 3121 2184 illi
3150 2147 3164 2182 :

2830 2201 2931 2257 Exi
2953 2244 2967 2265 ,
2994 2210 3048 2256 et
3076 2199 3216 2255 Vade

2834 2273 2995 2338 hinc;
3028 2272 3152 2343 quia

1994 2128 2141 2183 unde
2167 2128 2284 2183 sitis
2312 2148 2326 2182 :

1996 2200 2085 2255 26.
2122 2209 2250 2256 tunc
2278 2200 2414 2256 inci-

1998 2272 2160 2341 pietis
2196 2272 2376 2329 dicere
2402 2289 2418 2326 :

2000 2343 2340 2398 Manducavi-
2835 2345 3082 2400 Herodes

2001 2430 2122 2469 mus
2152 2430 2334 2469 coram
2837 2417 2954 2470 vult
2985 2425 3039 2469 te

2004 2494 2084 2549 te,
2114 2495 2168 2541 et
2192 2486 2458 2553 bibimus;
2835 2488 3109 2543 occidere.

2001 2565 2085 2623 et,
2121 2558 2171 2610 in
2200 2560 2390 2624 plateis
2416 2573 2519 2612 no-
2836 2560 2926 2615 52.
2970 2559 3036 2614 Ει
3073 2557 3149 2612 ait
3174 2556 3284 2613 illis

1999 2630 2126 2682 stris
2154 2628 2404 2683 docuisti.
2835 2628 2991 2686 Jesus
3022 2648 3034 2683 :
3068 2629 3181 2694 Ite,

2000 2699 2091 2772 27.
2136 2700 2203 2754 Ει
2228 2700 2371 2756 dicet
2393 2716 2488 2757 νο·
2836 2702 3001 2757 dicite
3029 2702 3175 2772 vulpi

2000 2771 2084 2826 bis
2118 2789 2133 2826 :
2163 2772 2353 2826 Nescio
2383 2789 2487 2827 un-
2836 2773 2917 2828 illi
2944 2793 2956 2827 :
2989 2771 3131 2827 Ecce

2001 2842 2071 2898 de
2100 2846 2231 2899 estis
2262 2860 2274 2896 :
2310 2844 2487 2900 disce-
2836 2844 2975 2901 eicio
3019 2845 3239 2899 daemo-

2001 2914 2112 2970 dite
2135 2932 2161 2967 a
2187 2931 2272 2969 me
2293 2930 2410 2970 om-
2838 2917 2925 2972 nia
2945 2958 2958 2984 ,
2992 2915 3217 2970 etsani—

2002 3002 2103 3041 nes
2125 2987 2362 3057 operarii
2840 2998 2978 3043 tates
3011 2987 3174 3056 perli-

2003 3058 2093 3112 28.
2129 3058 2447 3129 iniquitatis.
2477 3061 2555 3118 lbi
2839 3062 2923 3115 cio
2953 3060 3147 3123 hodie,

2003 3131 2108 3184 erit
2132 3130 2288 3186 ﬂetus
2310 3172 2325 3198 ,
2357 3144 2412 3188 et
2839 3140 2895 3188 et
2924 3146 3046 3186 cras
3065 3174 3081 3197 ,
3110 3140 3164 3185 et

2003 3202 2206 3257 stridor
2840 3202 2999 3258 tertia
3032 3201 3120 3257 die

2005 3273 2248 3329 dentium
2274 3293 2286 3327 :
2838 3288 3211 3329 consummor.

2004 3359 2126 3400 cum
2171 3347 2411 3402 videritis
2837 3348 2929 3405 55.
2971 3347 3159 3412 Abite;
3190 3343 3315 3415 quia

2004 3417 2281 3472 Abraham
2302 3460 2315 3485 ,
2840 3433 2949 3472 non
2975 3425 3191 3485 Oportet

2006 3497 2061 3540 et
2086 3487 2200 3543 Isac
2216 3531 2231 3551 ,
2259 3500 2315 3545 et
2839 3488 3168 3557 Prophetam

2004 3557 2202 3624 Jacob,
2230 3570 2287 3615 et
2839 3560 3018 3624 perire
3044 3569 3197 3613 extra

2868 3629 3201 3687 lierusalem.

2841 3703 2931 3757 54.
2974 3700 3316 3758 Hierusalem
3337 3740 3352 3768 ,

2005 3645 2197 3686 omnes
2224 3632 2355 3686 Pro-

2004 3701 2199 3773 phetas
2228 3704 2399 3759 intro-

1629 3824 1863 3881 CODEX
1904 3825 2185 3884 BRleAN
2192 3827 2295 3886 US.

310 3927 459 3983 illos.
487 3926 831 3984 Contendite.
861 3930 1064 3985 intrare
1096 3944 1195 3998 per
1224 3935 1504 3998 angustam
1537 3934 1743 3993 portam
1779 3924 1903 3980 dico

310 4000 490 4054 vobis.
541 4002 663 4069 quia
720 4000 872 4055 multi
924 4009 1191 4070 quaerunt
1244 4002 1442 4070 intrare
1495 4006 1545 4050 et
1607 4013 1711 4051 non
1752 4007 1903 4066 pote-

310 4082 459 4127 runt.
491 4072 625 4127 Cum
673 4084 851 4128 autem
904 4068 1185 4127 intraverit
1236 4068 1644 4126 Paterfamilias.
1678 4079 1733 4123 et
1761 4070 1908 4122 clau-

312 4146 451 4215 serit
493 4145 715 4199 ostium.
761 4144 1029 4215 incipietis
1079 4145 1205 4197 loris
1249 4151 1413 4196 stare.
1463 4152 1539 4215 et_
1566 4141 1778 4215 pulsare
1821 4157 1910 4193 os—

314 4214 471 4288 tium.
513 4217 772 4270 dicentes.
821 4212 893 4288 (c)
954 4216 1177 4268 Domine
1238 4215 1458 4288 Domine
1514 4212 1555 4288 ᾖξ’
1607 4212 1753 4281 aperi
1810 4228 1907 4288 no-

315 4286 421 4342 bis.
469 4298 523 4341 et
572 4284 905 4357 respondens
957 4288 1100 4340 dii-et
1154 4287 1325 4339 VOiliS.
1379 4286 1571 4357 Nescio
1618 4298 1714 4337 vos
1771 4284 1910 4339 unde

315 4357 460 4413 sitis.
530 4356 675 4412 tunc
707 4359 968 4427 incipietis
1016 4359 1193 4412 dicere
1242 4356 1680 4411 Manducavimus
1726 4371 1906 4427 coram

319 4440 370 4483 te
416 4439 473 4484 et
513 4432 763 4485 bibimus.
811 4426 863 4485 et
922 4431 972 4483 in
1030 4431 1220 4498 plateis
1277 4429 1476 4483 nostris
1534 4426 1785 4481 docuisti.
1842 4426 1911 4481 Et

317 4500 461 4555 dicet
492 4504 665 4556 vobis.
712 4503 906 4556 Nescio
938 4516 1037 4555 vos
1070 4502 1212 4555 unde
1247 4503 1385 4554 sitis.
1436 4500 1699 4553 discedite
1751 4513 1779 4550 a
1816 4514 1911 4552 me

318 4588 511 4628 omnes
543 4575 634 4644 qui
662 4573 957 4643 operamini
984 4574 1339 4644 iniquitatem.
1391 4571 1463 4644 lbi
1512 4571 1611 4625 erit
1649 4569 1824 4644 fletus.
1857 4580 1911 4623 et

317 4645 526 4699 stridor
557 4642 818 4700 dentium.
849 4661 969 4698 cum
998 4645 1244 4699 videritis
1266 4642 1539 4697 Abraham
1578 4652 1630 4696 et
1660 4642 1825 4696 lsaac.
1856 4648 1913 4695 et

318 4714 510 4772 Jacob.
540 4726 597 4772 et
623 4733 815 4773 omnes
838 4715 1138 4786 Prophetas
1159 4716 1214 4770 in
1241 4730 1407 4784 regno
1433 4714 1549 4769 Dei.
1590 4729 1688 4768 vos
1732 4722 1911 4767 autem

2009 3927 2207 3997 expelli
2232 3928 2394 3982 foras.
2430 3928 2497 3983 Et
2521 3929 2742 3984 venient
2768 3929 2836 3984 ab
2857 3929 3080 3984 Oriente
3106 3934 3160 3981 et
3184 3923 3498 3983 Occidente.
3548 3933 3606 3980 et

2011 3996 2371 4069 abAquilone
2400 4010 2455 4055 et
2487 4005 2706 4055 Austro.
2762 4011 2817 4055 et
2846 3999 3187 4055 discumbent
3214 4000 3265 4051 in
3289 4012 3454 4069 regno
3482 3996 3600 4051 Dei.

2014 4071 2082 4124 Et
2109 4068 2236 4126 ecce
2266 4080 2390 4127 sunt
2420 4074 2469 4127 in
2511 4074 2822 4128 novissimis
2867 4074 2954 4139 qui
2992 4080 3152 4127 erunt
3195 4068 3369 4138 primi.
3415 4079 3467 4123 et
3509 4070 3604 4136 qui

2013 4152 2139 4197 sunt
2170 4146 2324 4212 primi
2350 4156 2509 4200 erunt
2536 4145 2835 4200 novissimi.
2869 4145 2925 4199 In
2946 4145 3055 4215 ipsa
3084 4141 3393 4215 autetudie.
3420 4154 3606 4215 arces-

2015 4227 2204 4270 sernnt
2249 4216 2312 4269 ad
2363 4232 2484 4271 eum
2531 4218 2743 4285 quidam
2780 4232 2846 4271 ex
2889 4211 3193 4269 Pliarisaeis
3223 4213 3463 4285 dicentes
3497 4211 3597 4285 ilﬁ.

2018 4287 2114 4341 Exi
2144 4299 2197 4341 et
2224 4288 2358 4341 vade
2388 4282 2683 4357 hineﬁquia
2722 4288 2961 4342 Herodes
2988 4290 3101 4339 vult
3139 4294 3194 4340 te
3240 4283 3501 4357 occidere
3538 4282 3605 4336 Et

2016 4360 2091 4411 ait
2120 4359 2224 4413 illis
2250 4358 2423 4413 .lcsus.
2453 4360 2530 4414 ite
2558 4353 2609 4412 et
2636 4359 2800 4413 dicite
2834 4358 2977 4427 vulpi
3010 4358 3106 4410 illi.
3145 4358 3282 4411 Ecce
3306 4354 3443 4409 eicio
3471 4353 3599 4427 dae-

2017 4432 2218 4485 monia.
2249 4442 2302 4485 et
2328 4431 2587 4485 sanitates
2618 4432 2855 4497 perlicio.
2909 4424 3069 4483 hodie
3094 4437 3146 4483 et
3187 4442 3325 4483 cras.
3366 4436 3418 4480 et
3446 4424 3603 4497 tertia

2018 4503 2105 4556 die
2155 4505 2572 4557 consummalior
2620 4495 3002 4556 Verumtamen
3045 4510 3260 4567 oportet
3289 4514 3393 4553 me.
3446 4495 3607 4567 hodie

2019 4585 2071 4627 et
2100 4589 2239 4627 cras.
2273 4586 2327 4627 et
2354 4574 2599 4641 sequenti
2628 4573 2927 4627 ambulare.
2959 4566 3215 4641 quianon
3245 4581 3330 4625 est
3349 4566 3604 4641 possibile

2020 4645 2341 4714 Prophetam
2388 4639 2563 4714 perire
2618 4654 2769 4700 extra
2819 4639 3180 4700 Hierusalem.
3243 4639 3598 4698 Hierusalem.

1589 4804 1817 4863 CODEX
1848 4802 2315 4862 CORBEIENSIS.

392 4908 487 4981 24.
530 4909 731 4965 intrare
759 4925 859 4980 per
887 4916 1173 4981 angustum
1202 4906 1421 4981 ostium.

393 4980 485 5037 52.
527 4989 584 5037 et
606 4978 857 5053 sequenti
883 4978 1324 5038 consummabor.

2092 4901 2181 4956 55.
2222 4900 2341 4969 ite;
2370 4900 2494 4976 quia
2526 4915 2633 4958 non
2655 4900 2801 4972 capit
2826 4898 3173 4971 PrOphetam,
3202 4905 3308 4953 etc.

1538 5063 1936 5123 VARIANTES
1971 5061 2370 5120 LECTIONES.

320 5202 329 5211 ς
389 5173 405 5203 ¹
447 5171 553 5220 Gut.
586 5182 759 5220 omnes
793 5170 1064 5232 operamini
1096 5168 1395 5230 iniquitates.
1434 5168 1552 5232 Mm.
1587 5177 1795 5232 omnes.
1831 5163 1916 5226 qui

322 5234 596 5296 operamini
616 5227 916 5296 iniquitates.
948 5231 1094 5297 Vulg.
1118 5227 1288 5280 omnes
1304 5230 1515 5295 Operarii
1540 5227 1820 5290 iniquitatis.

2084 5163 2105 5192 ³
2141 5161 2246 5212 Gat.
2271 5165 2318 5210 et
2332 5163 2451 5212 Mm.
2472 5158 2566 5210 Ubi
2585 5160 2697 5209 erit.
2717 5158 2898 5209 recenti
2911 5168 3074 5222 manu,
3094 5155 3216 5210 illic.
3242 5155 3387 5223 Vulg.
3407 5156 3483 5208 Ibi
3498 5158 3611 5209 erit.

1034 5329 1327 5370 LECTIONES
1351 5326 1552 5369 CODICIS
1578 5325 1986 5367 VINDEBONENSIS
2006 5322 2281 5365 ABEUNTES
2304 5324 2368 5363 AB
2396 5321 2639 5363 EDITIONE
2664 5321 2921 5361 VULGATA.

390 5416 467 5466 24.
495 5426 586 5476 per
607 5415 864 5476 angustum
888 5410 1067 5476 ostium
1086 5422 1100 5476 _;
1126 5408 1237 5476 quia
1257 5407 1363 5456 dico
1384 5407 1522 5476 vobis
1545 5422 1555 5455 :
1575 5405 1728 5476 multi
1769 5417 1921 5476 quae-

325 5484 446 5530 runt
464 5468 694 5526 intrare:
734 5474 814 5523 25.
843 5478 893 5521 et
916 5471 1122 5521 cluserit
1146 5468 1321 5518 Ostium
1346 5506 1359 5526 ,
1405 5475 1457 5517 et
1494 5469 1793 5530 incipietis...
1822 5468 1922 5516 DO-

326 5545 465 5592 mine
486 5580 499 5603 ,
525 5538 800 5603 Domine...
830 5535 994 5603 dicet_:
1030 5532 1208 5603 Nescio
1230 5545 1354 5603 nvos.
1400 5532 1496 5603 _26.
1534 5530 1924 5603 Manducalijmus

1229 5594 1305 5645 27.
1329 5595 1412 5658 qui
1449 5595 1718 5656 operamini
1743 5593 1921 5656 iniqui-

328 5598 495 5658 θοι-πώ
518 5610 633 5653 te...
656 5599 854 5659 Nescio,
880 5598 1011 5647 unde
1038 5598 1162 5646 sitis.

2031 5410 2199 5452 tatem.
2265 5402 2342 5451 28.
2367 5402 2641 5464 Prophetas
2662 5403 2970 5451 introeuntes
2997 5401 3048 5449 in
3079 5412 3253 5463 regno.
3319 5399 3397 5464 29.
3436 5402 3489 5446 et
3530 5408 3613 5447 re-

2030 5465 2277 5514 cuiubent.
2342 5465 2419 5513 51.
2448 5462 2641 5527 quidam
2664 5465 2904 5514 dicentes.
2971 5466 3049 5513 52.
3070 5468 3123 5511 et
3145 5462 3371 5527 sequenti
3387 5472 3612 5510 consum-

2029 5541 2152 5578 mor.
2216 5529 2291 5578 55.
2309 5523 2476 5586 Deest,
2492 5534 2835 5591 verumtamen
2855 5534 3050 5591 Oportet
3067 5538 3149 5575 me
3171 5523 3335 5584 hodie,
3351 5530 3403 5575 et
3423 5535 3548 5586 cras,
3562 5528 3617 5575 et

2029 5592 2257 5653 sequenti
2296 5591 2378 5641 die
2395 5590 2663 5642 ambulare.

1633 5695 1999 5752 BLANCHINI
2026 5694 2250 5751 ΝΟΤέΕ.
3530 5764 3531 5767 η

412 5797 587 5873 (a)an
619 5806 675 5853 et
700 5804 810 5873 tex.
837 5794 934 5873 Gr.
964 5790 1109 5873 ἀφέοῦ
1138 5789 1197 5850 ἂν
1223 5796 1505 5871 ὶγερθῇ.--
1534 5792 1611 5861 (b)
1645 5791 1772 5847 Post
1799 5793 2027 5861 pulsare,
2056 5790 2210 5845 deest
2230 5792 2435 5855 ostium,
2467 5791 2625 5844 etiam
2658 5790 2711 5846 in
2739 5789 2861 5845 cod.
2888 5786 3043 5847 Cant.
3076 5818 3145 5832 -—
3165 5788 3238 5860 (c)
3262 5779 3469 5844 Textus
3488 5790 3594 5858 quo

334 5866 444 5947 que
469 5866 578 5927 'Gr.
612 5869 848 5940 geminat
874 5866 1040 5946 K-Spti.
