4054 6198
534 341 637 398 627

930 457 1157 515 CODEX
1189 455 1726 515 VERCELLENSIS.

536 553 870 609 Hierusalem
890 595 904 618 ,
1364 562 1491 608 ante
1521 553 1696 608 illum.

534 641 674 692 quae
705 624 905 680 occidis
1365 627 1416 680 '5.
1465 627 1527 680 Et
1554 624 1888 693 respondens
1901 663 1915 687 ,

536 697 833 766 Prophetas
848 737 863 763 ,
1363 697 1500 752 dixit
1529 697 1685 752 Jesus

535 777 590 824 et
616 769 819 838 iapidas
841 781 936 822 eos
953 808 968 834 ,
1363 769 1430 823 ad
1455 768 1616 838 Legis

533 841 624 909 qui
648 839 798 893 missi
827 849 953 894 sunt
1363 839 1615 894 doctores
1634 881 1648 905 ,
1682 847 1738 894 et

521 920 587 965 at
616 921 699 977 te;
732 911 948 980 saepius
1366 911 1688 966 I’harisaeos
1717 928 1730 962 :

535 983 678 1037 volui
710 997 846 1037 con-
1364 984 1408 1038 si
1441 983 1567 1038 licet
1585 982 1708 1037 sab-

1367 1055 1505 1110 batis
1531 1055 1554 1086 ³
1583 1067 1738 1108 cura-

1366 1126 1421 1180 4.
1464 1125 1562 1180 re?
1592 1124 1672 1178 Ad
1700 1126 1776 1180 illi
1806 1132 1888 1180 ta-

1365 1204 1610 1253 cuerunt.
1636 1194 1720 1264 lp-

535 1069 760 1125 gregare
790 1053 894 1107 lili-

531 1141 594 1181 os
634 1135 759 1180 tuos
778 1166 791 1187 ,
825 1141 1012 1196 quem-

534 1197 826 1252 admodum

535 1269 734 1340 gallina
757 1268 842 1322 ni-
1366 1285 1426 1324 se
1457 1270 1635 1340 itaque
1664 1267 1684 1297 ³
1715 1267 1810 1322 ad-

536 1339 663 1396 dum
692 1351 848 1395 suum
1364 1339 1706 1410 prehendens

535 1412 638 1466 sub
665 1412 778 1465 alas
810 1425 966 1479 suas,
1365 1427 1584 1466 manum
1613 1413 1680 1465 ii—

537 1493 591 1538 et
618 1483 869 1539 noluistis
892 1486 905 1539 ε

537 1556 626 1610 55.
661 1555 799 1609 Ecce
821 1557 983 1610 relin-

537 1628 718 1696 quitur
747 1641 841 1680 vo-

535 1698 619 1753 bis
643 1698 835 1752 domus
857 1714 979 1754 ves-

519 1780 620 1824 Ara
648 1769 886 1824 deserta.

538 1841 668 1895 Dico
690 1842 833 1894 enim
857 1842 874 1872 ¹
903 1857 996 1899 vo-

536 1912 620 1966 bis
641 1954 655 1978 ,
683 1913 805 1979 quia
832 1929 940 1967 non

1365 1484 1468 1538 lius
1488 1527 1504 1551 ,
1535 1491 1780 1539 curatum

1366 1570 1486 1609 eum
1511 1554 1734 1609 dimisit.

1367 1627 1418 1681 5.
1463 1627 1530 1680 Et
1561 1625 1640 1696 (ά)
1671 1625 1869 1696 dixit-l-
1897 1625 1964 1680 ad

1369 1698 1491 1751 illos
1526 1717 1538 1751 :
1567 1697 1734 1766 Cujus

1366 1780 1603 1824 vestrum
1627 1809 1642 1834 ,
1674 1770 1784 1824 asi-

1365 1857 1486 1905 nus,
1519 1849 1612 1893 aut
1640 1840 1737 1894 bos

1365 1914 1409 1965 si
1436 1911 1697 1966 ceciderit

538 1982 791 2038 videbitis
813 2000 928 2050 me,
1367 1984 1418 2037 in
1447 1994 1669 2052 puteum

539 2053 713 2110 donec
737 2056 887 2109 veni-
1364 2054 1589 2109 sabbato
1607 2096 1621 2119 ,
1651 2071 1758 2112 non

536 2135 592 2178 at
618 2125 736 2180 dies
751 2168 765 2192 ,
800 2141 968 2197 quan-
1364 2127 1624 2180 continuo

537 2197 608 2252 do
635 2197 828 2252 dicatis
849 2217 860 2251 :
895 2199 992 2254 Be—
1365 2199 1618 2253 extrahet
1641 2199 1706 2254 il-

539 2267 816 2335 nedictus,
845 2273 938 2340 qui
1365 2269 1473 2340 lum
1503 2269 1675 2340 indie

542 2341 695 2395 venit
725 2342 776 2394 in
801 2338 897 2394 n01-
1371 2338 1424 2394 6.
1467 2339 1713 2396 sabbati?
1740 2340 1812 2396 Ει
1841 2351 1949 2395 non

538 2412 684 2466 mine
712 2412 945 2469 Domini.
1371 2421 1616 2481 poterant
1641 2413 1690 2466 ei

714 2527 942 2587 CAPUT
971 2526 1114 2589 xtv.
1367 2485 1700 2610 $51.13;?”

1369 2625 1422 2678 7.
1469 2626 1689 2682 Dicebat
1717 2634 1898 2681 autem

1368 2707 1423 2751 et
1451 2697 1517 2752 ad
1547 2697 1741 2753 invita-

542 2620 593 2674 i.
637 2621 705 2704 Et
735 2621 936 2678 factum
966 2634 1085 2692 est,

539 2705 662 2746 cum
692 2705 886 2748 Intras-

478 2804 487 2816 .
540 2772 624 2837 set
651 2764 952 2837 inddomum
1369 2775 1453 2822 tos
1482 2770 1713 2837 parabo-

540 2835 820 2905 cujusdam
1368 2835 1498 2905 iam,
1527 2840 1694 2895 deno-

541 2904 807 2982 Principis
837 2908 976 2964 Pha-
1369 2904 1489 2964 tatis
1517 2925 1612 2966 eos
1637 2926 1771 2982 quo-

541 2976 842 3034 risaeorum
1371 2983 1532 3036 modo
1562 2976 1670 3048 pri;

539 3049 766 3104 sabbato
793 3067 945 3105 man-
1374 3067 1490 3106 mos
1522 3053 1700 3108 discu-

540 3119 740 3176 ducare
770 3138 861 3195 pa-
1370 3124 1511 3179 bitos
1533 3125 1700 3195 elige-

541 3207 666 3246 nem
685 3236 700 3260 ,
729 3204 784 3248 et
813 3193 883 3250 ibi
1370 3205 1522 3260 rent,
1553 3193 1741 3252 dicens

539 3275 696 3319 erant
720 3266 907 3321 obser-
1368 3267 1436 3322 ad
1460 3283 1553 3321 eos
1585 3283 1601 3320 :

541 3346 727 3392 vantes
759 3338 930 3394 illum.
1370 3339 1423 3394 8.
1466 3337 1598 3393 Cum
1631 3340 1821 3395 invita-

539 3405 595 3459 2.
639 3408 705 3462 Ει
731 3424 858 3464 ecce
887 3411 1049 3465 homo
1371 3420 1455 3465 tus
1484 3411 1643 3466 fuerit

540 3479 757 3552 quidam
787 3480 883 3552 hy-
1367 3483 1562 3552 aliquis
1590 3483 1654 3537 ad

539 3549 794 3620 dropicus
822 3549 937 3608 erat
1367 3549 1580 3625 nuptias
1600 3595 1615 3619 ,
1651 3571 1756 3610 non

1074 342 1338 400 EUSEBII
1380 340 1712 398 VERCELL.
1757 337 2200 396 EVANGELIUM
2241 337 2380 392 CUM
2421 335 2650 394 VARIIS
2685 335 2840 393 COD.
2881 335 3269 394 COLLATUM.
3709 330 3799 388 ωε

2648 453 2879 512 CODEX
2923 449 3372 511 VERONENSIS.

2227 548 2560 604 ilierusalem
2577 593 2591 615 ,
3050 563 3138 600 mo
3169 544 3210 616 ἰ-
3241 541 3445 615 hydro-5

2223 635 2361 688 quae
2390 620 2588 674 occidis
3049 621 3198 688 picus
3225 624 3344 670 erat

2224 688 2526 760 Prophetas
2545 733 2560 756 ,
3050 701 3178 744 ante
3210 688 3382 742 illum.

2223 773 2278 817 et
2303 761 2509 831 lapidas
3051 761 3105 816 5.
3132 760 3198 814 Ει
3215 773 3448 831 respon-

2223 849 2318 890 eos
2339 829 2466 902 {qui
2498 833 2564 888 ad
3051 833 3184 886 dens
3207 829 3381 884 Jesus.

2226 915 2278 961 te
2304 905 2614 973 mittuntur;
3053 905 3118 958 ad
3149 902 3307 972 Legis
3335 916 3429 971 pe-

2224 980 2476 1044 quotiens
2501 993 2597 1032 vo-
3052 976 3210 1040 ritos,
3239 982 3294 1027 et

2224 1049 2296 1104 lui
2325 1063 2552 1116 congre-
3056 1047 3374 1101 Pharisaeos
3393 1086 3410 1112 ,

2224 1135 2353 1189 gare
2393 1113 2534 1175 ﬁlios
3060 1156 3074 1170 .
3117 1159 3134 1174 .
3178 1156 3192 1170 .
3239 1158 3252 1169 .
3298 1157 3312 1170 .
3357 1155 3370 1168 .
3413 1113 3474 1173 Si
3497 1113 3623 1169 licet

2225 1200 2346 1245 tuos
2362 1234 2376 1256 ,
2411 1206 2599 1259 queni-
3057 1189 3280 1245 sabbato
3297 1203 3401 1259 eu-

2227 1258 2514 1318 admodum
3056 1276 3203 1325 rare,
3241 1258 3313 1333 (ε)
3340 1274 3407 1333 an

3054 1334 3111 1388 4.
3152 1326 3259 1385 non
3283 1326 3371 1402 Η
3417 1326 3499 1386 Ad

3057 1405 3133 1459 illi
3165 1414 3344 1458 tacue-

3059 1488 3206 1532 runt.
3244 1475 3364 1544 ipse

3058 1563 3188 1603 vero
3220 1549 3422 1617 adpre-

2989 1647 2992 1656 ι
3062 1619 3288 1674 hensum
3316 1633 3443 1672 eum

3061 1695 3292 1756 sanavit,
3323 1704 3392 1746 ac

3060 1762 3264 1817 dimisit

3063 1850 3207 1888 eum.

3062 1907 3114 1960 5.
3158 1904 3227 1959 Et
3256 1905 3337 1976 (ά)
3373 1904 3510 1976 dixit
3536 1904 3577 1976 1-

2225 1334 2422 1404 gallina
2455 1336 2640 1395 nidum

2225 1420 2380 1459 suum
2411 1409 2512 1462 sub

2226 1477 2431 1547 pinnis,
2459 1490 2512 1536 et

2229 1549 2482 1605 noluisti!

2227 1620 2315 1674 55.
2361 1620 2498 1679 Ecce
2533 1624 2699 1680 relin-

2227 1699 2422 1762 quetur
2451 1696 2606 1750 vobis

2229 1763 2422 1817 domus
2452 1777 2628 1820 vestra

2225 1833 2460 1890 deserta.
2495 1838 2628 1894 Dico

2227 1903 2303 1975 (a)
2343 1907 2493 1963 vobis
2513 1908 2555 1980 ’ξ-
2579 1951 2595 1976 ,

2228 1990 2336 2029 non
2368 1994 2454 2034 me
2485 1975 2587 2034 vi;
3063 1976 3129 2030 ad
3160 1975 3283 2030 illos
3313 1975 3326 2029 ἐ
3362 1975 3471 2033 Cu-

2229 2045 2424 2103 debitis
2443 2092 2456 2115 ,
2488 2051 2585 2106 do-
3059 2047 3150 2118 jus
3179 2057 3426 2104 vestrum

2233 2133 2331 2172 nec
2358 2123 2540 2177 veniat
3064 2118 3271 2186 asinus,
3301 2130 3402 2174 aut

2231 2189 2349 2244 dies
2371 2232 2386 2254 ,
2417 2208 2541 2248 cum
3067 2191 3166 2246 bos
3192 2191 3243 2244 in
3272 2207 3368 2259 pu-

2231 2259 2428 2317 dicetis
2459 2283 2471 2317 :
2501 2268 2605 2325 Be-
3069 2271 3213 2317 tcum
3240 2262 3451 2319 cadens
3473 2304 3490 2331 ,

2232 2333 2484 2411 nedictus
2508 2381 2525 2407 ,
2553 2341 2644 2411 qui
3067 2342 3250 2411 etnon
3274 2349 3416 2411 con-5

2231 2406 2382 2460 venit
2414 2409 2466 2463 in
2499 2405 2597 2467 no:
3070 2407 3220 2460 tinuo
3249 2405 3495 2460 extrahit

2234 2478 2381 2533 mine
2407 2484 2515 2539 Do-
2788 2496 2792 2500 '
3066 2477 3216 2532 illum
3248 2477 3337 2531 die
3371 2473 3616 2533 sabbati?

2235 2549 2389 2604 mini.
3067 2548 3124 2608 6.
3166 2547 3243 2630 Et
3260 2564 3503 2630 no_n_po_-

2411 2667 2639 2727 CAPUT
2674 2662 2816 2726 XW-
3068 2620 3521 2763 ἑὲἒὲἓῗιὲἓτὲ³⁸⁰

2235 2767 2286 2820 1.
2328 2764 2397 2820 Ει
2429 2762 2628 2818 factum
3069 2765 3123 2818 7.
3165 2762 3262 2818 illi.
3294 2763 3528 2820 Dicebat

2237 2845 2319 2892 est
2343 2878 2357 2903 ,
2386 2844 2444 2890 ut
2467 2836 2640 2889 intra-
3067 2847 3245 2891 autetn
3275 2835 3360 2890 acl

2234 2918 2315 2963 ret
2341 2909 2392 2960 in
2415 2907 2634 2960 domum
3068 2908 3359 2972 invitatos,
3387 2908 3490 2963 in-’

2233 2978 2514 3048 cujusdam
3071 2980 3298 3034 tendens
3321 2994 3463 3050 quo-

2233 3051 2501 3118 Principis
3071 3051 3231 3106 modo
3263 3053 3473 3116 primos

2234 3124 2650 3179 Pharisaeorum
3068 3124 3318 3178 acubitos
3342 3123 3442 3178 eli.

2232 3195 2455 3249 sabbato
2486 3208 2639 3250 math
3066 3196 3286 3266 gebant,
3313 3195 3400 3249 di-

2231 3267 2431 3322 ducare
2464 3281 2556 3335 pa-
3063 3282 3195 3322 cens
3223 3266 3290 3320 ad
3324 3266 3388 3320 il-

2231 3354 2353 3392 nem
2376 3380 2390 3402 ,
2423 3350 2476 3392 et
2507 3339 2608 3408 ipsi
3061 3340 3114 3394 8.
3157 3342 3238 3392 ios
3264 3356 3278 3392 :
3309 3337 3446 3393 Cum

2230 3410 2590 3465 observabant
3068 3410 3334 3464 invitatus
3364 3410 3482 3465 fuco

2231 3483 2285 3536 ‘2.
2328 3497 2472 3552 eum.
2511 3481 2579 3535 Et
3071 3481 3146 3535 ris
3171 3480 3245 3552 (ε)
3269 3482 3343 3536 ab
3372 3481 3470 3535 ali-‘-

2232 3569 2360 3608 ecce
2396 3551 2471 3626 (ὁ)
2503 3553 2603 3607 ho-
3072 3551 3246 3623 quo?
3267 3593 3286 3620 ,
3322 3553 3434 3609 noli

1847 3667 2078 3728 CODEX
2118 3669 2397 3728 BRIXIAN
2405 3669 2505 3727 US.

541 3759 902 3835 Hierusalem.
936 3777 1075 3835 quae
1101 3763 1304 3818 occidis
1337 3763 1656 3833 PrOphetas.
1705 3774 1756 3820 et
1805 3765 2011 3835 lapidas
2038 3781 2131 3822 eos

538 3830 630 3896 qui
658 3830 1035 3907 tnittuntur'ad
1056 3844 1136 3907 te.
1167 3837 1417 3903 quotiens
1447 3830 1591 3889 volui
1621 3830 1952 3907 c0ngregare
1992 3837 2131 3891 iiiios

543 3912 682 3976 tuos.
713 3903 1166 3976 quemadmodum
1209 3907 1406 3975 gallina
1457 3907 1632 3974 pullos
1663 3903 1791 3962 suos
1830 3903 1929 3962 sub
1955 3909 2132 3976 pinnis

538 3974 652 4045 suis
677 3983 728 4028 et
757 3974 995 4029 noluisti.
1033 3975 1173 4030 Ecce
1194 3974 1535 4045 relinquetur
1561 3979 1715 4034 vobis
1744 3979 1935 4033 domus
1953 3974 2130 4037 veStra

538 4043 750 4118 deserta
795 4045 927 4118 Dico
973 4057 1158 4118 autem
1209 4043 1380 4102 vobis.
1427 4051 1556 4118 quia
1591 4065 1695 4102 non
1730 4050 1977 4105 videbitis
2020 4067 2127 4107 tne.

537 4115 715 4188 donec
747 4116 926 4188 veniat
955 4117 1072 4171 dies
1102 4134 1223 4171 cum
1253 4115 1466 4174 dicetis.
1516 4121 1836 4176 Venedictus
1864 4123 1954 4188 qui
1985 4124 2130 4178 venit

537 4187 592 4240 in
622 4187 842 4242 nomine
867 4187 1104 4244 Domini.
1138 4187 1202 4245 Et
1232 4190 1429 4244 factum
1462 4198 1546 4246 est
1574 4192 1700 4245 dum
1729 4187 2008 4248 introisset
2035 4193 2128 4249 Je-

538 4272 651 4332 Su_s_
676 4259 728 4312 in
782 4257 1000 4332 domum
1039 4261 1318 4329 cujusdam
1369 4261 1640 4332 Principis
1685 4263 2122 4322 Pharisaeorum.

538 4329 763 4384 sabbato
802 4330 1129 4404 manducare
1158 4349 1371 4402 panem.
1423 4344 1480 4389 et
1520 4329 1617 4404 ipsi
1650 4344 1802 4389 erant
1831 4337 2126 4391 obserVan-

538 4412 620 4460 tes
647 4415 792 4458 eum.
827 4401 895 4458 Et
917 4418 1044 4460 ecce
1067 4401 1228 4460 homo
1259 4405 1476 4476 quidam
1501 4401 1832 4477 hydropicus
1852 4419 1971 4463 erat
1999 4418 2124 4464 ante

2239 3767 2407 3843 i_llum_.
2445 3765 3058 3843 Et'rcspondensJesus
3088 3765 3222 3819 dixit
3252 3765 3324 3843 ad
3353 3765 3506 3834 Legis
3537 3759 3712 3843 peritos
3729 3758 3785 3843 Aet

2239 3819 2745 3909 assensere...
2774 3819 3215 3892 sabbatocurare
3246 3837 3324 3909 (ε)
3354 3819 3472 3891 Et“.
3509 3819 3608 3909 n'o_n
3637 3828 3687 3899 in
3721 3819 3784 3909 Αεί

2238 3910 2312 3964 illi
2344 3918 2648 3963 tacuerunt.
2686 3907 2818 3980 ipse
2849 3925 2976 3964 vero
3000 3905 3403 3978 adprehensitm
3443 3905 3784 3980 homittetn'sf-

2239 3982 2385 4034 navit
2409 3996 2551 4035 eum.
2589 3988 2644 4034 et
2668 3968 2889 4034 dimisit.
2944 3982 3006 4036 Et
3033 3968 3371 4049 respondens
3414 3980 3546 4035 dixit
3573 3975 3632 4027 ad
3666 3968 3780 4022 illos-

2235 4051 2402 4121 Cujus
2434 4062 2668 4105 vestrum
2699 4051 2857 4106 iiiius.
2879 4063 2969 4105 aut
2998 4055 3094 4106 bus
3114 4053 3255 4106 cadit
3285 4051 3342 4108 in
3377 4065 3608 4122 puteum.
3630 4054 3675 4094 et
3697 4049 3782 4122 uolt

2236 4111 2494 4177 continuo
2523 4123 2718 4178 levavit
2744 4123 2894 4178 illum
2915 4126 2966 4177 in
2990 4123 3075 4178 die
3103 4123 3354 4178 sabbato.
3373 4111 3439 4179 Ει
3458 4139 3557 4176 non
3577 4111 3786 4188 poterant

2235 4196 2286 4249 ei
2315 4194 2646 4264 respondere
2674 4195 2739 4249 ad
2772 4195 2920 4250 haec.
2977 4196 3195 4249 Dicebat
3240 4205 3420 4250 autem
3463 4193 3526 4245 ad
3573 4186 3782 4265 invitatos

2236 4257 2569 4336 paraboiunt.
2618 4267 2908 4321 intendens
2933 4265 3393 4336 quemadmodum
3421 4265 3615 4335 primos
3633 4257 3781 4336 discit:

2235 4326 2377 4392 bitus
2407 4338 2702 4405 eiigebant.
2732 4337 2920 4393 dicens
2951 4326 3017 4393 ad
3045 4352 3163 4393 eos.
3212 4333 3350 4394 Cum
3378 4326 3622 4392 invitatus
3647 4326 3781 4380 lucris

2230 4409 2304 4481 (ε)
2333 4409 2401 4464 ab
2423 4409 2600 4479 aliquo
2620 4409 2661 4480 -ιι
2691 4410 2758 4464 ad
2788 4412 3023 4479 nuptias.
3053 4409 3164 4464 noli

1810 4519 2041 4579 conex
2078 4498 2548 4581 CORBEiENSlS.

608 4611 700 4685 ξι.
742 4626 906 4685 saepe
937 4610 1084 4685 volui
1116 4628 1447 4685 congregare
1476 4615 1638 4672 ﬁlios.

615 4681 740 4740 CAP.
768 4681 909 4738 XIV.
939 4683 1082 4739 —8.
1116 4681 1253 4740 Cum
1285 4681 1540 4743 invitatus
1569 4686 1734 4744 fuerit
1759 4688 1880 4760 quis
1897 4688 1962 4744 ad
1994 4706 2130 4759 nup-

2240 4620 2362 4686 tias,
2395 4635 2502 4676 non
2534 4596 2838 4678 discumbat
2863 4621 2918 4679 in
2945 4621 3122 4692 primo
3150 4622 3290 4680 loco.

1780 4805 2174 4866 VARIANTES
2211 4801 2616 4864 LECTIONES.

601 4904 619 4934 ¹
657 4903 765 4954 ϐαι.
791 4903 933 4953 vobis
955 4916 966 4952 :
987 4912 1082 4950 non
1123 4899 1351 4950 videbitis
1372 4912 1473 4950 me.
1498 4903 1616 4951 Mm.
1642 4901 1812 4952 vobis:
1834 4914 1929 4950 non
1955 4915 2034 4949 tne
2054 4905 2124 4949 vi-

536 4965 720 5016 debitis
741 4966 929 5019 amodo,
954 4966 1113 5014 donec
1134 4963 1304 5012 dicatis
1332 4977 1344 5012 :
1370 4963 1684 5013 Benedictus.
1724 4962 1828 5012 Gal.
1859 4977 1967 5011 cum
1991 4964 2120 5012 dica-

534 5031 613 5141 tlis.
646 5027 790 5102 Kulg.
817 5029 972 5091 vobis,
993 5028 1217 5091 quianon
1243 5025 1473 5076 videbitis
1495 5039 1595 5086 me,
1619 5027 1778 5075 donec
1797 5027 1988 5090 veniat,
2013 5039 2124 5076 cum

571 5099 729 5142 tcetts.

2293 4901 2312 4930 ³
2347 4901 2466 4948 Mm.
2492 4911 2685 4958 curare,
2711 4904 2794 4948 aut
2810 4896 2942 4948 non?
2968 4895 3114 4960 Vulg.
3141 4893 3360 4960 curare?

2294 4963 2315 4994 ³
2347 4941 2466 5010 ξιὶὶῗ
2482 4941 3506 5023 ga'lsieiaagaaa'ﬁamiaéai{essetMm.
3535 4941 3779 5023 adpffl‘fiﬂj

2229 5038 2336 5076 sum
2352 5005 3779 5087 ismaazaa;;;aa.asaa:'risissemus“...-sanun

2232 5099 2366 5137 eum.

1240 5187 1525 5230 LECTIONES
1549 5185 1750 5228 CODlCiS
1769 5187 2180 5229 VINDEBONENSIS
2205 5184 2482 5228 ABEUNTES
2509 5185 2576 5226 AD
2602 5185 2851 5227 EDITIONE
2875 5183 3135 5226 γυιαΑτΑ.

598 5268 677 5318 δι.
712 5266 1064 5330 mittuntugad
1092 5274 1174 5328 te;
1211 5279 1361 5330 saepe
1385 5266 1636 5330 volui......
1657 5263 1836 5330 gallina
1857 5263 2009 5330 pullos
2032 5264 2124 5330 sub

537 5330 638 5401 aias
659 5343 788 5401 suas,
810 5336 880 5378 et.
948 5328 1024 5377 55.
1055 5321 1231 5377 vestra.
1274 5321 1395 5378 Dico
1423 5329 1576 5391 vobis,
1601 5321 1754 5378 non...
1772 5321 1932 5377 donec
1953 5323 2130 5378 dicatis

541 5391 857 5442 Benedictus.

599 5453 712 5504 Cn.
741 5450 867 5502 XIV.
887 5479 950 5490 —-
972 5453 1020 5504 1.
1044 5452 1106 5503 Et
1125 5451 1308 5502 factum
1332 5457 1427 5510 est,
1451 5457 1523 5501 ut.
1577 5453 1631 5515 2.
1650 5452 1801 5515 homo!
1814 5451 2129 5515 hydropicus.

598 5518 649 5567 3.
673 5516 796 5566 dixit
813 5514 978 5566 Jcsus.
1042 5516 1091 5565 ι.
1119 5528 1235 5566 eum
1257 5515 1465 5572 sanavit,
1482 5527 1538 5564 ac
1558 5513 1740 5564 dimisit
1773 5511 1928 5564 iiiu'm.
1975 5511 2047 5563 ‘5.
2072 5511 2135 5562 Et

2229 5263 2352 5311 dixit
2377 5261 2434 5309 ad
2462 5260 2626 5311 illos...
2651 5261 2699 5312 in
2719 5269 2917 5324 puteum
2943 5259 3086 5323 cadit,
3118 5258 3343 5310 extrahet
3363 5253 3509 5306 illum,
3531 5241 3688 5330 omist
3705 5238 3772 5286 die

2231 5323 2417 5346 ιιι-ιη·ιέ
2502 5323 2531 5346 ’9
2579 5323 2780 5346 “Lat...-
2821 5331 2981 5346 -..υ-..ι
3019 5322 3074 5346 ...ι
3112 5324 3328 5346 :.--.:.MM.
3436 5322 3479 5346 at
3517 5307 3692 5346 dir-nbat
3722 5298 3772 5346 ad

2231 5307 2436 5373 amisii".
2462 5307 2983 5374 armigeras...
3005 5307 3086 5372 ἰδ’
3112 5307 3406 5372 nsanos.-.
3436 5322 3482 5381 ei
3517 5307 3704 5381 dict-Mt
3715 5314 3743 5381 ξι

2235 5387 2361 5438 illos.
2428 5387 2477 5436 8.
2497 5387 2612 5438 Cum
2629 5389 2855 5436 invitatus
2873 5385 3153 5438 fueritad...
3171 5398 3266 5436 nou
3283 5377 3542 5432 discumbat
3558 5377 3657 5421 in...
3678 5377 3767 5414 ne.-

2232 5452 2296 5500 sit
2317 5457 2537 5510 vocatus,
2561 5448 2736 5502 omisso
2756 5450 2818 5500 ab
2843 5449 2942 5500 illo.

1869 5615 2234 5673 BLANCHINI
2266 5615 2487 5674 ΝΟΤᾸΕ.

609 5715 687 5788 (a)
727 5717 856 5773 Post
889 5720 1029 5774 vobis
1054 5762 1068 5782 .
1114 5720 1265 5776 deest
1284 5718 1404 5790 quia
1428 5758 1443 5782 ,
1475 5717 1636 5790 etiam
1681 5714 1735 5769 in
1772 5713 1896 5790 cod.
1929 5711 2188 5790 Cant._—
2223 5715 2298 5786 (ὸ)
2331 5716 2457 5771 Post
2488 5717 2638 5790 homo
2664 5758 2678 5780 ,
2719 5715 2876 5771 deest
2915 5716 3150 5790 quidam,
3184 5715 3378 5790 pariter
3403 5711 3451 5763 in
3473 5693 3760 5790 fiofl‘lfa“:

539 5769 1789 5863 evaganti...55.13.53."emicans.
1918 5815 1992 5863 _..
2022 5787 2105 5858 (α)
2142 5769 2294 5845 Αηὶό
2312 5769 2480 5857 at...
2510 5769 2685 5845 deest
2720 5769 3073 5859 ianua...“
3097 5769 3298 5863 ista...
3322 5785 3374 5853 in
3401 5777 3514 5836 cod.
3543 5769 3678 5830 cm.
3699 5785 3761 5804 -

542 5859 614 5938 (ε)
637 5857 868 5916 Additur
895 5861 958 5916 ab
983 5863 1177 5933 aliqua,
1212 5861 1266 5917 iu
1296 5869 1428 5926 text.
1462 5875 1677 5937 quoque
1707 5858 1803 5916 Gr.
1827 5858 1934 5919 ὑπὸ
1958 5857 2112 5920 τινὸς.
