4054 6198
344 256 445 312 69.9

733 378 962 437 CODEX
1005 379 1541 443 VERCELLENSIS.

334 468 643 526 discumbat
1166 476 1337 531 vitare
1369 479 1503 531 ami-

334 541 389 595 in
418 542 601 619 primo
628 543 707 598 ιο-
1166 563 1279 619 cos.
1313 564 1487 619 neque

332 626 399 667 co
422 654 437 677 ,
470 630 540 668 ne
568 614 705 671 forte
1168 618 1365 675 fratres
1397 614 1479 675 iu-

332 683 681 760 honoratior
744 759 748 760 ί
1163 705 1246 760 os,
1280 692 1374 747 sed
1407 708 1508 749 nec
1534 693 1614 748 vi-

332 764 385 810 te
416 757 611 826 aliquis
640 758 709 813 sit
738 759 817 813 in-

330 827 384 885 9.
430 829 651 893 vitatus,
679 839 736 886 et

326 901 579 961 veniens.
610 902 701 969 qui

323 980 403 1031 te,
443 972 460 1002 ί
494 982 548 1025 et
576 972 723 1030 illum

326 1042 606 1109 invitavit,

325 1114 475 1169 dicat
504 1116 596 1169 tibi
635 1136 649 1171 :
685 1120 762 1175 Da

324 1184 461 1239 huic
492 1187 668 1244 locum
694 1206 709 1255 ;

325 1267 381 1312 et
411 1266 543 1311 tunc
570 1260 702 1315 inci-

325 1330 446 1398 pies
478 1344 598 1385 cum
629 1348 759 1390 con-

1164 764 1337 825 cinos,
1364 763 1441 835 (α)
1475 780 1576 822 nec
1601 764 1643 835 ἰ’
1666 763 1744 819 di-

1165 834 1306 889 vites
1328 851 1341 899 ;
1376 834 1443 889 ne
1466 836 1575 891 for-

1165 915 1218 959 te
1240 916 1295 960 et
1315 907 1417 975 ipsi
1446 917 1497 962 te

1166 979 1422 1041 invitent,

1167 1059 1221 1103 et
1253 1050 1338 1102 fiat
1364 1050 1487 1104 red-

1167 1120 1301 1175 ditio
1334 1121 1426 1175 tibi
1460 1138 1473 1174 :

1170 1192 1256 1245 15.
1300 1192 1417 1254 sed.
1451 1208 1575 1248 cum
1604 1193 1734 1250 faci-

1169 1280 1231 1318 es
1261 1265 1569 1333 prandium,
1596 1266 1678 1320 in-

1165 1335 1273 1389 vita
1304 1351 1504 1405 paupe-

326 1400 549 1455 tusione
578 1420 675 1459 no-
1166 1422 1275 1471 res,
1305 1400 1461 1462 debi-

327 1473 614 1529 bissitnum
1167 1478 1268 1543 les,
1301 1520 1312 1531 .
1350 1519 1363 1531 .
1393 1480 1527 1533 odos
1552 1521 1567 1543 ,

329 1545 511 1597 locum
542 1547 677 1603 deti-
1165 1551 1253 1604 M.
1298 1560 1350 1603 et
1382 1565 1573 1605 caecos
1600 1570 1613 1606 ε
1647 1560 1701 1609 et
1725 1551 1854 1607 bea-

324 1631 495 1691 nere.
842 1690 845 1691 ν
1166 1630 1251 1675 tus
1280 1622 1409 1687 eris,
1443 1624 1568 1691 quia

1165 1707 1269 1747 non
1300 1692 1502 1748 habent

1166 1763 1308 1818 unde
1338 1765 1529 1819 redde-

1167 1850 1225 1889 re
1256 1836 1349 1889 tibi
1371 1852 1385 1899 ;
1418 1836 1544 1891 red-

328 1688 419 1741 10.
464 1688 571 1745 Sed
596 1707 717 1748 cum
743 1690 881 1747 invi-

328 1769 476 1814 tatus
502 1762 669 1819 fueris
688 1808 703 1830 ,

331 1832 471 1885 vade
490 1875 506 1901 ,
536 1842 591 1889 et
624 1836 736 1892 dis—

332 1906 526 1962 cuntbe
557 1905 611 1960 iu
1166 1906 1325 1963 detur
1354 1909 1498 1961 enim

335 1977 633 2034 novissimo
1170 1979 1262 2033 tibi
1295 1979 1347 2032 in
1381 1996 1561 2035 resur-

336 2047 454 2102 loco
473 2066 488 2113 ;
523 2061 579 2103 ut
603 2093 619 2118 ,
652 2066 773 2108 cum
1168 2051 1409 2105 rectione

336 2122 549 2194 venerit
565 2164 579 2187 ,
613 2124 702 2194 qui
1163 2121 1457 2194 iustorum.

340 2200 390 2246 te
420 2192 561 2247 invi-
634 2192 642 2194 ἡ
1171 2193 1256 2247 15.
1299 2192 1540 2249 Audiens
1566 2210 1661 2248 au—

341 2264 492 2330 tavit,
528 2264 712 2321 dicat:
1170 2275 1273 2319 tem
1306 2266 1524 2333 quidam

339 2333 544 2402 Amice,
580 2352 734 2393 acce-
1167 2352 1232 2390 ex
1261 2336 1499 2394 discum—

338 2407 405 2461 de
435 2410 708 2478 superius.
1169 2409 1420 2462 bentibus

339 2478 490 2533 Tunc
521 2482 628 2536 erit
1169 2479 1325 2539 haec.
1361 2480 1496 2534 dixit
1524 2479 1586 2534 il-
1629 2496 1632 2498 ‘

337 2550 508 2620 gloria
541 2552 633 2606 tibi
1168 2551 1203 2604 li
1232 2568 1245 2604 :
1279 2551 1499 2614 Beatus,
1531 2554 1620 2622 qui

338 2637 523 2676 coram
555 2624 666 2678 dis-
1168 2622 1523 2677 manducave-

337 2694 644 2749 cumbenti-
1168 2693 1237 2747 rit
1269 2709 1462 2763 panem

338 2765 423 2819 11.
471 2765 609 2830 bus;
645 2767 839 2839 quoni—
1168 2766 1419 2839 in‘regno
1452 2763 1566 2839 Dei.

336 2851 421 2890 am
453 2839 632 2894 omnis
652 2836 678 2907 ,“
1171 2836 1261 2909 16.
1305 2836 1407 2902 Qui
1445 2836 1517 2907 (b)
1550 2838 1685 2893 dixit
1714 2838 1753 2909 -ι-
1781 2856 1793 2894 :

336 2909 425 2976 qui
462 2910 663 2965 exaltat
1170 2908 1343 2962 Homo
1374 2909 1593 2976 quidam

337 2994 420 3042 se,
449 2979 629 3035 burni-
1171 2979 1297 3034 fecit
1327 2994 1517 3034 cenam

337 3051 584 3118 liabitur,
610 3065 665 3109 et
1172 3066 1442 3121 magnam,
1473 3060 1529 3105 et

338 3122 429 3190 qui
456 3138 516 3177 se
549 3123 727 3178 humi—
1173 3124 1417 3177 invitavit
1445 3125 1584 3177 mul-

338 3193 578 3261 liaberit,
610 3197 753 3252 exal-
1175 3196 1261 3249 17.
1296 3204 1414 3259 tos;
1451 3206 1502 3248 et
1526 3195 1675 3250 misit

341 3265 562 3320 tabitur.
1171 3280 1386 3321 servum
1414 3282 1504 3321 su-

342 3337 429 3391 12.
474 3339 701 3393 Dicebat
725 3354 820 3405 au-
1174 3354 1259 3391 nm
1294 3337 1424 3392 liora
1457 3352 1546 3394 ce-

340 3416 446 3463 tem
474 3418 528 3463 et
558 3411 695 3465 invi-
1173 3425 1295 3475 nae,
1324 3410 1507 3464 dicere

342 3482 499 3534 tatori
532 3499 545 3533 :
577 3482 713 3538 Cum

341 3549 502 3606 facies
536 3567 705 3622 pran-

342 3622 506 3689 dium,
530 3636 585 3679 et
616 3640 705 3681 ce-

344 3710 489 3763 nam,
522 3696 633 3751 noli
663 3698 747 3750 in-

1173 3480 1413 3552 invitatis
1444 3498 1457 3533 :
1486 3480 1561 3552 (c)
1592 3498 1683 3539 ve-

1172 3553 1284 3606 nite
1314 3551 1354 3622 -l'
1372 3593 1386 3617 ,
1420 3551 1611 3633 quoni~

1172 3638 1257 3676 am
1284 3638 1466 3676 omnia

1174 3710 1464 3764 praepara‘

1402 266 1847 326 EVANGELIUM
1889 270 2256 331 SECUNDUM
2298 276 2553 337 LUCAM.

3522 286 3627 343 050

2454 393 2684 453 CODEX
2728 395 3180 459 VERONENSIS.

2028 481 2372 566 discumbere
2861 492 3089 566 amicos,
3104 503 3227 551 tuos
3241 537 3257 562 ,

2029 563 2079 634 in
2116 563 2289 623 primo
2861 578 3038 634 neque
3066 563 3264 622 fratres
3282 610 3298 632 ,

2029 626 2147 707 loco
2170 642 2287 707 ;_ne
2860 626 3038 705 neque
3059 626 3321 707 cognatos
3341 680 3357 704 ,

2028 696 2168 775 forte
2196 697 2367 775 hono-
2859 696 3034 775 neque
3067 696 3277 764 vicinos
3296 752 3312 775 ,

2028 770 2198 823 ratior
2226 782 2275 825 te
2304 772 2374 827 sit

2028 840 2081 893 9.
2122 852 2376 923 vocatus,
2410 856 2465 904 et

2026 917 2227 973 veniat.
2264 917 2356 983 qui

2028 990 2102 1049 te,
2127 993 2180 1038 et
2202 985 2365 1066 illum

2030 1067 2261 1120 vocavu,
2288 1068 2343 1112 et

2027 1125 2175 1180 dicat
2207 1128 2304 1181 tibi
2330 1148 2341 1183 :

2860 776 2935 860 (ᾳ)
2968 793 3143 849 neque
3164 780 3205 851 ἰ-
3230 780 3311 836 di-

2860 858 2995 903 vites
3021 867 3034 914 ;
3066 867 3133 907 ne

2860 919 3002 975 forte
3029 932 3081 976 et
3106 921 3212 992 ipsi

2862 1002 2915 1046 te
2948 994 3266 1059 reinvitent,

2859 1074 2913 1117 et
2945 1065 3045 1118 erit
3078 1064 3175 1119 tibi

2859 1135 3147 1190 retributio
3173 1154 3188 1191 :

2028 1197 2102 1250 Da
2132 1199 2254 1254 huic
2276 1200 2356 1255 lo-
2862 1207 2947 1261 1⁸5.
2994 1208 3111 1271 sed,
3137 1223 3260 1262 cum

2027 1283 2179 1351 cum;
2215 1280 2269 1324 et
2294 1274 2377 1327 in-
2858 1277 2991 1351 facis
3019 1279 3210 1332 convi-

2027 1350 2193 1408 cnpies
2220 1357 2341 1397 cum
2860 1350 3025 1412 vium,
3060 1365 3193 1406 voca

2027 1412 2227 1493 rubore
2260 1431 2355 1470 no—
2857 1435 3142 1493 pauperes,
3171 1421 3267 1477 de-

2026 1485 2307 1558 vissimum
2857 1485 2996 1547 biles
3014 1535 3027 1558 ,
3058 1494 3266 1558 clodos,

2031 1556 2210 1609 locum
2243 1569 2320 1613 te-
2862 1565 2951 1617 14.
2995 1556 3191 1619 caecos
3219 1556 3313 1621 :iet

2030 1626 2118 1680 10.
2166 1644 2315 1684 nere.
2351 1633 2458 1689 Sed
2862 1635 3053 1690 beatus
3076 1637 3202 1701 erit,

2029 1714 2170 1776 cum_
2184 1715 2343 1776 voca—
2587 1710 2593 1716 ’
2861 1706 3004 1776 quod
3032 1722 3141 1761 non

2032 1778 2116 1823 tus
2146 1769 2311 1828 fueris
2333 1819 2347 1841 ,
2862 1769 3064 1832 babent
3092 1778 3251 1833 retri-

2032 1841 2187 1909 vade,
2220 1860 2310 1899 re-
2858 1849 3026 1903 buere
3055 1849 3148 1905 tibi
3173 1867 3189 1915 ;

2031 1915 2223 1969 cumbe
2255 1917 2307 1970 in
2862 1921 3201 1975 retribuetur

2032 1985 2334 2043 nobissimo
2863 1991 3005 2047 enim
3040 1992 3136 2046 tibi

2034 2056 2188 2122 loco;
2233 2067 2289 2112 ut
2864 2065 2915 2117 in
2945 2079 3186 2117 resurre-

2030 2142 2153 2203 cnm
2188 2144 2279 2183 ve-
2862 2135 3041 2189 ctione
3067 2134 3357 2203 iustorum.

2033 2201 2196 2264 nerit,
2225 2204 2318 2271 qui
2864 2206 2952 2261 15.
2999 2201 3142 2260 Haec
3168 2220 3292 2260 cum

2034 2280 2086 2347 te
2118 2273 2381 2347 invitavit,
2863 2277 3144 2332 audissent
3170 2276 3289 2347 qui-

2032 2341 2177 2396 dicat
2205 2346 2301 2400 tibi
2327 2365 2340 2399 :
2860 2349 2982 2402 dam
3010 2350 3077 2402 de
3108 2341 3270 2403 simul

2862 2420 3252 2475 discumbenti-

2858 2492 2980 2557 bus,
3014 2491 3268 2544 dixerunt

2033 2413 2224 2469 Amice
2240 2458 2253 2480 ,
2283 2432 2472 2473 ascen-

2029 2484 2097 2555 de
2122 2488 2392 2555 superius.

2030 2554 2179 2627 Tunc
2206 2558 2311 2613 erit
2862 2562 2943 2616 illi
2967 2554 2988 2614 ἐ
3024 2562 3223 2617 Beatus
3244 2605 3259 2627 ,

2031 2626 2124 2680 tibi
2153 2628 2326 2703 gloria
2863 2633 2953 2703 qui
2986 2633 3280 2689 manduca-

2030 2713 2151 2751 cum
2180 2702 2361 2773 simul
2864 2702 2943 2758 bit
2970 2720 3162 2773 panem

2030 2772 2507 2845 recumbentibus;
2867 2776 2920 2829 in
2948 2772 3118 2845 regno
3151 2775 3269 2831 Dei.

2031 2842 2119 2917 il.
2164 2842 2287 2911 quia
2319 2847 2528 2912 omnis,
2869 2847 2957 2900 16.
3005 2842 3080 2902 ιὶά
3112 2848 3229 2917 ipse

2030 2915 2241 2989 quia_se
2272 2916 2421 2989 exal-
2867 2917 2941 2989 (b)
2973 2917 3111 2971 dixit
3133 2915 3177 2989 ll-
3209 2935 3223 2974 :
3253 2915 3364 2973 Ho-

2032 2993 2128 3058 tat,
2149 2985 2343 3058 _humi-
2864 2985 2953 3043 mo
2983 2985 3202 3058 quidam

2865 3060 2989 3115 fecit
3017 3076 3208 3115 cenam
3238 3075 3352 3115 ma-

2863 3147 3047 3199 gnam,
3079 3141 3136 3186 et
3166 3131 3383 3187 vocavit

2866 3204 2953 3258 17.
2999 3203 3230 3269 multos;
3262 3212 3317 3259 et
3341 3201 3492 3257 misit

2863 3288 3081 3328 servum
3106 3289 3265 3329 suum

2864 3344 2996 3398 hora
3026 3361 3196 3400 cenae
3222 3387 3238 3415 ,

2863 3427 2922 3470 ut
2951 3416 3160 3471 diceret

2863 3487 3109 3540 invitatis
3140 3504 3153 3539 :

2865 3557 2936 3627 (c)
2967 3558 3153 3613 venite
3181 3558 3239 3629 σθ,

2857 3628 2967 3697 jam
2993 3628 3235 3699 paratum

2861 3709 2964 3754 88L

2034 3054 2275 3122 liabitur,
2300 3067 2354 3112 et

2031 3129 2121 3193 qui
2154 3144 2212 3183 se
2240 3129 2417 3183 itumi-

2032 3199 2147 3262 liat,
2176 3202 2382 3255 exalta-

2033 3272 2197 3327 bitur.

2034 3342 2123 3396 12.
2168 3343 2393 3399 Dicebat
2421 3360 2516 3400 au-

2033 3424 2139 3467 tem
2171 3426 2225 3469 et
2253 3415 2390 3469 invi-

2034 3487 2194 3538 tatori
2222 3504 2234 3539 :
2262 3486 2397 3539 Cum

2035 3555 2167 3609 facis
2196 3556 2478 3626 prandium

2034 3638 2126 3680 aut
2147 3643 2369 3693 cenam,

2035 3698 2145 3752 noli
2175 3700 2406 3755 invitare

1643 3810 1875 3867 CODEX
1912 3813 2300 3872 BBIXIANUS.

340 3904 680 3959 discumbere
697 3905 748 3958 in
770 3905 940 3973 primo
958 3905 1099 3960 loco.
1118 3920 1183 3959 ne
1201 3905 1335 3960 forte
1355 3903 1669 3959 honoratior
1691 3913 1742 3959 te
1763 3906 1831 3958 sit
1856 3906 1935 3959 in-

342 3976 534 4031 vitatus
551 3977 617 4030 ab
638 3992 724 4031 eo.
748 3987 802 4031 et
818 3977 1041 4031 veniens
1064 3978 1129 4031 is.
1148 3978 1235 4045 qui
1262 3988 1311 4031 te
1333 3985 1387 4030 et
1407 3976 1557 4030 illum
1579 3978 1837 4031 invitavit.
1858 3980 1936 4032 di-

339 4060 419 4102 cat
453 4049 546 4101 tibi
562 4048 635 4101 Da
660 4048 781 4102 huic
804 4050 999 4103 locum.
1016 4059 1069 4103 et
1087 4058 1211 4103 tunc
1231 4050 1452 4116 incipies
1473 4064 1593 4101 cum
1608 4050 1933 4103 verecundia

342 4119 685 4175 novissimum
707 4121 879 4175 locum
903 4130 1109 4175 tenere.
1126 4122 1230 4176 Sed
1245 4136 1367 4174 cum
1386 4130 1604 4174 vocatus
1625 4120 1787 4174 fueris
1803 4122 1933 4176 vade

339 4203 390 4244 et
420 4192 701 4263 discumbe
735 4194 783 4245 in
819 4193 1115 4246 novissimo
1150 4193 1289 4245 loco.
1342 4203 1396 4245 ut
1424 4207 1546 4245 cum
1587 4194 1797 4245 venerit
1839 4194 1927 4263 qui

346 4272 393 4317 te
420 4262 667 4317 invitavit
689 4263 833 4317 dicat
863 4263 978 4316 tibi.
1012 4264 1197 4317 Amice
1225 4264 1423 4317 accede
1449 4264 1722 4332 superius.
1778 4262 1930 4321 Tunc

343 4337 442 4388 erit
478 4335 569 4389 tibi
618 4336 786 4404 gloria
835 4350 1018 4389 coram
1064 4334 1221 4388 simul
1270 4335 1755 4389 discuinbentibus.
1807 4337 1928 4404 quia

346 4407 516 4459 omnis
536 4408 627 4474 qui
656 4422 714 4461 se
744 4406 946 4460 exaltat
972 4406 1360 4461 bumiliabitur.
1403 4412 1457 4461 et
1482 4406 1571 4475 qui
1600 4421 1659 4459 sc
1688 4406 1932 4462 ltuu‘iiliat

347 4476 681 4547 exaltabitur.
718 4477 940 4533 Dicebat
961 4487 1139 4532 autetu
1167 4488 1221 4533 et
1246 4480 1297 4532 ei
1326 4477 1413 4547 qui
1444 4478 1760 4530 invitaverat
1783 4494 1927 4533 eum.

346 4546 470 4602 Cum
492 4548 625 4603 facis
659 4548 941 4618 prandium
972 4560 1061 4602 aut
1093 4564 1305 4604 cenam.
1348 4546 1461 4603 noli
1504 4564 1696 4603 vocare
1725 4550 1931 4603 amicos

351 4629 480 4674 tuos.
514 4634 689 4689 neque
734 4619 927 4675 fratres
974 4631 1113 4675 tuos.
1160 4636 1334 4690 neque
1363 4630 1620 4690 cognatos
1661 4630 1799 4675 tuos.
1837 4637 1929 4675 nec

2038 3925 2141 3978 que
2172 3911 2376 3965 vicinos
2405 3910 2617 3965 divites.
2652 3926 2719 3965 ne
2746 3910 2888 3967 forte
2918 3920 2971 3966 et
3004 3910 3103 3979 ipsi
3136 3909 3425 3965 reinvitent
3455 3918 3528 3963 te.
3571 3917 3627 3963 et

2038 3983 2139 4035 erit
2170 3983 2259 4036 tibi
2290 3983 2594 4037 retributio.
2625 3983 2716 4037 sed
2740 3998 2860 4039 cum
2894 3983 3084 4038 feceris
3112 3982 3441 4037 convivium.
3491 3995 3623 4035 voca

2038 4068 2321 4123 pauperes.
2353 4055 2577 4109 devites.
2603 4054 2809 4109 clodns.
2842 4070 3054 4109 caecos.
3081 4065 3133 4110 et
3155 4054 3343 4107 beatus
3370 4053 3479 4108 eris
3500 4052 3622 4119 quia

2038 4142 2143 4178 non
2174 4126 2373 4181 habent
2405 4128 2543 4181 unde
2573 4127 2876 4181 retribuere
2918 4126 3037 4182 tibi.
3088 4126 3416 4180 retribuetur
3442 4134 3623 4178 autem

2038 4198 2131 4251 tibi
2163 4197 2214 4251 in
2245 4198 2955 4268 resurrectionejustornm.
3001 4198 3239 4252 Audiens
3280 4208 3457 4268 autem
3499 4195 3622 4268 qui-_

2033 4269 2154 4323 dam
2188 4270 2255 4323 de
2295 4271 2454 4324 simul
2485 4266 2970 4324 discutnbentibus.
3006 4269 3141 4324 dixit
3172 4270 3265 4322 illi.
3310 4267 3507 4323 Beatus
3531 4266 3624 4336 qui

2037 4341 2445 4396 ntanducaverit
2468 4358 2655 4409 panem
2687 4343 2737 4394 in
2767 4357 2932 4410 regno
2963 4340 3081 4395 Dei.
3129 4340 3209 4395 Ad
3244 4340 3358 4407 ipse
3382 4338 3520 4393 dixit
3547 4338 3617 4410 ei.

2034 4412 2205 4469 Homo
2250 4414 2464 4489 quidam
2500 4412 2626 4467 fecit
2652 4409 3121 4489 cenatumagnam
3150 4413 3459 4489 et__vocavit
3484 4409 3621 4489 mul-

2036 4495 2138 4538 tos.
2164 4492 2219 4539 et
2243 4480 2389 4539 misit
2418 4500 2631 4540 servum
2659 4499 2814 4538 suum
2847 4480 2983 4537 hora
3005 4496 3169 4537 cenae
3196 4480 3377 4535 dicere
3419 4480 3619 4536 invita-

2035 4556 2119 4609 tis.
2157 4554 2227 4626 (c)
2254 4557 2431 4611 venite
2456 4556 2493 4626 ~1-
2524 4556 2645 4625 quia
2673 4556 2784 4623 jam
2807 4564 2987 4621 parata

1630 4742 1861 4798 CODEX
1897 4740 2360 4800 CORBEIENSIS.

414 4834 498 4891 12.
527 4835 748 4891 Dicebat
774 4845 953 4892 autem
984 4844 1040 4891 et
1066 4836 1337 4891 invitatori
1374 4878 1385 4890 .
1418 4878 1432 4891 .
1460 4874 1473 4887 .
1503 4850 1675 4906 neque
1698 4836 1925 4899 vicinos,

351 4922 515 4979 neque
534 4909 749 4964 divites.

2106 4837 2194 4890 17.
2222 4833 2405 4891 dicere
2433 4834 2668 4893 invitatis
2694 4854 2708 4888 :
2733 4836 2934 4903 venite,
2962 4836 3073 4907 jam
3103 4844 3343 4907 paratum
3375 4844 3477 4892 est.

1584 4995 1980 5052 VARIANTES
2020 4995 2419 5054 LECTIONES.

408 5094 423 5124 ¹
459 5092 565 5144 ϐαι.
592 5092 649 5142 ad
684 5104 887 5143 coenam
916 5093 1120 5142 vocavit.
1143 5090 1325 5143 recenti
1345 5104 1511 5153 manu,
1548 5092 1779 5142 invitavit.
1808 5090 2052 5141 Mm.vade
2077 5092 2186 5141 in.,.
2210 5092 2270 5141 ad
2282 5104 2488 5142 coenam
2508 5093 2711 5143 vocavit.
2756 5091 2901 5156 Vulg.
2925 5093 3065 5153 vade,
3083 5093 3321 5144 recumbe
3341 5093 3513 5145 in......

347 5155 580 5205 invitavit.

1043 5253 1329 5292 LECTIONES
1354 5252 1557 5293 CODICIS
1589 5254 1993 5295 VINDEBONENSIS
2021 5254 2292 5294 ABEUNTES
2312 5256 2377 5293 AB
2399 5255 2647 5295 EDITIONE
2672 5256 2937 5297 \‘ULGA'I‘A.

402 5336 447 5385 9.
476 5337 726 5392 etveniat,
750 5334 833 5395 qui
858 5340 907 5381 te
933 5334 1148 5387 vocavit,
1171 5340 1223 5379 et
1265 5332 1451 5382 dicat...
1481 5342 1531 5382 et
1568 5334 1787 5395 incipies.
1851 5334 1928 5382 10.

345 5397 465 5447 dicat
492 5413 505 5447 :
528 5398 716 5461 Amice,
742 5397 924 5445 accede
953 5395 1241 5456 superius...
1267 5397 1357 5461 erit
1389 5395 1489 5461 tibi
1518 5396 1691 5457 gloria.
1738 5396 1837 5461 712.
1880 5404 1931 5445 et

347 5460 644 5531 invitatori...
688 5459 924 5531 cognatos
958 5467 1107 5529 tuos,_
1119 5470 1285 5531 neque
1303 5459 1517 5531 vicinos_,_
1534 5460 1930 5531 ncquedivites;

346 5534 404 5571 ne
443 5521 565 5571 forte
590 5529 641 5571 te
667 5530 718 5572 et
758 5520 845 5584 ipsi
880 5529 927 5569 te
952 5520 1242 5582 reinvitent,
1270 5527 1319 5568 et
1344 5521 1440 5569 erit
1466 5521 1551 5569 tibi
1594 5522 1869 5572 retributio.

2037 5332 2112 5381 15.
2131 5332 2324 5380 debiles
2343 5372 2355 5395 ,
2385 5345 2576 5394 caecos,
2598 5343 2649 5382 et
2668 5333 2848 5383 clodos.
2918 5335 2992 5385 H.
3015 5338 3243 5395 quoniam
3267 5347 3363 5384 non
3386 5333 3624 5386 habent...

2038 5395 2340 5444 retribuetur
2361 5403 2527 5445 autem
2551 5397 2699 5445 tibi...
2769 5398 2840 5447 15.
2866 5397 3187 5448 manducavit.
3256 5399 3335 5450 17.
3360 5397 3478 5447 hora
3508 5409 3627 5447 coe-

2038 5470 2128 5506 nac
2155 5495 2168 5520 ,
2212 5466 2266 5507 ut
2302 5457 2495 5508 diceret
2529 5460 2740 5510 invitatis
2764 5473 2775 5508 :
2798 5460 2981 5519 venite.
3003 5462 3115 5525 quia
3140 5468 3358 5524 paratum
3384 5467 3476 5510 est.

1661 5628 2025 5685 BLANCHINI
2065 5629 2293 5686 ΝΟΤἉΕ.

1661 5629 2025 5685 BLANCHINI
2065 5630 2107 5684 N
2159 5630 2293 5687 TXE.

414 5724 497 5818 (α)
532 5722 696 5818 Addit
739 5739 923 5793 neque,
950 5723 1115 5781 etiam
1142 5720 1266 5779 cod.
1299 5722 1451 5779 Cant.
1486 5721 1632 5794 μηδὲ.
1658 5753 1728 5765 -—
1762 5722 1836 5794 (b)
1864 5724 1992 5782 Post
2030 5629 2161 5783 αίωῖ
2188 5768 2201 5791 ,
2233 5726 2385 5784 deest
2409 5728 2477 5795 ei,
2511 5727 2563 5783 in
2594 5726 2719 5783 cod.
2743 5740 2957 5799 quoque
2978 5726 3132 5784 Cant.
3153 5757 3222 5770 -
3243 5726 3314 5802 (c)
3329 5727 3403 5785 ita
3424 5739 3479 5786 et
3521 5736 3634 5786 ιρι.

350 5797 441 5856 Gr.
464 5797 707 5877 ἕρχεσθι.
