4054 6198
476 252 583 307 655
1014 248 1278 306 EUSEBII
1320 246 1654 305 VERCELL.
1700 243 2141 301 EVANGEUUM
2182 243 2317 301 ('ZUM
2360 244 2583 302 VAliﬂS
2623 245 2773 303 COD.
2814 244 3206 303 COLLATUM.

870 364 1102 423 CODEX
1139 361 1677 421 VERCELLENSIS.

2605 360 2839 419 CODEX
2878 360 3329 420 VERONENSIS.

482 474 542 515 re
570 458 659 515 hic
677 473 868 529 pecca-
1312 473 1477 512 unum
1512 472 1639 526 pec-
2175 466 2487 527 peccatores
3005 498 3018 511 .
3067 502 3079 513 .
3125 500 3136 511 .
3185 497 3197 509 .
3243 495 3263 529 .7
3305 498 3318 510 .
3362 452 3545 525 paeni-

482 542 630 588 tores
656 528 796 586 reci—
1310 538 1554 585 catorem
1579 544 1705 598 pae-
2174 529 2458 598 reciperet,
2492 540 2547 584 et
3003 532 3222 585 tentiam
3255 528 3351 582 ha-

484 605 580 673 pit,
614 612 668 657 et
694 603 869 657 vesci-
934 632 937 635 -
1313 599 1599 655 nitentiam
1884 638 1889 643 ι
2174 599 2524 673 manducaret
3001 602 3173 664 benti,
3206 615 3365 669 quam

486 672 572 729 tur
601 689 721 729 cum
746 675 858 729 eis?
1312 680 1592 743 agentem,
2174 672 2445 743 cumillis.
2524 741 2534 743 _
3002 675 3053 727 in
3085 687 3286 727 xcvnn.

486 748 539 801 '5.
582 744 727 799 Dixit
753 755 933 801 autem
1314 741 1471 813 quam
1496 757 1663 815 super
2175 744 2226 796 5.
2273 742 2340 797 Et
2371 741 2539 815 aitad
2996 745 3157 815 iustis
3178 786 3191 808 ,
3210 744 3297 815 qui

483 817 548 873 ad
579 831 673 872 eos
706 832 860 885 para-
1313 831 1513 869 xcxnn.
1536 814 1650 882 ius-
2176 815 2298 869 illos
2322 814 2512 867 simili-
2840 828 2850 840 '
3000 814 3108 870 non
3133 814 3371 885 indigent

484 890 661 944 bolam
694 887 852 953 hanc,
1317 897 1419 945 tos.
1452 887 1647 956 quibus
2178 888 2415 958 tudinem
2450 885 2627 941 hanc:
2782 902 2785 905 '
3004 889 3283 958 paeniten-

486 961 672 1015 dicens
700 978 714 1012 :
1317 967 1527 1012 nonest
1553 972 1647 1011 ne-
2176 960 2228 1011 4.
2272 957 2405 1024 Quis
2434 974 2499 1011 ex
2529 973 2626 1011 vo-
3004 957 3154 1015 tiam.

484 1033 540 1088 4.
580 1032 712 1099 Quis
743 1046 811 1085 ex
836 1031 1033 1087 vestris
1315 1030 1549 1085 cess;iria
1578 1041 1709 1099 pae-
2178 1030 2259 1082 bis
2282 1030 2464 1092 homo,
2499 1030 2590 1097 qui
3002 1032 3055 1086 8.
3098 1033 3205 1086 Aut
3236 1044 3372 1099 quae

490 1106 675 1167 homo,
712 1104 802 1172 qui
828 1102 925 1157 ba-
1315 1102 1563 1155 nitentia.
2178 1100 2337 1155 habet
2367 1112 2580 1154 centum
3004 1103 3222 1168 mulier,

486 1175 580 1229 bet
603 1188 733 1229 oves
756 1188 886 1228 cen-
1314 1173 1366 1227 8.
1413 1176 1517 1225 Aut
1545 1186 1681 1241 quae
1710 1184 1829 1224 mu-
2176 1187 2324 1232 oves,
2351 1181 2406 1226 et
2440 1173 2483 1225 si
2512 1188 2598 1227 er-
3007 1175 3209 1228 habens

488 1255 622 1310 tum,
650 1253 704 1299 et
733 1246 777 1299 si
811 1262 906 1316 pe-
1315 1243 1436 1316 lier,
1464 1243 1666 1298 habens
2177 1244 2377 1297 raverit
2401 1260 2502 1296 una
3003 1247 3250 1316 draemas
3277 1243 3367 1297 de-

488 1318 641 1371 rierit
672 1332 778 1371 una
814 1315 825 1316 ί
1320 1315 1606 1369 drachnias
2176 1330 2240 1369 ex
2265 1318 2363 1380 eis,
2392 1331 2499 1369 non
3006 1333 3145 1381 cem,
3171 1315 3216 1369 si

487 1405 551 1443 ex
575 1388 673 1450 eis,
705 1403 842 1443 non-
1319 1403 1373 1440 x.
1398 1387 1511 1441 etsi
1538 1385 1717 1456 perdi-
1858 1456 1864 1457 ί
2178 1386 2529 1441 dimmitteret
3008 1387 3300 1457 perdiderit

492 1476 558 1514 ne
590 1460 846 1530 relinquit
1320 1458 1515 1531 diderit
1547 1457 1623 1528 (τι)
1650 1470 1811 1511 unam
1840 1456 1879 1526 ’ξ-
2177 1474 2378 1531 xcvnn.
2402 1460 2453 1512 in
3007 1456 3081 1531 (a)
3123 1474 3279 1513 unam
3300 1458 3360 1529 οἵ,

491 1547 692 1587 xcvnu.
727 1532 778 1585 in
812 1531 907 1589 de-
1319 1545 1383 1585 ex
1413 1530 1541 1594 illis,
1573 1544 1706 1583 non-
2177 1530 2416 1595 deserto,
2450 1540 2503 1585 et
3010 1530 3189 1585 nerine
3210 1546 3301 1584 ac-

490 1614 660 1676 serlo,
684 1611 739 1676 et
758 1620 849 1655 va-
1319 1618 1386 1676 ne
1414 1600 1661 1655 accendit
2179 1602 2288 1676 abit
2311 1603 2376 1656 ad
2412 1603 2475 1656 il-
3011 1603 3197 1676 cendit
3218 1603 3392 1657 lucer-

491 1675 570 1729 dit
591 1676 656 1729 ad
675 1675 843 1739 illam,
1320 1674 1619 1736 lucernam,
2180 1674 2305 1737 lam,
2336 1689 2473 1741 quae
3014 1691 3158 1738 nam,
3180 1674 3245 1729 'et

489 1761 627 1817 quae
659 1746 818 1814 perit,
1319 1753 1375 1799 et
1403 1744 1759 1817 scopiscom.
2181 1745 2402 1810 erravit,
2426 1744 2524 1817 do-
3014 1748 3193 1816 scopis
3225 1760 3373 1799 mun-

529 1832 778 1883 uaerens,
1321 1816 1547 1869 mundat
1571 1816 1665 1869 do-
2184 1831 2283 1869 nec
2315 1815 2549 1870 inveniat
3015 1815 3163 1872 davit

530 1904 667 1943 oaec
697 1890 851 1943 inve-
1320 1902 1496 1953 mum,
1531 1888 1551 1917 ³
1578 1896 1631 1939 et
1659 1900 1821 1955 quae-
2182 1886 2233 1940 5.
2268 1889 2427 1941 eam?
2458 1887 2524 1942 Et
3014 1889 3255 1954 domum,

493 1962 605 2015 niat
632 1960 821 2013 illam?
1321 1960 1392 2013 rit
1421 1959 1650 2027 diligen-
2184 1974 2306 2013 cum
2337 1960 2485 2014 inve-
3014 1972 3068 2016 et
3104 1960 3312 2030 quaerit

495 2032 547 2087 5.
582 2032 788 2086 Etcum
813 2033 963 2089 inve-
1325 2041 1427 2093 ter,
1454 2030 1727 2103 quoadus-
2189 2033 2329 2085 nerit
2357 2046 2475 2086 eam
2492 2075 2508 2098 ,
3015 2032 3323 2103 diligenter,

492 2108 655 2169 nerit,
688 2104 843 2173 inpo-
1324 2100 1660 2173 queinveni-
2191 2143 2204 2155 .
2252 2145 2264 2156 .
2311 2145 2323 2157 .
2367 2142 2382 2156 .
2428 2144 2439 2155 .
2487 2145 2499 2157 .
2547 2146 2558 2157 .
2599 2118 2717 2160 eam
3015 2100 3189 2159 donec
3219 2104 3299 2157 in-

493 2177 571 2229 nit
600 2172 939 2247 illam’super
1324 2172 1376 2227 9.
1421 2175 1511 2227 at?
1540 2173 1627 2240 Et,
1661 2188 1783 2228 cum
1807 2173 1891 2228 in—
2188 2176 2241 2227 in
2275 2174 2531 2230 humerus
2862 2220 2867 2225 .
3016 2176 3069 2231 9.
3114 2175 3330 2230 veniat?
3380 2174 3478 2239 Et,

491 2262 709 2302 umeros
731 2263 821 2301 su-
1323 2247 1533 2300 venerit
1553 2260 1694 2308 eam,
2186 2247 2238 2300 6.
2282 2262 2431 2307 suos,
2465 2257 2519 2303 et
2538 2263 2629 2303 ve—
3014 2263 3135 2302 cum
3167 2248 3317 2301 inve—

491 2334 575 2387 os,
606 2318 845 2388 gaudens
877 2337 888 2371 :
1322 2326 1477 2371 vocat
1514 2316 1647 2370 ami-
1725 2386 1733 2388 _
2186 2320 2341 2373 niens
2376 2318 2619 2387 domum,
3017 2320 3188 2385 nerit,
3219 2332 3347 2371 con-

491 2392 546 2445 6.
589 2386 644 2444 e't
672 2404 793 2444 cum
820 2406 982 2448 vene-
1323 2403 1417 2444 cas
1438 2404 1582 2453 suas,
1609 2398 1664 2443 et
1687 2386 1767 2440 vi-
2184 2400 2449 2446 convocat
3014 2402 3170 2445 vocat
3198 2388 3332 2441 ami-

489 2462 560 2516 rit
588 2462 830 2529 domum,
1323 2461 1490 2523 cinas,
1517 2460 1702 2515 dicens
1727 2476 1740 2512 :
2184 2464 2409 2526 amicos.
2436 2473 2492 2518 et
3015 2476 3129 2525 cas,
3159 2472 3213 2516 et
3244 2461 3319 2514 vi-

489 2545 753 2588 convocat
1322 2532 1679 2602 Congratula—
2184 2535 2415 2599 vicinos,
2442 2534 2525 2589 di-
3016 2535 3166 2587 cinas
3183 2575 3198 2598 ,
3229 2532 3309 2585 di—

488 2604 712 2669 amicos,
740 2612 797 2661 et
824 2605 903 2662 vi-
1324 2606 1455 2658 mini
1490 2603 1649 2669 mihi;
2183 2619 2313 2658 cens
2336 2606 2442 2660 illis
2468 2627 2479 2661 :
3016 2620 3142 2659 cens
3170 2622 3181 2656 :
3207 2604 3348 2657 Con-

489 2676 639 2731 cinos
656 2676 883 2749 ,Adicens
1323 2676 1574 2749 quoniam
1608 2678 1690 2731 in-
2184 2674 2649 2749 Congratulamini
3016 2675 3357 2749 gratulamini

492 2749 598 2802 illis
625 2765 637 2800 ε
668 2746 912 2817 Congra-

1325 2748 1448 2800 veni
1476 2747 1634 2801 drac-

2184 2764 2422 2816 mecnm,
2460 2751 2581 2821 quia

3015 2748 3146 2801 mihi
3173 2764 3187 2811 ;
3216 2746 3356 2811 quod

3650 239 3747 293 6'.“

492 2819 735 2873 lulamini
770 2816 873 2873 [ἠί-
1323 2833 1490 2882 mam,
1509 2816 1529 2847 ³
1551 2834 1712 2887 quam
2186 2822 2401 2875 inventa
2433 2816 2516 2877 est
3018 2820 3193 2873 inveni
3216 2819 3370 2873 drac-

491 2890 543 2943 hi
562 2932 576 2953 ,
603 2891 860 2958 quoniam
1324 2888 1690 2957 perdideram.
2188 2893 2307 2945 ovis
2330 2906 2466 2958 mea,
3018 2905 3175 2944 mam.

490 2962 669 3016 inveni
695 2976 853 3015 ovem
1324 2960 1413 3033 10.
1456 2958 1560 3015 Sic-
1583 2962 1705 3033 dico
1738 2980 1833 3021 vo-
2185 2978 2324 3033 quae
2349 2966 2515 3030 perie-
3018 2962 3104 3016 10.
3155 2961 3227 3015 Ita
3251 2959 3373 3016 dico
3394 2974 3487 3015 vo-

490 3048 685 3096 meam,
719 3047 857 3101 quae
1320 3032 1433 3095 bis,
1465 3032 1717 3101 gaudium
2184 3032 2288 3089 rat.
3018 3034 3120 3099 bis,
3147 3034 3224 3088 sic
3245 3047 3376 3102 gau-

491 3105 751 3171 perierat.
1323 3104 1426 3159 erit
1457 3119 1641 3158 coram
2186 3111 2237 3163 7.
2285 3107 2413 3162 Dico
2438 3107 2621 3171 vobis,
3018 3106 3166 3159 dium
3190 3106 3295 3159 erit

2186 3111 2237 3163 7.
2285 3107 2413 3162 Dico
2438 3107 2591 3163 vobis
2606 3149 2621 3173 ,

491 3177 545 3249 7.
588 3176 718 3230 Dico
744 3176 921 3243 vobis,
956 3176 972 3208 ¹
1003 3190 1135 3247 quo—
1327 3176 1562 3245 Angelos
1595 3177 1688 3235 Dei
2184 3179 2326 3249 quod
2359 3179 2429 3232 ita
2455 3195 2585 3249 gau-
3018 3179 3407 3249 coramAnge-

499 3197 545 3231 Ι.
588 3197 718 3230 υιυυ
745 3197 921 3243 νυυιε,
956 3197 972 3208 ⁸
1003 3197 1135 3247 ψιυ-
1327 3197 1562 3245 Aligelos
1595 3197 1688 3235 uel
2225 3197 2326 3233 [100
2359 3197 2429 3232 Ilﬂ
2455 3197 2585 3249 gau-
3018 3197 3200 3231 coram
3226 3197 3303 3231 All

488 3248 634 3301 niam
666 3249 746 3301 sic
773 3262 907 3317 gau-
1324 3262 1491 3317 super
1522 3264 1685 3305 unum
2184 3197 2332 3305 ﬂium
2365 3254 2466 3305 erit
2502 3250 2555 3305 in
3021 3248 3087 3301 lis
3118 3247 3216 3301 Dei
3255 3249 3307 3301 in

488 3320 633 3374 dium
664 3319 768 3374 erit
800 3320 854 3373 in
1325 3329 1659 3389 peccatorem
2184 3323 2339 3378 caelo
2381 3364 2395 3376 .
2446 3366 2456 3375 .
2504 3361 2517 3373 .
2565 3364 2579 3376 .
2625 3364 2635 3375 .
3021 3328 3309 3389 peccatore

488 3392 640 3447 caelo
668 3406 831 3461 super
1325 3391 1649 3462 paenitentio
2192 3402 2473 3464 peccatore
3020 3391 3408 3461 paenitentiam

1805 3531 2035 3589 CODEX
2063 3531 2457 3589 BRIXIANUS.

489 3625 923 3699 hicpeccatores
946 3624 1157 3699 recipit.
1191 3635 1246 3681 et
1276 3626 1563 3699 manducat
1590 3642 1714 3684 eum
1747 3627 1875 3684 illis.
1916 3628 1983 3681 Et
2003 3627 2079 3681 ait
2184 3626 2310 3682 tiam
2344 3636 2617 3697 agentem.
2649 3643 2809 3699 quam
2839 3643 3003 3697 super
3034 3626 3423 3699 nonagintaet
3461 3640 3653 3681 novem
3693 3623 3784 3694 ju-

492 3697 558 3752 ad
587 3697 709 3751 illos
741 3697 1049 3770 parabolam
1081 3698 1237 3753 istam
1271 3698 1479 3753 dicens.
1528 3700 1657 3767 Quis
1697 3716 1760 3753 ex
1804 3700 1955 3754 vobis
1984 3699 2080 3751 liu-
2184 3711 2318 3753 stos.
2355 3701 2444 3766 qui
2473 3716 2579 3755 non
2616 3697 2859 3770 indigent
2880 3700 3293 3770 paenitentiam.
3325 3697 3433 3770 Aut
3472 3713 3609 3770 quae
3656 3713 3782 3750 mu-

493 3784 601 3823 mo.
641 3769 730 3836 qui
761 3769 923 3841 habet
953 3779 1168 3823 centum
1202 3786 1349 3824 oves.
1382 3781 1437 3826 et
1466 3772 1508 3825 si
1538 3772 1798 3826 erraverit
1828 3787 1986 3825 unam
2014 3787 2080 3824 ex
2184 3770 2283 3825 lier
2317 3772 2521 3827 habens
2557 3768 2807 3841 dragmas
2834 3773 3043 3826 decem.
3075 3772 3118 3825 si
3169 3768 3461 3838 perdiderit
3503 3769 3783 3841 dragmam

491 3841 620 3893 illis.
653 3854 829 3894 nonne
857 3839 1079 3893 dimittit
1111 3842 1399 3908 nonaginta
1431 3853 1483 3896 et
1530 3859 1720 3897 novem
1756 3843 1807 3896 in
1837 3842 2076 3897 deserto.
2188 3860 2372 3897 unam.
2411 3860 2588 3898 nonne
2617 3839 2861 3897 accendit
2887 3846 3185 3897 lucernam.
3220 3852 3274 3896 et
3301 3842 3479 3909 scopis
3503 3840 3786 3894 mundavit

493 3920 547 3966 et
577 3910 722 3985 vadi_t
764 3926 1025 3985 quaerere
1053 3928 1169 3965 eam
1199 3929 1333 3983 quae
1361 3915 1579 3968 erravit.
1634 3915 1807 3967 donec
1840 3914 2081 3968 inveniat
2188 3913 2406 3968 domum
2448 3926 2503 3969 et
2528 3917 2740 3983 quaerit
2760 3915 3062 3985 diligenter.
3091 3914 3264 3967 donec
3286 3912 3631 3985 lllVl‘lliili.AEl
3657 3927 3784 3964 cum

494 3998 634 4037 eam.
677 3980 742 4034 Et
767 3998 885 4036 eum
923 3984 1185 4037 invenerit
1212 3980 1329 4039 eam
1360 3988 1578 4052 inponet
1608 3986 1657 4038 in
1693 4002 1907 4038 umeros
1954 4000 2079 4038 suos
2192 3988 2455 4040 invenerit
2483 3980 2746 4039 convocat
2773 3980 2976 4041 amicas
3002 3999 3058 4041 et
3090 3985 3291 4039 vicinas
3322 3984 3506 4039 dicens
3541 3981 3783 4050 Congra-

492 4052 764 4125 gaudens.
807 4064 861 4107 et
889 4054 1111 4106 veniens
1142 4057 1190 4107 in
1224 4056 1439 4109 domum
1474 4065 1739 4109 convocat
1782 4058 1984 4110 :lllliCUS
2031 4066 2085 4110 et
2190 4058 2429 4111 tulamini
2481 4060 2628 4110 mihi.
2678 4060 2802 4125 quia
2858 4060 3034 4111 inveni
3084 4057 3358 4125 dragmam
3406 4072 3579 4109 meam
3617 4069 3783 4121 quam

500 4124 708 4179 vicinos
736 4124 922 4179 dicens
947 4125 1548 4196 illis.Congratulamini
1576 4129 1728 4180 mihi.
1751 4131 1873 4197 quia
1902 4130 2084 4181 inveni
2188 4130 2547 4197 perdideram.
2582 4129 2655 4182 lia
2686 4124 2806 4184 dico
2840 4130 3011 4183 vobis.
3038 4130 3118 4184 sic
3158 4124 3409 4195 gaudium
3442 4126 3545 4180 erit
3593 4142 3784 4197 coram

492 4212 646 4271 ovem
682 4212 855 4271 meam
882 4212 1018 4263 quae
1044 4198 1301 4266 perierat.
1337 4199 1466 4253 Dico
1496 4200 1647 4253 vobis
1677 4196 1817 4269 quod
1852 4200 1921 4253 ita
1956 4216 2085 4267 gau-
2188 4196 2409 4271 Angelis
2448 4200 2544 4255 Dei
2599 4217 2762 4271 super
2814 4218 2976 4256 unum
3011 4209 3349 4271 peccatorem
3396 4196 3788 4270 paenitentiam

494 4268 642 4324 dium
670 4269 773 4321 erit
804 4270 855 4322 in
884 4272 1032 4323 caelo
1060 4285 1221 4338 super
1250 4286 1414 4325 unum
1449 4280 1787 4341 peccatorum
1816 4274 2083 4340 paenitens

1778 4386 2007 4442 CODEX
2046 4385 2511 4443 CORBEIENSIS.

564 4478 619 4533 9..
645 4478 807 4605 illluod
838 4479 923 4535 hic
951 4488 1263 4550 peccatores
1295 4480 1601 4553 reciperet,
1648 4493 1701 4538 et
1734 4482 2087 4538 manducaret
2260 4483 2313 4533 7.
2338 4481 2417 4564 _in
2448 4496 2574 4565 .uno
2616 4489 2901 4550 peccatore
2952 4522 2962 4531 .
3003 4518 3015 4531 .
3051 4515 3064 4530 .
3089 4491 3248 4547 quam
3278 4475 3330 4531 in
3362 4474 3649 4543 nonaginta
3682 4487 3790 4527 no-

566 4568 616 4605 m
646 4568 658 4605 Ι
708 4567 770 4604 IS.
2192 4569 2311 4605 vem
2337 4563 2510 4605 IUSllS.

725 4567 770 4604 S-
2192 4569 2311 4607 vem
2337 4567 2510 4607 lusus.

493 4568 616 4607 cum
646 4563 770 4605 IIIIS.
2192 4570 2219 4607 v
2261 4569 2311 4607 m
2341 4563 2510 4607 usus.

567 4624 619 4678 4.
654 4623 942 4693 nonaginta
967 4635 1019 4678 et
1043 4638 1234 4678 novem
1268 4626 1319 4679 in
1362 4627 1636 4683 montibus
1665 4627 1715 4680 in
1747 4626 1966 4683 deserto
1992 4667 2006 4690 ,
2035 4636 2091 4681 et
2227 4569 2395 4680 e8.]si
2423 4622 2723 4694 perdiderit
2745 4638 2905 4677 unam
2934 4664 2949 4688 ,
2979 4635 3163 4676 nonne
3185 4618 3449 4674 accendet
3480 4618 3787 4686 lucernam,

497 4696 594 4750 ibit
623 4695 688 4749 ad
719 4694 888 4759 illam,
915 4710 1053 4763 quae
1080 4698 1301 4761 erravit,
1330 4697 1503 4753 donec
1526 4699 1808 4752 inveniat?
2196 4697 2215 4728 ⁸
2243 4707 2297 4751 et
2320 4711 2481 4765 scopa
2513 4695 2792 4750 mundabit
2819 4696 3039 4749 domum
3070 4708 3244 4757 suam,
3265 4701 3382 4765 etc.

568 4770 619 4821 6.
653 4762 1111 4837 Congratulamini
1138 4784 1348 4823 mecum
1374 4812 1389 4837 ,
1434 4770 1557 4840 quia
1585 4770 1801 4826 inventa
1844 4778 1931 4826 est
1974 4769 2092 4824 ovis
2269 4768 2355 4824 10.
2406 4762 2661 4840 gaudium
2692 4768 2713 4797 ⁵
2741 4765 2849 4822 erit
2876 4780 3059 4821 coram
3086 4762 3310 4834 Angelis
3342 4764 3394 4817 in
3441 4775 3548 4818 uno
3591 4774 3793 4830 pecca-

498 4853 638 4895 mea.
2196 4850 2335 4896 tore.

1720 4957 2120 5016 VARIANTES
2160 4955 2564 5013 LECTIONES.

563 5051 581 5119 ξ
620 5050 729 5119 ραι.
752 5051 878 5116 quod
901 5053 1009 5118 plus
1031 5053 1279 5119 gaudium.
1310 5054 1454 5117 Vulg.
1475 5052 1604 5118 quod
1628 5055 1691 5104 ita
1714 5054 1961 5117 gaudium.
2198 5065 2362 5119 quam.

2260 5116 2278 5145 ⁸
2315 5115 2418 5164 Gal.
2437 5119 2485 5163 at
2505 5121 2671 5163 verret
2688 5113 2900 5161 domum.
2915 5111 3033 5161 Mm.
3061 5115 3111 5159 et
3131 5108 3287 5172 scopis
3304 5105 3553 5157 mundabit
3570 5102 3790 5152 domum.

563 5115 584 5145 ²
620 5114 724 5165 σαι.
748 5114 799 5164 et
823 5114 1057 5179 quaeret:
1082 5119 1225 5181 Vulg.
1255 5124 1306 5169 et
1329 5114 1542 5182 quaerit.
1718 5114 1739 5117 “
2217 5114 2229 5115 ί
2260 5116 2278 5145 ⁸
2315 5115 2418 5164 Gal.
2437 5119 2485 5163 at
2505 5114 2779 5163 verretdon

566 5177 587 5209 ³
620 5177 731 5225 Gal.
754 5184 799 5225 et
823 5182 943 5225 Mm.
967 5180 1216 5225 dragmam
1244 5195 1421 5225 meam-
1446 5194 1608 5225 (luam.
1642 5178 1789 5225 Vala.
1820 5178 2088 5225 dragmam.
2258 5179 2279 5208 ⁵
2314 5179 2431 5225 Mm.
2460 5178 2555 5225 crit
2576 5175 2779 5225 Angelis

2420 5216 2431 5226 ι
2461 5213 2507 5225 VI
2522 5213 2555 5225 ιι
2576 5213 2797 5239 Διιιῠνιιυ.

566 5177 587 5209 ⁸
620 5177 731 5229 Gal.
754 5184 799 5229 et
823 5177 943 5229 Mm.
967 5177 1216 5243 dragmain
1244 5177 1421 5242 meam,
1446 5194 1608 5244 quam.
1642 5178 1789 5243 Vulg.
1820 5178 2088 5241 dragmam,

1170 5307 1460 5348 LECTIONES
1481 5307 1683 5347 CODICIS
1709 5300 2122 5345 VINDEBONENSIS
2150 5301 2426 5342 ABEUNTES
2449 5300 2512 5339 ΑΒ
2535 5298 2783 5339 EDITIONE
2813 5296 3079 5337 VULGATA.

559 5407 605 5455 5.
620 5405 983 5471 similitudinem
1008 5407 1352 5469 banc,dicens.
1420 5411 1466 5460 4.
1496 5424 1635 5471 oves,
1664 5422 1905 5457 nouom...
1928 5414 1985 5471 et
2006 5408 2094 5456 ibit
2201 5406 2248 5453 in
2270 5405 2537 5471 nonaginta
2560 5400 2918 5471 novemjustis,
2941 5400 3144 5471 quinnon
3170 5396 3784 5471 indigenlnpaenl[ﬁlim]:

498 5469 558 5517 ad
580 5470 728 5531 illam,
750 5482 876 5531 quae
904 5472 1102 5535 erravit.
1141 5458 1212 5535 '75.
1232 5458 1829 5535 rinvenie‘team,imponit
1852 5473 1899 5517 in
1926 5470 2097 5517 hume-
2218 5531 2229 5535 _
2264 5468 2309 5515 8.
2355 5458 2577 5535 ullam?"
2622 5458 3072 5535 sqqpiinmutldéliil
3103 5462 3315 5535 d,‘?“'“"'°
3378 5458 3425 5506 9‘
3454 5458 3785 5535 ﬂuwiifllf'f'!

500 5544 581 5580 ros
602 5526 831 5581 suos'fet
855 5534 1079 5583 veniens.
1144 5534 1190 5581 6.
1219 5526 1628 5596 Congratulamini
1654 5526 1872 5587 m'ecum;
1901 5536 2094 5596 inventa
2202 5531 2467 5596 dracinam._
2500 5528 2588 5596 lta.
2634 5528 2733 5596 _10.
2764 5528 2871 5576 dico
2906 5526 3041 5575 vobis
3070 5526 3161 5573 erit
3183 5534 3429 5573 θοι-λιιι...
3451 5526 3501 5571 in
3524 5526 3786 5581 peccatore

502 5602 580 5643 est
615 5597 718 5645 ovis
750 5608 889 5659 mea,
916 5610 1061 5659 quae.
1129 5596 1173 5647 7.
1204 5600 1251 5646 in
1276 5590 1431 5648 uno...
1458 5598 1808 5660 paenitentiam
1833 5594 2094 5643 habenti...
2203 5594 2549 5655 paenitentiam
2575 5590 2804 5640 habente.

1836 5694 2199 5756 BLANCHlNl
2235 5697 2467 5755 NOTAE.

580 5796 657 5872 (a)
696 5797 834 5867 Ante
861 5816 1016 5855 unam
1040 5842 1055 5870 ,
1105 5800 1258 5857 deest
1279 5802 1579 5867 drachmam
1604 5842 1617 5866 ,
1649 5801 1809 5858 etiam
1842 5796 1895 5852 in
1922 5795 2045 5853 cod.
2074 5793 2232 5855 Cant.
2408 5854 2413 5857 _
2566 5806 2609 5863 ὸ
