4054 6198
360 295 460 353 057

363 518 440 559 am
466 516 739 575 agentem.

364 576 445 650 _1_1.
489 578 637 632 Dixit
666 593 794 650 ergo
818 595 833 631 :

352 647 531 703 Homo
560 647 780 720 quidam

356 720 374 751 ¹
408 719 642 775 habebat
668 723 767 775 du-

356 790 445 846 12.
485 807 549 846 os
577 792 747 857 ﬁlios,
780 801 839 848 et

355 862 495 917 dixit
520 863 592 916 illi
616 864 749 919 adu-

357 934 655 989 lescentior
685 952 699 989 :

362 1006 549 1069 Pater,
575 1007 641 1060 da
670 1007 769 1061 mi-

360 1076 418 1130 hi
458 1080 769 1147 portionem

362 1148 708 1215 substantiae,

361 1234 505 1289 quae
529 1237 617 1275 me
634 1236 767 1277 con-

365 1292 545 1360 tingit.
580 1291 649 1345 Et
676 1293 756 1346 di-

361 1361 490 1415 visit
522 1362 628 1417 illis
657 1365 784 1419 sub—

366 1436 643 1488 stantiam.

367 1506 455 1559 13.
504 1506 569 1560 Et
592 1521 698 1560 non
724 1515 846 1576 post

366 1576 571 1631 mullos
602 1578 737 1642 dies,

367 1649 612 1703 collectis
639 1664 753 1703 om-

373 1720 554 1784 nibus,
578 1720 708 1774 adu-

371 1789 662 1846 lescentior

372 1861 510 1916 ﬁlius
539 1878 700 1932 pere-

370 1948 461 2003 gre
484 1934 698 2003 profec-

370 2012 453 2058 tus
482 2016 568 2059 est
596 2004 652 2062 in
684 2020 772 2062 re-

372 2076 583 2144 gionem
616 2077 732 2131 lon-

371 2148 623 2217 ginquam
643 2165 659 2214 ;

371 2229 420 2273 et
443 2218 514 2273 ibi
547 2219 776 2289 dissipa—

376 2291 447 2343 vit
473 2291 724 2345 substan-

374 2362 496 2415 tiam
522 2377 699 2428 suam,

375 2435 559 2487 vivens
590 2435 747 2489 luxu-

373 2504 531 2559 riose.

375 2578 456 2630 11.
498 2577 743 2645 Cumque
767 2591 899 2634 con-

370 2650 687 2717 sumpsisset

372 2721 573 2783 omnia,
602 2719 749 2779 facta.
808 2774 816 2781 .
870 2776 877 2783 ,

371 2801 451 2845 est
479 2790 636 2846 famis
658 2807 752 2847 va-

368 2861 471 2915 lida
506 2876 602 2930 per
643 2879 730 2918 re-

366 2932 583 3003 gionem
615 2934 764 2993 illam
788 2951 805 3000 ;

368 3014 421 3058 et
450 3005 567 3073 ipse
592 3007 773 3075 coepit

368 3076 453 3130 15.
495 3077 664 3146 egeri.
696 3077 765 3132 Et
792 3078 947 3145 abiit,

364 3157 419 3201 et
434 3150 663 3217 conjun-

362 3219 440 3273 xit
459 3234 519 3273 se
550 3220 643 3273 uni
664 3219 732 3275 de

364 3290 732 3360 mimicipibus

362 3363 604 3431 regionis
634 3362 698 3416 il—

360 3433 471 3486 lius
501 3452 513 3486 :
539 3434 631 3503 qui
660 3434 807 3489 misit

359 3504 519 3559 illum
552 3506 605 3558 in
636 3520 765 3575 agro

357 3592 483 3639 suo,
506 3585 561 3629 ut
583 3591 769 3645 pasce-

358 3657 445 3701 ret
467 3662 682 3717 porcos.

357 3718 450 3773 16.
496 3719 565 3772 Et
588 3719 843 3789 cupiebat

357 3801 609 3845 saturare

1410 298 1855 357 EVANGELIUM
1899 296 2266 356 SECUNDUM
2308 297 2563 354 LUCAM.

750 412 978 471 CODEX
1022 412 1556 473 VERCELLENSIS.

1194 519 1436 564 ventrem

1194 594 1348 635 suum
1372 582 1439 636 de
1456 581 1573 635 sili-

1193 655 1335 721 quis,
1366 668 1500 722 quas
1529 668 1654 723 por-

1195 724 1243 778 ci
1271 724 1537 801 edebant;

1195 810 1294 850 nec
1321 811 1603 864 quisquam

1194 867 1283 921 17.
1326 864 1598 921 dabatilli.
1624 864 1683 921 In

1194 951 1254 992 SC
1279 954 1344 993 au
1354 948 1457 993 tem
1488 954 1619 995 con-

1196 1025 1419 1076 versus,
1446 1010 1579 1066 dixit
1604 1029 1618 1065 :

1198 1081 1392 1148 Quanti
1422 1097 1559 1137 Iner-

1198 1154 1403 1208 cenarﬁ

1199 1224 1370 1295 patris
1397 1226 1503 1281 mei

1199 1296 1481 1351 abundant

1203 1384 1372 1439 pane;
1396 1384 1497 1439 ego
1518 1382 1612 1422 au-

1204 1450 1310 1492 tem
1344 1438 1603 1493 ltic’l‘atne

1204 1511 1290 1565 18.
1336 1526 1519 1579 pereo.
1549 1510 1679 1566 Sur-

1201 1598 1352 1651 gens,
1390 1582 1478 1636 ibo
1507 1582 1573 1635 ad

1206 1665 1410 1721 patrem
1438 1669 1553 1708 me-

1203 1741 1314 1787 um,
1347 1732 1403 1778 et
1432 1725 1605 1779 dicam

1204 1797 1278 1850 illi
1311 1813 1324 1849 :
1360 1795 1551 1861 Pater,
1584 1810 1708 1862 poc-

1200 1867 1319 1921 cavi
1348 1868 1402 1921 in
1428 1882 1544 1922 cae-

1206 1938 1341 2004 lum,
1369 1949 1423 1993 et
1450 1954 1637 1993 coram

1206 2010 1294 2065 19.
1336 2018 1421 2074 te;
1446 2010 1558 2080 jam
1589 2023 1691 2066 non

1203 2097 1323 2135 sum
1352 2082 1545 2150 dignus

1202 2154 1380 2209 vocari
1411 2152 1513 2207 tili-

1202 2240 1264 2279 us
1291 2234 1415 2279 tuus
1441 2244 1454 2279 :
1482 2223 1565 2279 fac

1204 2311 1311 2362 me,
1343 2297 1483 2351 sicut
1505 2312 1564 2352 u-

1203 2382 1330 2421 num
1356 2384 1419 2422 ΘΧ
1442 2382 1584 2422 mer-

1203 2440 1473 2493 cennariis

1200 2509 1290 2566 20.
1335 2511 1459 2564 tuis.
1491 2509 1558 2564 Et
1587 2524 1707 2563 sur-

1200 2596 1356 2650 gens,
1381 2582 1529 2635 venit

1204 2667 1371 2719 usque
1393 2653 1457 2705 ad
1483 2668 1575 2720 pa—

1205 2734 1341 2778 trem
1371 2739 1549 2778 suum.

1200 2792 1445 2863 Cumque
1469 2794 1563 2849 ad-

1203 2866 1494 2936 buclonge

1201 2945 1371 3004 esset,
1396 2937 1529 2994 vidit

1207 3009 1354 3062 illutn

1202 3090 1352 3149 pater
1376 3081 1576 3149 ipsius;

1199 3163 1253 3205 et
1285 3152 1587 3207 misericor-

1198 3223 1287 3277 dia
1317 3237 1493 3278 m0tus

1196 3301 1309 3359 est,
1339 3296 1359 3325 ²
1374 3304 1447 3377 .et
1478 3309 1698 3363 procur—

1196 3382 1343 3429 rens,
1374 3380 1517 3420 mcu-

1199 3438 1315 3491 buit
1340 3453 1503 3506 super

1196 3509 1393 3564 collum
1422 3508 1551 3578 ipsi-

1196 3594 1280 3645 us,
1312 3590 1365 3633 et
1395 3580 1604 3633 oscula—

1197 3658 1285 3704 tus
1316 3659 1400 3705 est
1425 3667 1570 3705 eum.

1194 3722 1286 3775 21.
1330 3722 1477 3776 Dixit
1502 3733 1681 3777 autem

1197 3794 1272 3847 illi
1306 3794 1448 3848 ﬁlius
1483 3813 1493 3847 :
1529 3795 1630 3847 Pa-

2477 412 2707 470 CODEX
2748 413 3197 472 VERONENSIS.

2053 506 2251 575 agenu.

2055 578 2140 632 11.
2186 578 2250 632 Et
2278 577 2389 632 ait:
2423 576 2528 632 Hu-

2056 664 2144 703 Iuo
2169 649 2384 717 quidam

2056 719 2241 775 habuit
2268 720 2404 775 duos

2058 791 2142 845 12.
2188 791 2349 855 ﬁlios,
2380 801 2433 846 et
2457 790 2535 846 di-

2057 864 2135 915 xit
2157 863 2229 916 illi
2253 862 2384 916 adu-

2060 933 2351 987 lescenlior
2375 942 2417 986 :1

2058 1005 2237 1071 Pater,
2267 1005 2333 1060 da
2356 1005 2457 1059 mi-

2061 1077 2110 1129 hi
2156 1078 2458 1145 portionem

2058 1148 2412 1213 substantiae,

2057 1235 2195 1289 quae
2230 1236 2315 1273 me
2341 1235 2470 1275 con-

2060 1292 2231 1360 tingit.
2258 1293 2322 1345 Et
2343 1292 2425 1346 di-

2058 1363 2180 1418 visit
2217 1363 2365 1418 illius
2394 1363 2520 1419 sub-

2059 1435 2332 1490 stantiam.

2060 1508 2147 1560 15.
2192 1508 2257 1560 Et
2284 1521 2387 1561 non
2416 1516 2537 1577 post

2060 1579 2256 1631 multos
2283 1578 2421 1643 dies,

2060 1650 2433 1718 congraegatis

2058 1722 2329 1783 omnibus,

2058 1792 2453 1847 adulescentior

2060 1864 2200 1917 (ilius
2231 1879 2324 1933 pe—

2060 1950 2217 2005 regre
2240 1934 2420 2017 profe-

2058 2018 2174 2060 ClUS
2204 2016 2285 2060 est
2310 2016 2364 2060 111
2392 2020 2477 2061 τε·

2058 2079 2274 2147 gionem
2305 2079 2417 2131 lon-

2059 2152 2311 2220 ginquam
2334 2166 2349 2214 ;
2380 2159 2434 2204 et

2063 2221 2132 2275 ibi
2163 2220 2443 2289 dissipavit

2061 2293 2419 2348 substantiam

2059 2380 2235 2425 suam,
2273 2366 2459 2417 viven-

2060 2435 2129 2489 do
2160 2436 2455 2489 luxuriose.

2063 2506 2149 2559 14.
2192 2506 2260 2559 Ει
2287 2515 2567 2575 postquam

2058 2592 2240 2632 omnia
2256 2592 2385 2631 (2011'

2058 2649 2309 2718 sumpsit,
2340 2649 2476 2704 facta

2056 2730 2142 2776 est
2170 2722 2339 2775 fames

2058 2807 2155 2862 per
2173 2792 2351 2861 regio-

2056 2880 2177 2918 nem
2208 2864 2393 2929 illam;

2056 2946 2110 2991 et
2130 2935 2311 3005 coepit

2056 3020 2108 3063 et
2134 3009 2249 3077 ipse
2270 3022 2430 3078 egere

2060 3079 2142 3134 15.
2192 3080 2412 3133 victum.
2449 3078 2516 3133 Et

2058 3151 2210 3215 abiit,
2235 3158 2291 3205 et
2312 3150 2405 3204 ad-

2057 3223 2246 3292 plicuit
2274 3238 2334 3276 se
2362 3222 2471 3276 cui-

2057 3294 2179 3349 dam
2212 3294 2410 3349 civium

2056 3366 2291 3436 regionis
2324 3366 2490 3421 illius.

2056 3437 2123 3490 Et
2152 3437 2198 3491 is
2230 3437 2375 3490 tnisit

2056 3508 2206 3562 illum
2246 3508 2296 3561 in
2327 3506 2455 3563 villa

2055 3596 2173 3644 sua,
2208 3586 2268 3633 ttt
2292 3592 2479 3646 pasce-

2054 3660 2138 3705 ret
2159 3664 2349 3720 porcos
2360 3689 2374 3703 .

2057 3724 2141 3777 16.
2188 3722 2254 3775 Et
2280 3722 2532 3789 capiebat

2056 3795 2287 3863 implere
2315 3808 2445 3847 ven-

1681 3912 1913 3971 CODEX
1951 3914 2347 3973 BRIXIANUS.

2882 517 3015 562 trem
3046 522 3202 562 suum

2882 579 2949 634 de
2975 579 3204 661 siliquis,

2881 668 2999 720 quae
3033 666 3177 716 porct

2884 722 3311 787 inanducabant;

2884 804 2938 849 et
2966 809 3121 848 nemo
3148 793 3225 848 illi

2885 865 3064 919 dabat.

2888 938 2974 992 17.
3022 938 3078 991 In
3110 951 3169 991 se
3193 943 3373 992 autem

2885 1022 3197 1072 conversus,

2886 1080 3019 1134 dixit
3055 1098 3066 1131 :
3097 1078 3292 1146 Quanti
3318 1091 3461 1134 mer-

2886 1151 3087 1204 cenarii
3115 1150 3283 1219 patris

2887 1224 2990 1276 mei
3022 1222 3297 1277 abundant

2886 1294 3111 1365 panibus
3134 1310 3147 1358 ;
3178 1308 3282 1364 ego

2886 1378 3061 1420 autem
3092 1366 3178 1421 hic

2887 1438 3026 1491 fame
3062 1452 3242 1505 pereo.

2887 1510 2974 1564 18.
3019 1508 3242 1578 Surgam
3266 1549 3282 1575 ,
3310 1516 3366 1563 et

2885 1581 2974 1635 ibo
2999 1580 3064 1633 ad
3095 1590 3303 1649 patrem

2887 1668 3088 1718 meum,
3124 1662 3179 1707 et

2886 1724 3058 1778 dicam
3088 1724 3161 1777 illi
3198 1742 3211 1776 :

2887 1795 3068 1859 Pater,
3102 1794 3321 1863 peccavi

2888 1867 2942 1921 in
2971 1867 3198 1932 caelum,

2888 1948 2943 1992 et
2964 1954 3143 1992 coram
3171 1947 3255 2004 te;

2890 2011 2978 2065 19.
3017 2010 3125 2077 jam
3158 2026 3264 2064 non
3288 2022 3407 2063 sum

2888 2081 3081 2151 dignus
3104 2082 3280 2137 vocari

2891 2151 3029 2206 ﬁlius
3056 2163 3173 2206 tuus
3200 2172 3213 2207 :

2889 2225 2984 2279 sed
3017 2225 3097 2278 lac
3126 2240 3235 2289 me,

2891 2297 3028 2350 sicut
3053 2312 3216 2349 unum

2889 2366 2965 2438 (α)
2994 2380 3315 2421 mercenna-

2887 2441 3088 2492 riorum
3123 2447 3247 2492 tuo-

2885 2509 2976 2564 20.
3005 2525 3123 2563 rum
3147 2510 3202 2581 1-.
3231 2509 3300 2563 Et

2886 2596 3134 2650 surgens,
3162 2581 3311 2637 venit

2886 2653 2951 2706 ad
2985 2668 3045 2721 pa
3054 2662 3190 2708 trem

2888 2740 3066 2778 Sillim.

2885 2796 3020 2849 Cum
3051 2802 3231 2849 autem

2887 2868 3061 2921 adhuc
3088 2867 3247 2935 longe

2887 2938 2964 3008 (b)
2994 2940 3212 2993 abesset
3236 2935 3279 3006 1-
3292 2976 3311 3002 ,

2886 3010 3018 3064 vidit
3045 3010 3191 3063 illum

2887 3092 3038 3151 pater
3062 3080 3259 3151 ipsius;

2886 3164 2939 3208 et
2970 3152 3270 3207 misericor-

2886 3224 2973 3279 dia
3007 3234 3183 3277 motus

2886 3306 3000 3361 est,
3032 3305 3086 3351 et
3115 3294 3300 3348 adcur.

2887 3383 3012 3421 reus
3029 3408 3045 3431 ,
3071 3364 3270 3421 cecidit

2887 3452 3050 3507 supra
3081 3436 3282 3491 collum

2889 3510 3006 3578 ejus
3027 3552 3042 3577 ,
3079 3518 3133 3563 et
3160 3522 3250 3561 os-

2887 3582 3101 3635 culatus
3122 3584 3207 3633 est

2890 3652 3061 3705 illum.

2887 3722 2977 3776 21.
3020 3722 3167 3777 Dixit
3190 3728 3371 3773 autem

2891 3796 2937 3849 ei
2972 3794 3112 3848 [ilius
3147 3792 3266 3862 ejus
3295 3808 3307 3843 :

3532 298 3637 354 638

354 4017 629 4076 agentem.
653 4007 740 4061 Ait
763 4016 963 4062 autem.
989 4007 1174 4062 “Homo
1191 4007 1404 4076 quidem
1436 4008 1623 4063 habuit
1642 4009 1776 4062 duos
1808 4010 1949 4063 ttlios

354 4090 410 4131 et
454 4080 593 4133 dixit
631 4079 1031 4134 adulescentior
1061 4095 1125 4135 ex
1176 4080 1285 4134 illis
1319 4082 1471 4147 patri.
1528 4081 1686 4135 Pater
1712 4080 1776 4133 da
1818 4081 1947 4135 mihi

356 4153 660 4216 portionem
693 4150 1029 4205 substantiae
1080 4167 1217 4222 quae
1250 4167 1333 4206 me
1364 4153 1627 4222 comingit
1677 4153 1741 4205 Et
1769 4152 1951 4207 divisit

355 4222 467 4276 illis
486 4223 846 4294 substantiam
878 4222 943 4275 Et
974 4238 1080 4294 non
1113 4230 1235 4290 post
1255 4224 1451 4277 multus
1468 4224 1585 4278 dies
1605 4226 1947 4294 congregatis

357 4292 611 4365 omnibus
641 4292 1063 4365 adulescientior
1116 4295 1259 4350 ﬁlius
1286 4310 1510 4364 peregre
1540 4292 1829 4365 profectus
1863 4307 1947 4350 est

353 4364 409 4436 in
441 4366 718 4435 regionem
771 4364 1139 4433 longinquam.
1181 4376 1236 4420 et
1272 4365 1342 4421 ibi
1374 4364 1653 4436 dissipavit
1703 4367 1952 4421 substan-

357 4435 484 4491 tiam
535 4451 686 4491 suam
716 4436 946 4491 vivendo
1001 4438 1301 4492 luxuriose.
1359 4438 1424 4491 Et
1453 4435 1730 4506 pnstquam
1767 4440 1949 4492 omnia

355 4510 683 4580 consumsit.
705 4508 840 4562 facta
881 4518 963 4562 est
993 4508 1163 4565 fames
1191 4509 1364 4564 valida
1420 4510 1473 4563 in
1500 4512 1721 4580 regione
1770 4511 1858 4565 illa
1895 4520 1950 4565 et

358 4578 474 4645 ipse
500 4578 678 4648 coepit
708 4593 889 4650 egere.
914 4580 978 4634 Et
1006 4580 1156 4635 abiit.
1185 4592 1242 4634 et
1267 4581 1481 4636 adhesit
1506 4578 1598 4637 nni
1637 4581 1832 4636 civium
1864 4597 1948 4636 re-

356 4651 531 4720 gionis
560 4652 727 4704 illius.
763 4653 827 4704 Et
859 4651 1006 4706 misit
1037 4652 1182 4705 illum
1213 4651 1267 4706 in
1292 4653 1471 4706 villam
1500 4669 1652 4709 suam
1672 4662 1729 4707 ut
1755 4668 1945 4722 pasce-

357 4730 439 4777 ret
467 4737 682 4792 parcos.
708 4721 774 4776 Et
803 4723 1053 4794 cupiebat
1079 4724 1307 4778 saturari
1338 4723 1405 4779 de
1432 4724 1641 4795 siliquis
1671 4721 1802 4794 quas
1822 4739 1946 4793 por-

2054 4012 2101 4064 ci
2133 4011 2531 4065 manducabant
2561 4021 2616 4063 et
2641 4024 2801 4064 nemo
2843 4008 2919 4063 illi
2948 4007 3129 4062 dabat.
3176 4005 3229 4059 In
3273 4019 3332 4057 se
3358 4008 3535 4055 autem
3564 4013 3646 4053 re-

2056 4098 2245 4136 versus
2266 4082 2426 4135 dixit.
2456 4082 2652 4148 Quanti
2679 4079 3034 4136 mercennarii
3058 4078 3222 4154 pairis
3243 4074 3349 4131 mei
3376 4072 3648 4154 abundant

2053 4154 2305 4224 panibus.
2334 4168 2435 4222 ego
2465 4140 2643 4208 autem
2678 4155 2762 4209 hic
2794 4156 2930 4227 fame
2959 4140 3139 4219 pareo.
3176 4150 3435 4227 Surgens.
3464 4145 3549 4227 ibo
3578 4140 3645 4196 ad

2057 4216 2260 4296 patrem
2294 4216 2468 4280 meiun
2500 4234 2556 4281 et
2583 4226 2755 4279 dicam
2790 4226 2863 4278 illi
2893 4216 3064 4299 Pater.
3105 4222 3325 4299 peccavi.
3353 4216 3643 4299 itionem"!

2054 4290 2109 4352 et
2153 4313 2333 4352 coram
2367 4308 2437 4351 te.
2466 4299 2573 4366 jam
2628 4314 2732 4350 non
2762 4311 2877 4350 sum
2925 4294 3116 4366 dignus
3148 4290 3493 4366 voeariﬂlilins
3524 4298 3645 4339 tuus

2055 4371 2138 4424 fac
2188 4386 2273 4423 me
2301 4370 2439 4423 sicut
2466 4360 2645 4421 'unum
2679 4383 2747 4421 ex
2778 4360 3127 4421 mercenariis
3164 4363 3289 4415 tuis.
3326 4360 3387 4413 Et
3417 4371 3644 4425 surgens

2053 4442 2184 4495 abiit
2206 4442 2269 4494 ad
2299 4452 2500 4508 patrem
2524 4454 2703 4494 suum.
2728 4437 2860 4492 Cum
2890 4438 3063 4490 adhuc
3083 4444 3262 4508 autem
3290 4433 3445 4500 longe
3474 4437 3639 4508 esset.

2055 4504 2355 4566 viditillum
2385 4520 2562 4580 putrer
2589 4510 2778 4579 ipsius.
2820 4520 2872 4564 et
2901 4504 3276 4580 misericordia
3327 4511 3515 4580 motus.
3535 4506 3640 4553 est.

2051 4592 2107 4638 et
2136 4572 2430 4638 adcurrens
2459 4572 2654 4636 cecidit
2683 4596 2846 4649 supra
2877 4578 3078 4634 collum
3122 4576 3240 4645 ejus
3287 4585 3340 4629 et
3372 4572 3644 4629 osculatus

2051 4665 2136 4711 est
2155 4655 2303 4709 illum
2327 4654 2471 4709 Dixit
2497 4664 2675 4707 autem
2702 4654 2752 4707 ei
2786 4652 2945 4706 filius.

1598 4838 1825 4895 CODEX
1865 4837 2337 4896 CORBEIENSIS.

434 4931 515 4985 12.
560 4942 614 4986 et
643 4931 779 4986 dixit
809 4930 1207 4986 adolescentior
1242 4949 1253 4984 :
1290 4931 1467 4987 Pater.

429 5002 517 5058 14.
550 5003 690 5059 facta
718 5014 799 5059 est
829 5006 995 5058 [ames
1024 5018 1120 5073 per
1146 5004 1422 5074 regionem
1451 5003 1617 5058 illam.

2127 4931 2212 4985 17.
2246 4930 2442 4999 Quanti
2467 4931 2486 4961 ³
2518 4929 2840 4987 mercenarii
2873 4928 3043 4999 patris
3065 4925 3169 4982 mei
3207 4923 3267 4995 -ιπ

1592 5114 1901 5173 VARIANT
1908 5116 1988 5173 ES
2029 5115 2424 5173 LECTIONES.

422 5216 439 5245 ¹
475 5215 577 5264 Gal.
602 5220 648 5264 et
672 5216 788 5263 Mm.
818 5213 1047 5261 habebat.
1083 5209 1229 5274 Vulg.
1256 5211 1446 5260 habuit.

421 5279 441 5307 ³
474 5283 571 5327 Cat.
594 5283 639 5327 et
659 5280 777 5326 Mm.
794 5288 1073 5333 occurrens,
1099 5268 1278 5324 cecidit
1299 5288 1462 5337 supra.
1490 5268 1635 5340 Vulg.
1658 5286 1941 5336 accurreus,

2050 5224 2217 5272 supra.
2252 5208 2396 5273 Vulg.
2428 5220 2716 5271 accurrens,
2740 5204 2922 5257 cecidit
2939 5215 3107 5267 super.

2118 5275 2137 5303 ³
2171 5274 2227 5323 Et
2245 5273 2311 5324 ita
2337 5273 2441 5323 Gal.
2466 5278 2511 5322 et
2540 5273 2658 5321 Mm.

1031 5395 1324 5437 LBCTIONES
1348 5395 1553 5436 CODICIS
1582 5395 1988 5436 VINDEBONENSIS
2018 5394 2293 5435 ABEUNTES
2314 5395 2379 5434 ΑΒ
2403 5394 2653 5435 EDITIONE
2681 5392 2946 5434 VULGA'I'A.

420 5498 495 5554 12.
520 5497 879 5547 adolescentior
905 5497 1091 5556 patri...
1135 5496 1435 5545 substantiae
1470 5509 1629 5556 meae,
1656 5509 1801 5559 quae.
1868 5498 1946 5546 15.

353 5559 775 5610 adulescentior...
815 5560 862 5608 in
907 5560 1156 5620 regionem
1198 5559 1531 5621 longinquam.
1598 5561 1951 5621 11.consump-

352 5624 477 5673 sit...
498 5623 619 5673 facta
645 5629 724 5671 est
748 5621 902 5671 fames
924 5622 971 5669 in
994 5622 1199 5682 regione
1224 5620 1321 5670 illa.
1388 5620 1465 5673 15.
1488 5636 1552 5671 ex
1589 5625 1763 5674 civium
1789 5620 1953 5685 regio-

2056 5497 2147 5545 nis.
2176 5495 2236 5544 Et
2260 5494 2341 5543 ille
2386 5496 2516 5546 misit
2550 5492 2705 5559 illum;
2726 5496 2773 5543 in
2798 5494 3076 5559 villa_sua._r_
3106 5489 3194 5559 17._
3228 5500 3479 5559 reversus,
3514 5487 3641 5538 ait...

2055 5558 2343 5621 mercenarii
2371 5562 2539 5621 patris.
2586 5560 2661 5609 18.
2681 5555 2957 5621 tlicatnilli.
3024 5554 3643 5611 19.nnimercenari0t‘um,

2118 5622 2198 5672 20.
2235 5618 2630 5673 Dum'adltuc....
2667 5629 2809 5684 pater
2831 5618 2976 5670 illius.

1700 5732 2071 5791 BLANCHINI
2106 5729 2336 5788 NOTAE.

430 5832 504 5910 (a)
542 5833 617 5893 Ita
642 5842 696 5892 et
724 5842 832 5891 lex.
862 5832 955 5891 Gr.
984 5839 1084 5890 τῶν
1104 5836 1317 5908 μισθίων
1342 5836 1590 5897 αὐτοῦ.-
1617 5832 1696 5909 (ὁ)
1722 5833 1798 5892 Ita
1827 5842 1883 5891 et
1905 5840 2019 5894 lex.
2061 5832 2154 5894 Gr.
2179 5833 2486 5907 ἆπὲχοντοςο
