4054 6198
415 282 521 342 659
935 281 1204 341 EUSEBll
1243 279 1586 339 VERCELL.
1629 280 2082 340 EVANGELIUM
2120 281 2267 339 CUM
2308 280 2538 341 VARUS
2576 282 2735 341 COD.
2772 281 3165 340 COLLATUM.
3538 275 3560 343 ἑ
3604 273 3724 332 640

812 392 1044 452 CODEX
1070 392 1608 451 VERCELLENSIS.
2537 393 2771 454 CODEX
2806 395 3269 452 VERONENSIS.

422 497 540 554 ter,
571 486 793 559 peccavi
1254 487 1556 560 interroga-
2116 489 2277 545 Pater
2298 530 2312 555 ,
2346 491 2564 560 peccavi
2947 491 3149 554 servis.
3192 498 3250 546 et
3277 489 3359 546 in-

418 562 474 617 in
499 562 731 626 caelum,
1251 560 1350 626 vit,
1382 559 1643 632 quidnam
2116 560 2173 616 in
2202 559 2412 617 caelum
2440 604 2454 627 ,
2947 563 3280 632 terrogavit,

420 642 477 690 et
501 646 685 688 coram
711 639 793 697 te;
1251 642 1436 705 essent
1468 629 1692 705 lizec?____
1776 702 1786 705 _
1825 702 1833 705 _
1872 701 1878 705 _
2115 644 2170 689 et
2204 633 2256 687 in
2288 642 2375 699 te;
2404 633 2517 705 jam
2946 629 3209 705 quaenam

417 705 527 776 jam
552 718 663 759 non
691 717 812 758 sum
1250 701 1342 757 27.
1384 701 1591 776 Quieait
1622 701 1697 758 illi
1724 719 1740 757 :
1765 702 1845 774 (a)
1871 701 2015 775 jquo-
2115 720 2223 759 non
2256 719 2372 758 sum
2405 701 2479 760 di-
2951 701 3082 762 liaec
3111 714 3313 762 essent.

423 772 620 844 dignus
648 788 737 827 vo-
1253 776 1398 828 niam
1427 774 1464 843 -ξ-
1489 772 1657 846 frater
1776 772 1785 774 ἡ
1826 772 1833 774 “
1873 772 1913 775 ”
2114 791 2254 843 gnus
2284 777 2465 831 vocari
2946 777 3034 832 27.
3082 778 3242 846 Isque
3263 776 3399 832 dixit

422 847 537 920 cari
568 846 827 920 tilius_t4u-_
1256 856 1379 900 tuus
1400 845 1552 920 venit
1573 887 1588 913 ,
2116 847 2263 903 filius
2289 856 2433 903 tuus.
2948 851 2997 904 ei
3032 868 3045 904 :
3080 845 3162 920 (a)
3182 849 3315 918 Quia
3344 847 3385 920 1-

419 918 511 974 22.
558 935 642 973 us.
668 919 686 948 ί
706 918 852 973 Dixit
1255 926 1311 972 et
1337 917 1536 972 occidit
1568 932 1665 987 pa-
2116 920 2209 973 22.
2256 920 2398 974 Dixit
2422 929 2601 976 autem
2949 917 3120 976 frater
3138 917 3265 975 tuus

426 998 609 1047 autem
641 1000 793 1058 pater
1255 998 1338 1062 ter
1370 989 1596 1062 tuusvi-
2117 1000 2274 1062 pater
2302 991 2420 1061 ejus
2950 994 3133 1056 venit,
3165 1002 3220 1047 et
3250 1006 3342 1047 oc-

422 1064 489 1118 ad
522 1076 734 1134 pueros
753 1076 845 1115 su-
1255 1059 1429 1134 tulum
1462 1060 1619 1115 illum
2117 1059 2185 1134 ad
2216 1059 2403 1118 servos
2434 1079 2562 1121 suos
2597 1084 2609 1117 :
2948 1064 3079 1119 cidit
3113 1074 3266 1133 pater

424 1148 487 1189 os
514 1130 541 1186 ς’
560 1132 811 1188 Celerius
1257 1130 1594 1204 saginatum;
2116 1133 2236 1188 Cito
2260 1134 2501 1204 proferte
2949 1145 3075 1191 tuus
3105 1130 3328 1190 vitulum

424 1205 669 1277 proferte
724 1275 731 1277 Α
1259 1204 1511 1277 quoniam
1526 1203 1625 1277 _in-
2121 1203 2272 1260 mihi
2288 1207 2483 1261 stolam
2947 1209 3096 1263 illum
3124 1208 3461 1277 saginatum;

427 1274 627 1333 stolam
657 1275 801 1349 prio-
1010 1343 1029 1349 _
1257 1276 1472 1349 eolume
1505 1274 1669 1349 illum
2118 1277 2268 1332 illam
2298 1278 2551 1347 primam,
2945 1280 3073 1349 quia
3104 1274 3314 1333 salvum

424 1364 542 1404 rem
566 1388 580 1411 ,
616 1357 671 1402 et
702 1347 855 1403 indu-
1009 1345 1029 1363 '
1262 1346 1351 1402 28.
1398 1347 1619 1415 recepit.
1652 1345 1763 1402 lra-
2118 1358 2175 1403 et
2204 1345 2410 1405 induite
2948 1345 3097 1405 illum
3127 1350 3354 1419 recepit.

427 1420 503 1493 ite
530 1419 718 1493 illum,
745 1428 799 1474 et
1265 1429 1355 1493 tus
1376 1428 1693 1493 astantem,
2118 1420 2271 1475 illum
2292 1462 2305 1484 ,
2333 1432 2388 1476 et
2419 1420 2543 1477 date
2946 1421 3037 1476 28.
3080 1420 3397 1493 Indignatus

426 1490 554 1546 date
582 1492 804 1545 anulum
1258 1500 1313 1546 et
1340 1491 1360 1521 ³
1388 1489 1561 1544 noluit
1585 1490 1661 1545 in-
2119 1494 2339 1546 anulum
2374 1493 2428 1547 in
2946 1502 3031 1548 est
3054 1489 3232 1548 autem
3254 1535 3269 1559 ,
3299 1504 3355 1549 et

428 1562 485 1617 in
516 1577 674 1616 manu
704 1561 810 1616 illi—
1259 1572 1425 1616 trare.
2120 1579 2281 1618 manu
2311 1564 2460 1632 ejus,
2949 1565 3167 1621 nolebat
3190 1566 3270 1620 in-

428 1648 515 1698 us,
553 1641 610 1689 et
638 1634 834 1689 calcia—
1258 1634 1521 1706 Egressus
1548 1632 1623 1706 (ὁ)
1646 1647 1740 1706 au-
2120 1646 2175 1690 et
2201 1636 2518 1692 Calciamen-
2948 1645 3113 1692 trare.
3155 1635 3316 1691 Pater

429 1714 615 1778 menta
641 1706 694 1759 in
720 1721 812 1778 pe-
1259 1714 1370 1778 tem
1390 1702 1431 1775 ἰ-
1463 1702 1619 1778 pater
1642 1704 1697 1759 il-
2122 1717 2174 1761 ta
2206 1708 2262 1762 in
2296 1707 2448 1775 pedi-
2948 1706 3023 1778 (b)
3053 1723 3182 1763 vero
3211 1707 3253 1778 ’ί-
3281 1707 3351 1762 il-

427 1776 532 1849 23.
555 1777 711 1831 dibus
738 1776 889 1847 ejus,
915 1786 971 1833 et
1259 1777 1398 1841 lius,
1429 1775 1609 1844 coepit
2121 1780 2213 1833 25.
2259 1779 2359 1833 bus
2389 1778 2537 1849 ejus,
2568 1787 2623 1835 et
2950 1775 3055 1833 lius
3087 1775 3339 1848 egressus
3363 1819 3379 1844 ,

431 1848 683 1921 adducite
708 1850 787 1902 vi-
1259 1862 1454 1921 rogare
1476 1862 1623 1901 eum.
2122 1849 2375 1905 adducite
2404 1854 2477 1906 vi-
2951 1852 3131 1921 coepit
3161 1865 3354 1920 rogare

430 1920 603 1975 tulum
629 1920 778 1974 illum
1261 1917 1353 1973 29.
1398 1917 1518 1989 Ipse
1549 1926 1728 1974 autem
2124 1922 2293 1976 tulum
2323 1922 2473 1976 illum
2950 1917 3260 1977 29.'illum'.
3305 1921 3390 1976 Ad

431 1992 737 2063 saginatum
753 2033 770 2057 ,
1264 1989 1603 2059 respondens
1621 2033 1636 2057 ,
2123 1994 2448 2063 saginatum,
2950 1994 3044 2049 ille
3066 1994 3400 2061 respondens
3428 2034 3443 2058 ,

433 2074 491 2119 et
515 2062 767 2137 occidite,
1262 2064 1358 2137 ait_
1373 2062 1507 2130 patri
1537 2077 1636 2118 suo
1668 2081 1683 2117 :
2124 2074 2181 2120 et
2198 2062 2438 2121 ’occidite
2951 2064 3088 2120 dixit
3120 2065 3263 2137 patri

432 2145 490 2191 et
520 2135 812 2191 manduce-
1266 2134 1287 2165 ³
1317 2134 1460 2189 Ecce
1492 2142 1569 2188 tot
1596 2150 1684 2189 an-
2123 2152 2267 2202 eum,
2293 2146 2347 2191 et
2377 2152 2524 2191 man-
2952 2152 3090 2192 suo:
3122 2134 3264 2191 Ecce
3292 2144 3371 2191 tot

430 2223 576 2279 mus,
600 2218 653 2261 et
684 2221 848 2275 aepu-
1264 2206 1357 2279 nisi
1380 2206 1561 2259 servio
2122 2208 2384 2263 ducemus
2409 2251 2422 2273 ,
2452 2218 2508 2264 et
2534 2223 2704 2279 aepu-
2955 2209 3111 2263 annis
3143 2206 3322 2263 servio

429 2277 523 2333 24.
567 2279 774 2351 lemur;
806 2294 943 2350 quo-
1264 2276 1386 2343 tibi,
1420 2285 1476 2331 et
1501 2291 1660 2331 num-
2118 2279 2210 2351 24.
2253 2280 2458 2345 lemur,
2488 2276 2621 2351 quia
2958 2280 3090 2346 tibi,
3120 2288 3176 2335 et
3202 2295 3360 2351 num-

431 2351 576 2405 niam
606 2352 693 2404 hic
719 2349 837 2404 fili?
1262 2363 1423 2421 quam
1456 2363 1603 2403 man-
1644 2419 1652 2421 Α
2123 2350 2214 2406 hic
2246 2351 2384 2406 [ilius
2506 2349 2519 2351 “
2955 2367 3115 2421 quam
3150 2350 3375 2406 manda-

432 2436 498 2477 us
522 2437 675 2477 meus
700 2436 837 2477 mor-
1261 2420 1446 2476 datum
1482 2430 1556 2473 ιιι-
1644 2419 1653 2426 ’
2123 2438 2281 2478 meus
2316 2432 2559 2480 mortuus
2957 2419 3070 2477 tum
3105 2432 3254 2477 tuum

432 2502 558 2548 tuus
584 2492 797 2560 fuerat,
1262 2508 1352 2564 um
1382 2502 1613 2561 praeter-
2122 2493 2329 2560 fuerat,
2355 2504 2411 2550 et
2958 2494 3283 2564 praeteribi:
3311 2502 3369 2551 et

434 2575 490 2621 et
518 2566 749 2630 revixit;
782 2579 868 2633 pe-
1262 2563 1357 2628 ibi,
1388 2574 1441 2617 ct
1466 2580 1611 2637 num-
2124 2567 2351 2633 revixit;
2387 2582 2479 2637 pe-
2955 2580 3251 2637 numquam

435 2638 636 2704 rierat,
665 2648 720 2691 et
748 2638 834 2691 in-
1262 2651 1421 2703 quam
1448 2634 1632 2691 dedis-
2124 2638 2322 2700 rierat.
2353 2634 2411 2693 et
2957 2634 3150 2694 dedisti
3175 2638 3273 2693 mi-

435 2718 630 2763 ventus
659 2716 762 2762 est.
1265 2709 1304 2761 ti
1337 2709 1467 2761 mihi
1497 2706 1626 2763 bae-
2123 2709 2377 2765 inventus
2403 2718 2505 2765 est.
2954 2709 3031 2764 bi.
3076 2749 3092 2763 .
3142 2747 3156 2762 .
3203 2751 3218 2767 .
3265 2749 3280 2765 .
3327 2749 3342 2763 .
3386 2748 3400 2762 .
3444 2746 3461 2764 .

436 2779 509 2836 Et
537 2787 838 2848 coeperunt
1186 2830 1197 2845 ,
1265 2778 1390 2833 dum
1413 2821 1427 2843 ,
1462 2789 1520 2831 ut
1548 2795 1668 2834 cum
2125 2781 2193 2837 Et
2221 2790 2517 2850 coeperunt
2957 2790 3014 2837 ut
3034 2796 3156 2836 cum
3185 2780 3371 2836 amicis
3394 2777 3532 2837 meis

438 2852 713 2923 aepulare.
1267 2851 1455 2923 amicis
1485 2865 1605 2923 Ame-
2125 2854 2389 2920 aepulari.
2957 2854 3259 2923 aepularer.

436 2920 527 2977 25.
574 2920 703 2994 Erat
731 2929 910 2977 autem
1270 2922 1314 2975 is
1342 2921 1645 2994 aepularer.
2125 2924 2216 2979 25.
2262 2924 2392 2978 Erat
2420 2933 2599 2979 autem
2958 2920 3048 2982 50'.
3094 2924 3200 2980 Sed
3234 2931 3382 2994 post-

436 2994 580 3068 ﬁlius
611 2992 758 3068 illius
1269 2994 1357 3068 ﬁt).
1401 2992 1534 3047 Cum
1560 3004 1740 3050 autem
2130 2995 2275 3068 ﬁlius
2305 2996 2423 3061 ejus
2961 3012 3121 3068 quam
3151 2992 3293 3053 ﬁlius

438 3065 627 3120 senior
655 3066 706 3119 in
736 3082 786 3118 a-
1271 3065 1413 3118 filius
1443 3074 1566 3119 tuus
2127 3067 2310 3122 senior
2335 3068 2389 3122 in
2963 3065 3087 3123 t'uus
3110 3067 3199 3122 hic
3220 3110 3235 3133 ,

437 3152 573 3210 gro:
605 3147 658 3190 et
684 3152 806 3210 cum
1272 3136 1394 3210 llic,
1419 3136 1509 3206 qui
1535 3150 1719 3193 come-
2129 3153 2260 3208 agro
2292 3156 2306 3191 :
2338 3148 2393 3194 et
2418 3138 2615 3194 factum
2962 3142 3051 3210 qui
3084 3139 3251 3195 devo-

437 3209 680 3276 veniret,
714 3207 808 3263 ad-
1271 3207 1351 3261 dit
1380 3222 1595 3262 omnem
2130 3207 2213 3264 est
2233 3251 2248 3275 ,
2279 3224 2400 3265 cum
2432 3226 2528 3265 ve-
2962 3207 3104 3267 ravit
3122 3211 3374 3266 substan-

440 3281 775 3351 propinqua-
1271 3277 1584 3334 facultatem
2130 3281 2275 3337 niret
2295 3324 2309 3347 ,
2337 3292 2391 3337 et
2418 3283 2514 3337 ad-
2965 3282 3096 3338 tiam
3124 3297 3247 3337 cum
3272 3296 3383 3336 me-

439 3352 518 3407 vit
544 3352 761 3418 domui,
788 3360 843 3407 et
1271 3365 1422 3405 suam
1452 3352 1642 3406 vivens
2132 3353 2408 3423 propiaret
2964 3353 3252 3409 retricibus
3272 3394 3290 3420 ,

440 3423 611 3495 audiit
653 3438 798 3495 sym-
1270 3437 1391 3495 cum
1425 3423 1596 3477 forni-
1856 3484 1861 3489 .
2134 3424 2351 3494 domui,
2378 3424 2549 3480 audiit
2963 3428 3141 3492 venit,
3172 3434 3229 3480 et

480 3494 707 3568 honias’.
741 3505 798 3552 et
910 3552 911 3555 η
1270 3494 1463 3568 cariis.
1493 3495 1672 3568 venit,
2133 3499 2541 3568 symphoniam,
2961 3496 3214 3552 occidisti

480 3567 532 3624 6.
576 3567 836 3634 chorum;
870 3577 925 3623 et
1269 3576 1324 3622 et
1351 3567 1599 3635 occidisti
2135 3578 2191 3622 et
2220 3567 2449 3635 choros;
2962 3569 3040 3623 illi
3070 3569 3295 3624 vitulum

441 3643 653 3694 vocavit
683 3633 874 3708 unum.
1266 3633 1493 3693 vitulunf
1523 3638 1675 3695 illum
2134 3640 2225 3694 26.
2270 3652 2324 3695 et
2354 3633 2563 3696 voeavit
2962 3640 3115 3695 illum
3144 3640 3285 3711 sagi-

442 3712 509 3766 de
540 3711 755 3783 pueris,
787 3721 843 3767 et
1270 3711 1598 3782 saginatum.
2138 3728 2303 3765 unum
2335 3712 2404 3769 de
2968 3722 3177 3767 natum.

1755 3825 1987 3883 CODEX
2024 3826 2413 3883 BRlXIANUS.

444 3923 603 3979 Pater
639 3923 850 3993 peccavi
884 3924 936 3976 in
972 3922 1199 3977 caelum.
1228 3932 1282 3976 et
1318 3937 1499 3976 coram
1539 3921 1735 3989 te.jum
1772 3935 1880 3975 non
1920 3936 2036 3974 sum
2149 3920 2399 3993 namhoc
2432 3930 2594 3974 esset.
2630 3920 2709 3974 Ad
2740 3919 2831 3977 ille
2869 3918 3005 3974 dixit
3041 3919 3140 3974 illi.
3187 3919 3375 3975 Frater
3421 3928 3542 3993 tuus
3583 3917 3725 3993 venit

445 3990 653 4065 dignus'
667 3993 848 4048 vocari
873 3993 1011 4047 illius
1037 4005 1174 4047 tuus.
1207 3992 1351 4047 Dixit
1375 4003 1552 4047 autem
1588 4000 1739 4065 pater
1760 3993 2040 4065 adservos
2147 4002 2201 4047 et
2225 3991 2421 4046 occidit
2447 4000 2603 4065 pater
2638 4002 2759 4065 tuus
2788 3993 3012 4046 vitulum
3042 3993 3342 4059 saginatum
3372 3992 3495 4065 quia
3521 3990 3728 4065 salvum

445 4062 593 4121 suos.
619 4065 739 4120 Cito
758 4064 997 4135 proferte
1019 4066 1210 4118 stolam
1238 4067 1483 4132 primam.
1508 4063 1780 4118 etinduite
1799 4063 2039 4135 illum.et
2148 4066 2296 4118 illum
2334 4064 2554 4129 recepit.
2588 4064 2900 4132 Indignatus
2920 4072 3005 4117 est
3028 4073 3208 4118 autem
3229 4074 3283 4117 et
3304 4062 3523 4135 nolebat
3542 4063 3731 4135 introi—

444 4140 570 4193 datc
591 4133 844 4190 annulum
875 4137 925 4191 in
943 4152 1100 4189 manu
1128 4136 1263 4204 ejus.
1286 4136 1703 4190 etealciamenta
1734 4136 1786 4188 in
1816 4134 2040 4203 pedibus
2148 4150 2224 4189 re.
2260 4135 2420 4189 Pater
2441 4136 2517 4205 (ὁ)
2541 4151 2667 4188 vero
2692 4137 2729 4206 ἦ·
2758 4135 2903 4188 illius
2933 4150 3183 4205 egressus
3203 4135 3352 4189 foris.
3377 4134 3555 4201 Coepit
3580 4133 3727 4206 illum

445 4211 563 4278 ejus
580 4219 633 4263 ct
658 4208 905 4262 adducite
929 4210 1152 4261 vitulum
1176 4208 1472 4277 saginatum
1492 4214 1547 4260 et
1565 4206 1792 4260 occidte.
1814 4215 1869 4259 et
1888 4222 2039 4260 man-
2145 4222 2356 4275 rogare.
2380 4205 2461 4260 Ad
2494 4208 2579 4259 ille
2609 4205 2941 4277 respondens
2962 4207 3095 4260 dixit
3128 4207 3263 4276 patri
3284 4220 3401 4261 suo.
3431 4206 3568 4260 Ecce
3588 4205 3727 4275 quod

442 4281 1045 4346 ducantesaepulemur.
1066 4280 1187 4347 quia
1205 4278 1290 4332 hic
1312 4278 1450 4332 filius
1463 4293 1633 4331 meus.
1656 4287 1899 4331 mortuus
1924 4288 2042 4331 erat
2147 4278 2303 4332 annis
2331 4279 2509 4333 servio
2528 4278 2646 4332 tibi.
2673 4291 2726 4333 et
2756 4292 3046 4347 numquam
3068 4278 3374 4332 mandatum
3397 4288 3543 4331 tuum
3576 4291 3727 4344 prea-

445 4363 501 4408 et
533 4355 747 4407 revixit.
773 4354 1005 4421 perierat
1024 4363 1075 4405 et
1094 4351 1343 4406 inventus
1359 4360 1460 4404 est.
1486 4348 2039 4420 Etcueperuntaepu-
2150 4350 2292 4414 terii,
2326 4360 2379 4404 et
2411 4349 2540 4403 mihi
2569 4366 2858 4419 numquam
2886 4349 3083 4404 dedisti
3113 4349 3312 4405 hedum
3338 4360 3419 4421 fut
3447 4362 3571 4403 cum
3600 4349 3729 4421 ami-

444 4424 562 4479 lari.
593 4419 911 4478 Eratautam
936 4424 1074 4477 [ilius
1107 4423 1223 4492 ejus
1240 4422 1421 4476 senior
1442 4423 1492 4475 in
1520 4436 1650 4492 agro
1673 4419 1871 4492 etcum
1896 4423 2043 4474 veni-
2147 4422 2227 4474 cis
2262 4422 2397 4476 meis
2434 4421 2732 4489 aepulnrer.
2782 4421 3068 4488 POStquain
3096 4432 3275 4476 autem
3325 4420 3466 4474 ﬁlius
3494 4431 3616 4472 tuus
3649 4419 3730 4492 hic

445 4506 547 4552 ret.
584 4505 638 4549 et
665 4490 1343 4565 adpropinquaretdomui
1375 4491 1583 4548 audivit
1616 4490 2045 4565 synifoniam.et
2148 4492 2313 4565 venit.
2336 4493 2425 4562 qui
2454 4493 2734 4565 devoravit
2763 4493 3118 4565 substantiam
3145 4508 3296 4546 suam
3327 4507 3447 4547 cum
3489 4491 3729 4547 meretri-

445 4563 2044 4636 cborumet'vocavitunumdeservis,etinterrOgavit.quid-
2147 4564 2301 4620 cibus
2350 4564 2593 4618 occidisti
2636 4565 2711 4618 illi
2739 4564 2962 4619 vitulum
2988 4564 3310 4636 saginatum.
3345 4627 3347 4631 η

1743 4655 1976 4715 CODEX
2001 4655 2468 4714 CORBEIENSIS.

2213 4753 2305 4807 27.
2348 4751 2544 4808 occidit
2573 4751 2797 4807 vitulum
2826 4752 2973 4808 illum
3005 4753 3329 4824 saginatum.
3410 4748 3417 4753 ’

2215 4826 2305 4882 30.
2344 4824 2628 4880 devoravit
2654 4824 2676 4856 ⁸
2703 4824 3059 4881 substantiam
3091 4832 3237 4881 tuam
3266 4824 3330 4897 σι’.

516 4756 609 4812 22.
642 4757 837 4812 stolam
867 4755 1015 4811 illam
1043 4754 1295 4824 primam.

518 4829 610 4883 23.
651 4828 903 4884 adducite
929 4827 1155 4883 vitulum
1190 4827 1339 4881 illum
1368 4825 1695 4897 saginatum.

518 4900 611 4956 26.
651 4900 1023 4972 interrogavit,
1053 4913 1193 4971 quae
1219 4898 1438 4955 essent?

1693 4989 2084 5048 VARIANTES
2122 4985 2528 5045 LECTIONES.

515 5091 531 5123 ¹
572 5090 677 5156 Gut.
704 5099 833 5149 tuus,
854 5090 927 5141 fac
966 5104 1046 5140 me
1081 5103 1240 5156 unum
1265 5090 1330 5140 de
1374 5089 1689 5156 mercenariis
1731 5088 1844 5137 tuis.
1870 5087 2051 5150 ‘Dixit.
2155 5151 2164 5156 ι
2209 5086 2235 5156 _3
2270 5083 2374 5156 ϐας.
2404 5081 2529 5131 Ecce
2554 5086 2675 5145 quot
2693 5082 2807 5131 anni
2830 5081 2949 5131 Mm.
2972 5079 3101 5132 Ecce
3123 5083 3395 5145 quotanui.
3430 5076 3575 5142 Vulg.
3603 5076 3724 5128 Ecce

453 5157 571 5205 Mm.
600 5154 675 5203 fac
694 5168 774 5202 me
796 5158 921 5203 sicut
945 5154 1293 5218 unule’ulg.
1322 5160 1451 5203 tuus.
1477 5153 1629 5202 Dixit.
1682 5217 1685 5218 ν
1765 5217 1774 5218 7
1858 5211 1897 5218 _
2153 5151 2227 5218 tot
2250 5151 2407 5218 annis.

518 5221 536 5247 ’
557 5218 663 5267 Gai.
678 5208 1352 5279 noluitvenire....Egre§sus
1371 5222 1531 5279 est,...
1550 5217 1711 5275 coepit
1728 5211 2046 5279 Mm.Egrc_s~
2214 5208 2236 5238 ’δ
2270 5209 2329 5256 Et
2352 5208 2421 5257 ita
2441 5208 2561 5257 Mm.

454 5292 538 5330 sus
555 5288 693 5345 est,..
728 5282 907 5343 coepit.
930 5278 1073 5343 Vulg.
1089 5279 1289 5330 nolebat
1307 5277 1570 5329 introire...
1586 5277 2040 5341 Egressus,covpit.

1140 5382 1433 5423 LECTIONES
1453 5382 1656 5423 CODICIS
1681 5376 2092 5422 VINDEBONENSIS
2120 5376 2394 5417 ABEUNTES
2424 5376 2492 5415 ΔΙ)
2521 5374 2773 5415 EDITIONE
2803 5375 3066 5416 νυιῦΑΤΑ.

514 5486 597 5537 21.
630 5487 748 5537 etin
773 5493 823 5536 te
848 5499 860 5536 :
881 5497 978 5535 non
1010 5497 1136 5535 sum.
1200 5482 1277 5532 22.
1306 5483 1472 5533 stolam
1512 5481 1643 5531 illam
1675 5483 1891 5541 primam.
1957 5480 2039 5529 25.
2164 5476 2286 5542 __28.
2313 5482 2365 5527 et
2393 5477 2580 5542 noluit.
2640 5477 2721 5528 29.
2746 5477 2877 5542 quod
2910 5476 3403 5541 annis....praeterii,
3428 5482 3483 5527 et
3521 5487 3615 5526 non
3650 5475 3733 5527 de-

455 5550 660 5601 vitulum
698 5549 851 5599 illum.
918 5548 1353 5610 25.appropiaret_
1374 5546 1556 5596 domui.
1625 5539 2043 5610 26._quae_baec
2146 5539 2282 5590 disti.
2349 5540 2428 5589 150.
2454 5541 2688 5593 occidisti.

458 5613 666 5664 essent?
727 5614 803 5663 27.
829 5612 906 5663 Ad
935 5611 1021 5662 ille
1055 5604 1189 5662 dixit
1208 5611 1256 5660 ei
1286 5608 1551 5661 :Frater...
1586 5604 1815 5671 quouiam
1840 5604 2042 5653 salvum.

1772 5711 2142 5770 BLANCHINI
2180 5714 2411 5771 NOTAE.

534 5811 608 5888 (α)
642 5806 805 5873 Addit
830 5816 985 5887 quia,
1013 5814 1174 5869 etiam
1200 5806 1331 5872 text.
1360 5798 1453 5870 or.
1481 5799 1576 5870 ὅτε.
1619 5836 1679 5854 .-
1707 5809 1781 5886 (b)
1805 5809 1881 5865 lla
1900 5815 1954 5865 et
1980 5807 2101 5866 cod.
2130 5796 2285 5868 Cant.
2318 5808 2388 5863 δέ.
