2027 3099
282 119 336 157 643
557 128 694 157 EUSEBII
709 122 878 157 VERCELL.
901 125 1123 156 EVANGELIUM
1143 126 1214 155 CUM
1229 125 1343 156 VARIIS
1355 125 1433 156 COD.
1452 127 1648 158 COLLATUM.
1876 127 1921 157 (ΣΗ

479 185 595 214 CODEX
615 184 888 214 VERCELLENSIS.
1344 183 1460 213 CODEX
1479 185 1707 215 VERONENSIS.

281 238 352 259 tuam
365 254 371 265 ,
385 237 410 259 et
433 233 439 247 ¹
464 233 531 260 scri-
694 233 770 265 istis,
784 231 857 267 quod
1129 236 1157 259 et
1172 232 1261 260 scribe
1549 232 1591 260 15.
1613 233 1673 260 bis?
1684 232 1768 261 Nemo

279 269 314 296 be
326 269 445 300 octogin-
692 266 811 295 vestrum
826 271 884 300 est,
1130 268 1156 295 8.
1178 276 1261 296 Lxxx.
1279 266 1313 295 Et
1325 267 1381 296 Illl-
1546 277 1641 296 servus
1655 276 1698 303 po-

279 304 306 331 8.
328 310 362 330 ta.
387 303 547 331 Etlaudavit
693 304 753 339 quis
769 303 862 331 credet
1127 303 1202 330 davit
1216 304 1302 331 domi.
1546 310 1599 332 test
1613 305 1717 332 duobus

277 340 403 367 dominus
417 340 525 366 vilicum
693 339 790 366 vobis?
1129 347 1178 366 nus
1193 340 1302 367 vilicum
1545 340 1661 368 dominis

232 387 239 398 ν
277 375 440 410 iniquitatis,
694 376 738 402 l5.
759 374 843 402 Nemo
860 377 952 409 potest
1126 374 1276 410 iniquitatis
1287 396 1295 407 ,
1546 376 1658 404 servire.
1675 377 1728 404 Aut

277 419 324 446 qu.
347 432 354 438 .
377 432 384 439 .
407 430 414 437 .
431 410 547 445 pruden-
692 418 789 439 servus
802 411 869 437 duo-
1127 419 1159 438 eo
1170 411 1241 446 quod
1259 419 1322 445 pru-
1546 419 1628 439 unum
1643 411 1716 439 odiet
1727 432 1735 444 ,

276 451 317 474 ter
331 448 341 462 ²
352 446 457 478 fecerit.
692 447 742 474 bus
760 446 877 474 dominis
1127 447 1223 474 denter
1244 447 1348 474 fecerit.
1546 452 1574 475 et
1586 448 1700 475 alterum

274 483 348 510 Dixit
358 488 447 510 autem
692 484 804 510 servire.
828 482 882 509 Aut
1128 482 1200 509 Dixit
1213 487 1304 509 autem
1546 484 1646 510 amavit
1658 491 1665 515 ;
1681 486 1729 511 aut

274 518 319 545 ad.
341 539 349 546 .
371 537 379 545 .
408 538 415 545 .
435 524 480 554 p711.
504 536 511 544 .
692 518 764 545 enim
778 525 879 554 unum77
1126 518 1158 544 ad
1177 518 1325 554 discipulos
1545 526 1628 546 unum
1646 527 1693 554 pa-

274 561 297 590 7s.
321 574 327 581 .
350 574 356 581 .
380 575 386 581 .
409 575 416 580 .
428 553 489 590 dico
505 559 552 581 vo.
693 553 784 590 odiet,
798 557 826 580 et
846 552 897 580 ali-
1125 561 1208 590 suos:
1225 552 1264 590 (zz)
1276 554 1326 590 Fili
1338 554 1357 589 1-
1547 552 1687 587 ιίθιυισξει

274 589 325 617 bis.
348 610 356 617 .
379 609 385 617 .
409 610 415 616 .
433 589 451 616 li
465 589 515 616 hu-
693 597 737 616 um
751 589 859 623 diliget;
1126 588 1205 624 hujus
1219 588 1320 617 saeculi
1346 588 1349 589 ⁷
1545 590 1658 618 alterum

273 625 318 660 jus
332 626 433 653 saeculi
692 629 739 652 aut
754 632 835 651 unum
1125 624 1315 660 prudentiores
1545 631 1710 654 contemnet.

275 668 336 695 pru.
361 682 366 688 .
384 660 474 689 entio-
693 662 826 695 patietur,
841 664 869 687 et
1125 665 1188 687 sunt
1207 668 1287 696 quam
1543 661 1601 688 Non
1619 666 1694 696 pote-

273 704 317 724 rcs
329 703 391 724 sunt
404 704 449 724 su-
691 697 774 724 alium
789 703 854 723 con-
1126 696 1163 723 ﬁli
1181 697 1248 724 lucis
1542 698 1592 724 stis
1608 698 1662 725 Deo

274 740 321 767 per
334 732 404 760 ﬁlios
416 733 456 759 lu—
692 736 804 760 temnet.
818 731 875 759 Non
1125 732 1151 758 in
1165 732 1215 759 hac
1229 739 1312 767 gene—
1542 733 1662 766 servire,
1677 738 1703 761 et

273 769 312 796 cis
327 769 352 795 in
368 775 448 804 gente
691 768 805 802 potestis
822 767 877 794 Deo
1125 768 1239 804 ratione.
1542 776 1696 796 mamonae.
1815 798 1817 800 _

273 804 334 831 huc.
372 803 379 804 ί
689 804 812 836 servire,
832 807 860 830 et
1124 803 1151 831 9.
1174 803 1270 838 Etego
1284 810 1331 830 νο-
1544 804 1587 831 14.
1609 804 1762 832 Audiebant

272 840 299 876 79.
322 840 355 867 Et
367 847 420 876 ego
434 838 495 867 dico
510 844 557 866 vos
689 846 842 876 mamonae.
903 869 910 876 λ
1124 838 1166 876 bis
1180 839 1263 876 dico:
1279 838 1332 866 Fas
1542 845 1631 868 autem
1647 841 1714 876 haec

271 875 314 903 bis
332 885 339 903 :
355 869 445 903 Favcite
460 882 510 902 νο·
690 874 733 901 14.
756 875 827 901 Haec
838 869 928 900 omnia
1123 874 1176 901 cite
1190 874 1268 901 vobis
1542 877 1632 903 omnia
1647 874 1717 903 Pha-

271 911 314 938 bis
328 914 430 939 amicos
688 918 749 937 cum
763 909 856 947 audis-
1123 911 1227 947 amicos
1240 910 1275 937 de
1321 945 1326 947 _
1542 910 1621 938 risaei
1632 932 1639 945 ,
1655 912 1702 947 qui

271 947 305 974 de
319 948 409 982 iniquo
471 981 474 982 7
688 951 750 973 sent
762 945 857 982 Phari-
1123 945 1161 982 7(1))
1178 952 1301 972 tinamona
1314 945 1333 980 ’ί-
1540 953 1618 974 erant
1632 945 1696 974 ava-

273 982 311 1018 (b)
327 980 451 1018 mamona
462 981 499 1017 Ἠ
687 982 742 1009 saei
755 1002 763 1014 ,
778 981 824 1016 qui
843 988 871 1008 e-
1121 980 1305 1018 iniquitatis;7
1541 982 1582 1016 ri,
1596 987 1623 1011 et
1634 983 1708 1010 deri-

271 1016 315 1050 ὑί,
331 1026 391 1046 cum
403 1016 477 1046 dcfeQ
688 1021 750 1045 rant
765 1024 839 1044 ama-
1122 1022 1166 1048 ut,
1182 1025 1241 1044 cum
1258 1016 1334 1044 defe-
1540 1018 1642 1046 debant
1658 1019 1690 1046 il-

270 1054 338 1081 cerit
349 1054 433 1088 vobis,
687 1057 761 1080 tores
776 1059 857 1088 pecu-
1121 1052 1227 1085 ceritis,
1245 1052 1314 1079 reci-
1541 1054 1585 1082 15.
1606 1054 1672 1081 lum.
1685 1054 1719 1082 Et

269 1090 402 1126 recipiant
687 1089 749 1126 _niae
760 1109 766 1119 ,
784 1088 887 1115 inride-
1122 1088 1196 1122 piant
1210 1096 1259 1116 vos
1271 1090 1296 1126 i7n
1538 1090 1577 1126 ait
1589 1090 1643 1117 illis
1655 1098 1663 1120 ;

269 1132 317 1152 vos
327 1124 355 1153 iu
371 1131 462 1153 aeter-
686 1124 752 1152 bant
763 1132 835 1151 eum.
899 1158 905 1159 7
1120 1128 1231 1151 aeterna
1250 1124 1340 1152 laber-
1538 1124 1594 1153 Vos
1608 1126 1690 1159 estis,

270 1162 441 1189 nataberna-
688 1160 733 1188 15.
753 1159 787 1187 Ει
801 1159 870 1186 dixit
882 1158 943 1186 eis:
1120 1160 1214 1196 uacula
1235 1167 1294 1196 sua.
1311 1195 1315 1196 7
1538 1160 1585 1196 qui
1595 1161 1694 1196 justiﬁ-

268 1197 340 1225 cula.
687 1195 742 1223 Vos
756 1196 839 1227 estis,
1121 1194 1164 1222 10.
1186 1196 1237 1229 Qui
1255 1195 1343 1223 fidelis
1538 1194 1606 1224 catis
1622 1204 1672 1224 vos

269 1232 312 1260 lt).
333 1232 384 1266 Qui
398 1231 487 1260 ﬁdelis
686 1232 731 1267 qui
743 1231 844 1266 justiﬁ-
1119 1236 1160 1259 est
1175 1230 1202 1258 in
1218 1230 1271 1258 mi-
1365 1229 1369 1234 ’
1538 1239 1631 1259 coram
1648 1232 1698 1260 bo-

267 1273 310 1296 est
324 1268 335 1284 ⁸
350 1270 376 1296 in
388 1268 468 1296 mini-
684 1267 751 1294 catis
762 1275 811 1294 vos
824 1273 871 1293 co-
1118 1267 1193 1294 nimo
1203 1288 1210 1300 ,
1226 1272 1255 1294 et
1538 1268 1655 1296 minibus
1668 1277 1675 1295 :

267 1312 312 1331 mo
324 1326 331 1337 ,
344 1309 373 1332 et
386 1305 412 1331 in
424 1304 489 1331 mul-
684 1310 741 1330 ram
758 1303 845 1330 homi—
1119 1302 1146 1330 in
1162 1303 1248 1338 majus
1264 1302 1295 1330 ﬁ-
1538 1304 1609 1331 Deus
1622 1309 1712 1332 autem

269 1345 296 1367 to
310 1340 396 1367 ﬁdelis
411 1343 454 1367 est
467 1347 474 1366 :
684 1339 763 1366 nibus
776 1348 782 1364 :
798 1339 869 1365 Deus
883 1345 930 1364 au-
1118 1339 1188 1366 delis
1203 1343 1245 1366 est
1258 1348 1265 1366 :
1536 1340 1612 1367 novit
1625 1339 1707 1367 corda

267 1380 295 1403 et
305 1376 350 1411 qui
371 1376 397 1402 in
410 1375 488 1402 mini-
684 1378 738 1411 tem
754 1375 805 1401 scit
818 1380 879 1401 coro
1118 1379 1146 1401 et
1157 1375 1200 1409 qui
1215 1375 1241 1402 in
1270 1410 1274 1411 7
1536 1380 1641 1409 vestra;
1657 1375 1739 1411 quin,

268 1410 321 1438 mo’
329 1411 435 1452 iniquus
685 1410 719 1437 da
731 1414 839 1450 vestra;
1118 1410 1224 1438 modico
1240 1410 1301 1452 ini-7
1536 1411 1608 1453 quod
1623 1411 1660 1453 (ξ)
1676 1411 1702 1438 in
1716 1410 1738 1446 ’ξ-

266 1451 325 1479 est,
343 1448 407 1474 etin
419 1454 495 1482 mag-
686 1446 833 1482 quoniam,
1118 1453 1166 1473 cus
1179 1451 1235 1479 est,
1252 1451 1278 1473 et
1294 1446 1321 1474 in
1535 1446 1693 1474 hominibus

267 1482 424 1518 noiniquus
468 1481 475 1482 ί
685 1481 757 1518 quod
772 1485 837 1515 aput
858 1516 865 1518 _
1117 1482 1205 1518 majus
1536 1483 1653 1511 sublime

267 1524 320 1546 est.
362 1516 371 1518 “
685 1517 810 1544 homines
826 1516 888 1543 sub-
1118 1517 1206 1545 inicus
1535 1522 1594 1550 est,
1610 1518 1676 1546 abo-

267 1555 311 1582 H.
334 1554 361 1582 Si
375 1561 441 1588 ergo
449 1553 476 1581 in
491 1553 541 1580 ini-
685 1552 748 1579 lime
767 1558 825 1585 est,
841 1552 907 1579 abo.
1117 1558 1169 1580 est.
1535 1554 1650 1581 minatio

266 1598 320 1625 quo
336 1597 439 1617 mamo-
686 1588 798 1625 minutio
810 1591 853 1615 est
1118 1589 1163 1625 7M.
1183 1589 1212 1617 Si
1226 1596 1291 1625 ergo
1310 1589 1337 1616 in
1534 1589 1594 1624 ejus
1604 1594 1669 1617 ante
1682 1591 1689 1596 ’

266 1623 300 1653 na
318 1625 412 1653 ﬁdeles
686 1624 696 1639 ‘
707 1629 769 1651 ante
780 1632 860 1660 cons-
1117 1623 1210 1660 iniquo
1223 1623 1280 1652 ma-
1536 1623 1630 1653 Deum.

267 1670 320 1689 non
336 1661 438 1695 fuistis,
685 1664 793 1695 pectum
811 1659 881 1695 Dei.7
950 1694 953 1695 7
1118 1659 1198 1687 mona
1535 1661 1579 1689 16.
1600 1661 1670 1694 Lex,
1685 1665 1713 1688 et

266 1698 338 1732 quod
352 1697 492 1724 vobiscum
685 1696 729 1723 16.
751 1695 821 1727 Lex,
836 1698 864 1722 et
875 1694 1012 1730 Prophae-
1117 1695 1211 1723 ﬁdeles
1534 1696 1685 1732 Prophetae
1727 1719 1730 1723 .

265 1738 323 1765 est.
340 1732 400 1768 quis
414 1732 489 1760 dabit
511 1767 514 1768 7
687 1737 728 1768 lae
743 1739 827 1768 usque
1118 1739 1171 1758 non
1187 1732 1274 1759 fuistis
1284 1753 1291 1764 ,
1535 1740 1620 1767 usque
1635 1733 1669 1760 ad

267 1769 301 1796 12
321 1766 413 1796 vobis?
428 1768 479 1803 Et,
494 1767 518 1796 si
533 1767 558 1795 in
683 1766 718 1795 ad
729 1767 740 1783 ⁸
755 1767 913 1799 Jobaunen;
1117 1768 1189 1802 quod
1204 1773 1296 1795 verum
1534 1766 1692 1801 Joliannen;

264 1805 353 1832 alieno
369 1804 435 1832 ﬁde-
684 1811 716 1830 ex
732 1810 784 1838 quo
800 1810 860 1839 reg-
1117 1807 1174 1837 est,
1189 1803 1249 1838 quis
1535 1811 1568 1832 ex
1581 1812 1636 1839 quo
1650 1812 1692 1831 re-

265 1840 306 1869 lcs
321 1848 375 1869 non
391 1840 432 1867 fu-
685 1847 748 1866 num
765 1838 812 1866 Dei
823 1846 906 1866 evan-
1118 1839 1193 1867 dabit
1208 1847 1254 1866 vo-
1535 1838 1617 1874 gnuin
1631 1840 1679 1868 Dei

917 1895 1034 1923 CODEX
1049 1895 1246 1924 BRIXIANUS.

264 1952 293 1975 et
316 1947 405 1974 scribe
428 1945 563 1980 octoginta
592 1944 626 1971 Et
646 1944 764 1980 laudavit
788 1943 915 1970 dominus
948 1943 1056 1980 vilicum
1112 1948 1231 1980 vestrum
1249 1942 1377 1980 estquis
1396 1942 1469 1980 dabit
1493 1942 1581 1980 vobis.
1597 1942 1683 1980 Nemo
1708 1950 1811 1980 servus
1826 1947 1914 1977 potest

264 1981 414 2018 iniquitatis
440 1978 513 2018 quod
535 1979 682 2015 prudenter
709 1979 819 2018 fecerit:
839 1980 908 2018 quia
934 1979 981 2005 lilii
1007 1979 1057 2005 hu-
1112 1979 1217 2018 duobus
1240 1978 1358 2018 dominis
1380 1978 1483 2018 Servire
1505 1978 1558 2018 Aut
1579 1978 1650 2018 enim
1675 1986 1756 2018 unum
1779 1978 1863 2006 odiet.
1887 1983 1914 2006 et

263 2013 799 2054 jus'sueculi77prudentiiircs7suiit_liliis
814 2013 882 2054 lucis
904 2015 929 2041 in
944 2022 1058 2054 generav
1112 2016 1228 2042 alterum
1248 2014 1345 2054 diligit.
1362 2020 1406 2042 aut
1418 2014 1471 2054 inii
1498 2013 1648 2054 adliercbit.
1663 2019 1689 2042 et
1715 2014 1829 2041 alterum
1845 2021 1912 2054 con-

264 2049 336 2081 iione
349 2062 407 2081 sua.
424 2049 456 2080 Ei
476 2061 525 2087 ego
542 2052 616 2078 vobis
635 2051 696 2078 dico
712 2050 804 2087 Facite
821 2050 896 2087 vobis
910 2049 1011 2087 amicos
1026 2050 1059 2077 de
1114 2053 1228 2087 ieiunet.
1253 2049 1309 2077 Non
1328 2050 1439 2087 potcstis
1455 2049 1509 2077 Deo
1522 2050 1624 2087 servire
1639 2055 1666 2077 et
1689 2057 1839 2087 mamoiiac.
1857 2050 1913 2077 Au-

263 2090 302 2125 (b)
314 2088 466 2124 mumona-j-
479 2085 636 2122 iniquitatis.
650 2093 676 2125 u7t
686 2095 746 2125 cuni
758 2085 912 2125 defeceritis
927 2086 1059 2125 recipiunt
1111 2086 1327 2125 d7icbant7m17tc7m
1344 2085 1410 2113 haec
1425 2087 1515 2125 omnia
1531 2086 1679 2125 Pharisaei.
1695 2086 1741 2125 qui
1755 2091 1832 2113 erant
1846 2094 1911 2125 uva-7

262 2120 311 2153 vos
332 2126 357 2153 in
372 2120 481 2152 acterna
512 2120 695 2150 tubernacnlu.
715 2122 764 2156 Qui
787 2121 872 2149 ﬁdelis
888 2128 929 2157 est
952 2123 978 2148 in
1002 2130 1058 2148 Ino-
1111 2121 1143 2148 ri.
1170 2127 1197 2148 et
1221 2121 1377 2149 dcridebzint
1399 2129 1460 2148 eum
1488 2122 1519 2148 Et
1549 2120 1585 2148 ait
1604 2120 1669 2148 illis.
1701 2120 1753 2148 Vos
1779 2127 1843 2149 estis
1865 2123 1910 2157 qui

263 2162 333 2189 dica.
350 2167 376 2189 et
391 2161 416 2188 in
434 2160 518 2187 multo
531 2159 619 2186 ﬁdelis
632 2164 682 2193 est.
697 2164 723 2185 et
735 2158 780 2193 qui
800 2159 826 2184 in
843 2156 949 2184 modico
964 2157 1059 2184 inﬁdc-
1108 2156 1261 2192 justiﬁcalis
1271 2156 1459 2192 vosmetipsos.
1470 2156 1731 2185 corauihominibus.
1742 2156 1810 2185 Deus
1820 2164 1910 2184 autem

262 2198 297 2225 lis
310 2202 362 2225 est.
378 2204 405 2225 et
430 2197 456 2223 in
480 2196 563 2223 multo
579 2192 695 2222 inﬁdelis
713 2192 764 2221 esi.
781 2194 809 2221 Si
835 2201 900 2228 ergo
916 2194 941 2220 in
968 2194 1058 2229 iniquo
1111 2193 1185 2220 novit
1206 2193 1287 2221 Corda
1303 2198 1401 2221 vestra.
1415 2194 1476 2229 quia
1495 2194 1567 2229 quod
1590 2193 1746 2229 hominibus
1769 2193 1852 2220 altum
1869 2199 1911 2220 est

262 2241 386 2262 mauiooa
401 2231 495 2260 ﬁdeles
516 2240 569 2259 non
584 2229 671 2258 fuistis
686 2230 755 2266 quod
770 2226 917 2266 verunﬁcst
932 2228 990 2263 quis
1012 2226 1058 2266 vo:
1110 2228 1275 2266 abomipalio
1290 2233 1330 2256 est
1352 2226 1525 2266 antejbcuni.
1542 2227 1608 2266 Lex_
1617 2235 1644 2266 et
1658 2228 1810 2263 Prophetae
1826 2236 1911 2264 usque

263 2261 305 2296 bis
324 2266 425 2296 credet.
444 2268 476 2295 Et
498 2267 520 2294 si
545 2267 571 2294 in
594 2266 648 2293 alio
672 2261 767 2293 ﬁdeles
792 2273 843 2292 nou
869 2261 969 2292 fuistis.
986 2264 1058 2298 quod
1111 2264 1144 2291 ad
1166 2264 1319 2292 Johannen.
1343 2264 1444 2292 deinde
1467 2270 1579 2300 regnum
1594 2263 1641 2292 Dei
1653 2261 1737 2292 evan-

886 2319 1019 2349 coucx
1037 2318 1270 2349 CORBEIENSIS.
1982 2314 1984 2360 ι

297 2372 324 2401 8.
345 2373 356 2388 ⁸
371 2370 560 2407 prudentiores
574 2375 637 2397 sunt
650 2374 731 2405 quam
755 2365 804 2397 ﬁlii
818 2368 887 2396 lucis
905 2368 932 2396 in
959 2367 1009 2396 hac
1025 2368 1210 2403 generatione.

866 2425 1062 2453 VARIANTES
1076 2423 1277 2454 LECTIONES.

294 2479 302 2494 ¹
323 2479 380 2503 Mm.
395 2477 477 2503 scribe
488 2477 536 2508 c7ito7
547 2481 629 2508 ιυιᾷ
637 2473 710 2508 Vulg.
722 2474 803 2498 scribe
815 2473 945 2508 octoginte.
1113 2470 1149 2508 μ’
1167 2472 1221 2508 Gul.
1235 2471 1370 2498 Johannem
1379 2479 1431 2508 ;_ex
1451 2480 1499 2505 quo
1512 2479 1617 2505 regnum
1628 2474 1675 2499 Dei
1695 2474 1908 2508 evangeliuntur,

291 2510 302 2525 ¹
319 2510 372 2534 Gut.
386 2513 408 2533 et
422 2510 480 2533 Mm.
491 2507 599 2532 fecisset.
613 2503 776 2538 Dixit—autem
795 2505 824 2529 ad
835 2503 968 2535 discipulos
978 2509 1035 2528 suos
1049 2511 1054 2528 :
1109 2505 1168 2538 Min.
1184 2504 1319 2538 Johannem
1329 2503 1533 2538 prophetat-erunt
1542 2503 1553 2535 ξ
1559 2511 1589 2530 ex
1598 2512 1648 2537 quo
1656 2503 1817 2538 reguum'Dci
1830 2503 1909 2533 evan;

260 2533 412 2573 Filiifj'utq,
423 2539 524 2573 fecisset
538 2546 543 2563 :
555 2539 610 2573 qui?
623 2534 674 2562 ﬂlil.
694 2568 698 2573 _
719 2568 724 2573 7
794 2568 800 2573 7
926 2567 946 2573 77
968 2570 981 2573 77
1007 2566 1013 2572 _
1107 2534 1251 2573 gelizantur.
1268 2533 1340 2568 Vulg]
1355 2533 1491 2568 Joaimom;
1504 2533 1581 2561 ex'eo
1593 2533 1699 2567 regenti
1717 2538 1765 2565 Det
1776 2540 1909 2570 evangeli-

293 2573 304 2588 ³
322 2571 375 2596 σαι.
388 2566 410 2596 ἐι
422 2569 481 2596 Mm.
501 2570 526 2594 in
543 2566 636 2594 m'odlco
648 2587 654 2599 ,
677 2568 703 2592 et
717 2568 742 2592 in
755 2568 861 2599 ina]u7s..,
883 2571 909 2592 et
925 2567 950 2591 in
967 2566 1053 2599 majus.
1106 2569 1183 2599 eatur.

264 2594 374 2636 Vungiu
385 2594 492 2636 minimo.
506 2604 532 2625 et
544 2594 694 2636 ἱξιληςιεὶοιίί..ε
708 2603 733 2636 et
745 2599 769 2623 in
781 2594 874 2636 majgri.
1004 2594 1013 2599 ’
1140 2597 1150 2612 ⁵
1168 2597 1221 2622 ϐαι.
1231 2600 1253 2623 et
1265 2599 1326 2622 Mm.
1339 2598 1511 2629 prudentiores
1520 2602 1577 2625 sunt
1585 2599 1641 2625 ﬁliis
1652 2599 1713 2625 lueis
1723 2601 1747 2625 in
1758 2601 1808 2626 vlt:
1817 2607 1873 2627 sua.

290 2638 301 2651 δ
312 2630 373 2660 "Gut.
384 2637 407 2659 et
420 2635 479 2658 Mm.
494 2632 556 2663 apud
566 2630 654 2656 Deum.
671 2630 742 2663 Vulg.
756 2635 814 2656 ante
824 2630 913 2656 Deum.

601 2691 747 2712 LSCTIONES
761 2691 868 2712 CODICIS
876 2690 1078 2712 \‘lNDEBONENSIS
1088 2691 1226 2710 ABEUNTES
1237 2691 1270 2710 ΑΒ
1283 2691 1406 2711 ΕΒΙΤΙΟΝΕ
1424 2691 1556 2713 VULGATA.

290 2737 327 2762 l2.
340 2737 397 2768 quis
419 2733 514 2760 credet.
541 2733 612 2758 Deest
635 2732 709 2757 vobis.
742 2732 782 2757 14.
806 2732 945 2757 Audiebant
969 2735 1053 2757 autem
1094 2732 1169 2758 .baec
1181 2732 1314 2759 Pharisaei.
1348 2733 1484 2765 Νάξιαιιο
1495 2734 1761 2767 regnum...orunesin
1772 2732 1841 2763 illum
1853 2738 1903 2763 vim

258 2770 357 2795 faciunt.

921 2801 1108 2836 BLANCHINI
1129 2807 1245 2838 NOTAE.

256 2862 336 2927 8772437
346 2858 466 2924 ﬁt?
476 2857 552 2920 (eteae
563 2855 626 2891 ﬂii)
641 2856 718 2884 deest
728 2856 808 2892 quid,
823 2855 852 2883 in
872 2854 934 2883 cod.
956 2860 1065 2891 quoque
1082 2855 1162 2885 Cant.
1175 2871 1212 2878 —-
1222 2857 1259 2894 (li)
1276 2858 1312 2886 Ita
1332 2863 1360 2887 et
1375 2864 1443 2889 text.
1460 2860 1506 2892 Gr.
1520 2866 1644 2898 κιμωᾱ.
1656 2863 1740 2898 -ηω
1752 2862 1835 2895 Mai;
1854 2864 1898 2898 ίιι,
