4054 6198
298 246 428 321 eis
1152 268 1155 271 ·
1429 262 1875 320 EVANGELIUM

2013 260 2285 322 cunmm
2325 256 2581 321 LUCAM.
3485 258 3614 327 ‘616

709 378 941 439 CODEX
982 380 1523 437 VERCELLENSIS.
2444 378 2677 435 CODEX
2715 377 3164 441 VERONENSIS.

300 474 649 543 gelizantur,
1154 491 1283 530 nera
1324 474 1458 544 ejus.
2022 476 2453 543 cvangeiizatnr,
2854 475 2945 529 22.
2992 477 3211 533 Factum
3244 492 3325 535 est

302 557 365 599 et
396 562 595 604 omnes
622 549 675 603 in
1152 546 1242 601 22.
1286 546 1508 601 Factum
1540 553 1625 599 est
1653 558 1749 599 au-
2022 556 2075 600 et
2101 547 2274 600 omnis
2857 562 3035 603 autem
3069 558 3128 603 ut

307 614 469 671 illum
504 620 656 673 festi-
1152 626 1259 674 tem
1291 626 1349 673 ut
1376 635 1495 672 mo-
2021 616 2074 671 in
2104 617 2225 671 illut
2250 618 2357 672 vim
2857 631 3161 676 moreretur

312 685 402 742 17.
450 701 599 745 nant.
636 690 867 746 Facilius
1154 701 1364 745 reretur
1394 705 1529 759 pau-
2020 688 2165 744 facit.
2857 691 3095 748 Lazarus
3123 709 3275 749 men-

308 769 395 813 est
436 772 620 817 autem
1156 779 1279 833 per,
1312 771 1367 817 et
1396 770 1580 832 portas
1952 816 1959 829 ν
2024 759 2109 814 17.
2154 760 2390 816 Facilius
2855 763 3038 830 dicus,
3068 774 3123 819 et

301 833 562 899 caelum,
591 841 645 890 et
1154 843 1304 889 retur
1332 836 1400 891 ab
1428 834 1533 889 Au-
2020 845 2103 887 est
2128 842 2306 887 autem
2857 845 3161 904 portaretur

305 914 520 959 terram
546 915 689 960 trauo
1154 908 1291 977 geiis
1318 908 1369 962 in
1397 908 1515 961 sinu
2020 906 2227 959 Caelum
2256 946 2270 969 ,
2856 907 2923 960 ab
2954 908 3174 977 Angelis

303 977 461 1041 sire,
494 992 655 1047 quam
1154 979 1424 1035 Abrahae.
2020 985 2075 1029 ct
2108 988 2303 1030 terram
2857 980 2908 1031 in
2940 980 3138 1034 sinum.
3186 1022 3200 1034 .
3244 1021 3257 1034 .
3304 1020 3317 1035 .
3364 1018 3381 1035 .
3424 1021 3437 1036 .
3482 1021 3500 1041 .

303 1048 381 1102 de
414 1048 534 1118 lege
564 1065 725 1105 unum
1156 1052 1399 1107 Mortuus
1425 1060 1508 1105 est
2022 1047 2315 1116 praeterire
2336 1088 2350 1111 ,
2855 1049 3096 1104 Mortuus
3124 1064 3203 1107 est

306 1120 526 1188 apicem
562 1136 661 1176 ει·
1155 1132 1333 1177 autem
1366 1130 1420 1176 et
1449 1120 1530 1176 dio
2019 1135 2180 1187 quam
2855 1130 3037 1176 autem
3063 1122 3243 1187 dives.

310 1191 537 1264 cedere.
780 1263 787 1264 γ
842 1260 873 1264 Γ
911 1224 918 1233 η
1155 1211 1250 1249 ves
1271 1235 1285 1255 ,
1312 1202 1366 1248 et
1396 1192 1578 1263 sepul-
2019 1190 2232 1264 delege
2258 1205 2421 1246 unum
2857 1192 2928 1264 (c)
2951 1204 3004 1248 et
3032 1196 3275 1264 sepultus

311 1262 408 1336 18.
445 1262 670 1336 Omnis,
703 1263 792 1336 qui
824 1260 907 1317 di-
1157 1275 1241 1319 tus
1270 1276 1353 1319 est
1381 1260 1511 1335 aput
2021 1262 2225 1336 apicem
2260 1277 2351 1317 ca-
2856 1260 2959 1319 est.
2989 1266 3054 1320 Et
3077 1260 3128 1320 in

312 1335 483 1389 mittit
513 1351 645 1389 uxo—
724 1334 736 1336 ⁷
1156 1336 1379 1391 inferos.
1420 1334 1425 1335 ⁷
2022 1334 2174 1388 dere.
2856 1336 2948 1391 25.
2991 1339 3200 1393 inferno
3222 1338 3341 1394 ele-

314 1422 433 1461 rem
467 1420 617 1480 suam
639 1450 654 1480 ,
1158 1409 1249 1463 23.
1294 1408 1361 1462 Et
1386 1407 1453 1463 de
1479 1407 1691 1463 inferno

1625 1420 1691 1462 no
2027 1404 2114 1480 i8.
2141 1405 2375 1480 Omnis,
2406 1404 2496 1475 qui
2856 1423 2989 1462 vans
3020 1410 3061 1480 -ξ-
3099 1425 3226 1464 οευ-

313 1488 369 1533 et
403 1478 558 1533 nubit
582 1479 683 1533 aii-
1158 1482 1377 1535 elevans
1408 1495 1537 1534 ocu-
2023 1476 2245 1530 dimittit
2274 1490 2403 1531 uxo-
2857 1480 2942 1534 los
2972 1476 3130 1549 suos,
3171 1494 3292 1537 cum

313 1565 403 1603 am
427 1590 441 1611 ,
468 1550 679 1605 adulte—
1159 1551 1240 1607 los
1264 1565 1422 1617 suos,
1455 1566 1578 1606 cum
2025 1564 2139 1602 rem
2168 1564 2317 1601 suam
2342 1590 2357 1612 ,
2858 1563 3002 1606 esset
3032 1554 3082 1606 in
3113 1562 3225 1607 tor-

316 1622 459 1675 rium
489 1620 618 1675 facit
645 1641 657 1676 :
1159 1631 1306 1677 esset
1336 1624 1387 1677 in
1430 1632 1542 1677 tor-
2027 1630 2081 1674 et
2118 1620 2265 1674 ducit
2302 1620 2381 1673 al-
2859 1626 3078 1689 mentis,
3104 1626 3182 1679 vi-

315 1703 371 1747 et
399 1693 517 1762 quit
540 1692 623 1747 di-
1158 1696 1389 1760 mentis,
1418 1694 1566 1749 videt
2028 1699 2228 1758 teram,
2263 1706 2411 1745 moe—
2859 1694 2939 1749 dit
2958 1696 3131 1750 Abra-

316 1765 542 1818 missam
570 1780 600 1818 a
631 1779 744 1818 ma-
912 1810 915 1813 λ
1158 1765 1432 1820 Abraham
2027 1762 2219 1817 chatur
2254 1783 2266 1817 :
2309 1772 2363 1817 et
2861 1766 2985 1820 ham
3014 1783 3042 1821 a
3077 1768 3193 1822 lon-

315 1838 427 1890 rito
455 1836 632 1902 ducit,
1158 1851 1190 1891 a
1223 1838 1414 1907 longe,
1447 1847 1500 1890 et
1525 1836 1625 1891 La.
2027 1833 2120 1903 qui
2149 1834 2424 1889 dimissam
2861 1854 2948 1908 ge,
2980 1849 3033 1893 et
3062 1840 3227 1893 Laza-

319 1920 620 1961 moecatur.
1160 1925 1344 1962 zarum
1377 1910 1430 1963 in
2026 1921 2056 1959 a
2086 1909 2201 1959 viro
2229 1908 2331 1960 du—
2864 1926 2982 1963 rum
3013 1912 3063 1964 in
3091 1912 3212 1966 sinu

321 1979 409 2033 i9.
452 1978 626 2055 Homo
649 1976 866 2049 quidam
1159 1980 1281 2055 sinu
1312 1980 1464 2055 ejus;
1618 2050 1629 2055 _
2025 1977 2129 2055 cit,
2158 1979 2491 2055 moechatur.
2863 1981 2981 2051 ejus
3005 1981 3084 2055 (ά)
3118 1998 3207 2037 re-

324 2058 439 2125 erat
466 2051 651 2125 dives,
1158 2050 1253 2104 24.
1292 2049 1352 2106 et
1374 2054 1485 2125 ipse
1515 2050 1693 2105 excla-
2030 2050 2117 2125 19.
2141 2049 2335 2125 liomo
2364 2058 2541 2104 autem
2861 2049 3229 2123 quiescentem
3255 2053 3297 2125 1-
3321 2070 3336 2107 :

324 2120 413 2190 qui
442 2122 713 2177 vestieba-
1160 2138 1343 2195 maris,
1376 2124 1545 2177 dixit:
2028 2121 2242 2195 quidam
2274 2132 2389 2175 erat
2861 2120 2951 2179 24.
2993 2134 3045 2179 et
3073 2127 3185 2195 ipse
3222 2120 3403 2181 eicis-

328 2202 411 2246 tur
437 2208 639 2262 purpu-
1159 2194 1318 2249 Pater
1347 2196 1512 2249 Abra-
2026 2191 2207 2257 dives,
2236 2196 2325 2262 qui
2862 2211 3047 2258 mans,
3077 2191 3211 2251 dixit
3238 2214 3252 2251 :

327 2279 438 2318 ram
458 2307 471 2329 ,
504 2274 561 2319 et
589 2266 716 2335 bys-
1160 2265 1316 2331 ham,
1352 2265 1516 2321 mise-
2027 2262 2349 2319 induebatur
2863 2268 3023 2321 Pater
3054 2268 3224 2322 Abra-

329 2350 444 2389 sum
469 2353 483 2400 ;
518 2347 573 2391 et
597 2352 691 2393 ae-
1160 2352 1284 2393 rere
1308 2338 1469 2403 mihi,
2028 2352 2357 2405 purpuram,
2866 2339 3018 2404 bam,
3048 2339 3215 2394 mise-

328 2408 669 2475 puiabantur'
1160 2418 1216 2463 et
1243 2410 1394 2464 mitte
1421 2409 1522 2463 La-
2027 2417 2081 2461 ct
2120 2409 2407 2475 aepulaba-
2863 2426 2985 2465 rere
3014 2416 3141 2474 mei,

329 2479 521 2533 cotidie
552 2480 735 2549 Spleu-
1161 2496 1374 2547 zarum,
1409 2492 1467 2536 ιιι
2030 2489 2114 2533 tur
2140 2482 2360 2533 cottidie
2862 2490 2919 2536 et
2944 2483 3098 2536 mitte
3122 2482 3229 2537 La-

331 2549 469 2623 diﬁde.
706 2622 709 2623 ν
754 2622 757 2623 ν
1012 2620 1021 2623 _
1161 2552 1389 2623 intingat
1409 2568 1502 2607 ex—
2026 2550 2338 2623 splendide.
2378 2621 2385 2623 _
2653 2618 2664 2623 _
2863 2568 3047 2607 zarum
3073 2594 3088 2619 ,
3120 2564 3179 2608 ut

331 2621 417 2675 20.
462 2623 671 2693 Pauper
692 2622 769 2694 (α)
793 2620 1035 2692 autem-j-
1161 2618 1395 2677 tremum

2024 2622 2115 2676 20.
2138 2623 2287 2694 gErat
2320 2621 2395 2694 (α)
2432 2628 2611 2675 autem
2638 2618 2680 2689 'l'
2858 2618 3089 2694 intingat
3117 2642 3210 2681 ex-

334 2694 577 2761 quidam,
611 2709 709 2750 no-
751 2693 756 2694 ⁷
1165 2695 1314 2764 digiti
1345 2697 1424 2749 sui
1456 2696 1509 2750 in
2025 2693 2241 2761 quidam
2274 2710 2424 2749 men-
2862 2693 3094 2751 tremum

336 2766 670 2839 mine_Laza-
1163 2781 1355 2839 aquam
1377 2809 1390 2831 ,
1418 2766 1487 2839 (e)
1511 2775 1564 2821 et
1594 2766 1634 2837 -ι-
2025 2766 2207 2839 uicus,
2245 2767 2463 2839 nomine
2861 2767 3013 2837 digiti
3042 2768 3126 2822 sui

334 2851 421 2909 rus
438 2879 452 2901 ,
472 2837 689 2906 jacebat
1166 2836 1450 2909 refrigeret
1472 2836 1475 2837 ⁷
1612 2836 1617 2837 ⁷
2024 2836 2261 2892 Lazarus
2276 2880 2290 2902 ,
2323 2837 2414 2908 qui
2860 2836 3135 2907 in’aquam
3152 2880 3169 2906 ,

338 2907 397 2982 ad
418 2910 641 2982 jauuum
1165 2907 1401 2981 linguam
2022 2909 2234 2982 jacebat
2262 2907 2354 2982 ad,
2862 2909 2934 2981 (c)
2964 2922 3015 2965 et
3046 2908 3087 2982 τ
3116 2925 3203 2967 τοι

337 2978 509 3053 divitis
543 2981 649 3034 illi-
1165 2978 1371 3048 meam;
1402 2998 1534 3053 quo—
2022 2980 2241 3049 jauuam
2272 2980 2388 3050 ejus
2408 3018 2423 3045 ,
2860 2978 3079 3053 frigeret
3100 2982 3202 3037 lino

338 3065 429 3126 us,
460 3051 663 3126 ulceri-
1164 3054 1309 3109 niam
1336 3051 1461 3109 crn-
2029 3053 2302 3126 ulceribus
2330 3054 2442 3126 pleg
2860 3051 3020 3126 guam
3052 3069 3262 3121 meam;

337 3120 429 3197 bus
457 3125 647 3193 plenus
670 3141 707 3197 ;7
1165 3126 1278 3197 cior
1312 3126 1367 3197 iu
1401 3127 1499 3181 hac
2027 3124 2116 3178 21.
2163 3139 2292 3197 uus,
2316 3120 2540 3194 cupiens
2862 3120 2984 3197 quia
3015 3127 3230 3180 crucior

336 3193 417 3246 2i.
459 3205 511 3249 et
536 3196 789 3264 cupiebat
1164 3196 1257 3251 25.
1298 3196 1533 3252 ﬂamma.
1565 3198 1650 3253 Di-

2029 3195 2263 3250 saturari
2289 3211 2355 3251 ex
2391 3193 2399 3194 ⁷
2865 3193 2917 3251 in
2949 3197 3047 3250 hac
3076 3197 3309 3253 ﬂamma.

336 3268 510 3320 Saliari
534 3266 607 3321 de
1168 3269 1242 3321 xit
1273 3280 1452 3324 autem
2029 3268 2109 3321 his
2136 3311 2148 3334 ,
2190 3283 2327 3337 quae
2355 3282 2443 3323 ca-
2859 3268 2951 3322 25.
2995 3269 3063 3322 Ει
3091 3269 3229 3323 dixit
3261 3268 3341 3326 illi

336 3337 515 3404 micis,
546 3352 685 3408 quae
1168 3339 1242 3393 illi
1274 3341 1545 3395 Abraham
1572 3358 1585 3393 :
2028 3340 2228 3394 debant
2257 3338 2325 3393 de
2860 3340 3133 3393 Abraham
3166 3358 3179 3392 :

334 3408 593 3480 cadebant
1167 3410 1300 3478 Fili,
1332 3428 1539 3468 memor
2028 3426 2213 3465 mensa
2246 3412 2324 3480 (b)
2349 3410 2433 3465 di-
2861 3410 2996 3475 Fili,
3032 3410 3285 3465 recorda-

335 3478 408 3563 de
431 3496 634 3563 mensa.
710 3554 721 3563 _
890 3555 903 3563 _
1165 3493 1282 3537 esto
1313 3555 1325 3563 _
2026 3483 2153 3537 vitis
2178 3481 2216 3551 ἦ-
2243 3478 2264 3535 τ’
2286 3478 2379 3535 Sed
2865 3498 2923 3537 re
2946 3481 3067 3563 quia
3092 3497 3177 3563 re-

340 3548 412 3621 (b)
438 3552 452 3581 ¹
486 3551 666 3608 divitis
693 3554 737 3625 -ι-
763 3571 775 3609 :
808 3555 904 3611 sed
932 3563 987 3611 et
1165 3555 1416 3624 quoniam
1446 3570 1599 3610 rece~
2029 3564 2083 3608 et
2113 3548 2274 3606 canes
2302 3568 2393 3607 ve-
2863 3548 3051 3622 cepisti
3094 3553 3159 3623 (f)
3188 3561 3242 3608 tu
3264 3554 3302 3624 -ξο

336 3635 493 3676 Canes
522 3625 674 3679 veni-
1170 3628 1291 3694 pisti
1327 3628 1465 3680 bona
2029 3625 2248 3679 niebant
2268 3665 2282 3689 ,
2313 3635 2367 3676 et
2866 3625 3008 3679 bona
3034 3627 3085 3677 iu
3117 3626 3195 3677 vi-

336 3704 517 3766 entes,
551 3696 683 3749 lam-
1168 3697 1221 3750 in
1259 3699 1365 3751 vita
1397 3708 1483 3751 tua
1504 3739 1519 3765 ,
2028 3696 2304 3766 lingebant
2331 3696 2413 3751 ul-
2870 3707 2927 3749 tu
2968 3703 3089 3761 tua,
3113 3708 3169 3749 et

334 3764 531 3820 bebant
556 3768 673 3821 vul-
1168 3776 1223 3823 et
1250 3769 1481 3825 Lazarus
2031 3764 2157 3822 cera
2187 3766 2323 3836 ejus.
2868 3768 3103 3822 Lazarus
3130 3766 3201 3823 si—

1651 3880 1883 3937 CODEX
1923 3879 2313 3937 BRIXIANUS.
2358 3900 2365 3907 ί

332 3978 609 4047 geJizatur.
665 3988 717 4033 et
779 3978 954 4032 omnis
1021 3978 1072 4031 in
1128 3978 1255 4031 illud
1311 3979 1419 4032 vim
1487 3977 1635 4031 facit.
1689 3977 1923 4031 Facilius
2026 3986 2081 4030 et
2112 3977 2389 4045 liugebant
2420 3977 2603 4031 ulcera
2632 3976 3033 4046 ejus.Factum
3062 3987 3146 4033 est
3174 3988 3354 4032 autem
3385 3989 3633 4034 utmore-

334 4046 415 4103 at
476 4060 652 4103 autem
722 4050 930 4103 cat-lum
987 4060 1041 4104 et
1108 4060 1303 4103 terram
1386 4051 1682 4119 praeterire
1765 4066 1923 4117 quam
2028 4059 2179 4102 retur
2232 4046 2532 4120 mendicus.
2572 4059 2627 4101 et
2674 4060 2979 4116 portaretur
3017 4051 3327 4120 abAngclis
3373 4052 3626 4105 iusiuum

336 4121 402 4174 de
433 4122 547 4189 lege
587 4136 750 4174 unum
791 4123 998 4185 apicem
1048 4121 1259 4194 cadere.
1318 4120 1506 4175 Omnis
1562 4122 1652 4191 qui
1706 4121 1927 4174 dimittit
2030 4121 2301 4174 Abrahae.
2336 4119 2579 4194 Mortuus
2600 4130 2683 4174 est
2714 4127 2892 4194 autem
2927 4132 2981 4176 et
3006 4122 3155 4176 dives
3186 4119 3258 4194 (7c)
3295 4132 3349 4176 et
3390 4125 3632 4192 sepultus

341 4206 555 4245 morem
588 4208 761 4247 suam.
812 4201 867 4245 et
914 4194 1071 4245 aliam
1103 4192 1253 4247 ducit
1282 4203 1579 4247 moecatur.
1613 4205 1667 4247 et
1718 4195 1805 4260 qui
1847 4194 1927 4245 di—
2032 4202 2135 4244 est.
2172 4194 2231 4245 Et
2281 4192 2493 4245 inferno
2521 4194 2738 4246 elevans
2772 4193 2811 4262 -ξο
2853 4194 3042 4247 oculos
3078 4192 3205 4249 suos
3247 4210 3367 4247 cum
3408 4196 3634 4248 essetin

341 4265 554 4316 missam
587 4280 614 4315 a
664 4265 780 4317 vim
814 4265 963 4318 ducit
1007 4275 1304 4319 uincentur.
1344 4266 1515 4319 liomo
1564 4264 1780 4333 quidam
1811 4275 1928 4317 erat
2034 4264 2319 4317 tormentis
2346 4264 2481 4316 vidit
2520 4263 2787 4316 Abraham
2819 4282 2846 4316 a
2880 4266 3035 4334 longe
3066 4276 3117 4318 et
3164 4266 3423 4319 Lazarum
3455 4265 3507 4319 iu
3554 4266 3629 4319 si-

340 4335 506 4389 dives.
538 4348 589 4390 et
615 4335 936 4390 induebatur
968 4352 1276 4405 purpuram.
1318 4345 1371 4389 et
1417 4337 1599 4402 bysso.
1632 4347 1685 4389 et
1712 4335 1927 4405 aepula-
2036 4350 2163 4388 num
2212 4335 2328 4403 ejus
2374 4344 2427 4388 et
2465 4336 2580 4402 ipse
2627 4336 2936 4389 exclamans
2966 4336 3101 4389 dixit
3149 4336 3307 4403 Pater
3358 4337 3627 4390 Abraham

344 4409 497 4461 batur
522 4408 739 4461 cottidie
772 4408 1070 4473 Splendide.
1118 4407 1391 4462 Meudicus
1419 4405 1492 4476 (α)
1535 4416 1711 4461 autem
1740 4406 1775 4477 ’ξ’
1807 4407 1923 4476 qtti-
2035 4406 2295 4459 miserere
2320 4408 2440 4459 mei.
2465 4418 2517 4459 et
2537 4408 2688 4477 mitte
2716 4405 2973 4459 Lazarum
2997 4418 3051 4458 ιιι
3079 4407 3345 4475 intinguat
3362 4422 3629 4461 summum

344 4477 460 4531 dant
487 4479 699 4533 nomine
727 4479 980 4534 Lazarus.
1014 4480 1103 4546 qui
1130 4480 1341 4547 jacebat
1367 4480 1433 4531 ad
1461 4478 1680 4546 jattuam
1714 4478 1827 4547 ejus
1853 4478 1929 4530 ui-
2035 4478 2297 4544 digitisui
2332 4479 2383 4529 in
2411 4491 2569 4545 aqua.
2596 4476 2673 4547 (η)
2715 4485 2769 4530 et
2798 4478 2839 4547 -ι-
2870 4477 3156 4546 refrigeret
3189 4478 3421 4547 linguam
3457 4490 3627 4533 meum

344 4548 554 4603 ceribus
580 4550 793 4618 plenus.
827 4551 1051 4619 cupiens
1078 4546 1309 4604 saturari
1334 4549 1401 4604 de
1426 4552 1578 4603 micis
1604 4546 1931 4619 quae’t-ade-
2037 4548 2157 4617 quia
2186 4548 2399 4604 crucior
2431 4550 2483 4600 in
2510 4546 2613 4601 hac
2630 4546 2863 4602 ﬂamma.
2883 4549 2946 4601 Et
2966 4548 3100 4602 dixit
3131 4546 3495 4605 illiAbraitaut
3533 4548 3633 4603 Fili

345 4620 468 4677 bant
497 4622 565 4675 de
596 4636 778 4677 mensa
805 4618 879 4693 (b)
904 4618 1089 4677 divitis
1119 4621 1179 4692 1-.
1216 4622 1311 4677 sed
1336 4631 1390 4676 et
1430 4637 1590 4676 canes
1620 4618 1927 4675 veniebant.
2035 4619 2344 4673 recordare.
2378 4620 2503 4690 quia
2540 4618 2788 4689 recepisti
2818 4620 2957 4675 bona
2986 4619 3040 4675 in
3068 4620 3175 4675 vita
3204 4632 3293 4675 tua
3323 4632 3376 4677 et
3402 4622 3634 4677 Lazarus

1625 4734 1861 4795 CODEX
1887 4736 2357 4795 CORBEIENSIS.

413 4837 501 4893 16.
541 4852 728 4894 omnes
756 4839 807 4893 in
838 4837 967 4893 illud
1001 4839 1106 4892 vim
1134 4837 1356 4893 faciunt.
2108 4831 2199 4886 22.
2245 4840 2301 4886 ut
2332 4841 2634 4888 moreretur
2660 4831 2899 4889 Lazarus
2925 4832 3224 4889 mendicus.

1547 4954 1635 5010 VA
1647 4951 1944 5009 BIANTES
1981 4948 2383 5005 LECTIONES.

410 5054 425 5083 ι
462 5051 565 5100 θαι.
592 5058 636 5100 et
659 5053 773 5102 Hm.
800 5051 961 5101 divitis
985 5066 995 5101 :
1016 5050 1102 5099 sed
1130 5056 1199 5101 et.
1236 5046 1379 5112 Vulg.
1404 5047 1591 5111 divitis,
1619 5054 1669 5096 et
1694 5054 1843 5095 nemo
1878 5043 1947 5092 illi
1966 5043 2111 5093 dabat
2144 5056 2154 5092 :
2179 5042 2266 5092 sed
2292 5049 2366 5092 et.

1025 5172 1312 5213 LECTIONES
1335 5172 1537 5214 CODICIS
1564 5170 1971 5212 VINDEBONENSIS
1991 5170 2266 5210 ABEUNTES
2296 5170 2362 5209 ΑΒ
2388 5167 2637 5208 EDITIONE
2660 5168 2925 5209 VULGATA.

416 5280 484 5329 18.
504 5278 744 5328 dimiserit
766 5288 973 5325 uxorem
996 5287 1150 5339 suam,
1168 5280 1219 5322 et
1238 5274 1437 5321 duxerit
1458 5272 1615 5321 aliam.
1685 5274 1763 5322 19.
1781 5271 1935 5321 Homo
2041 5277 2239 5339 roretur
2258 5266 2692 5339 Lazarus‘paupe‘r‘,
2723 5273 2773 5314 ct
2794 5272 3187 5339 portaretur.._...
3212 5276 3535 5339 morique?“
3557 5288 3641 5325 an.

356 5328 571 5393 autem...
617 5341 1015 5403 quitudueiatu;
1058 5328 1317 5397 purpuram
1340 5372 1353 5393 ,
1379 5344 1431 5385 et
1456 5339 1677 5403 byssum,
1707 5343 1753 5383 et
1781 5347 1937 5403 aepu-
2042 5340 2151 5403 tem_
2170 5336 2220 5378 et
2244 5330 2500 5403 divesnet
2516 5328 2758 5403 sepultus
2784 5336 2863 5379 est
2903 5340 3026 5403 aput.-
3061 5330 3272 5403 inforos._
3327 5332 3403 5403 2.1.
3433 5333 3645 5403 Elevans

356 5389 535 5454 iebatur
587 5389 807 5464 eam...
850 5402 929 5451 20.
967 5389 1164 5464 Pauper
1211 5389 1627 5464 autemhqufidem
1658 5389 1788 5464 erat.
1846 5389 1937 5446 "21.
2043 5392 2313 5464 oculos”...
2337 5392 2456 5440 vidit
2474 5389 3306 5464 Abraham_longe,_'etLazarumin
3331 5397 3489 5445 sinum
3517 5402 3640 5464 ejus,

357 5468 420 5520 Ex
445 5467 539 5529 his,
559 5479 704 5530 quae.
725 5462 921 5515 Ibidem
941 5454 1091 5521 deest;
1110 5470 1163 5513 et
1180 5475 1326 5512 nemo
1345 5460 1412 5510 illi
1428 5454 1591 5511 dabat.
1651 5460 1732 5509 22.
1759 5468 1811 5509 ut
1835 5472 1940 5508 ωο-
2108 5455 2186 5506 2i.
2208 5458 2449 5505 miserere
2467 5454 2605 5504 mihi.
2674 5456 2753 5506 25.
2778 5456 3010 5518 quoniam
3034 5456 3285 5519 recepisti.

1660 5563 2027 5622 BLANCHINI
2057 5562 2288 5621 NOTJE.

430 5668 496 5733 (α)
534 5666 715 5722 Addit.
760 5675 953 5729 autem,
999 5664 1159 5719 etiam
1216 5670 1322 5717 tex.
1369 5660 1462 5715 Gr.
1519 5660 1594 5717 δέ.
1624 5691 1693 5700 -
1725 5660 1796 5733 (b)
1839 5658 1964 5713 Post
1990 5658 2181 5733 divitis,
2214 5655 2444 5733 dcest_et
2473 5672 2620 5711 nemo
2650 5656 3181 5733 illi.dabat,_pa£iter
3223 5657 3273 5733 in
3306 5666 3414 5714 tex.
3448 5661 3539 5718 Gr.
3577 5696 3646 5709 -

364 5718 753 5809 (dimittat.
779 5718 872 5792 Gr.
902 5718 987 5809 god
1220 5738 1310 5809 sui
1335 5734 1392 5809 iis
1412 5743 1483 5809 τῷ
1504 5733 1601 5807 ᾄδῃ
1628 5718 1922 5809 excitae»
1942 5718 2220 5809 (d)_Atidit_
2242 5728 2653 5800 requieti-cutem,
2688 5726 2848 5784 etiam
2879 5718 2999 5783 cad".
3040 5718 3199 5784 Cani.
3242 5732 3642 5809 ἀναπαυόμενον.

366 5800 497 5883 Σ-έμ)
524 5807 603 5865 ita
644 5818 697 5866 et
736 5818 844 5865 tex.
895 5807 987 5864 Gr.
1031 5800 1133 5864 καί.
1184 5836 1249 5846 -—
1278 5804 1345 5876 (θ’)
1370 5800 1529 5861 Addit
1578 5800 1656 5872 tu,
1697 5800 1857 5859 etiam
1895 5812 2001 5857 tex.
2027 5800 2120 5856 Gr.
2160 5804 2247 5854 σύ.
