4054 6198
396 832 399 837 η
501 792 665 856 Iatur,
696 800 750 845 tu
777 806 872 847 au-
937 848 941 853 ,

502 291 606 348 617

895 410 1125 469 CODEX
1167 408 1705 467 VERCELLENSIS.

500 503 752 560 similiter
1333 505 1559 559 tentiam
1588 519 1646 558 a-

502 578 641 631 mala
680 594 693 631 :
1332 587 1481 645 gent.

504 664 646 703 nunc
673 656 849 703 autem
1334 649 1423 703 '51.
1469 648 1610 703 Dixit
1634 648 1827 705 iautem

500 718 594 776 hic
618 734 811 775 conso—
1335 721 1411 774 illi
1446 739 1457 773 :
1488 720 1544 775 Si
1574 720 1817 790 Moysen.

1334 801 1390 847 et
1414 790 1714 861 Prophetas

1336 879 1443 918 non
1474 862 1733 931 audiunt;

1336 951 1437 991 nec
1472 936 1515 989 si
1547 936 1668 1004 quis

1337 1022 1402 1062 ex
1443 1007 1672 1061 mortuis

1342 1078 1406 1133 ad
1434 1079 1555 1132 illos
1584 1078 1738 1144 ierit,

1337 1150 1584 1206 credent.

1506 1261 1731 1319 CAPUT
1770 1257 1933 1315 XVII.

1342 1361 1393 1414 1.
1442 1358 1583 1413 Dixit
1616 1355 1691 1430 (a)
1720 1366 1897 1412 autem
1929 1354 1967 1425 -ξο

1340 1431 1409 1486 ad
1431 1431 1723 1498 discipulos

1342 1518 1470 1559 suos
1501 1521 1513 1556 :
1554 1502 1758 1557 Diltici-

1341 1576 1393 1631 le
1420 1586 1528 1641 est,
1561 1586 1618 1629 ut
1648 1590 1754 1629 non

1342 1649 1561 1702 veniant
1591 1662 1747 1702 scan-

1341 1719 1462 1773 dala
1498 1737 1511 1773 :
1545 1734 1763 1773 verum-

1342 1799 1525 1845 tamen
1556 1793 1575 1821 ²
1606 1806 1706 1845 vae

1342 1863 1420 1918 illi
1441 1904 1455 1927 ,
1480 1878 1576 1932 per
1596 1876 1756 1931 quem

1342 1934 1397 1988 2.
1440 1929 1679 1990 veniunt.
1708 1932 1784 2004 (b)
1813 1929 1933 1987 Uti-

1344 2007 1451 2061 lius
1478 2016 1564 2061 est
1586 2017 1767 2059 autem

1342 2079 1419 2134 illi
1451 2093 1518 2133 ne
1545 2092 1735 2133 nasce-

1343 2163 1494 2207 retur
1512 2150 1572 2221 ᾧ,
1601 2158 1692 2204 aut

1342 2222 1480 2293 lapis
1504 2221 1723 2276 molaris

1344 2296 1611 2364 inpositus

1345 2367 1535 2421 fuisset
1560 2364 1701 2421 collo

1343 2439 1488 2494 illius
1506 2479 1520 2505 ,
1558 2447 1613 2492 et
1644 2450 1773 2507 pro-

1337 2510 1513 2581 jectns
1540 2518 1687 2564 esset

1342 2584 1396 2637 in
1428 2597 1667 2647 marem;

503 872 611 918 tem
634 864 843 918 crucia-

500 935 592 990 26.
636 935 729 989 ris.
766 934 834 991 Et
860 950 1021 1008 super

503 1008 754 1062 omnibus
775 1008 849 1062 is-

504 1079 573 1133 tis
608 1080 748 1133 inter
779 1094 877 1134 nos
898 1121 913 1145 ,

502 1159 558 1206 et
587 1166 683 1206 vos
711 1150 891 1208 hiatus

504 1230 684 1277 terrae
708 1238 857 1293 mag-

505 1308 608 1348 nus
637 1293 840 1348 confir-

506 1372 683 1419 matus
713 1375 827 1431 est;
861 1374 919 1422 ut.

506 1436 562 1491 bi
586 1478 601 1501 ,
632 1438 721 1507 qui
755 1440 904 1494 veni-

506 1518 605 1563 unt
629 1510 757 1575 hoc,
782 1518 932 1566 tran-

505 1581 615 1636 sire
646 1596 752 1635 non
790 1597 915 1652 pos-

506 1653 617 1707 sint
655 1652 721 1706 ad
753 1668 848 1709 vos
865 1696 881 1721 ,

508 1739 686 1795 neque
712 1724 839 1781 inde

507 1795 614 1851 hoc
645 1804 824 1853 trans-

508 1882 716 1923 meare.

508 1938 599 1993 27.
644 1938 787 1995 Dixit
812 1948 994 1997 autem

507 2011 588 2065 illi
628 2012 823 2084 :Rogo
861 2028 943 2069 er-

506 2097 576 2166 89
606 2086 868 2166 ιςΡειιεξτι

506 2163 569 2209 ut
590 2156 768 2211 mittas
796 2156 851 2211 in

508 2226 727 2282 domum
760 2227 860 2283 Pa-

506 2298 600 2354 28.
644 2299 741 2355 tris
768 2300 893 2355 mei.
928 2298 1035 2355 lla-

506 2370 612 2426 beo
642 2374 785 2425 enim

506 2441 749 2513 quinque
783 2443 889 2498 fra-

506 2522 620 2570 tres
636 2557 651 2579 ,
683 2525 742 2570 ut
766 2516 783 2547 ¹
816 2514 969 2571 testi-

507 2584 701 2642 ﬁcetur
738 2588 875 2655 illis,

507 2673 577 2731 ne
601 2669 655 2713 et
687 2657 789 2731 ipsi
814 2673 913 2715 ve-
1192 2724 1197 2731 ι
1342 2668 1503 2731 quam
1536 2664 1595 2707 ut
1623 2666 1783 2707 scan-

507 2728 663 2784 niant
695 2725 750 2784 i'n
780 2731 925 2785 hunc
1192 2725 1197 2741 '
1343 2725 1542 2780 dalizet
1570 2740 1735 2778 unum

507 2800 689 2857 locum
717 2816 845 2857 cru—
1343 2797 1411 2852 de
1440 2795 1652 2866 pusillis

509 2874 704 2929 ciatus.
1342 2867 1482 2923 istis.

1341 2940 1395 2994 3.
1439 2937 1716 2994 Attendite
1746 2950 1844 2991 vo-

1342 3011 1427 3066 bis
1452 3028 1464 3063 :
1491 3012 1534 3064 si
1558 3024 1818 3066 peccave-

1344 3083 1415 3138 rit
1441 3081 1512 3154 (c)
1544 3080 1776 3154 fraterifl-
1805 3088 1882 3134 tu-

1345 3169 1407 3209 us
1424 3196 1439 3219 ,
1472 3155 1685 3223 corripe
1715 3153 1784 3207 il-

1343 3226 1454 3280 lum
1485 3243 1497 3278 :
1539 3235 1593 3280 et
1621 3225 1666 3281 si
1700 3239 1825 3295 pae-

1343 3298 1624 3352 nitentiam

1342 3370 1547 3439 egerit,
1579 3368 1766 3423 remit-

1235 3438 1243 3446 ’
1342 3438 1399 3495 4.
1444 3451 1496 3497 te
1526 3441 1623 3495 illi.
1658 3439 1726 3495 Et
1752 3440 1798 3494 si
1828 3451 1944 3508 sep-

1344 3513 1485 3568 tiens
1516 3527 1709 3581 pecca-

1344 3584 1486 3639 verit
1515 3584 1566 3638 itt
1590 3584 1679 3639 die

1345 3656 1400 3711 in
1432 3666 1515 3725 te,
1545 3664 1602 3712 et
1638 3655 1805 3726 septi-

510 2944 600 3000 ‘29.
648 2944 789 3000 Dixit
819 2949 998 3000 autem
1028 2941 1096 2998 il-

509 3014 549 3070 li
578 3016 886 3071 Habraham
917 3033 933 3069 :

510 3086 721 3144 Habent
752 3087 904 3160 Moy-

512 3174 608 3215 sen
626 3200 642 3227 ,
674 3173 726 3213 et
758 3156 999 3230 Prophe-

512 3239 594 3286 tas
625 3249 639 3285 :
674 3229 897 3286 audiant

509 3302 600 3357 30.
643 3304 787 3358 iIIOs.
816 3301 919 3369 Qui
947 3300 1085 3357 dixit
1110 3316 1123 3353 :

508 3372 628 3429 Non
648 3416 661 3440 ,
686 3374 846 3429 Pater

509 3445 783 3502 Abraham
805 3464 819 3511 ;
851 3446 946 3501 sed
966 3485 983 3513 ,

510 3519 554 3572 si
579 3518 701 3589 quis
732 3534 794 3573 ex
821 3531 966 3573 mor-

511 3591 618 3645 tuis
643 3604 825 3646 surre-

510 3661 678 3731 xerit,
714 3661 901 3734 paeni-

1036 284 1312 348 EUSEBII
1348 285 1690 345 VERCELL.
1735 284 2183 345 EVANGELIUM
2212 284 2358 345 CUM
2396 285 2626 347 VARIIS
2653 286 2811 346 COD.
2844 287 3240 349 COLLATUM.

2201 504 2399 560 militer
2425 518 2539 558 ma-

3693 283 3807 342 618

2632 406 2866 465 CODEX
2904 404 3365 466 VERONENSIS.

3028 503 3278 559 suadebit
3308 500 3437 555 illis.

2198 578 2282 642 la;
2320 592 2461 632 nunc
3029 577 3120 631 51.
3160 576 3250 630 Ait
3280 581 3457 628 autem

2198 658 2376 703 autem
2411 650 2499 704 hic
3030 648 3106 703 illi
3134 666 3147 702 :
3178 648 3234 705 Si
3268 646 3419 716 Moy-

2197 722 2529 788 consolatur,
3030 734 3147 786 sen,
3179 729 3235 775 et
3266 717 3400 772 Pro-

2198 800 2253 845 tu
2285 808 2410 847 vero
2440 808 2563 849 cru—
3031 791 3223 861 phetas
3252 804 3358 844 non

2197 863 2288 916 26.
2330 866 2513 919 ciaris.
2543 864 2612 919 Et
3033 862 3295 928 audiunt;

2200 936 2254 988 in
2288 935 2369 989 his
2397 936 2576 991 omni-

2200 1005 2302 1061 bus
2330 1009 2474 1063 inter

2200 1092 2296 1133 vos
2311 1121 2324 1144 ,
2355 1087 2411 1133 et
2438 1096 2536 1137 nos

2201 1150 2377 1223 Chaos
2418 1166 2643 1223 magnus

2202 1222 2472 1277 stabilitas
2502 1222 2616 1291 est;

2203 1302 2263 1346 ut
2289 1293 2369 1357 hi,
2402 1297 2493 1365 qui

2203 1367 2425 1421 venient
2456 1369 2555 1423 hoc
2572 1409 2586 1432 ,

3034 949 3210 1005 neque
3234 934 3277 987 si
3307 932 3427 1005 quis

3035 1021 3102 1060 ex
3126 1004 3362 1061 inortuis

3035 1077 3102 1132 ad
3135 1076 3256 1131 illos
3287 1076 3436 1131 abie-

3037 1148 3168 1214 rint,
3193 1148 3433 1204 credent.

3203 1262 3430 1321 CAPUT
3468 1260 3632 1318 XVII.

3043 1359 3094 1414 ‘l.
3138 1358 3283 1414 Dixit
3310 1358 3387 1428 (a)
3417 1373 3510 1414 au-

2204 1438 2435 1493 transire
2463 1430 2581 1494 non
3042 1440 3149 1487 tem
3182 1430 3222 1501 -l-
3254 1430 3320 1486 ad
3341 1432 3421 1485 di-

2206 1510 2415 1579 possint
2435 1512 2500 1565 ad
3041 1504 3283 1579 scipulos
3304 1517 3429 1579 suos
3458 1520 3471 1556 :

2208 1573 2307 1652 vos
2323 1622 2337 1647 ,
2372 1598 2543 1652 neque
3041 1573 3378 1646 Impossibile

2206 1650 2334 1707 inde
2366 1650 2471 1708 huc
3043 1657 3145 1714 est,
3179 1656 3233 1701 ut
3262 1661 3368 1703 non

2207 1732 2562 1780 transmeare.
3041 1722 3261 1773 veniant
3284 1734 3439 1774 scan-

2206 1794 2298 1851 27.
2342 1797 2483 1851 Dixit
2514 1804 2699 1852 autem
2732 1813 2745 1847 :
3042 1790 3159 1845 dala
3187 1808 3199 1845 :
3233 1806 3447 1846 verum—

2208 1866 2360 1936 Rogo
2392 1884 2523 1939 ergo
3043 1872 3219 1917 tamen
3254 1878 3352 1917 vae
3382 1863 3483 1929 illi,

2206 1946 2259 1993 te
2290 1941 2470 2006 Pater,
2504 1950 2561 1995 ut
3044 1950 3141 2003 per
3169 1950 3328 2005 quem
3358 1950 3451 1990 ve-

2208 2011 2392 2066 mittas
2418 2013 2471 2066 in
3044 2007 3217 2061 nient.

2209 2081 2427 2137 domum
2451 2084 2552 2138 Pa-
3044 2078 3098 2150 2.
3142 2078 3219 2150 (b)
3253 2078 3447 2134 Utilius
3474 2085 3652 2134 autem

2212 2155 2309 2208 tris
2338 2157 2463 2209 mei.
3043 2147 3221 2204 fuerat
3244 2151 3320 2205 illi
3352 2166 3419 2206 ne

2208 2224 2300 2282 28.
2346 2227 2526 2281 Ilabeo
2556 2225 2700 2281 enim

2209 2298 2446 2368 quinque
2477 2297 2586 2352 fra-

2210 2380 2322 2424 tres
2336 2412 2351 2437 ,
2384 2380 2443 2424 ut

2211 2449 2439 2496 teatctnr
2469 2441 2611 2510 illis,

2207 2527 2277 2567 ne
2300 2524 2355 2567 et
2387 2513 2488 2582 ipsi

2205 2583 2429 2639 veniant
2459 2584 2514 2638 in

3044 2233 3361 2277 nasceretur
3388 2221 3449 2294 -ξ,

3043 2303 3137 2347 aut
3170 2294 3304 2355 lapis
3334 2309 3451 2349 mo-

3042 2363 3172 2420 laris
3206 2366 3513 2436 imponatur

3042 2437 3189 2493 circa
3218 2437 3417 2492 collum

3043 2507 3210 2573 illius,
3242 2517 3295 2563 et
3326 2509 3471 2579 proi-

3042 2580 3219 2635 ciatur
3251 2581 3302 2634 in
3336 2595 3451 2636 ma-

2205 2656 2385 2710 locum
2412 2656 2555 2711 hunc
3044 2666 3140 2717 re;
3179 2668 3340 2721 quam

2207 2736 2504 2783 tormento—
3045 2730 3109 2777 ut
3137 2723 3469 2779 scandalizet

2206 2815 2349 2855 rum.
3048 2810 3212 2849 unum
3242 2795 3311 2850 de
3341 2810 3438 2864 pu-

3045 2866 3184 2921 sillis
3211 2866 3350 2923 istis.

3044 2938 3097 2992 5.
3140 2938 3415 2993 Attendite
3453 2936 3611 2995 vobis
3644 2958 3656 2992 :

3044 3010 3091 3064 si
3119 3010 3434 3080 peccaverit

3045 3081 3120 3151 (c)
3152 3081 3315 3137 frater
3342 3082 3381 3153 οξ-

3046 3164 3171 3226 tuus
3197 3153 3415 3226 increpa

3045 3224 3193 3280 illtittt
3221 3244 3233 3280 :

3044 3306 3099 3367 et
3125 3298 3168 3350 si
3196 3297 3583 3367 paenitentiam

3045 3366 3318 3434 habuerit,
3344 3368 3529 3424 dimit-

3045 3440 3100 3494 4.
3146 3451 3198 3495 te
3229 3441 3327 3495 illi.
3352 3440 3422 3495 Et
3448 3440 3493 3495 si

3044 3514 3247 3581 septies
3281 3514 3330 3566 in
3362 3512 3453 3567 die

3044 3585 3351 3654 peccaverit
3374 3584 3428 3639 in

3047 3665 3123 3722 te,
3155 3664 3211 3711 et
3239 3655 3285 3711 si
3312 3655 3526 3727 septies

2207 2870 2301 2926 ‘29.
2346 2870 2411 2925 Et
2440 2872 2517 2925 ait
2542 2871 2611 2925 il-

2210 2943 2246 2995 li
2273 2943 2545 2997 Abraham
2581 2960 2594 2994 :

2209 3013 2420 3069 Habent
2447 3014 2598 3085 Moy-

2208 3098 2303 3140 sen
2325 3127 2338 3150 ,
2369 3096 2422 3139 et
2455 3086 2586 3140 Pro-

2208 3156 2399 3226 phetas
2421 3176 2431 3210 :
2467 3172 2567 3211 au-

2209 3228 2362 3282 diant
2402 3229 2544 3283 illos.

2210 3300 2300 3355 '50.
2344 3300 2425 3355 Ad
2460 3300 2551 3354 ille
2576 3297 2714 3353 dixit
2742 3315 2756 3351 :

2210 3371 2327 3427 Non
2347 3414 2359 3435 ,
2391 3372 2551 3426 Pater

2211 3442 2483 3498 Abraham
2517 3460 2530 3495 :
2564 3441 2659 3498 sed

2211 3516 2257 3569 si
2285 3515 2406 3585 quis
2432 3530 2497 3570 ex
2524 3530 2670 3570 mor-

2212 3588 2319 3641 tuis
2347 3601 2595 3642 resurre—

2212 3658 2373 3725 xerit,
2404 3674 2528 3729 per-

1828 3768 2061 3826 CODEX
2098 3770 2493 3829 BRIXIANUS.
2514 3798 2517 3801 -

510 3872 759 3930 similiter
806 3870 943 3926 mala
988 3883 1130 3925 nunc
1166 3875 1365 3922 autem.
1418 3864 1505 3921 hic
1554 3864 1863 3920 consolatttr
1885 3874 1940 3919 tu
1971 3882 2101 3921 vero

510 3945 785 4002 cruciaris.
847 3942 912 3997 Et
974 3942 1024 3996 in
1087 3942 1169 3994 his
1226 3937 1475 3993 omnibus
1544 3939 1685 3991 inter
1744 3951 1843 3989 nos
1895 3946 1949 3991 et
2007 3953 2103 3992 vos

508 4017 688 4073 Chaos
718 4030 967 4080 magnum
1004 4015 1272 4066 firmatum
1323 4020 1423 4063 est.
1458 4018 1513 4062 tit
1545 4009 1597 4061 hi
1630 4008 1720 4077 qui
1764 4008 1958 4080 volunt
1980 4011 2103 4064 hinc

509 4088 743 4143 transire
771 4079 835 4140 ad
882 4101 996 4139 vos.
1032 4100 1136 4137 non
1178 4083 1383 4152 possint
1413 4095 1585 4147 neque
1616 4080 1739 4132 inde
1768 4080 1869 4133 huc
1898 4079 1965 4133 atl
2007 4096 2105 4135 nos

510 4170 866 4215 transmeare.
893 4156 1034 4211 Dixit
1061 4164 1240 4209 autem
1266 4169 1395 4221 rogo
1426 4163 1476 4205 te
1503 4152 1661 4205 Pater
1691 4162 1747 4203 ut
1772 4154 1949 4205 mittas
1979 4168 2100 4206 eum

508 4233 563 4287 in
591 4231 808 4286 domntn
836 4230 1010 4283 Patris
1039 4228 1161 4280 tnei.
1192 4224 1323 4292 Quia
1358 4225 1530 4277 habeo
1558 4224 1793 4292 quinque
1825 4222 2019 4278 fratres
2049 4232 2106 4277 ut

510 4312 735 4357 testetur
752 4302 874 4356 illis.
892 4316 959 4355 ne
981 4310 1031 4353 et
1058 4300 1153 4368 ipsi
1176 4295 1467 4368 veniantiin
1494 4295 1669 4368 locum
1696 4295 1836 4347 hunc
1860 4307 2100 4368 tormen-

510 4382 708 4429 torum.
738 4375 803 4427 Et
835 4373 909 4426 ait
936 4372 1011 4425 illi
1040 4364 1331 4424 Abraham.
1370 4367 1577 4420 [labent
1614 4364 1831 4436 Moysen
1865 4374 1919 4419 et
1966 4367 2100 4420 Pro-

550 4449 701 4501 hetas
729 4444 949 4500 audiant
986 4444 1128 4498 illos.
1161 4440 1229 4495 At
1255 4441 1344 4494 ille
1370 4439 1526 4493 dixit.
1573 4436 1689 4491 Non
1740 4436 1898 4491 Pater
1929 4437 2102 4492 Abra-

550 4461 701 4501 uetas
729 4461 949 4500 audiant
986 4461 1128 4498 Illos.
1161 4461 1229 4495 At
1255 4461 1344 4494 Ille
1370 4461 1526 4493 uult.
1573 4461 1689 4491 utut
1740 4461 1898 4491 ratur
1929 4461 2102 4492 aura-

508 4461 657 4573 ﬁam.
692 4517 787 4573 sed
829 4517 873 4571 si
898 4514 1018 4587 quis
1046 4529 1112 4569 ex
1144 4513 1372 4568 mortuis
1405 4511 1527 4566 ierit
1549 4509 1616 4564 ad
1646 4510 1790 4564 illos.
1824 4512 2103 4579 paeniten-

2213 3868 2337 3920 tiam
2364 3874 2543 3937 agent.
2572 3866 2718 3921 Dixit
2747 3875 2923 3921 antem
2947 3865 3043 3919 illi.
3076 3865 3130 3921 Si
3160 3864 3400 3937 Moysen.
3429 3873 3485 3921 et
3507 3865 3795 3933 PrOplietas

2211 3955 2316 3993 non
2349 3936 2570 3993 audiunt
2593 3954 2767 4008 neque
2795 3940 2837 3993 si
2861 3938 2981 4008 quis
3009 3952 3073 3992 ex
3103 3936 3326 3991 mortuis
3361 3940 3659 3993 surrexerit
3683 3953 3795 3992 cre-

2210 4011 2362 4064 dttttt.
2392 4009 2536 4065 Dixit
2564 4008 2639 4081 (a)
2670 4018 2847 4065 autem
2880 4009 2921 4082 -ξ-
2950 4009 3085 4063 etad
3114 4010 3407 4078 discipulos
3431 4026 3579 4065 suus.
3616 4010 3795 4082 Inpos-

2212 4082 2369 4135 sibile
2398 4094 2503 4136 est.
2552 4093 2609 4135 ut
2648 4098 2752 4136 non
2788 4085 3007 4136 veniant
3038 4082 3307 4135 scandala.
3352 4097 3450 4136 vae
3498 4094 3676 4135 autem
3708 4081 3798 4134 ho-

2215 4154 2343 4206 mini
2378 4153 2472 4207 illi.
2508 4168 2605 4224 per
2644 4170 2803 4223 quem
2835 4152 3073 4208 veniunt.
3107 4151 3303 4207 Utilius
3337 4162 3417 4208 est
3446 4154 3544 4207 illi.
3582 4154 3623 4205 si
3672 4153 3795 4221 lapis

2212 4224 2434 4278 molaris
2460 4226 2750 4295 inponatur
2773 4226 2916 4280 circa
2943 4224 3143 4277 collum
3170 4226 3307 4291 ejus.
3352 4237 3405 4279 et
3429 4225 3717 4295 proiciatur
3748 4225 3794 4278 in

2211 4312 2381 4350 mare.
2435 4313 2595 4367 quam
2638 4306 2695 4351 ut
2737 4295 3066 4351 scandalizet
3109 4312 3271 4367 unum
3300 4295 3384 4367 de
3429 4296 3635 4365 pusillis
3666 4296 3790 4349 istis.

2210 4366 2500 4423 Adtendite
2531 4369 2705 4431 vobis.
2744 4368 2787 4422 si
2830 4368 3136 4438 peccaverit
3180 4366 3254 4437 (c)
3288 4366 3451 4421 frater
3476 4368 3515 4437 -ι-
3556 4378 3675 4421 tuns
3724 4369 3796 4420 in-

2210 4454 2373 4507 crepa
2403 4442 2573 4495 illum.
2608 4442 2725 4495 etsi
2761 4439 3143 4509 paenitentiam
3171 4442 3341 4509 egerit
3376 4440 3589 4494 dimitte
3614 4439 3708 4493 illi.
3732 4438 3792 4493 Et

2215 4512 2260 4565 si
2292 4512 2495 4580 septies
2518 4514 2569 4566 in
2595 4512 2683 4567 die
2706 4514 3008 4582 peccaverit
3032 4512 3086 4566 in
3116 4521 3169 4566 te
3194 4522 3248 4566 et
3274 4513 3474 4581 septies

1726 4635 1735 4642 '
1760 4625 1991 4682 CODEX
2027 4625 2499 4684 CORBEIENSIS.

579 4725 710 4783 CAP.
733 4723 898 4781 XVII.
926 4755 997 4767 —
1021 4725 1076 4779 2.
1114 4722 1308 4780 Utilius
1335 4729 1418 4777 est
1452 4728 1633 4777 autem
1672 4720 1772 4789 illi,
1814 4738 1882 4777 ne
1911 4736 2103 4778 nasce-

510 4808 679 4868 retur,
708 4807 800 4854 aut
834 4797 971 4869 lapis
1004 4796 1182 4852 molae
1208 4837 1221 4861 ,
1264 4804 1369 4850 etc.

2280 4722 2335 4777 ’5.
2368 4723 2389 4754 ³
2414 4723 2461 4777 si
2489 4724 2791 4797 peccaverit
2824 4721 2991 4779 frater
3012 4724 3059 4797 fl
3076 4732 3210 4797 tuus
3236 4723 3453 4797 increpa
3478 4723 3715 4780 illum....
3745 4732 3793 4779 et

2214 4794 2259 4848 si
2288 4796 2678 4866 poenitentiam
2710 4796 2977 4864 habuerit,
3008 4794 3265 4853 "dimitte
3286 4798 3381 4853 illi.

1752 4906 2149 4964 VARIANTES
2188 4906 2480 4964 LECTION
2491 4910 2592 4965 ES.

574 5008 591 5041 ι
628 5006 734 5059 Gal.
759 5011 806 5058 et
830 5008 947 5058 Mm.
995 5002 1306 5056 testificetur.
1339 4998 1486 5065 Vulg.
1513 5004 1745 5051 testetur.

570 5073 591 5101 ²
626 5072 744 5120 Mm.
768 5084 855 5120 vae
870 5070 1047 5119 homini
1074 5067 1162 5123 illi.
1185 5079 1275 5129 per
1301 5062 1455 5131 quem
1472 5066 1675 5113 veniunt
1692 5062 1932 5113 scandala.
1956 5062 2103 5131 Vulg.

508 5146 601 5185 vae
625 5141 791 5184 autem
815 5132 913 5195 illi,
938 5144 1027 5195 per
1049 5143 1199 5193 quem
1225 5129 1451 5181 veniunt.

2275 5000 2296 5032 ³
2330 5003 2388 5051 Et
2410 4998 2477 5050 ita
2502 5002 2609 5051 Gal.

2275 5062 2297 5093 ⁸
2331 5067 2453 5114 Mm.
2477 5066 2759 5116 dimittetur
2784 5065 2874 5116 illi.

1186 5252 1473 5293 LECTIONES
1502 5250 1705 5292 CODICIS
1728 5250 2142 5293 VINDEBONENSIS
2167 5252 2447 5293 ABEUNTES
2469 5254 2534 5293 AB
2565 5255 2813 5295 EDITIONE
2844 5255 3109 5297 VULGATA.

568 5357 646 5408 26.
666 5358 751 5424 qui
772 5355 980 5424 veniunt
1018 5354 1112 5403 hoc
1132 5391 1146 5415 ,
1172 5356 1514 5424 transireﬁnon
1556 5353 1739 5424 possint
1763 5353 1821 5401 ad
1848 5367 1978 5424 vos,
2010 5369 2101 5405 ne-

505 5434 604 5484 que
625 5416 735 5470 inde
772 5420 863 5484 hoc
888 5428 1208 5484 transmeare.
1274 5416 1742 5484 27;_Pater,’omisso
1786 5424 1873 5484 te._
1914 5417 1998 5484 _28.
2036 5431 2099 5466 ne

504 5478 598 5545 ipsi
623 5484 821 5534 veniant
846 5483 893 5530 in
918 5479 1075 5545 locum
1110 5481 1255 5545 hunc.
1323 5480 1403 5527 50.
1436 5478 1983 5545 _sttrretterit,suadebit
2007 5484 2096 5530 eis.

504 5541 582 5598 51.
615 5560 682 5597 ex
704 5548 904 5596 mortuis
926 5543 987 5594 ad
1007 5542 1116 5592 illos
1140 5542 1305 5602 ierint,
1330 5541 1537 5591 credent
1561 5542 1626 5590 ei.

2271 5354 2563 5429 Caram/II.
2587 5382 2647 5429 :-
2669 5358 3044 5429 l._‘I.mpossibile
3067 5369 3324 5429 estnon...
3346 5368 3687 5414 verumtamen
3710 5378 3787 5429 rae

2214 5456 2269 5488 _...
2290 5421 2519 5488 _venient.
2587 5421 2928 5488 2._utiliusiest
2950 5434 3114 5473 autem
3141 5424 3209 5475 illi
3234 5438 3297 5488 ne
3323 5435 3634 5488 nasceretur,
3656 5436 3730 5477 aut
3752 5428 3786 5477 si

2205 5480 2387 5553 lapis...
2407 5496 2558 5553 super
2569 5483 2778 5553 collum._
2831 5487 2879 5535 5.
2900 5488 2939 5534 si
2955 5489 3233 5553 peccaverit
3253 5487 3465 5553 frater...
3494 5499 3546 5539 et
3568 5492 3607 5537 si
3621 5480 3788 5553 'paeni-

2223 5550 2426 5597 tentiam
2445 5545 2689 5596 habuerit.
2754 5547 2805 5597 ι.
2830 5554 2881 5597 et
2903 5545 3092 5612 septies
3113 5562 3379 5601 conversus
3402 5550 3570 5615 fuerit,
3589 5545 3788 5617 dicens”

1824 5647 2186 5705 BLANCHINI
2218 5649 2448 5707 NOTAE.

579 5754 654 5824 (a)
683 5752 761 5829 Ita
789 5760 846 5810 et
888 5760 997 5829 tex.
1027 5750 1127 5829 Gr.
1156 5746 1242 5829 δέ...
1273 5775 1344 5789 --
1391 5746 1467 5829 (ρ)
1493 5744 1589 5829 Sic
1616 5744 1745 5818 legit
1785 5752 1841 5803 et
1869 5744 1949 5814 LS.
1980 5742 2234 5806 Clemens
2265 5765 2279 5803 ι
2312 5750 2461 5807 καλὸν
2485 5748 2544 5811 ἦν
2564 5751 2703 5825 αὐτῷ
2729 5754 2772 5809 εἰ
2797 5755 2886 5811 οὐκ
2913 5755 3165 5828 ἐγεννήθη.
3214 5783 3287 5797 -
3332 5755 3401 5829 (c)
3449 5756 3591 5814 Ante
3618 5759 3781 5829 frater,

508 5816 665 5884 deest
708 5825 763 5880 in
810 5834 878 5892 te,
925 5824 1089 5880 etiam
1116 5822 1168 5877 in
1203 5819 1358 5877 Vers.
1402 5816 1567 5875 Goth.
