  <div class='ocr_page' id='page_1' title='image "/cluster/home/n/w/nwhite01/storage/ocr_20150623/12/hvd.32044096580410/330.png"; bbox 0 0 4054 6198; ppageno 0'>
   <div class='ocr_carea' id='block_1_1' title="bbox 379 328 484 382">
    <p class='ocr_par' dir='ltr' id='par_1_1' title="bbox 379 328 484 382">
     <span class='ocr_line' id='line_1_1' title="bbox 379 328 484 382; baseline 0 0"><span class='ocrx_word' id='word_1_1' title='bbox 379 328 484 382; x_wconf 72' lang='lat'><strong>(519</strong></span> 
     </span>
    </p>
   </div>
   <div class='ocr_carea' id='block_1_2' title="bbox 763 448 1571 509">
    <p class='ocr_par' dir='ltr' id='par_1_2' title="bbox 763 448 1571 509">
     <span class='ocr_line' id='line_1_2' title="bbox 763 448 1571 509; baseline 0.005 -4"><span class='ocrx_word' id='word_1_2' title='bbox 763 448 989 506; x_wconf 85' lang='lat' dir='ltr'><strong>CODEX</strong></span> <span class='ocrx_word' id='word_1_3' title='bbox 1028 448 1571 509; x_wconf 66' lang='lat' dir='ltr'><strong>VERCEILENSIS.</strong></span> 
     </span>
    </p>
   </div>
   <div class='ocr_carea' id='block_1_3' title="bbox 1216 546 1699 601">
    <p class='ocr_par' dir='ltr' id='par_1_3' title="bbox 1216 546 1699 601">
     <span class='ocr_line' id='line_1_3' title="bbox 1216 546 1699 601; baseline 0.004 -2"><span class='ocrx_word' id='word_1_4' title='bbox 1216 546 1271 600; x_wconf 90' lang='lat'><strong>9.</strong></span> <span class='ocrx_word' id='word_1_5' title='bbox 1317 546 1501 601; x_wconf 90' lang='lat' dir='ltr'><strong>bibes?</strong></span> <span class='ocrx_word' id='word_1_6' title='bbox 1534 547 1699 601; x_wconf 88' lang='lat' dir='ltr'><strong>Num-</strong></span> 
     </span>
    </p>
   </div>
   <div class='ocr_carea' id='block_1_4' title="bbox 1214 618 1641 689">
    <p class='ocr_par' dir='ltr' id='par_1_4' title="bbox 1214 618 1641 689">
     <span class='ocr_line' id='line_1_4' title="bbox 1214 618 1641 689; baseline 0.009 -21"><span class='ocrx_word' id='word_1_7' title='bbox 1214 618 1343 687; x_wconf 87' lang='lat' dir='ltr'><strong>quid</strong></span> <span class='ocrx_word' id='word_1_8' title='bbox 1371 630 1493 689; x_wconf 89' lang='lat' dir='ltr'><strong>aget</strong></span> <span class='ocrx_word' id='word_1_9' title='bbox 1516 634 1641 689; x_wconf 89' lang='lat' dir='ltr'><strong>gra-</strong></span> 
     </span>
    </p>
   </div>
   <div class='ocr_carea' id='block_1_5' title="bbox 1217 690 1729 761">
    <p class='ocr_par' dir='ltr' id='par_1_5' title="bbox 1217 690 1729 761">
     <span class='ocr_line' id='line_1_5' title="bbox 1217 690 1729 761; baseline 0.002 -17"><span class='ocrx_word' id='word_1_10' title='bbox 1217 690 1315 744; x_wconf 89' lang='lat' dir='ltr'><strong>tias</strong></span> <span class='ocrx_word' id='word_1_11' title='bbox 1341 691 1411 761; x_wconf 78' lang='lat' dir='ltr'><strong>(f)</strong></span> <span class='ocrx_word' id='word_1_12' title='bbox 1440 706 1599 746; x_wconf 90' lang='lat' dir='ltr'><strong>servo</strong></span> <span class='ocrx_word' id='word_1_13' title='bbox 1624 690 1696 761; x_wconf 69' lang='lat'><strong>1-;</strong></span> <span class='ocrx_word' id='word_1_14' title='bbox 1724 692 1729 708; x_wconf 80' lang='lat'><strong><em>‘</em></strong></span> 
     </span>
    </p>
   </div>
   <div class='ocr_carea' id='block_1_6' title="bbox 1215 761 1572 832">
    <p class='ocr_par' dir='ltr' id='par_1_6' title="bbox 1215 761 1572 832">
     <span class='ocr_line' id='line_1_6' title="bbox 1215 761 1572 832; baseline 0.011 -17"><span class='ocrx_word' id='word_1_15' title='bbox 1215 764 1471 832; x_wconf 89' lang='lat' dir='ltr'><strong>quoniam</strong></span> <span class='ocrx_word' id='word_1_16' title='bbox 1496 761 1572 818; x_wconf 80' lang='lat' dir='ltr'><strong>fe-</strong></span> 
     </span>
    </p>
   </div>
   <div class='ocr_carea' id='block_1_7' title="bbox 1217 832 1779 905">
    <p class='ocr_par' dir='ltr' id='par_1_7' title="bbox 1217 832 1779 905">
     <span class='ocr_line' id='line_1_7' title="bbox 1217 832 1779 905; baseline 0.007 -18"><span class='ocrx_word' id='word_1_17' title='bbox 1217 836 1312 898; x_wconf 89' lang='lat' dir='ltr'><strong>cit,</strong></span> <span class='ocrx_word' id='word_1_18' title='bbox 1349 832 1426 905; x_wconf 85' lang='lat' dir='ltr'><strong>(g)</strong></span> <span class='ocrx_word' id='word_1_19' title='bbox 1460 848 1600 903; x_wconf 89' lang='lat' dir='ltr'><strong>quae</strong></span> <span class='ocrx_word' id='word_1_20' title='bbox 1621 849 1779 905; x_wconf 85' lang='lat' dir='ltr'><strong>prae-</strong></span> 
     </span>
    </p>
   </div>
   <div class='ocr_carea' id='block_1_8' title="bbox 386 899 1525 976">
    <p class='ocr_par' dir='ltr' id='par_1_8' title="bbox 386 899 1525 976">
     <span class='ocr_line' id='line_1_8' title="bbox 386 899 1525 976; baseline 0.007 -24"><span class='ocrx_word' id='word_1_21' title='bbox 386 899 434 976; x_wconf 84' lang='lat'><strong>5_.</strong></span> <span class='ocrx_word' id='word_1_22' title='bbox 477 899 543 954; x_wconf 85' lang='lat' dir='ltr'><strong>Et</strong></span> <span class='ocrx_word' id='word_1_23' title='bbox 562 899 821 976; x_wconf 69' lang='lat' dir='ltr'><strong>dixerunt</strong></span> <span class='ocrx_word' id='word_1_24' title='bbox 1215 899 1525 976; x_wconf 54' lang='lat' dir='ltr'><strong>eepta&#39;s&#39;nut</strong></span> 
     </span>
    </p>
   </div>
   <div class='ocr_carea' id='block_1_9' title="bbox 386 971 1709 1049">
    <p class='ocr_par' dir='ltr' id='par_1_9' title="bbox 386 971 1709 1049">
     <span class='ocr_line' id='line_1_9' title="bbox 386 971 1709 1049; baseline 0.007 -25"><span class='ocrx_word' id='word_1_25' title='bbox 386 971 888 1049; x_wconf 51' lang='lat' dir='ltr'><strong>destoIiDomino</strong></span> <span class='ocrx_word' id='word_1_26' title='bbox 918 991 934 1027; x_wconf 90' lang='lat'><strong>:</strong></span> <span class='ocrx_word' id='word_1_27' title='bbox 1217 971 1307 1032; x_wconf 54' lang='lat'><strong>10&#39;.</strong></span> <span class='ocrx_word' id='word_1_28' title='bbox 1349 977 1440 1032; x_wconf 81' lang='lat' dir='ltr'><strong>ei?</strong></span> <span class='ocrx_word' id='word_1_29' title='bbox 1469 976 1509 1049; x_wconf 78' lang='grc' dir='ltr'><strong>-ι-</strong></span> <span class='ocrx_word' id='word_1_30' title='bbox 1539 977 1631 1034; x_wconf 91' lang='lat' dir='ltr'><strong>Sic</strong></span> <span class='ocrx_word' id='word_1_31' title='bbox 1654 989 1709 1033; x_wconf 88' lang='lat' dir='ltr'><strong>et</strong></span> 
     </span>
    </p>
   </div>
   <div class='ocr_carea' id='block_1_10' title="bbox 386 1042 1785 1121">
    <p class='ocr_par' dir='ltr' id='par_1_10' title="bbox 386 1042 1785 1121">
     <span class='ocr_line' id='line_1_10' title="bbox 386 1042 1785 1121; baseline 0.008 -25"><span class='ocrx_word' id='word_1_32' title='bbox 386 1042 731 1121; x_wconf 44' lang='lat' dir='ltr'><strong>augentibis</strong></span> <span class='ocrx_word' id='word_1_33' title='bbox 787 1118 818 1121; x_wconf 88' lang='lat'>__</span> <span class='ocrx_word' id='word_1_34' title='bbox 1214 1064 1329 1113; x_wconf 83' lang='lat' dir='ltr'><strong>vos,</strong></span> <span class='ocrx_word' id='word_1_35' title='bbox 1364 1042 1495 1103; x_wconf 69' lang='lat' dir='ltr'><strong>cuni</strong></span> <span class='ocrx_word' id='word_1_36' title='bbox 1528 1050 1611 1121; x_wconf 77' lang='lat' dir='ltr'><strong>(Ii)</strong></span> <span class='ocrx_word' id='word_1_37' title='bbox 1642 1050 1785 1107; x_wconf 83' lang='lat' dir='ltr'><strong>fece-</strong></span> 
     </span>
    </p>
   </div>
   <div class='ocr_carea' id='block_1_11' title="bbox 386 1112 1637 1195">
    <p class='ocr_par' dir='ltr' id='par_1_11' title="bbox 386 1112 1637 1195">
     <span class='ocr_line' id='line_1_11' title="bbox 386 1112 1637 1195; baseline 0.008 -28"><span class='ocrx_word' id='word_1_38' title='bbox 386 1112 437 1195; x_wconf 62' lang='lat' dir='ltr'><strong>li.</strong></span> <span class='ocrx_word' id='word_1_39' title='bbox 480 1114 665 1195; x_wconf 71' lang='lat' dir='ltr'><strong>(idem.</strong></span> <span class='ocrx_word' id='word_1_40' title='bbox 699 1118 908 1195; x_wconf 78' lang='lat' dir='ltr'><strong>Quibus</strong></span> <span class='ocrx_word' id='word_1_41' title='bbox 1214 1112 1336 1176; x_wconf 88' lang='lat' dir='ltr'><strong>ritis</strong></span> <span class='ocrx_word' id='word_1_42' title='bbox 1360 1122 1419 1193; x_wconf 55' lang='lat'><strong>1-,</strong></span> <span class='ocrx_word' id='word_1_43' title='bbox 1448 1122 1468 1152; x_wconf 86' lang='grc'>²</span> <span class='ocrx_word' id='word_1_44' title='bbox 1496 1112 1637 1191; x_wconf 77' lang='lat' dir='ltr'><strong>quae</strong></span> 
     </span>
    </p>
   </div>
   <div class='ocr_carea' id='block_1_12' title="bbox 387 1186 1505 1262">
    <p class='ocr_par' dir='ltr' id='par_1_12' title="bbox 387 1186 1505 1262">
     <span class='ocr_line' id='line_1_12' title="bbox 387 1186 1505 1262; baseline 0.006 -23"><span class='ocrx_word' id='word_1_45' title='bbox 387 1186 469 1262; x_wconf 78' lang='lat' dir='ltr'><strong>ille</strong></span> <span class='ocrx_word' id='word_1_46' title='bbox 496 1186 674 1262; x_wconf 76' lang='lat' dir='ltr'><strong>d_i_xit_:</strong></span> <span class='ocrx_word' id='word_1_47' title='bbox 704 1190 761 1246; x_wconf 91' lang='lat' dir='ltr'><strong>Si</strong></span> <span class='ocrx_word' id='word_1_48' title='bbox 799 1191 897 1244; x_wconf 89' lang='lat' dir='ltr'><strong>ha-</strong></span> <span class='ocrx_word' id='word_1_49' title='bbox 1218 1186 1505 1262; x_wconf 81' lang='lat' dir='ltr'><strong>praecepta</strong></span> 
     </span>
    </p>
   </div>
   <div class='ocr_carea' id='block_1_13' title="bbox 385 1257 1766 1347">
    <p class='ocr_par' dir='ltr' id='par_1_13' title="bbox 385 1257 1766 1347">
     <span class='ocr_line' id='line_1_13' title="bbox 385 1257 1766 1347; baseline 0.006 -35"><span class='ocrx_word' id='word_1_50' title='bbox 385 1257 608 1347; x_wconf 66' lang='lat' dir='ltr'><strong>bueritis</strong></span> <span class='ocrx_word' id='word_1_51' title='bbox 632 1258 694 1313; x_wconf 87' lang='lat' dir='ltr'><strong>ﬁ-</strong></span> <span class='ocrx_word' id='word_1_52' title='bbox 1218 1257 1371 1347; x_wconf 50' lang='lat' dir='ltr'><strong>sunt,</strong></span> <span class='ocrx_word' id='word_1_53' title='bbox 1398 1257 1460 1347; x_wconf 70' lang='grc' dir='ltr'><strong>(ἰ)</strong></span> <span class='ocrx_word' id='word_1_54' title='bbox 1488 1266 1667 1347; x_wconf 75' lang='lat' dir='ltr'><strong>dicitis</strong></span> <span class='ocrx_word' id='word_1_55' title='bbox 1692 1266 1727 1337; x_wconf 65' lang='grc' dir='ltr'><strong>-ζε</strong></span> <span class='ocrx_word' id='word_1_56' title='bbox 1754 1285 1766 1319; x_wconf 86' lang='grc'><strong>;</strong></span> 
     </span>
    </p>
   </div>
   <div class='ocr_carea' id='block_1_14' title="bbox 388 1330 1566 1402">
    <p class='ocr_par' dir='ltr' id='par_1_14' title="bbox 388 1330 1566 1402">
     <span class='ocr_line' id='line_1_14' title="bbox 388 1330 1566 1402; baseline 0.007 -19"><span class='ocrx_word' id='word_1_57' title='bbox 388 1330 502 1385; x_wconf 91' lang='lat' dir='ltr'><strong>dem</strong></span> <span class='ocrx_word' id='word_1_58' title='bbox 520 1372 536 1393; x_wconf 83' lang='lat'><strong>,</strong></span> <span class='ocrx_word' id='word_1_59' title='bbox 569 1342 824 1402; x_wconf 87' lang='lat' dir='ltr'><strong>tauquam</strong></span> <span class='ocrx_word' id='word_1_60' title='bbox 1218 1336 1373 1391; x_wconf 84' lang='lat' dir='ltr'><strong>Servi</strong></span> <span class='ocrx_word' id='word_1_61' title='bbox 1404 1330 1566 1391; x_wconf 86' lang='lat' dir='ltr'><strong>inuti-</strong></span> 
     </span>
    </p>
   </div>
   <div class='ocr_carea' id='block_1_15' title="bbox 387 1406 1979 1479">
    <p class='ocr_par' dir='ltr' id='par_1_15' title="bbox 387 1406 1979 1479">
     <span class='ocr_line' id='line_1_15' title="bbox 387 1406 1979 1479; baseline 0.006 -23"><span class='ocrx_word' id='word_1_62' title='bbox 387 1406 714 1479; x_wconf 73' lang='lat' dir='ltr'><strong>grztiium_si—</strong></span> <span class='ocrx_word' id='word_1_63' title='bbox 750 1477 760 1479; x_wconf 94' lang='lat'><em>_</em></span> <span class='ocrx_word' id='word_1_64' title='bbox 1216 1408 1673 1479; x_wconf 88' lang='lat' dir='ltr'><strong>lessnmus:quod</strong></span> <span class='ocrx_word' id='word_1_65' title='bbox 1689 1408 1979 1465; x_wconf 87' lang='lat' dir='ltr'><strong>debuimus</strong></span> 
     </span>
    </p>
   </div>
   <div class='ocr_carea' id='block_1_16' title="bbox 387 1474 1583 1548">
    <p class='ocr_par' dir='ltr' id='par_1_16' title="bbox 387 1474 1583 1548">
     <span class='ocr_line' id='line_1_16' title="bbox 387 1474 1583 1548; baseline 0.006 -20"><span class='ocrx_word' id='word_1_66' title='bbox 387 1479 536 1544; x_wconf 89' lang='lat' dir='ltr'><strong>napis</strong></span> <span class='ocrx_word' id='word_1_67' title='bbox 554 1517 570 1539; x_wconf 86' lang='lat'><strong>.</strong></span> <span class='ocrx_word' id='word_1_68' title='bbox 599 1474 795 1533; x_wconf 89' lang='lat' dir='ltr'><strong>dicetis</strong></span> <span class='ocrx_word' id='word_1_69' title='bbox 1216 1479 1398 1536; x_wconf 80' lang='lat' dir='ltr'><strong>facere</strong></span> <span class='ocrx_word' id='word_1_70' title='bbox 1414 1523 1430 1548; x_wconf 92' lang='lat'><strong>,</strong></span> <span class='ocrx_word' id='word_1_71' title='bbox 1459 1474 1583 1536; x_wconf 80' lang='lat' dir='ltr'><strong>ieci-</strong></span> 
     </span>
    </p>
   </div>
   <div class='ocr_carea' id='block_1_17' title="bbox 386 1548 1361 1607">
    <p class='ocr_par' dir='ltr' id='par_1_17' title="bbox 386 1548 1361 1607">
     <span class='ocr_line' id='line_1_17' title="bbox 386 1548 1361 1607; baseline 0.009 -9"><span class='ocrx_word' id='word_1_72' title='bbox 386 1562 536 1601; x_wconf 90' lang='lat' dir='ltr'><strong>tuuro</strong></span> <span class='ocrx_word' id='word_1_73' title='bbox 565 1548 691 1603; x_wconf 85' lang='lat' dir='ltr'><strong>huic</strong></span> <span class='ocrx_word' id='word_1_74' title='bbox 722 1566 736 1603; x_wconf 91' lang='lat'><strong>:</strong></span> <span class='ocrx_word' id='word_1_75' title='bbox 1219 1567 1361 1607; x_wconf 91' lang='lat' dir='ltr'><strong>mus.</strong></span> 
     </span>
    </p>
   </div>
   <div class='ocr_carea' id='block_1_18' title="bbox 388 1617 706 1685">
    <p class='ocr_par' dir='ltr' id='par_1_18' title="bbox 388 1617 706 1685">
     <span class='ocr_line' id='line_1_18' title="bbox 388 1617 706 1685; baseline 0.009 -12"><span class='ocrx_word' id='word_1_76' title='bbox 388 1617 610 1674; x_wconf 86' lang='lat' dir='ltr'><strong>Eradica</strong></span> <span class='ocrx_word' id='word_1_77' title='bbox 619 1635 676 1675; x_wconf 91' lang='lat' dir='ltr'><strong>re</strong></span> <span class='ocrx_word' id='word_1_78' title='bbox 691 1662 706 1685; x_wconf 94' lang='lat'><strong>,</strong></span> 
     </span>
    </p>
   </div>
   <div class='ocr_carea' id='block_1_19' title="bbox 386 1691 714 1760">
    <p class='ocr_par' dir='ltr' id='par_1_19' title="bbox 386 1691 714 1760">
     <span class='ocr_line' id='line_1_19' title="bbox 386 1691 714 1760; baseline 0.012 -16"><span class='ocrx_word' id='word_1_79' title='bbox 386 1699 437 1744; x_wconf 93' lang='lat' dir='ltr'><strong>et</strong></span> <span class='ocrx_word' id='word_1_80' title='bbox 466 1691 714 1760; x_wconf 88' lang='lat' dir='ltr'><strong>plantare</strong></span> 
     </span>
    </p>
   </div>
   <div class='ocr_carea' id='block_1_20' title="bbox 377 553 699 596">
    <p class='ocr_par' dir='ltr' id='par_1_20' title="bbox 377 553 699 596">
     <span class='ocr_line' id='line_1_20' title="bbox 377 553 699 596; baseline 0.003 -1"><span class='ocrx_word' id='word_1_81' title='bbox 377 554 439 595; x_wconf 63' lang='lat'><strong>.5</strong></span> <span class='ocrx_word' id='word_1_82' title='bbox 461 553 699 596; x_wconf 82' lang='lat' dir='ltr'><strong>conver-</strong></span> 
     </span>
    </p>
   </div>
   <div class='ocr_carea' id='block_1_21' title="bbox 376 611 740 668">
    <p class='ocr_par' dir='ltr' id='par_1_21' title="bbox 376 611 740 668">
     <span class='ocr_line' id='line_1_21' title="bbox 376 611 740 668; baseline 0.008 -3"><span class='ocrx_word' id='word_1_83' title='bbox 376 625 469 667; x_wconf 83' lang='lat' dir='ltr'><strong>sus</strong></span> <span class='ocrx_word' id='word_1_84' title='bbox 490 611 658 667; x_wconf 80' lang='lat' dir='ltr'><strong>fuerit</strong></span> <span class='ocrx_word' id='word_1_85' title='bbox 684 622 740 668; x_wconf 88' lang='lat' dir='ltr'><strong>at</strong></span> 
     </span>
    </p>
   </div>
   <div class='ocr_carea' id='block_1_22' title="bbox 384 684 870 758">
    <p class='ocr_par' dir='ltr' id='par_1_22' title="bbox 384 684 870 758">
     <span class='ocr_line' id='line_1_22' title="bbox 384 684 870 758; baseline 0.008 -21"><span class='ocrx_word' id='word_1_86' title='bbox 384 692 433 738; x_wconf 90' lang='lat' dir='ltr'><strong>te</strong></span> <span class='ocrx_word' id='word_1_87' title='bbox 446 728 459 749; x_wconf 92' lang='lat'><strong>,</strong></span> <span class='ocrx_word' id='word_1_88' title='bbox 492 684 686 758; x_wconf 83' lang='lat' dir='ltr'><strong>dicens</strong></span> <span class='ocrx_word' id='word_1_89' title='bbox 711 704 724 739; x_wconf 91' lang='lat'><strong>:</strong></span> <span class='ocrx_word' id='word_1_90' title='bbox 755 687 870 758; x_wconf 81' lang='lat' dir='ltr'><strong>Ago</strong></span> 
     </span>
    </p>
   </div>
   <div class='ocr_carea' id='block_1_23' title="bbox 387 755 806 822">
    <p class='ocr_par' dir='ltr' id='par_1_23' title="bbox 387 755 806 822">
     <span class='ocr_line' id='line_1_23' title="bbox 387 755 806 822; baseline 0.017 -17"><span class='ocrx_word' id='word_1_91' title='bbox 387 755 764 822; x_wconf 76' lang='lat' dir='ltr'><strong>paenitentiam</strong></span> <span class='ocrx_word' id='word_1_92' title='bbox 792 776 806 812; x_wconf 89' lang='lat'><strong>:</strong></span> 
     </span>
    </p>
   </div>
   <div class='ocr_carea' id='block_1_24' title="bbox 387 829 725 883">
    <p class='ocr_par' dir='ltr' id='par_1_24' title="bbox 387 829 725 883">
     <span class='ocr_line' id='line_1_24' title="bbox 387 829 725 883; baseline 0 -1"><span class='ocrx_word' id='word_1_93' title='bbox 387 830 595 883; x_wconf 85' lang='lat' dir='ltr'><strong>remitte</strong></span> <span class='ocrx_word' id='word_1_94' title='bbox 627 829 725 883; x_wconf 88' lang='lat' dir='ltr'><strong>illi.</strong></span> 
     </span>
    </p>
   </div>
   <div class='ocr_carea' id='block_1_25' title="bbox 1221 1623 1767 1681">
    <p class='ocr_par' dir='ltr' id='par_1_25' title="bbox 1221 1623 1767 1681">
     <span class='ocr_line' id='line_1_25' title="bbox 1221 1623 1767 1681; baseline 0.005 -3"><span class='ocrx_word' id='word_1_95' title='bbox 1221 1624 1309 1678; x_wconf 90' lang='lat'><strong>11.</strong></span> <span class='ocrx_word' id='word_1_96' title='bbox 1354 1623 1423 1678; x_wconf 87' lang='lat' dir='ltr'><strong>Et</strong></span> <span class='ocrx_word' id='word_1_97' title='bbox 1452 1624 1651 1681; x_wconf 77' lang='lat' dir='ltr'><strong>factum</strong></span> <span class='ocrx_word' id='word_1_98' title='bbox 1682 1634 1767 1681; x_wconf 91' lang='lat' dir='ltr'><strong>est</strong></span> 
     </span>
    </p>
   </div>
   <div class='ocr_carea' id='block_1_26' title="bbox 1220 1694 1560 1751">
    <p class='ocr_par' dir='ltr' id='par_1_26' title="bbox 1220 1694 1560 1751">
     <span class='ocr_line' id='line_1_26' title="bbox 1220 1694 1560 1751; baseline 0.009 -3"><span class='ocrx_word' id='word_1_99' title='bbox 1220 1694 1346 1749; x_wconf 90' lang='lat' dir='ltr'><strong>dum</strong></span> <span class='ocrx_word' id='word_1_100' title='bbox 1375 1696 1479 1751; x_wconf 90' lang='lat' dir='ltr'><strong>iret</strong></span> <span class='ocrx_word' id='word_1_101' title='bbox 1507 1697 1560 1751; x_wconf 93' lang='lat' dir='ltr'><strong>in</strong></span> 
     </span>
    </p>
   </div>
   <div class='ocr_carea' id='block_1_27' title="bbox 386 1759 1586 1836">
    <p class='ocr_par' dir='ltr' id='par_1_27' title="bbox 386 1759 1586 1836">
     <span class='ocr_line' id='line_1_27' title="bbox 386 1759 1586 1836; baseline 0.006 -20"><span class='ocrx_word' id='word_1_102' title='bbox 386 1762 437 1836; x_wconf 90' lang='lat' dir='ltr'><strong>in</strong></span> <span class='ocrx_word' id='word_1_103' title='bbox 470 1759 659 1836; x_wconf 83' lang='lat' dir='ltr'><strong>mare:</strong></span> <span class='ocrx_word' id='word_1_104' title='bbox 693 1759 769 1836; x_wconf 84' lang='lat' dir='ltr'><strong>(b)</strong></span> <span class='ocrx_word' id='word_1_105' title='bbox 798 1771 855 1820; x_wconf 91' lang='lat' dir='ltr'><strong>et</strong></span> <span class='ocrx_word' id='word_1_106' title='bbox 1220 1766 1586 1831; x_wconf 82' lang='lat' dir='ltr'><strong>Hierusalem,</strong></span> 
     </span>
    </p>
   </div>
   <div class='ocr_carea' id='block_1_28' title="bbox 386 1834 1603 1908">
    <p class='ocr_par' dir='ltr' id='par_1_28' title="bbox 386 1834 1603 1908">
     <span class='ocr_line' id='line_1_28' title="bbox 386 1834 1603 1908; baseline 0.007 -21"><span class='ocrx_word' id='word_1_107' title='bbox 386 1834 710 1908; x_wconf 79' lang='lat' dir='ltr'><strong>obaudisset</strong></span> <span class='ocrx_word' id='word_1_108' title='bbox 1219 1847 1273 1893; x_wconf 91' lang='lat' dir='ltr'><strong>et</strong></span> <span class='ocrx_word' id='word_1_109' title='bbox 1300 1840 1415 1908; x_wconf 90' lang='lat' dir='ltr'><strong>ipse</strong></span> <span class='ocrx_word' id='word_1_110' title='bbox 1451 1850 1603 1895; x_wconf 87' lang='lat' dir='ltr'><strong>trau-</strong></span> 
     </span>
    </p>
   </div>
   <div class='ocr_carea' id='block_1_29' title="bbox 387 1906 1512 1981">
    <p class='ocr_par' dir='ltr' id='par_1_29' title="bbox 387 1906 1512 1981">
     <span class='ocr_line' id='line_1_29' title="bbox 387 1906 1512 1981; baseline 0.005 -21"><span class='ocrx_word' id='word_1_111' title='bbox 387 1906 579 1981; x_wconf 51' lang='lat' dir='ltr'><strong>Iobis.</strong></span> <span class='ocrx_word' id='word_1_112' title='bbox 1218 1906 1387 1965; x_wconf 84' lang='lat' dir='ltr'><strong>siebat</strong></span> <span class='ocrx_word' id='word_1_113' title='bbox 1415 1926 1512 1981; x_wconf 81' lang='lat' dir='ltr'><strong>per</strong></span> 
     </span>
    </p>
   </div>
   <div class='ocr_carea' id='block_1_30' title="bbox 387 1976 1581 2047">
    <p class='ocr_par' dir='ltr' id='par_1_30' title="bbox 387 1976 1581 2047">
     <span class='ocr_line' id='line_1_30' title="bbox 387 1976 1581 2047; baseline 0.006 -16"><span class='ocrx_word' id='word_1_114' title='bbox 387 1976 435 2031; x_wconf 86' lang='lat'><strong>7.</strong></span> <span class='ocrx_word' id='word_1_115' title='bbox 476 1978 613 2047; x_wconf 85' lang='lat' dir='ltr'><strong>Quis</strong></span> <span class='ocrx_word' id='word_1_116' title='bbox 640 1988 823 2036; x_wconf 90' lang='lat' dir='ltr'><strong>autem</strong></span> <span class='ocrx_word' id='word_1_117' title='bbox 856 1994 977 2036; x_wconf 90' lang='lat' dir='ltr'><strong>ves-</strong></span> <span class='ocrx_word' id='word_1_118' title='bbox 1217 1976 1449 2037; x_wconf 83' lang='lat' dir='ltr'><strong>mediam</strong></span> <span class='ocrx_word' id='word_1_119' title='bbox 1479 1984 1581 2038; x_wconf 88' lang='lat' dir='ltr'><strong>Sa-</strong></span> 
     </span>
    </p>
   </div>
   <div class='ocr_carea' id='block_1_31' title="bbox 392 2051 785 2111">
    <p class='ocr_par' dir='ltr' id='par_1_31' title="bbox 392 2051 785 2111">
     <span class='ocr_line' id='line_1_31' title="bbox 392 2051 785 2111; baseline 0.008 -7"><span class='ocrx_word' id='word_1_120' title='bbox 392 2059 545 2111; x_wconf 81' lang='lat' dir='ltr'><strong>trum,</strong></span> <span class='ocrx_word' id='word_1_121' title='bbox 582 2051 785 2107; x_wconf 82' lang='lat' dir='ltr'><strong>habens</strong></span> 
     </span>
    </p>
   </div>
   <div class='ocr_carea' id='block_1_32' title="bbox 391 2136 795 2177">
    <p class='ocr_par' dir='ltr' id='par_1_32' title="bbox 391 2136 795 2177">
     <span class='ocr_line' id='line_1_32' title="bbox 391 2136 795 2177; baseline 0.002 0"><span class='ocrx_word' id='word_1_122' title='bbox 391 2136 599 2177; x_wconf 85' lang='lat' dir='ltr'><strong>servum</strong></span> <span class='ocrx_word' id='word_1_123' title='bbox 627 2138 795 2177; x_wconf 87' lang='lat' dir='ltr'><strong>aran-</strong></span> 
     </span>
    </p>
   </div>
   <div class='ocr_carea' id='block_1_33' title="bbox 392 2201 783 2261">
    <p class='ocr_par' dir='ltr' id='par_1_33' title="bbox 392 2201 783 2261">
     <span class='ocr_line' id='line_1_33' title="bbox 392 2201 783 2261; baseline 0.008 -14"><span class='ocrx_word' id='word_1_124' title='bbox 392 2201 514 2259; x_wconf 87' lang='lat' dir='ltr'><strong>tem,</strong></span> <span class='ocrx_word' id='word_1_125' title='bbox 541 2203 637 2248; x_wconf 88' lang='lat' dir='ltr'><strong>aut</strong></span> <span class='ocrx_word' id='word_1_126' title='bbox 671 2210 783 2261; x_wconf 80' lang='lat' dir='ltr'><strong>pas-</strong></span> 
     </span>
    </p>
   </div>
   <div class='ocr_carea' id='block_1_34' title="bbox 392 2264 961 2339">
    <p class='ocr_par' dir='ltr' id='par_1_34' title="bbox 392 2264 961 2339">
     <span class='ocr_line' id='line_1_34' title="bbox 392 2264 961 2339; baseline 0.007 -20"><span class='ocrx_word' id='word_1_127' title='bbox 392 2279 599 2339; x_wconf 81' lang='lat' dir='ltr'><strong>centem</strong></span> <span class='ocrx_word' id='word_1_128' title='bbox 628 2264 704 2339; x_wconf 86' lang='lat' dir='ltr'><strong>(c)</strong></span> <span class='ocrx_word' id='word_1_129' title='bbox 740 2281 874 2323; x_wconf 89' lang='lat' dir='ltr'><strong>oves</strong></span> <span class='ocrx_word' id='word_1_130' title='bbox 902 2266 961 2337; x_wconf 68' lang='lat' dir='ltr'><strong>-&#39;r,</strong></span> 
     </span>
    </p>
   </div>
   <div class='ocr_carea' id='block_1_35' title="bbox 395 2335 794 2407">
    <p class='ocr_par' dir='ltr' id='par_1_35' title="bbox 395 2335 794 2407">
     <span class='ocr_line' id='line_1_35' title="bbox 395 2335 794 2407; baseline 0.015 -19"><span class='ocrx_word' id='word_1_131' title='bbox 395 2335 408 2367; x_wconf 85' lang='grc'>¹</span> <span class='ocrx_word' id='word_1_132' title='bbox 432 2339 540 2407; x_wconf 88' lang='lat' dir='ltr'><strong>qui,</strong></span> <span class='ocrx_word' id='word_1_133' title='bbox 575 2335 794 2406; x_wconf 68' lang='lat' dir='ltr'><strong>regres-</strong></span> 
     </span>
    </p>
   </div>
   <div class='ocr_carea' id='block_1_36' title="bbox 390 2411 809 2481">
    <p class='ocr_par' dir='ltr' id='par_1_36' title="bbox 390 2411 809 2481">
     <span class='ocr_line' id='line_1_36' title="bbox 390 2411 809 2481; baseline 0.002 -18"><span class='ocrx_word' id='word_1_134' title='bbox 390 2423 447 2463; x_wconf 85' lang='lat' dir='ltr'><strong>so</strong></span> <span class='ocrx_word' id='word_1_135' title='bbox 473 2424 540 2465; x_wconf 91' lang='lat' dir='ltr'><strong>eo</strong></span> <span class='ocrx_word' id='word_1_136' title='bbox 570 2411 637 2463; x_wconf 78' lang='lat' dir='ltr'><strong>de.</strong></span> <span class='ocrx_word' id='word_1_137' title='bbox 658 2425 809 2481; x_wconf 87' lang='lat' dir='ltr'><strong>agro,</strong></span> 
     </span>
    </p>
   </div>
   <div class='ocr_carea' id='block_1_37' title="bbox 1215 2054 1685 2120">
    <p class='ocr_par' dir='ltr' id='par_1_37' title="bbox 1215 2054 1685 2120">
     <span class='ocr_line' id='line_1_37' title="bbox 1215 2054 1685 2120; baseline 0.002 -13"><span class='ocrx_word' id='word_1_138' title='bbox 1215 2056 1465 2120; x_wconf 77' lang='lat' dir='ltr'><strong>marium,</strong></span> <span class='ocrx_word' id='word_1_139' title='bbox 1500 2065 1554 2109; x_wconf 91' lang='lat' dir='ltr'><strong>et</strong></span> <span class='ocrx_word' id='word_1_140' title='bbox 1582 2054 1685 2110; x_wconf 88' lang='lat' dir='ltr'><strong>Ca—</strong></span> 
     </span>
    </p>
   </div>
   <div class='ocr_carea' id='block_1_38' title="bbox 1214 2126 1635 2190">
    <p class='ocr_par' dir='ltr' id='par_1_38' title="bbox 1214 2126 1635 2190">
     <span class='ocr_line' id='line_1_38' title="bbox 1214 2126 1635 2190; baseline 0.005 -10"><span class='ocrx_word' id='word_1_141' title='bbox 1214 2126 1395 2180; x_wconf 88' lang='lat' dir='ltr'><strong>lileam</strong></span> <span class='ocrx_word' id='word_1_142' title='bbox 1416 2168 1431 2190; x_wconf 91' lang='lat'><strong>,</strong></span> <span class='ocrx_word' id='word_1_143' title='bbox 1460 2136 1517 2181; x_wconf 90' lang='lat' dir='ltr'><strong>et</strong></span> <span class='ocrx_word' id='word_1_144' title='bbox 1545 2128 1635 2182; x_wconf 86' lang='lat' dir='ltr'><strong>Je-</strong></span> 
     </span>
    </p>
   </div>
   <div class='ocr_carea' id='block_1_39' title="bbox 1216 2197 1735 2269">
    <p class='ocr_par' dir='ltr' id='par_1_39' title="bbox 1216 2197 1735 2269">
     <span class='ocr_line' id='line_1_39' title="bbox 1216 2197 1735 2269; baseline 0.006 -18"><span class='ocrx_word' id='word_1_145' title='bbox 1216 2197 1303 2269; x_wconf 64' lang='grc' dir='ltr'><strong>η.</strong></span> <span class='ocrx_word' id='word_1_146' title='bbox 1346 2198 1520 2253; x_wconf 88' lang='lat' dir='ltr'><strong>richo.</strong></span> <span class='ocrx_word' id='word_1_147' title='bbox 1552 2197 1735 2269; x_wconf 84' lang='lat' dir='ltr'><strong>Ingre-</strong></span> 
     </span>
    </p>
   </div>
   <div class='ocr_carea' id='block_1_40' title="bbox 1214 2268 1574 2325">
    <p class='ocr_par' dir='ltr' id='par_1_40' title="bbox 1214 2268 1574 2325">
     <span class='ocr_line' id='line_1_40' title="bbox 1214 2268 1574 2325; baseline 0.006 -2"><span class='ocrx_word' id='word_1_148' title='bbox 1214 2268 1371 2325; x_wconf 89' lang='lat' dir='ltr'><strong>diens</strong></span> <span class='ocrx_word' id='word_1_149' title='bbox 1393 2280 1574 2325; x_wconf 89' lang='lat' dir='ltr'><strong>autem</strong></span> 
     </span>
    </p>
   </div>
   <div class='ocr_carea' id='block_1_41' title="bbox 1215 2340 1566 2410">
    <p class='ocr_par' dir='ltr' id='par_1_41' title="bbox 1215 2340 1566 2410">
     <span class='ocr_line' id='line_1_41' title="bbox 1215 2340 1566 2410; baseline 0.009 -17"><span class='ocrx_word' id='word_1_150' title='bbox 1215 2340 1267 2394; x_wconf 92' lang='lat' dir='ltr'><strong>in</strong></span> <span class='ocrx_word' id='word_1_151' title='bbox 1297 2344 1566 2410; x_wconf 81' lang='lat' dir='ltr'><strong>quendam</strong></span> 
     </span>
    </p>
   </div>
   <div class='ocr_carea' id='block_1_42' title="bbox 1215 2412 1607 2478">
    <p class='ocr_par' dir='ltr' id='par_1_42' title="bbox 1215 2412 1607 2478">
     <span class='ocr_line' id='line_1_42' title="bbox 1215 2412 1607 2478; baseline 0.005 -13"><span class='ocrx_word' id='word_1_152' title='bbox 1215 2412 1416 2478; x_wconf 89' lang='lat' dir='ltr'><strong>vicum,</strong></span> <span class='ocrx_word' id='word_1_153' title='bbox 1445 2422 1499 2467; x_wconf 90' lang='lat' dir='ltr'><strong>et</strong></span> <span class='ocrx_word' id='word_1_154' title='bbox 1519 2428 1607 2467; x_wconf 90' lang='lat' dir='ltr'><strong>ec-</strong></span> 
     </span>
    </p>
   </div>
   <div class='ocr_carea' id='block_1_43' title="bbox 387 2481 1597 2556">
    <p class='ocr_par' dir='ltr' id='par_1_43' title="bbox 387 2481 1597 2556">
     <span class='ocr_line' id='line_1_43' title="bbox 387 2481 1597 2556; baseline 0.003 -21"><span class='ocrx_word' id='word_1_155' title='bbox 387 2481 673 2556; x_wconf 73' lang='lat' dir='ltr'><strong>statim_(d)</strong></span> <span class='ocrx_word' id='word_1_156' title='bbox 701 2484 847 2538; x_wconf 85' lang='lat' dir='ltr'><strong>dicet</strong></span> <span class='ocrx_word' id='word_1_157' title='bbox 865 2482 901 2552; x_wconf 65' lang='lat'><strong>~1-</strong></span> <span class='ocrx_word' id='word_1_158' title='bbox 1214 2498 1277 2539; x_wconf 89' lang='lat' dir='ltr'><strong>ce</strong></span> <span class='ocrx_word' id='word_1_159' title='bbox 1307 2486 1495 2539; x_wconf 89' lang='lat' dir='ltr'><strong>decem</strong></span> <span class='ocrx_word' id='word_1_160' title='bbox 1519 2484 1597 2538; x_wconf 92' lang='lat' dir='ltr'><strong>vi-</strong></span> 
     </span>
    </p>
   </div>
   <div class='ocr_carea' id='block_1_44' title="bbox 388 2551 1486 2624">
    <p class='ocr_par' dir='ltr' id='par_1_44' title="bbox 388 2551 1486 2624">
     <span class='ocr_line' id='line_1_44' title="bbox 388 2551 1486 2624; baseline 0.005 -19"><span class='ocrx_word' id='word_1_161' title='bbox 388 2551 459 2607; x_wconf 93' lang='lat' dir='ltr'><strong>illi</strong></span> <span class='ocrx_word' id='word_1_162' title='bbox 494 2570 505 2606; x_wconf 92' lang='lat'>:</span> <span class='ocrx_word' id='word_1_163' title='bbox 543 2551 757 2619; x_wconf 67' lang='lat' dir='ltr'><strong>Transi,</strong></span> <span class='ocrx_word' id='word_1_164' title='bbox 787 2562 845 2624; x_wconf 83' lang='lat' dir='ltr'><strong>et</strong></span> <span class='ocrx_word' id='word_1_165' title='bbox 882 2551 886 2552; x_wconf 26' lang='grc' dir='ltr'>ί</span> <span class='ocrx_word' id='word_1_166' title='bbox 994 2622 1004 2624; x_wconf 14' lang='grc' dir='ltr'><em>κ</em></span> <span class='ocrx_word' id='word_1_167' title='bbox 1215 2556 1260 2611; x_wconf 88' lang='lat' dir='ltr'><strong>ri</strong></span> <span class='ocrx_word' id='word_1_168' title='bbox 1287 2556 1486 2624; x_wconf 88' lang='lat' dir='ltr'><strong>leprosi</strong></span> 
     </span>
    </p>
   </div>
   <div class='ocr_carea' id='block_1_45' title="bbox 386 2622 1487 2697">
    <p class='ocr_par' dir='ltr' id='par_1_45' title="bbox 386 2622 1487 2697">
     <span class='ocr_line' id='line_1_45' title="bbox 386 2622 1487 2697; baseline 0.001 -17"><span class='ocrx_word' id='word_1_169' title='bbox 386 2624 435 2697; x_wconf 64' lang='grc' dir='ltr'><strong>ξ.</strong></span> <span class='ocrx_word' id='word_1_170' title='bbox 475 2626 733 2681; x_wconf 90' lang='lat' dir='ltr'><strong>recumbe</strong></span> <span class='ocrx_word' id='word_1_171' title='bbox 765 2643 777 2679; x_wconf 89' lang='lat'><strong>:</strong></span> <span class='ocrx_word' id='word_1_172' title='bbox 809 2623 883 2697; x_wconf 74' lang='grc' dir='ltr'><strong>(ε)</strong></span> <span class='ocrx_word' id='word_1_173' title='bbox 913 2622 1007 2681; x_wconf 90' lang='lat' dir='ltr'><strong>sed</strong></span> <span class='ocrx_word' id='word_1_174' title='bbox 1217 2622 1487 2683; x_wconf 86' lang='lat' dir='ltr'><strong>steterunt</strong></span> 
     </span>
    </p>
   </div>
   <div class='ocr_carea' id='block_1_46' title="bbox 384 2694 1777 2771">
    <p class='ocr_par' dir='ltr' id='par_1_46' title="bbox 384 2694 1777 2771">
     <span class='ocr_line' id='line_1_46' title="bbox 384 2694 1777 2771; baseline 0.004 -22"><span class='ocrx_word' id='word_1_175' title='bbox 384 2694 523 2751; x_wconf 87' lang='lat' dir='ltr'><strong>dicet</strong></span> <span class='ocrx_word' id='word_1_176' title='bbox 547 2698 585 2767; x_wconf 66' lang='lat'><strong>~3-</strong></span> <span class='ocrx_word' id='word_1_177' title='bbox 607 2697 691 2771; x_wconf 83' lang='lat' dir='ltr'><strong>illi</strong></span> <span class='ocrx_word' id='word_1_178' title='bbox 718 2715 732 2755; x_wconf 90' lang='lat'><strong>:</strong></span> <span class='ocrx_word' id='word_1_179' title='bbox 764 2694 928 2753; x_wconf 47' lang='lat' dir='ltr'><strong>Pia’e-</strong></span> <span class='ocrx_word' id='word_1_180' title='bbox 1216 2699 1306 2755; x_wconf 83' lang='lat'><strong>15.</strong></span> <span class='ocrx_word' id='word_1_181' title='bbox 1348 2715 1376 2753; x_wconf 95' lang='lat' dir='ltr'><strong>a</strong></span> <span class='ocrx_word' id='word_1_182' title='bbox 1400 2699 1591 2771; x_wconf 85' lang='lat' dir='ltr'><strong>longe;</strong></span> <span class='ocrx_word' id='word_1_183' title='bbox 1615 2708 1672 2756; x_wconf 90' lang='lat' dir='ltr'><strong>et</strong></span> <span class='ocrx_word' id='word_1_184' title='bbox 1699 2697 1777 2754; x_wconf 90' lang='lat' dir='ltr'><strong>le-</strong></span> 
     </span>
    </p>
   </div>
   <div class='ocr_carea' id='block_1_47' title="bbox 383 2769 1480 2837">
    <p class='ocr_par' dir='ltr' id='par_1_47' title="bbox 383 2769 1480 2837">
     <span class='ocr_line' id='line_1_47' title="bbox 383 2769 1480 2837; baseline 0.002 -14"><span class='ocrx_word' id='word_1_185' title='bbox 383 2781 506 2837; x_wconf 84' lang='lat' dir='ltr'><strong>para</strong></span> <span class='ocrx_word' id='word_1_186' title='bbox 548 2769 701 2835; x_wconf 88' lang='lat' dir='ltr'><strong>mihi,</strong></span> <span class='ocrx_word' id='word_1_187' title='bbox 1216 2779 1480 2826; x_wconf 86' lang='lat' dir='ltr'><strong>vaverunt</strong></span> 
     </span>
    </p>
   </div>
   <div class='ocr_carea' id='block_1_48' title="bbox 380 2840 777 2910">
    <p class='ocr_par' dir='ltr' id='par_1_48' title="bbox 380 2840 777 2910">
     <span class='ocr_line' id='line_1_48' title="bbox 380 2840 777 2910; baseline 0.01 -17"><span class='ocrx_word' id='word_1_188' title='bbox 380 2840 522 2910; x_wconf 90' lang='lat' dir='ltr'><strong>quod</strong></span> <span class='ocrx_word' id='word_1_189' title='bbox 566 2856 777 2907; x_wconf 71' lang='lat' dir='ltr'><strong>cenem,</strong></span> 
     </span>
    </p>
   </div>
   <div class='ocr_carea' id='block_1_49' title="bbox 378 2914 712 2968">
    <p class='ocr_par' dir='ltr' id='par_1_49' title="bbox 378 2914 712 2968">
     <span class='ocr_line' id='line_1_49' title="bbox 378 2914 712 2968; baseline 0.003 -1"><span class='ocrx_word' id='word_1_190' title='bbox 378 2921 431 2967; x_wconf 91' lang='lat' dir='ltr'><strong>et</strong></span> <span class='ocrx_word' id='word_1_191' title='bbox 460 2914 712 2968; x_wconf 86' lang='lat' dir='ltr'><strong>succinc-</strong></span> 
     </span>
    </p>
   </div>
   <div class='ocr_carea' id='block_1_50' title="bbox 380 2983 734 3040">
    <p class='ocr_par' dir='ltr' id='par_1_50' title="bbox 380 2983 734 3040">
     <span class='ocr_line' id='line_1_50' title="bbox 380 2983 734 3040; baseline 0.008 -3"><span class='ocrx_word' id='word_1_192' title='bbox 380 2991 461 3038; x_wconf 86' lang='lat' dir='ltr'><strong>tus</strong></span> <span class='ocrx_word' id='word_1_193' title='bbox 486 2983 734 3040; x_wconf 81' lang='lat' dir='ltr'><strong>miniStra</strong></span> 
     </span>
    </p>
   </div>
   <div class='ocr_carea' id='block_1_51' title="bbox 379 3055 741 3121">
    <p class='ocr_par' dir='ltr' id='par_1_51' title="bbox 379 3055 741 3121">
     <span class='ocr_line' id='line_1_51' title="bbox 379 3055 741 3121; baseline 0.014 -12"><span class='ocrx_word' id='word_1_194' title='bbox 379 3055 531 3121; x_wconf 88' lang='lat' dir='ltr'><strong>mihi,</strong></span> <span class='ocrx_word' id='word_1_195' title='bbox 563 3057 741 3113; x_wconf 83' lang='lat' dir='ltr'><strong>donec</strong></span> 
     </span>
    </p>
   </div>
   <div class='ocr_carea' id='block_1_52' title="bbox 378 3129 723 3194">
    <p class='ocr_par' dir='ltr' id='par_1_52' title="bbox 378 3129 723 3194">
     <span class='ocr_line' id='line_1_52' title="bbox 378 3129 723 3194; baseline 0.003 -13"><span class='ocrx_word' id='word_1_196' title='bbox 378 3129 723 3194; x_wconf 88' lang='lat' dir='ltr'><strong>mamlucem,</strong></span> 
     </span>
    </p>
   </div>
   <div class='ocr_carea' id='block_1_53' title="bbox 376 3199 753 3265">
    <p class='ocr_par' dir='ltr' id='par_1_53' title="bbox 376 3199 753 3265">
     <span class='ocr_line' id='line_1_53' title="bbox 376 3199 753 3265; baseline 0.005 -12"><span class='ocrx_word' id='word_1_197' title='bbox 376 3210 427 3253; x_wconf 92' lang='lat' dir='ltr'><strong>et</strong></span> <span class='ocrx_word' id='word_1_198' title='bbox 458 3199 667 3265; x_wconf 85' lang='lat' dir='ltr'><strong>bibam,</strong></span> <span class='ocrx_word' id='word_1_199' title='bbox 696 3208 753 3255; x_wconf 91' lang='lat' dir='ltr'><strong>et</strong></span> 
     </span>
    </p>
   </div>
   <div class='ocr_carea' id='block_1_54' title="bbox 376 3280 835 3335">
    <p class='ocr_par' dir='ltr' id='par_1_54' title="bbox 376 3280 835 3335">
     <span class='ocr_line' id='line_1_54' title="bbox 376 3280 835 3335; baseline 0.007 -10"><span class='ocrx_word' id='word_1_200' title='bbox 376 3280 563 3335; x_wconf 86' lang='lat' dir='ltr'><strong>postea</strong></span> <span class='ocrx_word' id='word_1_201' title='bbox 594 3281 653 3326; x_wconf 88' lang='lat' dir='ltr'><strong>tu</strong></span> <span class='ocrx_word' id='word_1_202' title='bbox 683 3286 835 3328; x_wconf 88' lang='lat' dir='ltr'><strong>man-</strong></span> 
     </span>
    </p>
   </div>
   <div class='ocr_carea' id='block_1_55' title="bbox 375 3341 709 3411">
    <p class='ocr_par' dir='ltr' id='par_1_55' title="bbox 375 3341 709 3411">
     <span class='ocr_line' id='line_1_55' title="bbox 375 3341 709 3411; baseline 0.003 -13"><span class='ocrx_word' id='word_1_203' title='bbox 375 3341 623 3411; x_wconf 86' lang='lat' dir='ltr'><strong>ducabis,</strong></span> <span class='ocrx_word' id='word_1_204' title='bbox 652 3353 709 3400; x_wconf 89' lang='lat' dir='ltr'><strong>et</strong></span> 
     </span>
    </p>
   </div>
   <div class='ocr_carea' id='block_1_56' title="bbox 1214 2857 1609 2907">
    <p class='ocr_par' dir='ltr' id='par_1_56' title="bbox 1214 2857 1609 2907">
     <span class='ocr_line' id='line_1_56' title="bbox 1214 2857 1609 2907; baseline 0.008 -12"><span class='ocrx_word' id='word_1_205' title='bbox 1214 2857 1401 2897; x_wconf 73' lang='lat' dir='ltr'><strong>VOOCIII</strong></span> <span class='ocrx_word' id='word_1_206' title='bbox 1431 2859 1609 2907; x_wconf 86' lang='lat' dir='ltr'><strong>suam.</strong></span> 
     </span>
    </p>
   </div>
   <div class='ocr_carea' id='block_1_57' title="bbox 1215 2913 1659 2971">
    <p class='ocr_par' dir='ltr' id='par_1_57' title="bbox 1215 2913 1659 2971">
     <span class='ocr_line' id='line_1_57' title="bbox 1215 2913 1659 2971; baseline 0 -2"><span class='ocrx_word' id='word_1_207' title='bbox 1215 2913 1461 2971; x_wconf 90' lang='lat' dir='ltr'><strong>dicentes</strong></span> <span class='ocrx_word' id='word_1_208' title='bbox 1486 2932 1499 2969; x_wconf 88' lang='lat'><strong>:</strong></span> <span class='ocrx_word' id='word_1_209' title='bbox 1528 2914 1659 2971; x_wconf 82' lang='lat' dir='ltr'><strong>Jcsu</strong></span> 
     </span>
    </p>
   </div>
   <div class='ocr_carea' id='block_1_58' title="bbox 1215 2985 1489 3056">
    <p class='ocr_par' dir='ltr' id='par_1_58' title="bbox 1215 2985 1489 3056">
     <span class='ocr_line' id='line_1_58' title="bbox 1215 2985 1489 3056; baseline 0 -15"><span class='ocrx_word' id='word_1_210' title='bbox 1215 2985 1489 3056; x_wconf 80' lang='lat' dir='ltr'><strong>Magister,</strong></span> 
     </span>
    </p>
   </div>
   <div class='ocr_carea' id='block_1_59' title="bbox 1214 3058 1609 3114">
    <p class='ocr_par' dir='ltr' id='par_1_59' title="bbox 1214 3058 1609 3114">
     <span class='ocr_line' id='line_1_59' title="bbox 1214 3058 1609 3114; baseline 0.003 -2"><span class='ocrx_word' id='word_1_211' title='bbox 1214 3058 1483 3114; x_wconf 88' lang='lat' dir='ltr'><strong>miserere</strong></span> <span class='ocrx_word' id='word_1_212' title='bbox 1513 3074 1609 3113; x_wconf 84' lang='lat' dir='ltr'><strong>no-</strong></span> 
     </span>
    </p>
   </div>
   <div class='ocr_carea' id='block_1_60' title="bbox 1216 3129 1729 3194">
    <p class='ocr_par' dir='ltr' id='par_1_60' title="bbox 1216 3129 1729 3194">
     <span class='ocr_line' id='line_1_60' title="bbox 1216 3129 1729 3194; baseline 0.004 -11"><span class='ocrx_word' id='word_1_213' title='bbox 1216 3130 1304 3184; x_wconf 74' lang='grc'><strong>14.</strong></span> <span class='ocrx_word' id='word_1_214' title='bbox 1349 3130 1452 3185; x_wconf 91' lang='lat' dir='ltr'><strong>bis.</strong></span> <span class='ocrx_word' id='word_1_215' title='bbox 1485 3129 1574 3194; x_wconf 88' lang='lat' dir='ltr'><strong>Et,</strong></span> <span class='ocrx_word' id='word_1_216' title='bbox 1606 3144 1729 3185; x_wconf 89' lang='lat' dir='ltr'><strong>cum</strong></span> 
     </span>
    </p>
   </div>
   <div class='ocr_carea' id='block_1_61' title="bbox 1211 3200 1646 3261">
    <p class='ocr_par' dir='ltr' id='par_1_61' title="bbox 1211 3200 1646 3261">
     <span class='ocr_line' id='line_1_61' title="bbox 1211 3200 1646 3261; baseline 0.014 -6"><span class='ocrx_word' id='word_1_217' title='bbox 1211 3200 1453 3257; x_wconf 69' lang='lat' dir='ltr'><strong>audisset</strong></span> <span class='ocrx_word' id='word_1_218' title='bbox 1478 3202 1543 3257; x_wconf 87' lang='lat' dir='ltr'><strong>il-</strong></span> <span class='ocrx_word' id='word_1_219' title='bbox 1642 3256 1646 3261; x_wconf 88' lang='lat'><strong>.</strong></span> 
     </span>
    </p>
   </div>
   <div class='ocr_carea' id='block_1_62' title="bbox 1213 3272 1676 3339">
    <p class='ocr_par' dir='ltr' id='par_1_62' title="bbox 1213 3272 1676 3339">
     <span class='ocr_line' id='line_1_62' title="bbox 1213 3272 1676 3339; baseline 0 -12"><span class='ocrx_word' id='word_1_220' title='bbox 1213 3272 1328 3339; x_wconf 87' lang='lat' dir='ltr'><strong>los,</strong></span> <span class='ocrx_word' id='word_1_221' title='bbox 1361 3273 1501 3328; x_wconf 80' lang='lat' dir='ltr'><strong>dixit</strong></span> <span class='ocrx_word' id='word_1_222' title='bbox 1531 3273 1636 3331; x_wconf 89' lang='lat' dir='ltr'><strong>illis</strong></span> <span class='ocrx_word' id='word_1_223' title='bbox 1662 3291 1676 3327; x_wconf 75' lang='grc' dir='ltr'>ε</span> 
     </span>
    </p>
   </div>
   <div class='ocr_carea' id='block_1_63' title="bbox 1213 3343 1654 3414">
    <p class='ocr_par' dir='ltr' id='par_1_63' title="bbox 1213 3343 1654 3414">
     <span class='ocr_line' id='line_1_63' title="bbox 1213 3343 1654 3414; baseline 0.007 -15"><span class='ocrx_word' id='word_1_224' title='bbox 1213 3343 1438 3414; x_wconf 87' lang='lat' dir='ltr'><strong>Euntes,</strong></span> <span class='ocrx_word' id='word_1_225' title='bbox 1470 3355 1654 3401; x_wconf 88' lang='lat' dir='ltr'><strong>osten-</strong></span> 
     </span>
    </p>
   </div>
   <div class='ocr_carea' id='block_1_64' title="bbox 1447 328 2602 398">
    <p class='ocr_par' dir='ltr' id='par_1_64' title="bbox 1447 328 2602 398">
     <span class='ocr_line' id='line_1_64' title="bbox 1447 328 2602 398; baseline -0.001 -12"><span class='ocrx_word' id='word_1_226' title='bbox 1447 330 1895 398; x_wconf 77' lang='lat' dir='ltr'><strong>EVANGELIUM</strong></span> <span class='ocrx_word' id='word_1_227' title='bbox 1936 328 2304 388; x_wconf 79' lang='lat' dir='ltr'><strong>SECUNDUM</strong></span> <span class='ocrx_word' id='word_1_228' title='bbox 2344 329 2602 387; x_wconf 76' lang='lat' dir='ltr'><strong>LUCAM.</strong></span> 
     </span>
    </p>
   </div>
   <div class='ocr_carea' id='block_1_65' title="bbox 3570 333 3677 393">
    <p class='ocr_par' dir='ltr' id='par_1_65' title="bbox 3570 333 3677 393">
     <span class='ocr_line' id='line_1_65' title="bbox 3570 333 3677 393; baseline 0.028 -3"><span class='ocrx_word' id='word_1_229' title='bbox 3570 333 3677 393; x_wconf 75' lang='lat'><strong>650</strong></span> 
     </span>
    </p>
   </div>
   <div class='ocr_carea' id='block_1_66' title="bbox 2501 448 3228 508">
    <p class='ocr_par' dir='ltr' id='par_1_66' title="bbox 2501 448 3228 508">
     <span class='ocr_line' id='line_1_66' title="bbox 2501 448 3228 508; baseline -0.004 0"><span class='ocrx_word' id='word_1_230' title='bbox 2501 449 2735 508; x_wconf 70' lang='lat' dir='ltr'><strong>CODEX</strong></span> <span class='ocrx_word' id='word_1_231' title='bbox 2774 448 3228 507; x_wconf 80' lang='lat' dir='ltr'><strong>VEBONENSIS.</strong></span> 
     </span>
    </p>
   </div>
   <div class='ocr_carea' id='block_1_67' title="bbox 2075 545 3375 605">
    <p class='ocr_par' dir='ltr' id='par_1_67' title="bbox 2075 545 3375 605">
     <span class='ocr_line' id='line_1_67' title="bbox 2075 545 3375 605; baseline -0.008 0"><span class='ocrx_word' id='word_1_232' title='bbox 2075 564 2372 605; x_wconf 79' lang='lat' dir='ltr'><strong>Conversus</strong></span> <span class='ocrx_word' id='word_1_233' title='bbox 2406 548 2524 603; x_wconf 81' lang='lat' dir='ltr'><strong>fue-</strong></span> <span class='ocrx_word' id='word_1_234' title='bbox 2908 547 2962 600; x_wconf 87' lang='lat'><strong>9.</strong></span> <span class='ocrx_word' id='word_1_235' title='bbox 3008 547 3178 601; x_wconf 85' lang='lat' dir='ltr'><strong>bibes.</strong></span> <span class='ocrx_word' id='word_1_236' title='bbox 3212 545 3375 602; x_wconf 84' lang='lat' dir='ltr'><strong>Num-</strong></span> 
     </span>
    </p>
   </div>
   <div class='ocr_carea' id='block_1_68' title="bbox 2076 618 3292 687">
    <p class='ocr_par' dir='ltr' id='par_1_68' title="bbox 2076 618 3292 687">
     <span class='ocr_line' id='line_1_68' title="bbox 2076 618 3292 687; baseline -0.002 -12"><span class='ocrx_word' id='word_1_237' title='bbox 2076 621 2146 675; x_wconf 89' lang='lat' dir='ltr'><strong>rit</strong></span> <span class='ocrx_word' id='word_1_238' title='bbox 2174 622 2237 675; x_wconf 92' lang='lat' dir='ltr'><strong>ad</strong></span> <span class='ocrx_word' id='word_1_239' title='bbox 2272 633 2343 685; x_wconf 83' lang='grc' dir='ltr'><strong>ιρ,</strong></span> <span class='ocrx_word' id='word_1_240' title='bbox 2372 620 2455 675; x_wconf 89' lang='lat' dir='ltr'><strong>di-</strong></span> <span class='ocrx_word' id='word_1_241' title='bbox 2909 618 3035 687; x_wconf 88' lang='lat' dir='ltr'><strong>quid</strong></span> <span class='ocrx_word' id='word_1_242' title='bbox 3065 618 3292 687; x_wconf 80' lang='lat' dir='ltr'><strong>gratiam</strong></span> 
     </span>
    </p>
   </div>
   <div class='ocr_carea' id='block_1_69' title="bbox 2076 688 3332 760">
    <p class='ocr_par' dir='ltr' id='par_1_69' title="bbox 2076 688 3332 760">
     <span class='ocr_line' id='line_1_69' title="bbox 2076 688 3332 760; baseline 0 -15"><span class='ocrx_word' id='word_1_243' title='bbox 2076 708 2204 747; x_wconf 83' lang='lat' dir='ltr'><strong>cens</strong></span> <span class='ocrx_word' id='word_1_244' title='bbox 2232 712 2243 745; x_wconf 78' lang='grc' dir='ltr'>ε</span> <span class='ocrx_word' id='word_1_245' title='bbox 2276 692 2563 748; x_wconf 89' lang='lat' dir='ltr'><strong>Paeniteor</strong></span> <span class='ocrx_word' id='word_1_246' title='bbox 2596 710 2605 745; x_wconf 91' lang='lat'>:</span> <span class='ocrx_word' id='word_1_247' title='bbox 2910 689 3073 745; x_wconf 84' lang='lat' dir='ltr'><strong>habet</strong></span> <span class='ocrx_word' id='word_1_248' title='bbox 3104 688 3171 760; x_wconf 73' lang='grc' dir='ltr'><strong>(ί)</strong></span> <span class='ocrx_word' id='word_1_249' title='bbox 3215 704 3332 745; x_wconf 88' lang='lat' dir='ltr'><strong>ser-</strong></span> 
     </span>
    </p>
   </div>
   <div class='ocr_carea' id='block_1_70' title="bbox 2079 763 3245 831">
    <p class='ocr_par' dir='ltr' id='par_1_70' title="bbox 2079 763 3245 831">
     <span class='ocr_line' id='line_1_70' title="bbox 2079 763 3245 831; baseline -0.002 -14"><span class='ocrx_word' id='word_1_250' title='bbox 2079 763 2291 817; x_wconf 89' lang='lat' dir='ltr'><strong>dimitte</strong></span> <span class='ocrx_word' id='word_1_251' title='bbox 2323 764 2420 817; x_wconf 93' lang='lat' dir='ltr'><strong>illi.</strong></span> <span class='ocrx_word' id='word_1_252' title='bbox 2911 778 2977 813; x_wconf 88' lang='lat' dir='ltr'><strong>vn</strong></span> <span class='ocrx_word' id='word_1_253' title='bbox 3010 766 3076 831; x_wconf 83' lang='grc' dir='ltr'><strong>-ι-,</strong></span> <span class='ocrx_word' id='word_1_254' title='bbox 3104 764 3245 826; x_wconf 77' lang='lat' dir='ltr'><strong>quod</strong></span> 
     </span>
    </p>
   </div>
   <div class='ocr_carea' id='block_1_71' title="bbox 2078 830 3330 903">
    <p class='ocr_par' dir='ltr' id='par_1_71' title="bbox 2078 830 3330 903">
     <span class='ocr_line' id='line_1_71' title="bbox 2078 830 3330 903; baseline 0.002 -16"><span class='ocrx_word' id='word_1_255' title='bbox 2078 835 2130 888; x_wconf 78' lang='lat'><strong>5.</strong></span> <span class='ocrx_word' id='word_1_256' title='bbox 2178 837 2241 889; x_wconf 82' lang='lat' dir='ltr'><strong>Et</strong></span> <span class='ocrx_word' id='word_1_257' title='bbox 2263 836 2518 890; x_wconf 77' lang='lat' dir='ltr'><strong>dixerunt</strong></span> <span class='ocrx_word' id='word_1_258' title='bbox 2910 830 3059 896; x_wconf 78' lang='lat' dir='ltr'><strong>fecit,</strong></span> <span class='ocrx_word' id='word_1_259' title='bbox 3091 830 3170 903; x_wconf 89' lang='lat' dir='ltr'><strong>(g)</strong></span> <span class='ocrx_word' id='word_1_260' title='bbox 3195 848 3330 903; x_wconf 84' lang='lat' dir='ltr'><strong>quae</strong></span> 
     </span>
    </p>
   </div>
   <div class='ocr_carea' id='block_1_72' title="bbox 2078 905 3217 975">
    <p class='ocr_par' dir='ltr' id='par_1_72' title="bbox 2078 905 3217 975">
     <span class='ocr_line' id='line_1_72' title="bbox 2078 905 3217 975; baseline -0.001 -15"><span class='ocrx_word' id='word_1_261' title='bbox 2078 907 2157 961; x_wconf 87' lang='lat' dir='ltr'><strong>illi</strong></span> <span class='ocrx_word' id='word_1_262' title='bbox 2189 908 2432 975; x_wconf 82' lang='lat' dir='ltr'><strong>Apostoli</strong></span> <span class='ocrx_word' id='word_1_263' title='bbox 2464 926 2476 960; x_wconf 89' lang='lat'><strong>:</strong></span> <span class='ocrx_word' id='word_1_264' title='bbox 2911 906 3014 958; x_wconf 81' lang='lat' dir='ltr'><strong>Silii</strong></span> <span class='ocrx_word' id='word_1_265' title='bbox 3047 905 3217 973; x_wconf 86' lang='lat' dir='ltr'><strong>impe-</strong></span> 
     </span>
    </p>
   </div>
   <div class='ocr_carea' id='block_1_73' title="bbox 2080 977 3295 1047">
    <p class='ocr_par' dir='ltr' id='par_1_73' title="bbox 2080 977 3295 1047">
     <span class='ocr_line' id='line_1_73' title="bbox 2080 977 3295 1047; baseline -0.002 -15"><span class='ocrx_word' id='word_1_266' title='bbox 2080 979 2331 1039; x_wconf 82' lang='lat' dir='ltr'><strong>Domine.</strong></span> <span class='ocrx_word' id='word_1_267' title='bbox 2361 979 2459 1032; x_wconf 88' lang='lat' dir='ltr'><strong>ad-</strong></span> <span class='ocrx_word' id='word_1_268' title='bbox 2914 984 3030 1029; x_wconf 89' lang='lat' dir='ltr'><strong>rata</strong></span> <span class='ocrx_word' id='word_1_269' title='bbox 3062 987 3189 1030; x_wconf 89' lang='lat' dir='ltr'><strong>sunt</strong></span> <span class='ocrx_word' id='word_1_270' title='bbox 3215 977 3295 1047; x_wconf 70' lang='grc' dir='ltr'><strong>-Η</strong></span> 
     </span>
    </p>
   </div>
   <div class='ocr_carea' id='block_1_74' title="bbox 2077 1048 3341 1119">
    <p class='ocr_par' dir='ltr' id='par_1_74' title="bbox 2077 1048 3341 1119">
     <span class='ocr_line' id='line_1_74' title="bbox 2077 1048 3341 1119; baseline -0.002 -16"><span class='ocrx_word' id='word_1_271' title='bbox 2077 1065 2214 1119; x_wconf 84' lang='lat' dir='ltr'><strong>auge</strong></span> <span class='ocrx_word' id='word_1_272' title='bbox 2255 1052 2411 1105; x_wconf 90' lang='lat' dir='ltr'><strong>nobis</strong></span> <span class='ocrx_word' id='word_1_273' title='bbox 2918 1048 3005 1119; x_wconf 70' lang='lat'><strong>10.</strong></span> <span class='ocrx_word' id='word_1_274' title='bbox 3051 1048 3163 1101; x_wconf 79' lang='lat' dir='ltr'><strong>Non</strong></span> <span class='ocrx_word' id='word_1_275' title='bbox 3198 1059 3341 1117; x_wconf 86' lang='lat' dir='ltr'><strong>puto.</strong></span> 
     </span>
    </p>
   </div>
   <div class='ocr_carea' id='block_1_75' title="bbox 2078 1117 3278 1192">
    <p class='ocr_par' dir='ltr' id='par_1_75' title="bbox 2078 1117 3278 1192">
     <span class='ocr_line' id='line_1_75' title="bbox 2078 1117 3278 1192; baseline 0 -17"><span class='ocrx_word' id='word_1_276' title='bbox 2078 1120 2131 1175; x_wconf 88' lang='grc'><strong>6.</strong></span> <span class='ocrx_word' id='word_1_277' title='bbox 2155 1117 2356 1177; x_wconf 69' lang='grc' dir='ltr'><strong>Ἰὶάριιι.</strong></span> <span class='ocrx_word' id='word_1_278' title='bbox 2382 1124 2464 1192; x_wconf 81' lang='grc' dir='ltr'><strong>(α)</strong></span> <span class='ocrx_word' id='word_1_279' title='bbox 2502 1122 2563 1175; x_wconf 77' lang='lat' dir='ltr'><strong>Et</strong></span> <span class='ocrx_word' id='word_1_280' title='bbox 2916 1117 2985 1192; x_wconf 81' lang='lat' dir='ltr'><strong>Et</strong></span> <span class='ocrx_word' id='word_1_281' title='bbox 3012 1135 3128 1182; x_wconf 89' lang='lat' dir='ltr'><strong>vos,</strong></span> <span class='ocrx_word' id='word_1_282' title='bbox 3158 1136 3278 1174; x_wconf 87' lang='lat' dir='ltr'><strong>cum</strong></span> 
     </span>
    </p>
   </div>
   <div class='ocr_carea' id='block_1_76' title="bbox 2079 1191 3329 1264">
    <p class='ocr_par' dir='ltr' id='par_1_76' title="bbox 2079 1191 3329 1264">
     <span class='ocr_line' id='line_1_76' title="bbox 2079 1191 3329 1264; baseline 0.001 -18"><span class='ocrx_word' id='word_1_283' title='bbox 2079 1193 2218 1247; x_wconf 78' lang='lat' dir='ltr'><strong>dixit</strong></span> <span class='ocrx_word' id='word_1_284' title='bbox 2249 1194 2357 1247; x_wconf 87' lang='lat' dir='ltr'><strong>illis</strong></span> <span class='ocrx_word' id='word_1_285' title='bbox 2380 1195 2449 1264; x_wconf 50' lang='grc' dir='ltr'><strong>ἦε</strong></span> <span class='ocrx_word' id='word_1_286' title='bbox 2914 1191 2994 1261; x_wconf 77' lang='lat' dir='ltr'><strong>(In</strong></span> <span class='ocrx_word' id='word_1_287' title='bbox 3033 1193 3267 1247; x_wconf 79' lang='lat' dir='ltr'><strong>feceritis</strong></span> <span class='ocrx_word' id='word_1_288' title='bbox 3292 1193 3329 1261; x_wconf 54' lang='grc' dir='ltr'><strong>’ξι</strong></span> 
     </span>
    </p>
   </div>
   <div class='ocr_carea' id='block_1_77' title="bbox 2082 1265 3233 1333">
    <p class='ocr_par' dir='ltr' id='par_1_77' title="bbox 2082 1265 3233 1333">
     <span class='ocr_line' id='line_1_77' title="bbox 2082 1265 3233 1333; baseline -0.003 -12"><span class='ocrx_word' id='word_1_289' title='bbox 2082 1265 2137 1321; x_wconf 90' lang='lat' dir='ltr'><strong>Si</strong></span> <span class='ocrx_word' id='word_1_290' title='bbox 2174 1266 2469 1321; x_wconf 83' lang='lat' dir='ltr'><strong>habueritis</strong></span> <span class='ocrx_word' id='word_1_291' title='bbox 2913 1279 3050 1331; x_wconf 84' lang='lat' dir='ltr'><strong>quae</strong></span> <span class='ocrx_word' id='word_1_292' title='bbox 3076 1279 3233 1333; x_wconf 87' lang='lat' dir='ltr'><strong>prae-</strong></span> 
     </span>
    </p>
   </div>
   <div class='ocr_carea' id='block_1_78' title="bbox 2083 1336 3242 1402">
    <p class='ocr_par' dir='ltr' id='par_1_78' title="bbox 2083 1336 3242 1402">
     <span class='ocr_line' id='line_1_78' title="bbox 2083 1336 3242 1402; baseline -0.002 -12"><span class='ocrx_word' id='word_1_293' title='bbox 2083 1336 2267 1397; x_wconf 79' lang='lat' dir='ltr'><strong>ﬁtletn.</strong></span> <span class='ocrx_word' id='word_1_294' title='bbox 2300 1340 2437 1391; x_wconf 88' lang='lat' dir='ltr'><strong>sicut</strong></span> <span class='ocrx_word' id='word_1_295' title='bbox 2914 1346 3065 1402; x_wconf 74' lang='lat' dir='ltr'><strong>capta</strong></span> <span class='ocrx_word' id='word_1_296' title='bbox 3096 1347 3242 1398; x_wconf 85' lang='lat' dir='ltr'><strong>sunt,</strong></span> 
     </span>
    </p>
   </div>
   <div class='ocr_carea' id='block_1_79' title="bbox 2080 1408 2563 1480">
    <p class='ocr_par' dir='ltr' id='par_1_79' title="bbox 2080 1408 2563 1480">
     <span class='ocr_line' id='line_1_79' title="bbox 2080 1408 2563 1480; baseline 0.002 -19"><span class='ocrx_word' id='word_1_297' title='bbox 2080 1425 2304 1478; x_wconf 82' lang='lat' dir='ltr'><strong>granum</strong></span> <span class='ocrx_word' id='word_1_298' title='bbox 2337 1408 2563 1480; x_wconf 83' lang='lat' dir='ltr'><strong>sinapis,</strong></span> 
     </span>
    </p>
   </div>
   <div class='ocr_carea' id='block_1_80' title="bbox 2082 1480 2489 1535">
    <p class='ocr_par' dir='ltr' id='par_1_80' title="bbox 2082 1480 2489 1535">
     <span class='ocr_line' id='line_1_80' title="bbox 2082 1480 2489 1535; baseline 0 0"><span class='ocrx_word' id='word_1_299' title='bbox 2082 1480 2335 1535; x_wconf 73' lang='lat' dir='ltr'><strong>diceretis</strong></span> <span class='ocrx_word' id='word_1_300' title='bbox 2367 1483 2489 1535; x_wconf 91' lang='lat' dir='ltr'><strong>huic</strong></span> 
     </span>
    </p>
   </div>
   <div class='ocr_carea' id='block_1_81' title="bbox 2082 1552 2491 1607">
    <p class='ocr_par' dir='ltr' id='par_1_81' title="bbox 2082 1552 2491 1607">
     <span class='ocr_line' id='line_1_81' title="bbox 2082 1552 2491 1607; baseline -0.002 -1"><span class='ocrx_word' id='word_1_301' title='bbox 2082 1552 2263 1607; x_wconf 88' lang='lat' dir='ltr'><strong>arbori</strong></span> <span class='ocrx_word' id='word_1_302' title='bbox 2292 1568 2445 1607; x_wconf 90' lang='lat' dir='ltr'><strong>moro</strong></span> <span class='ocrx_word' id='word_1_303' title='bbox 2479 1571 2491 1605; x_wconf 91' lang='lat'><strong>:</strong></span> 
     </span>
    </p>
   </div>
   <div class='ocr_carea' id='block_1_82' title="bbox 2914 1406 3291 1476">
    <p class='ocr_par' dir='ltr' id='par_1_82' title="bbox 2914 1406 3291 1476">
     <span class='ocr_line' id='line_1_82' title="bbox 2914 1406 3291 1476; baseline 0.008 -18"><span class='ocrx_word' id='word_1_304' title='bbox 2914 1406 2978 1476; x_wconf 84' lang='lat' dir='ltr'><strong>(i)</strong></span> <span class='ocrx_word' id='word_1_305' title='bbox 3004 1408 3183 1462; x_wconf 87' lang='lat' dir='ltr'><strong>dicitis</strong></span> <span class='ocrx_word' id='word_1_306' title='bbox 3213 1410 3250 1476; x_wconf 60' lang='grc' dir='ltr'><strong>ἠ-</strong></span> <span class='ocrx_word' id='word_1_307' title='bbox 3281 1428 3291 1461; x_wconf 79' lang='grc' dir='ltr'>ε</span> 
     </span>
    </p>
   </div>
   <div class='ocr_carea' id='block_1_83' title="bbox 2913 1478 3314 1535">
    <p class='ocr_par' dir='ltr' id='par_1_83' title="bbox 2913 1478 3314 1535">
     <span class='ocr_line' id='line_1_83' title="bbox 2913 1478 3314 1535; baseline 0.005 -2"><span class='ocrx_word' id='word_1_308' title='bbox 2913 1478 3062 1533; x_wconf 86' lang='lat' dir='ltr'><strong>Servi</strong></span> <span class='ocrx_word' id='word_1_309' title='bbox 3096 1480 3314 1535; x_wconf 91' lang='lat' dir='ltr'><strong>inutiles</strong></span> 
     </span>
    </p>
   </div>
   <div class='ocr_carea' id='block_1_84' title="bbox 2912 1553 3315 1616">
    <p class='ocr_par' dir='ltr' id='par_1_84' title="bbox 2912 1553 3315 1616">
     <span class='ocr_line' id='line_1_84' title="bbox 2912 1553 3315 1616; baseline 0.01 -13"><span class='ocrx_word' id='word_1_310' title='bbox 2912 1566 3100 1606; x_wconf 88' lang='lat' dir='ltr'><strong>smnus</strong></span> <span class='ocrx_word' id='word_1_311' title='bbox 3126 1553 3315 1616; x_wconf 65' lang='lat' dir='ltr'><strong>:oquod</strong></span> 
     </span>
    </p>
   </div>
   <div class='ocr_carea' id='block_1_85' title="bbox 2914 1621 3376 1681">
    <p class='ocr_par' dir='ltr' id='par_1_85' title="bbox 2914 1621 3376 1681">
     <span class='ocr_line' id='line_1_85' title="bbox 2914 1621 3376 1681; baseline 0.013 -5"><span class='ocrx_word' id='word_1_312' title='bbox 2914 1621 3200 1677; x_wconf 87' lang='lat' dir='ltr'><strong>debuimus</strong></span> <span class='ocrx_word' id='word_1_313' title='bbox 3234 1625 3376 1681; x_wconf 86' lang='lat' dir='ltr'><strong>face-</strong></span> 
     </span>
    </p>
   </div>
   <div class='ocr_carea' id='block_1_86' title="bbox 2918 1694 3275 1758">
    <p class='ocr_par' dir='ltr' id='par_1_86' title="bbox 2918 1694 3275 1758">
     <span class='ocr_line' id='line_1_86' title="bbox 2918 1694 3275 1758; baseline 0.014 -12"><span class='ocrx_word' id='word_1_314' title='bbox 2918 1710 2996 1758; x_wconf 89' lang='lat' dir='ltr'><strong>re,</strong></span> <span class='ocrx_word' id='word_1_315' title='bbox 3028 1694 3275 1751; x_wconf 78' lang='lat' dir='ltr'><strong>fecimus.</strong></span> 
     </span>
    </p>
   </div>
   <div class='ocr_carea' id='block_1_87' title="bbox 2918 1766 3341 1823">
    <p class='ocr_par' dir='ltr' id='par_1_87' title="bbox 2918 1766 3341 1823">
     <span class='ocr_line' id='line_1_87' title="bbox 2918 1766 3341 1823; baseline 0.009 -4"><span class='ocrx_word' id='word_1_316' title='bbox 2918 1766 3004 1819; x_wconf 88' lang='lat'><strong>11.</strong></span> <span class='ocrx_word' id='word_1_317' title='bbox 3049 1767 3113 1821; x_wconf 86' lang='lat' dir='ltr'><strong>Et</strong></span> <span class='ocrx_word' id='word_1_318' title='bbox 3144 1767 3341 1823; x_wconf 80' lang='lat' dir='ltr'><strong>factum</strong></span> 
     </span>
    </p>
   </div>
   <div class='ocr_carea' id='block_1_88' title="bbox 2914 1838 3338 1902">
    <p class='ocr_par' dir='ltr' id='par_1_88' title="bbox 2914 1838 3338 1902">
     <span class='ocr_line' id='line_1_88' title="bbox 2914 1838 3338 1902; baseline 0.012 -11"><span class='ocrx_word' id='word_1_319' title='bbox 2914 1848 3018 1902; x_wconf 90' lang='lat' dir='ltr'><strong>est,</strong></span> <span class='ocrx_word' id='word_1_320' title='bbox 3050 1838 3177 1893; x_wconf 93' lang='lat' dir='ltr'><strong>dum</strong></span> <span class='ocrx_word' id='word_1_321' title='bbox 3213 1839 3338 1895; x_wconf 84' lang='lat' dir='ltr'><strong>Hie-</strong></span> 
     </span>
    </p>
   </div>
   <div class='ocr_carea' id='block_1_89' title="bbox 2913 1910 3307 1976">
    <p class='ocr_par' dir='ltr' id='par_1_89' title="bbox 2913 1910 3307 1976">
     <span class='ocr_line' id='line_1_89' title="bbox 2913 1910 3307 1976; baseline 0.003 -13"><span class='ocrx_word' id='word_1_322' title='bbox 2913 1910 3149 1964; x_wconf 81' lang='lat' dir='ltr'><strong>rusaleui</strong></span> <span class='ocrx_word' id='word_1_323' title='bbox 3183 1912 3307 1976; x_wconf 90' lang='lat' dir='ltr'><strong>iret,</strong></span> 
     </span>
    </p>
   </div>
   <div class='ocr_carea' id='block_1_90' title="bbox 2917 1984 3301 2049">
    <p class='ocr_par' dir='ltr' id='par_1_90' title="bbox 2917 1984 3301 2049">
     <span class='ocr_line' id='line_1_90' title="bbox 2917 1984 3301 2049; baseline 0.008 -15"><span class='ocrx_word' id='word_1_324' title='bbox 2917 1984 3180 2037; x_wconf 84' lang='lat' dir='ltr'><strong>transibat</strong></span> <span class='ocrx_word' id='word_1_325' title='bbox 3207 1999 3301 2049; x_wconf 81' lang='lat' dir='ltr'><strong>per</strong></span> 
     </span>
    </p>
   </div>
   <div class='ocr_carea' id='block_1_91' title="bbox 2915 2054 3273 2109">
    <p class='ocr_par' dir='ltr' id='par_1_91' title="bbox 2915 2054 3273 2109">
     <span class='ocr_line' id='line_1_91' title="bbox 2915 2054 3273 2109; baseline 0.006 -2"><span class='ocrx_word' id='word_1_326' title='bbox 2915 2054 3150 2108; x_wconf 88' lang='lat' dir='ltr'><strong>mediam</strong></span> <span class='ocrx_word' id='word_1_327' title='bbox 3175 2056 3273 2109; x_wconf 89' lang='lat' dir='ltr'><strong>Sa-</strong></span> 
     </span>
    </p>
   </div>
   <div class='ocr_carea' id='block_1_92' title="bbox 2086 1624 2485 1688">
    <p class='ocr_par' dir='ltr' id='par_1_92' title="bbox 2086 1624 2485 1688">
     <span class='ocr_line' id='line_1_92' title="bbox 2086 1624 2485 1688; baseline -0.003 -10"><span class='ocrx_word' id='word_1_328' title='bbox 2086 1624 2397 1688; x_wconf 75' lang='lat' dir='ltr'><strong>Eradieare,</strong></span> <span class='ocrx_word' id='word_1_329' title='bbox 2430 1635 2485 1679; x_wconf 90' lang='lat' dir='ltr'><strong>et</strong></span> 
     </span>
    </p>
   </div>
   <div class='ocr_carea' id='block_1_93' title="bbox 2084 1695 2559 1764">
    <p class='ocr_par' dir='ltr' id='par_1_93' title="bbox 2084 1695 2559 1764">
     <span class='ocr_line' id='line_1_93' title="bbox 2084 1695 2559 1764; baseline -0.002 -15"><span class='ocrx_word' id='word_1_330' title='bbox 2084 1698 2483 1764; x_wconf 83' lang='lat' dir='ltr'><strong>transplantare</strong></span> <span class='ocrx_word' id='word_1_331' title='bbox 2506 1695 2559 1748; x_wconf 93' lang='lat' dir='ltr'><strong>in</strong></span> 
     </span>
    </p>
   </div>
   <div class='ocr_carea' id='block_1_94' title="bbox 2079 1767 2601 1839">
    <p class='ocr_par' dir='ltr' id='par_1_94' title="bbox 2079 1767 2601 1839">
     <span class='ocr_line' id='line_1_94' title="bbox 2079 1767 2601 1839; baseline 0.004 -18"><span class='ocrx_word' id='word_1_332' title='bbox 2079 1783 2230 1822; x_wconf 83' lang='lat' dir='ltr'><strong>mare</strong></span> <span class='ocrx_word' id='word_1_333' title='bbox 2262 1787 2275 1822; x_wconf 89' lang='lat'><strong>:</strong></span> <span class='ocrx_word' id='word_1_334' title='bbox 2305 1767 2378 1839; x_wconf 75' lang='grc' dir='ltr'><strong>(ὁ)</strong></span> <span class='ocrx_word' id='word_1_335' title='bbox 2411 1770 2601 1839; x_wconf 84' lang='lat' dir='ltr'><strong>utique</strong></span> 
     </span>
    </p>
   </div>
   <div class='ocr_carea' id='block_1_95' title="bbox 2080 1839 2468 1909">
    <p class='ocr_par' dir='ltr' id='par_1_95' title="bbox 2080 1839 2468 1909">
     <span class='ocr_line' id='line_1_95' title="bbox 2080 1839 2468 1909; baseline 0 -16"><span class='ocrx_word' id='word_1_336' title='bbox 2080 1839 2400 1895; x_wconf 88' lang='lat' dir='ltr'><strong>obaudisset</strong></span> <span class='ocrx_word' id='word_1_337' title='bbox 2426 1839 2468 1909; x_wconf 75' lang='grc' dir='ltr'><strong>-ι-</strong></span> 
     </span>
    </p>
   </div>
   <div class='ocr_carea' id='block_1_96' title="bbox 2078 1911 2255 1977">
    <p class='ocr_par' dir='ltr' id='par_1_96' title="bbox 2078 1911 2255 1977">
     <span class='ocr_line' id='line_1_96' title="bbox 2078 1911 2255 1977; baseline -0.006 -12"><span class='ocrx_word' id='word_1_338' title='bbox 2078 1911 2255 1977; x_wconf 78' lang='lat' dir='ltr'><strong>Vobis,</strong></span> 
     </span>
    </p>
   </div>
   <div class='ocr_carea' id='block_1_97' title="bbox 2081 1982 2517 2051">
    <p class='ocr_par' dir='ltr' id='par_1_97' title="bbox 2081 1982 2517 2051">
     <span class='ocr_line' id='line_1_97' title="bbox 2081 1982 2517 2051; baseline 0 -15"><span class='ocrx_word' id='word_1_339' title='bbox 2081 1982 2135 2036; x_wconf 93' lang='lat'><strong>7.</strong></span> <span class='ocrx_word' id='word_1_340' title='bbox 2177 1983 2307 2051; x_wconf 86' lang='lat' dir='ltr'><strong>Quis</strong></span> <span class='ocrx_word' id='word_1_341' title='bbox 2336 1993 2517 2038; x_wconf 89' lang='lat' dir='ltr'><strong>autem</strong></span> 
     </span>
    </p>
   </div>
   <div class='ocr_carea' id='block_1_98' title="bbox 2085 2055 2533 2111">
    <p class='ocr_par' dir='ltr' id='par_1_98' title="bbox 2085 2055 2533 2111">
     <span class='ocr_line' id='line_1_98' title="bbox 2085 2055 2533 2111; baseline 0.004 -4"><span class='ocrx_word' id='word_1_342' title='bbox 2085 2055 2293 2109; x_wconf 87' lang='lat' dir='ltr'><strong>habens</strong></span> <span class='ocrx_word' id='word_1_343' title='bbox 2319 2070 2533 2111; x_wconf 88' lang='lat' dir='ltr'><strong>servum</strong></span> 
     </span>
    </p>
   </div>
   <div class='ocr_carea' id='block_1_99' title="bbox 2082 2127 3263 2192">
    <p class='ocr_par' dir='ltr' id='par_1_99' title="bbox 2082 2127 3263 2192">
     <span class='ocr_line' id='line_1_99' title="bbox 2082 2127 3263 2192; baseline -0.001 -12"><span class='ocrx_word' id='word_1_344' title='bbox 2082 2138 2350 2192; x_wconf 90' lang='lat' dir='ltr'><strong>arantem,</strong></span> <span class='ocrx_word' id='word_1_345' title='bbox 2380 2137 2474 2181; x_wconf 90' lang='lat' dir='ltr'><strong>aut</strong></span> <span class='ocrx_word' id='word_1_346' title='bbox 2916 2127 3140 2180; x_wconf 83' lang='lat' dir='ltr'><strong>marium</strong></span> <span class='ocrx_word' id='word_1_347' title='bbox 3160 2169 3173 2190; x_wconf 89' lang='lat'><strong>,</strong></span> <span class='ocrx_word' id='word_1_348' title='bbox 3207 2136 3263 2181; x_wconf 91' lang='lat' dir='ltr'><strong>et</strong></span> 
     </span>
    </p>
   </div>
   <div class='ocr_carea' id='block_1_100' title="bbox 2084 2194 3201 2269">
    <p class='ocr_par' dir='ltr' id='par_1_100' title="bbox 2084 2194 3201 2269">
     <span class='ocr_line' id='line_1_100' title="bbox 2084 2194 3201 2269; baseline 0.001 -17"><span class='ocrx_word' id='word_1_349' title='bbox 2084 2197 2159 2269; x_wconf 89' lang='lat' dir='ltr'><strong>(c)</strong></span> <span class='ocrx_word' id='word_1_350' title='bbox 2190 2196 2253 2253; x_wconf 92' lang='grc' dir='ltr'><strong>Ο.</strong></span> <span class='ocrx_word' id='word_1_351' title='bbox 2302 2240 2314 2251; x_wconf 94' lang='grc'><strong>.</strong></span> <span class='ocrx_word' id='word_1_352' title='bbox 2363 2241 2375 2253; x_wconf 93' lang='grc'><strong>.</strong></span> <span class='ocrx_word' id='word_1_353' title='bbox 2418 2199 2461 2269; x_wconf 78' lang='grc' dir='ltr'><strong>-ι-</strong></span> <span class='ocrx_word' id='word_1_354' title='bbox 2916 2194 3201 2269; x_wconf 83' lang='lat' dir='ltr'><strong>Galileam,</strong></span> 
     </span>
    </p>
   </div>
   <div class='ocr_carea' id='block_1_101' title="bbox 2086 2268 3278 2326">
    <p class='ocr_par' dir='ltr' id='par_1_101' title="bbox 2086 2268 3278 2326">
     <span class='ocr_line' id='line_1_101' title="bbox 2086 2268 3278 2326; baseline 0 -3"><span class='ocrx_word' id='word_1_355' title='bbox 2086 2268 2103 2323; x_wconf 79' lang='lat'><strong>.</strong></span> <span class='ocrx_word' id='word_1_356' title='bbox 2140 2268 2164 2322; x_wconf 24' lang='grc' dir='ltr'><strong>ί.</strong></span> <span class='ocrx_word' id='word_1_357' title='bbox 2211 2308 2225 2323; x_wconf 93' lang='grc'><strong>.</strong></span> <span class='ocrx_word' id='word_1_358' title='bbox 2264 2268 2481 2326; x_wconf 77' lang='lat' dir='ltr'><strong>ceutein</strong></span> <span class='ocrx_word' id='word_1_359' title='bbox 2918 2279 2971 2323; x_wconf 93' lang='lat' dir='ltr'><strong>et</strong></span> <span class='ocrx_word' id='word_1_360' title='bbox 3006 2268 3278 2323; x_wconf 86' lang='lat' dir='ltr'><strong>lliericlto.</strong></span> 
     </span>
    </p>
   </div>
   <div class='ocr_carea' id='block_1_102' title="bbox 2087 2340 3475 2406">
    <p class='ocr_par' dir='ltr' id='par_1_102' title="bbox 2087 2340 3475 2406">
     <span class='ocr_line' id='line_1_102' title="bbox 2087 2340 3475 2406; baseline 0.002 -12"><span class='ocrx_word' id='word_1_361' title='bbox 2087 2380 2101 2394; x_wconf 95' lang='lat'><strong>.</strong></span> <span class='ocrx_word' id='word_1_362' title='bbox 2146 2383 2158 2395; x_wconf 92' lang='lat'><strong>.</strong></span> <span class='ocrx_word' id='word_1_363' title='bbox 2206 2383 2217 2394; x_wconf 93' lang='lat'><strong>.</strong></span> <span class='ocrx_word' id='word_1_364' title='bbox 2264 2384 2278 2397; x_wconf 91' lang='lat'><strong>.</strong></span> <span class='ocrx_word' id='word_1_365' title='bbox 2327 2384 2339 2395; x_wconf 93' lang='lat'><strong>.</strong></span> <span class='ocrx_word' id='word_1_366' title='bbox 2386 2384 2398 2395; x_wconf 94' lang='lat'><strong>.</strong></span> <span class='ocrx_word' id='word_1_367' title='bbox 2446 2385 2458 2396; x_wconf 93' lang='lat'><strong>.</strong></span> <span class='ocrx_word' id='word_1_368' title='bbox 2506 2383 2517 2393; x_wconf 95' lang='lat'><strong>.</strong></span> <span class='ocrx_word' id='word_1_369' title='bbox 2921 2340 3007 2393; x_wconf 74' lang='lat'><strong>1‘2.</strong></span> <span class='ocrx_word' id='word_1_370' title='bbox 3054 2341 3119 2394; x_wconf 84' lang='lat' dir='ltr'><strong>Et</strong></span> <span class='ocrx_word' id='word_1_371' title='bbox 3152 2340 3475 2406; x_wconf 74' lang='lat' dir='ltr'><strong>ingredienti</strong></span> 
     </span>
    </p>
   </div>
   <div class='ocr_carea' id='block_1_103' title="bbox 2082 2412 3320 2482">
    <p class='ocr_par' dir='ltr' id='par_1_103' title="bbox 2082 2412 3320 2482">
     <span class='ocr_line' id='line_1_103' title="bbox 2082 2412 3320 2482; baseline -0.001 -15"><span class='ocrx_word' id='word_1_372' title='bbox 2082 2414 2416 2482; x_wconf 89' lang='lat' dir='ltr'><strong>regredienti</strong></span> <span class='ocrx_word' id='word_1_373' title='bbox 2920 2412 2968 2465; x_wconf 92' lang='lat' dir='ltr'><strong>ei</strong></span> <span class='ocrx_word' id='word_1_374' title='bbox 3003 2412 3055 2465; x_wconf 92' lang='lat' dir='ltr'><strong>in</strong></span> <span class='ocrx_word' id='word_1_375' title='bbox 3088 2412 3320 2482; x_wconf 85' lang='lat' dir='ltr'><strong>quodam</strong></span> 
     </span>
    </p>
   </div>
   <div class='ocr_carea' id='block_1_104' title="bbox 2082 2484 2539 2557">
    <p class='ocr_par' dir='ltr' id='par_1_104' title="bbox 2082 2484 2539 2557">
     <span class='ocr_line' id='line_1_104' title="bbox 2082 2484 2539 2557; baseline -0.002 -18"><span class='ocrx_word' id='word_1_376' title='bbox 2082 2486 2149 2539; x_wconf 91' lang='lat' dir='ltr'><strong>de</strong></span> <span class='ocrx_word' id='word_1_377' title='bbox 2179 2501 2329 2557; x_wconf 85' lang='lat' dir='ltr'><strong>agro,</strong></span> <span class='ocrx_word' id='word_1_378' title='bbox 2351 2484 2431 2557; x_wconf 81' lang='grc' dir='ltr'><strong>(ά)</strong></span> <span class='ocrx_word' id='word_1_379' title='bbox 2452 2485 2539 2557; x_wconf 14' lang='lat' dir='ltr'><strong>7di-</strong></span> 
     </span>
    </p>
   </div>
   <div class='ocr_carea' id='block_1_105' title="bbox 2082 2554 2659 2626">
    <p class='ocr_par' dir='ltr' id='par_1_105' title="bbox 2082 2554 2659 2626">
     <span class='ocr_line' id='line_1_105' title="bbox 2082 2554 2659 2626; baseline -0.007 -15"><span class='ocrx_word' id='word_1_380' title='bbox 2082 2564 2170 2611; x_wconf 90' lang='lat' dir='ltr'><strong>cet</strong></span> <span class='ocrx_word' id='word_1_381' title='bbox 2200 2556 2241 2626; x_wconf 76' lang='grc' dir='ltr'><strong>-ι-</strong></span> <span class='ocrx_word' id='word_1_382' title='bbox 2275 2554 2363 2610; x_wconf 85' lang='lat' dir='ltr'><strong>illi</strong></span> <span class='ocrx_word' id='word_1_383' title='bbox 2389 2554 2659 2623; x_wconf 60' lang='lat' dir='ltr'><strong>:&#39;Transi,</strong></span> 
     </span>
    </p>
   </div>
   <div class='ocr_carea' id='block_1_106' title="bbox 2081 2626 2603 2700">
    <p class='ocr_par' dir='ltr' id='par_1_106' title="bbox 2081 2626 2603 2700">
     <span class='ocr_line' id='line_1_106' title="bbox 2081 2626 2603 2700; baseline -0.002 -17"><span class='ocrx_word' id='word_1_384' title='bbox 2081 2630 2343 2700; x_wconf 81' lang='lat' dir='ltr'><strong>recumhe</strong></span> <span class='ocrx_word' id='word_1_385' title='bbox 2369 2644 2381 2679; x_wconf 90' lang='lat'><strong>:</strong></span> <span class='ocrx_word' id='word_1_386' title='bbox 2408 2628 2481 2700; x_wconf 82' lang='grc' dir='ltr'><strong>(ε)</strong></span> <span class='ocrx_word' id='word_1_387' title='bbox 2507 2626 2603 2682; x_wconf 90' lang='lat' dir='ltr'><strong>sed</strong></span> 
     </span>
    </p>
   </div>
   <div class='ocr_carea' id='block_1_107' title="bbox 2919 2484 3254 2546">
    <p class='ocr_par' dir='ltr' id='par_1_107' title="bbox 2919 2484 3254 2546">
     <span class='ocr_line' id='line_1_107' title="bbox 2919 2484 3254 2546; baseline 0 -9"><span class='ocrx_word' id='word_1_388' title='bbox 2919 2484 3167 2546; x_wconf 79' lang='lat' dir='ltr'><strong>caSIello.</strong></span> <span class='ocrx_word' id='word_1_389' title='bbox 3200 2494 3254 2539; x_wconf 89' lang='lat' dir='ltr'><strong>et</strong></span> 
     </span>
    </p>
   </div>
   <div class='ocr_carea' id='block_1_108' title="bbox 2919 2557 3259 2610">
    <p class='ocr_par' dir='ltr' id='par_1_108' title="bbox 2919 2557 3259 2610">
     <span class='ocr_line' id='line_1_108' title="bbox 2919 2557 3259 2610; baseline 0.003 -1"><span class='ocrx_word' id='word_1_390' title='bbox 2919 2570 3047 2609; x_wconf 89' lang='lat' dir='ltr'><strong>ecce</strong></span> <span class='ocrx_word' id='word_1_391' title='bbox 3073 2557 3259 2610; x_wconf 82' lang='lat' dir='ltr'><strong>decem</strong></span> 
     </span>
    </p>
   </div>
   <div class='ocr_carea' id='block_1_109' title="bbox 2919 2627 3254 2698">
    <p class='ocr_par' dir='ltr' id='par_1_109' title="bbox 2919 2627 3254 2698">
     <span class='ocr_line' id='line_1_109' title="bbox 2919 2627 3254 2698; baseline 0.006 -19"><span class='ocrx_word' id='word_1_392' title='bbox 2919 2627 3022 2680; x_wconf 88' lang='lat' dir='ltr'><strong>viri</strong></span> <span class='ocrx_word' id='word_1_393' title='bbox 3054 2628 3254 2698; x_wconf 90' lang='lat' dir='ltr'><strong>Ieprosi</strong></span> 
     </span>
    </p>
   </div>
   <div class='ocr_carea' id='block_1_110' title="bbox 2083 2698 3187 2769">
    <p class='ocr_par' dir='ltr' id='par_1_110' title="bbox 2083 2698 3187 2769">
     <span class='ocr_line' id='line_1_110' title="bbox 2083 2698 3187 2769; baseline -0.002 -16"><span class='ocrx_word' id='word_1_394' title='bbox 2083 2698 2227 2753; x_wconf 90' lang='lat' dir='ltr'><strong>dicet</strong></span> <span class='ocrx_word' id='word_1_395' title='bbox 2249 2698 2287 2769; x_wconf 65' lang='grc' dir='ltr'><strong>-ίι</strong></span> <span class='ocrx_word' id='word_1_396' title='bbox 2312 2698 2386 2754; x_wconf 91' lang='lat' dir='ltr'><strong>illi</strong></span> <span class='ocrx_word' id='word_1_397' title='bbox 2420 2698 2433 2752; x_wconf 71' lang='grc' dir='ltr'>ἐ</span> <span class='ocrx_word' id='word_1_398' title='bbox 2462 2698 2467 2699; x_wconf 56' lang='grc'><strong><em>⁷</em></strong></span> <span class='ocrx_word' id='word_1_399' title='bbox 2918 2706 3187 2753; x_wconf 90' lang='lat' dir='ltr'><strong>steterunt</strong></span> 
     </span>
    </p>
   </div>
   <div class='ocr_carea' id='block_1_111' title="bbox 2084 2769 3397 2841">
    <p class='ocr_par' dir='ltr' id='par_1_111' title="bbox 2084 2769 3397 2841">
     <span class='ocr_line' id='line_1_111' title="bbox 2084 2769 3397 2841; baseline 0 -15"><span class='ocrx_word' id='word_1_400' title='bbox 2084 2771 2222 2826; x_wconf 80' lang='lat' dir='ltr'><strong>Pura</strong></span> <span class='ocrx_word' id='word_1_401' title='bbox 2252 2770 2407 2836; x_wconf 83' lang='lat' dir='ltr'><strong>mihi,</strong></span> <span class='ocrx_word' id='word_1_402' title='bbox 2918 2769 3008 2823; x_wconf 81' lang='grc'><strong>15.</strong></span> <span class='ocrx_word' id='word_1_403' title='bbox 3050 2786 3076 2821; x_wconf 88' lang='lat' dir='ltr'><strong>a</strong></span> <span class='ocrx_word' id='word_1_404' title='bbox 3110 2771 3295 2841; x_wconf 87' lang='lat' dir='ltr'><strong>longe;</strong></span> <span class='ocrx_word' id='word_1_405' title='bbox 3342 2786 3397 2828; x_wconf 84' lang='lat' dir='ltr'><strong>et</strong></span> 
     </span>
    </p>
   </div>
   <div class='ocr_carea' id='block_1_112' title="bbox 2082 2841 3241 2912">
    <p class='ocr_par' dir='ltr' id='par_1_112' title="bbox 2082 2841 3241 2912">
     <span class='ocr_line' id='line_1_112' title="bbox 2082 2841 3241 2912; baseline 0 -16"><span class='ocrx_word' id='word_1_406' title='bbox 2082 2842 2226 2912; x_wconf 91' lang='lat' dir='ltr'><strong>quod</strong></span> <span class='ocrx_word' id='word_1_407' title='bbox 2260 2858 2481 2903; x_wconf 85' lang='lat' dir='ltr'><strong>cenem;</strong></span> <span class='ocrx_word' id='word_1_408' title='bbox 2918 2841 3241 2897; x_wconf 86' lang='lat' dir='ltr'><strong>levaverunt</strong></span> 
     </span>
    </p>
   </div>
   <div class='ocr_carea' id='block_1_113' title="bbox 2083 2915 3353 2985">
    <p class='ocr_par' dir='ltr' id='par_1_113' title="bbox 2083 2915 3353 2985">
     <span class='ocr_line' id='line_1_113' title="bbox 2083 2915 3353 2985; baseline -0.002 -14"><span class='ocrx_word' id='word_1_409' title='bbox 2083 2923 2139 2971; x_wconf 87' lang='lat' dir='ltr'><strong>et</strong></span> <span class='ocrx_word' id='word_1_410' title='bbox 2164 2915 2453 2985; x_wconf 73' lang='lat' dir='ltr'><strong>praeeinge</strong></span> <span class='ocrx_word' id='word_1_411' title='bbox 2918 2929 3128 2985; x_wconf 89' lang='lat' dir='ltr'><strong>vocem,</strong></span> <span class='ocrx_word' id='word_1_412' title='bbox 3162 2915 3353 2970; x_wconf 89' lang='lat' dir='ltr'><strong>dicen-</strong></span> 
     </span>
    </p>
   </div>
   <div class='ocr_carea' id='block_1_114' title="bbox 2082 2984 3203 3051">
    <p class='ocr_par' dir='ltr' id='par_1_114' title="bbox 2082 2984 3203 3051">
     <span class='ocr_line' id='line_1_114' title="bbox 2082 2984 3203 3051; baseline 0 -10"><span class='ocrx_word' id='word_1_413' title='bbox 2082 2984 2171 3051; x_wconf 78' lang='lat' dir='ltr'><strong>te,</strong></span> <span class='ocrx_word' id='word_1_414' title='bbox 2193 2995 2247 3041; x_wconf 90' lang='lat' dir='ltr'><strong>et</strong></span> <span class='ocrx_word' id='word_1_415' title='bbox 2277 2986 2523 3040; x_wconf 88' lang='lat' dir='ltr'><strong>ministra</strong></span> <span class='ocrx_word' id='word_1_416' title='bbox 2918 2994 3001 3040; x_wconf 86' lang='lat' dir='ltr'><strong>tes</strong></span> <span class='ocrx_word' id='word_1_417' title='bbox 3033 3004 3044 3038; x_wconf 86' lang='lat'>:</span> <span class='ocrx_word' id='word_1_418' title='bbox 3075 2984 3203 3041; x_wconf 82' lang='lat' dir='ltr'><strong>Jesu</strong></span> 
     </span>
    </p>
   </div>
   <div class='ocr_carea' id='block_1_115' title="bbox 2083 3056 3273 3127">
    <p class='ocr_par' dir='ltr' id='par_1_115' title="bbox 2083 3056 3273 3127">
     <span class='ocr_line' id='line_1_115' title="bbox 2083 3056 3273 3127; baseline 0 -14"><span class='ocrx_word' id='word_1_419' title='bbox 2083 3058 2241 3119; x_wconf 87' lang='lat' dir='ltr'><strong>mihi,</strong></span> <span class='ocrx_word' id='word_1_420' title='bbox 2271 3058 2448 3113; x_wconf 90' lang='lat' dir='ltr'><strong>donec</strong></span> <span class='ocrx_word' id='word_1_421' title='bbox 2920 3056 3273 3127; x_wconf 83' lang='lat' dir='ltr'><strong>Praeceptor,</strong></span> 
     </span>
    </p>
   </div>
   <div class='ocr_carea' id='block_1_116' title="bbox 2920 3128 3315 3185">
    <p class='ocr_par' dir='ltr' id='par_1_116' title="bbox 2920 3128 3315 3185">
     <span class='ocr_line' id='line_1_116' title="bbox 2920 3128 3315 3185; baseline 0.005 -4"><span class='ocrx_word' id='word_1_422' title='bbox 2920 3128 3185 3185; x_wconf 86' lang='lat' dir='ltr'><strong>miserere</strong></span> <span class='ocrx_word' id='word_1_423' title='bbox 3217 3147 3315 3184; x_wconf 82' lang='lat' dir='ltr'><strong>uo-</strong></span> 
     </span>
    </p>
   </div>
   <div class='ocr_carea' id='block_1_117' title="bbox 2922 3200 3427 3269">
    <p class='ocr_par' dir='ltr' id='par_1_117' title="bbox 2922 3200 3427 3269">
     <span class='ocr_line' id='line_1_117' title="bbox 2922 3200 3427 3269; baseline 0.008 -16"><span class='ocrx_word' id='word_1_424' title='bbox 2922 3200 3011 3253; x_wconf 81' lang='grc'><strong>14.</strong></span> <span class='ocrx_word' id='word_1_425' title='bbox 3054 3202 3159 3257; x_wconf 74' lang='lat' dir='ltr'><strong>bis.</strong></span> <span class='ocrx_word' id='word_1_426' title='bbox 3192 3203 3341 3269; x_wconf 87' lang='lat' dir='ltr'><strong>Quos</strong></span> <span class='ocrx_word' id='word_1_427' title='bbox 3370 3212 3427 3257; x_wconf 89' lang='lat' dir='ltr'><strong>ut</strong></span> 
     </span>
    </p>
   </div>
   <div class='ocr_carea' id='block_1_118' title="bbox 2919 3273 3287 3334">
    <p class='ocr_par' dir='ltr' id='par_1_118' title="bbox 2919 3273 3287 3334">
     <span class='ocr_line' id='line_1_118' title="bbox 2919 3273 3287 3334; baseline 0.008 -10"><span class='ocrx_word' id='word_1_428' title='bbox 2919 3273 3075 3334; x_wconf 88' lang='lat' dir='ltr'><strong>vidit.</strong></span> <span class='ocrx_word' id='word_1_429' title='bbox 3107 3273 3287 3328; x_wconf 73' lang='lat' dir='ltr'><strong>dixit:</strong></span> 
     </span>
    </p>
   </div>
   <div class='ocr_carea' id='block_1_119' title="bbox 2862 3341 3327 3408">
    <p class='ocr_par' dir='ltr' id='par_1_119' title="bbox 2862 3341 3327 3408">
     <span class='ocr_line' id='line_1_119' title="bbox 2862 3341 3327 3408; baseline 0.009 -11"><span class='ocrx_word' id='word_1_430' title='bbox 2862 3370 2875 3383; x_wconf 86' lang='lat'><strong>-</strong></span> <span class='ocrx_word' id='word_1_431' title='bbox 2918 3341 3017 3408; x_wconf 91' lang='lat' dir='ltr'><strong>Ite,</strong></span> <span class='ocrx_word' id='word_1_432' title='bbox 3048 3346 3327 3401; x_wconf 83' lang='lat' dir='ltr'><strong>ostendite</strong></span> 
     </span>
    </p>
   </div>
   <div class='ocr_carea' id='block_1_120' title="bbox 2085 3130 2434 3195">
    <p class='ocr_par' dir='ltr' id='par_1_120' title="bbox 2085 3130 2434 3195">
     <span class='ocr_line' id='line_1_120' title="bbox 2085 3130 2434 3195; baseline 0 -12"><span class='ocrx_word' id='word_1_433' title='bbox 2085 3130 2434 3195; x_wconf 89' lang='lat' dir='ltr'><strong>manducem,</strong></span> 
     </span>
    </p>
   </div>
   <div class='ocr_carea' id='block_1_121' title="bbox 2084 3202 2466 3257">
    <p class='ocr_par' dir='ltr' id='par_1_121' title="bbox 2084 3202 2466 3257">
     <span class='ocr_line' id='line_1_121' title="bbox 2084 3202 2466 3257; baseline -0.01 0"><span class='ocrx_word' id='word_1_434' title='bbox 2084 3212 2137 3257; x_wconf 92' lang='lat' dir='ltr'><strong>et</strong></span> <span class='ocrx_word' id='word_1_435' title='bbox 2167 3202 2344 3257; x_wconf 79' lang='lat' dir='ltr'><strong>bibant</strong></span> <span class='ocrx_word' id='word_1_436' title='bbox 2372 3219 2384 3253; x_wconf 88' lang='lat'>:</span> <span class='ocrx_word' id='word_1_437' title='bbox 2414 3210 2466 3255; x_wconf 89' lang='lat' dir='ltr'><strong>et</strong></span> 
     </span>
    </p>
   </div>
   <div class='ocr_carea' id='block_1_122' title="bbox 2086 3274 2430 3327">
    <p class='ocr_par' dir='ltr' id='par_1_122' title="bbox 2086 3274 2430 3327">
     <span class='ocr_line' id='line_1_122' title="bbox 2086 3274 2430 3327; baseline 0 0"><span class='ocrx_word' id='word_1_438' title='bbox 2086 3274 2167 3327; x_wconf 88' lang='lat' dir='ltr'><strong>sic</strong></span> <span class='ocrx_word' id='word_1_439' title='bbox 2194 3285 2245 3324; x_wconf 93' lang='lat' dir='ltr'><strong>tu</strong></span> <span class='ocrx_word' id='word_1_440' title='bbox 2277 3289 2430 3327; x_wconf 90' lang='lat' dir='ltr'><strong>man-</strong></span> 
     </span>
    </p>
   </div>
   <div class='ocr_carea' id='block_1_123' title="bbox 2083 3343 2393 3399">
    <p class='ocr_par' dir='ltr' id='par_1_123' title="bbox 2083 3343 2393 3399">
     <span class='ocr_line' id='line_1_123' title="bbox 2083 3343 2393 3399; baseline 0.006 -2"><span class='ocrx_word' id='word_1_441' title='bbox 2083 3343 2310 3399; x_wconf 90' lang='lat' dir='ltr'><strong>ducabis</strong></span> <span class='ocrx_word' id='word_1_442' title='bbox 2336 3354 2393 3399; x_wconf 88' lang='lat' dir='ltr'><strong>et</strong></span> 
     </span>
    </p>
   </div>
   <div class='ocr_carea' id='block_1_124' title="bbox 1695 3436 2369 3495">
    <p class='ocr_par' dir='ltr' id='par_1_124' title="bbox 1695 3436 2369 3495">
     <span class='ocr_line' id='line_1_124' title="bbox 1695 3436 2369 3495; baseline -0.001 -4"><span class='ocrx_word' id='word_1_443' title='bbox 1695 3437 1930 3495; x_wconf 80' lang='lat' dir='ltr'><strong>CODEX</strong></span> <span class='ocrx_word' id='word_1_444' title='bbox 1970 3436 2134 3492; x_wconf 82' lang='lat' dir='ltr'><strong>BRIX</strong></span> <span class='ocrx_word' id='word_1_445' title='bbox 2147 3436 2369 3493; x_wconf 76' lang='lat' dir='ltr'><strong>IANUS.</strong></span> 
     </span>
    </p>
   </div>
   <div class='ocr_carea' id='block_1_125' title="bbox 374 3533 1975 3591">
    <p class='ocr_par' dir='ltr' id='par_1_125' title="bbox 374 3533 1975 3591">
     <span class='ocr_line' id='line_1_125' title="bbox 374 3533 1975 3591; baseline -0.002 -2"><span class='ocrx_word' id='word_1_446' title='bbox 374 3546 671 3591; x_wconf 73' lang='lat' dir='ltr'><strong>conversus</strong></span> <span class='ocrx_word' id='word_1_447' title='bbox 702 3534 864 3590; x_wconf 83' lang='lat' dir='ltr'><strong>fuerit</strong></span> <span class='ocrx_word' id='word_1_448' title='bbox 900 3534 1109 3591; x_wconf 90' lang='lat' dir='ltr'><strong>dicens.</strong></span> <span class='ocrx_word' id='word_1_449' title='bbox 1143 3534 1389 3590; x_wconf 78' lang='lat' dir='ltr'><strong>Paenitet</strong></span> <span class='ocrx_word' id='word_1_450' title='bbox 1420 3550 1505 3589; x_wconf 90' lang='lat' dir='ltr'><strong>me</strong></span> <span class='ocrx_word' id='word_1_451' title='bbox 1528 3534 1741 3589; x_wconf 87' lang='lat' dir='ltr'><strong>dimitte</strong></span> <span class='ocrx_word' id='word_1_452' title='bbox 1774 3534 1871 3587; x_wconf 90' lang='lat' dir='ltr'><strong>illi.</strong></span> <span class='ocrx_word' id='word_1_453' title='bbox 1908 3533 1975 3587; x_wconf 87' lang='lat' dir='ltr'><strong>Et</strong></span> 
     </span>
    </p>
   </div>
   <div class='ocr_carea' id='block_1_126' title="bbox 373 3605 1977 3676">
    <p class='ocr_par' dir='ltr' id='par_1_126' title="bbox 373 3605 1977 3676">
     <span class='ocr_line' id='line_1_126' title="bbox 373 3605 1977 3676; baseline -0.003 -15"><span class='ocrx_word' id='word_1_454' title='bbox 373 3605 624 3663; x_wconf 80' lang='lat' dir='ltr'><strong>dixerunt</strong></span> <span class='ocrx_word' id='word_1_455' title='bbox 651 3605 897 3670; x_wconf 78' lang='lat' dir='ltr'><strong>Apostoli</strong></span> <span class='ocrx_word' id='word_1_456' title='bbox 930 3607 1157 3661; x_wconf 81' lang='lat' dir='ltr'><strong>Domino</strong></span> <span class='ocrx_word' id='word_1_457' title='bbox 1180 3606 1400 3676; x_wconf 83' lang='lat' dir='ltr'><strong>Adauge</strong></span> <span class='ocrx_word' id='word_1_458' title='bbox 1432 3606 1585 3661; x_wconf 83' lang='lat' dir='ltr'><strong>nobis</strong></span> <span class='ocrx_word' id='word_1_459' title='bbox 1615 3608 1795 3660; x_wconf 87' lang='lat' dir='ltr'><strong>tidem.</strong></span> <span class='ocrx_word' id='word_1_460' title='bbox 1831 3606 1977 3657; x_wconf 78' lang='lat' dir='ltr'><strong>Dixit</strong></span> 
     </span>
    </p>
   </div>
   <div class='ocr_carea' id='block_1_127' title="bbox 372 3676 1976 3747">
    <p class='ocr_par' dir='ltr' id='par_1_127' title="bbox 372 3676 1976 3747">
     <span class='ocr_line' id='line_1_127' title="bbox 372 3676 1976 3747; baseline -0.001 -16"><span class='ocrx_word' id='word_1_461' title='bbox 372 3690 549 3734; x_wconf 89' lang='lat' dir='ltr'><strong>autem</strong></span> <span class='ocrx_word' id='word_1_462' title='bbox 586 3678 845 3734; x_wconf 88' lang='lat' dir='ltr'><strong>Dominus</strong></span> <span class='ocrx_word' id='word_1_463' title='bbox 873 3678 926 3732; x_wconf 90' lang='lat' dir='ltr'><strong>Si</strong></span> <span class='ocrx_word' id='word_1_464' title='bbox 956 3679 1228 3733; x_wconf 85' lang='lat' dir='ltr'><strong>haberetis</strong></span> <span class='ocrx_word' id='word_1_465' title='bbox 1255 3679 1434 3732; x_wconf 78' lang='lat' dir='ltr'><strong>(idem.</strong></span> <span class='ocrx_word' id='word_1_466' title='bbox 1469 3679 1607 3732; x_wconf 90' lang='lat' dir='ltr'><strong>sicut</strong></span> <span class='ocrx_word' id='word_1_467' title='bbox 1643 3692 1868 3747; x_wconf 83' lang='lat' dir='ltr'><strong>granum</strong></span> <span class='ocrx_word' id='word_1_468' title='bbox 1903 3676 1976 3729; x_wconf 89' lang='lat' dir='ltr'><strong>si-</strong></span> 
     </span>
    </p>
   </div>
   <div class='ocr_carea' id='block_1_128' title="bbox 374 3749 1976 3821">
    <p class='ocr_par' dir='ltr' id='par_1_128' title="bbox 374 3749 1976 3821">
     <span class='ocr_line' id='line_1_128' title="bbox 374 3749 1976 3821; baseline -0.001 -18"><span class='ocrx_word' id='word_1_469' title='bbox 374 3753 546 3821; x_wconf 85' lang='lat' dir='ltr'><strong>napis.</strong></span> <span class='ocrx_word' id='word_1_470' title='bbox 569 3750 825 3806; x_wconf 85' lang='lat' dir='ltr'><strong>diceretis</strong></span> <span class='ocrx_word' id='word_1_471' title='bbox 851 3750 973 3805; x_wconf 88' lang='lat' dir='ltr'><strong>huic</strong></span> <span class='ocrx_word' id='word_1_472' title='bbox 990 3752 1169 3803; x_wconf 79' lang='lat' dir='ltr'><strong>arliori</strong></span> <span class='ocrx_word' id='word_1_473' title='bbox 1197 3764 1368 3804; x_wconf 87' lang='lat' dir='ltr'><strong>moro.</strong></span> <span class='ocrx_word' id='word_1_474' title='bbox 1388 3749 1697 3804; x_wconf 86' lang='lat' dir='ltr'><strong>Eradieare.</strong></span> <span class='ocrx_word' id='word_1_475' title='bbox 1722 3756 1777 3802; x_wconf 91' lang='lat' dir='ltr'><strong>et</strong></span> <span class='ocrx_word' id='word_1_476' title='bbox 1802 3760 1976 3801; x_wconf 89' lang='lat' dir='ltr'><strong>trans-</strong></span> 
     </span>
    </p>
   </div>
   <div class='ocr_carea' id='block_1_129' title="bbox 373 3821 1974 3890">
    <p class='ocr_par' dir='ltr' id='par_1_129' title="bbox 373 3821 1974 3890">
     <span class='ocr_line' id='line_1_129' title="bbox 373 3821 1974 3890; baseline 0 -16"><span class='ocrx_word' id='word_1_477' title='bbox 373 3823 617 3890; x_wconf 83' lang='lat' dir='ltr'><strong>plautare</strong></span> <span class='ocrx_word' id='word_1_478' title='bbox 660 3823 712 3877; x_wconf 89' lang='lat' dir='ltr'><strong>in</strong></span> <span class='ocrx_word' id='word_1_479' title='bbox 747 3838 915 3878; x_wconf 89' lang='lat' dir='ltr'><strong>mare.</strong></span> <span class='ocrx_word' id='word_1_480' title='bbox 974 3832 1028 3877; x_wconf 89' lang='lat' dir='ltr'><strong>et</strong></span> <span class='ocrx_word' id='word_1_481' title='bbox 1072 3821 1353 3876; x_wconf 81' lang='lat' dir='ltr'><strong>oboediret</strong></span> <span class='ocrx_word' id='word_1_482' title='bbox 1399 3822 1570 3877; x_wconf 83' lang='lat' dir='ltr'><strong>vobis.</strong></span> <span class='ocrx_word' id='word_1_483' title='bbox 1621 3821 1750 3888; x_wconf 85' lang='lat' dir='ltr'><strong>Quis</strong></span> <span class='ocrx_word' id='word_1_484' title='bbox 1793 3830 1974 3874; x_wconf 89' lang='lat' dir='ltr'><strong>autem</strong></span> 
     </span>
    </p>
   </div>
   <div class='ocr_carea' id='block_1_130' title="bbox 372 3891 1972 3964">
    <p class='ocr_par' dir='ltr' id='par_1_130' title="bbox 372 3891 1972 3964">
     <span class='ocr_line' id='line_1_130' title="bbox 372 3891 1972 3964; baseline -0.001 -17"><span class='ocrx_word' id='word_1_485' title='bbox 372 3905 611 3949; x_wconf 73' lang='lat' dir='ltr'><strong>vestrum</strong></span> <span class='ocrx_word' id='word_1_486' title='bbox 663 3893 820 3949; x_wconf 87' lang='lat' dir='ltr'><strong>habet</strong></span> <span class='ocrx_word' id='word_1_487' title='bbox 871 3908 1085 3948; x_wconf 91' lang='lat' dir='ltr'><strong>servum</strong></span> <span class='ocrx_word' id='word_1_488' title='bbox 1118 3903 1361 3948; x_wconf 83' lang='lat' dir='ltr'><strong>arantem</strong></span> <span class='ocrx_word' id='word_1_489' title='bbox 1391 3905 1484 3946; x_wconf 91' lang='lat' dir='ltr'><strong>aut</strong></span> <span class='ocrx_word' id='word_1_490' title='bbox 1529 3891 1602 3964; x_wconf 86' lang='lat' dir='ltr'><strong>(c)</strong></span> <span class='ocrx_word' id='word_1_491' title='bbox 1635 3908 1761 3947; x_wconf 86' lang='lat' dir='ltr'><strong>oves</strong></span> <span class='ocrx_word' id='word_1_492' title='bbox 1783 3894 1832 3964; x_wconf 64' lang='lat' dir='ltr'><strong>j-</strong></span> <span class='ocrx_word' id='word_1_493' title='bbox 1882 3906 1972 3961; x_wconf 84' lang='lat' dir='ltr'><strong>pa-</strong></span> 
     </span>
    </p>
   </div>
   <div class='ocr_carea' id='block_1_131' title="bbox 372 3964 1973 4036">
    <p class='ocr_par' dir='ltr' id='par_1_131' title="bbox 372 3964 1973 4036">
     <span class='ocr_line' id='line_1_131' title="bbox 372 3964 1973 4036; baseline -0.001 -17"><span class='ocrx_word' id='word_1_494' title='bbox 372 3974 616 4021; x_wconf 88' lang='lat' dir='ltr'><strong>scentem</strong></span> <span class='ocrx_word' id='word_1_495' title='bbox 641 3968 729 4035; x_wconf 89' lang='lat' dir='ltr'><strong>qui</strong></span> <span class='ocrx_word' id='word_1_496' title='bbox 760 3980 1009 4036; x_wconf 86' lang='lat' dir='ltr'><strong>regresso</strong></span> <span class='ocrx_word' id='word_1_497' title='bbox 1039 3964 1104 4019; x_wconf 69' lang='lat' dir='ltr'><strong>de</strong></span> <span class='ocrx_word' id='word_1_498' title='bbox 1136 3981 1266 4035; x_wconf 87' lang='lat' dir='ltr'><strong>agro</strong></span> <span class='ocrx_word' id='word_1_499' title='bbox 1292 3964 1433 4019; x_wconf 89' lang='lat' dir='ltr'><strong>dicat</strong></span> <span class='ocrx_word' id='word_1_500' title='bbox 1462 3964 1537 4018; x_wconf 92' lang='lat' dir='ltr'><strong>illi</strong></span> <span class='ocrx_word' id='word_1_501' title='bbox 1571 3965 1749 4036; x_wconf 80' lang='lat' dir='ltr'><strong>statim</strong></span> <span class='ocrx_word' id='word_1_502' title='bbox 1779 3964 1973 4018; x_wconf 77' lang='lat' dir='ltr'><strong>Transi</strong></span> 
     </span>
    </p>
   </div>
   <div class='ocr_carea' id='block_1_132' title="bbox 371 4035 1976 4107">
    <p class='ocr_par' dir='ltr' id='par_1_132' title="bbox 371 4035 1976 4107">
     <span class='ocr_line' id='line_1_132' title="bbox 371 4035 1976 4107; baseline -0.001 -16"><span class='ocrx_word' id='word_1_503' title='bbox 371 4042 647 4092; x_wconf 85' lang='lat' dir='ltr'><strong>recumbe.</strong></span> <span class='ocrx_word' id='word_1_504' title='bbox 698 4038 793 4093; x_wconf 88' lang='lat' dir='ltr'><strong>sed</strong></span> <span class='ocrx_word' id='word_1_505' title='bbox 829 4035 969 4091; x_wconf 85' lang='lat' dir='ltr'><strong>dicit</strong></span> <span class='ocrx_word' id='word_1_506' title='bbox 1015 4037 1063 4090; x_wconf 92' lang='lat' dir='ltr'><strong>ei</strong></span> <span class='ocrx_word' id='word_1_507' title='bbox 1113 4036 1247 4091; x_wconf 86' lang='lat' dir='ltr'><strong>Para</strong></span> <span class='ocrx_word' id='word_1_508' title='bbox 1300 4037 1428 4090; x_wconf 89' lang='lat' dir='ltr'><strong>mihi</strong></span> <span class='ocrx_word' id='word_1_509' title='bbox 1476 4035 1617 4107; x_wconf 92' lang='lat' dir='ltr'><strong>quod</strong></span> <span class='ocrx_word' id='word_1_510' title='bbox 1669 4051 1878 4107; x_wconf 85' lang='lat' dir='ltr'><strong>cenem.</strong></span> <span class='ocrx_word' id='word_1_511' title='bbox 1921 4043 1976 4090; x_wconf 87' lang='lat' dir='ltr'><strong>et</strong></span> 
     </span>
    </p>
   </div>
   <div class='ocr_carea' id='block_1_133' title="bbox 373 4106 1974 4233">
    <p class='ocr_par' dir='ltr' id='par_1_133' title="bbox 373 4106 1974 4233">
     <span class='ocr_line' id='line_1_133' title="bbox 373 4106 1974 4233; baseline -0.001 -72"><span class='ocrx_word' id='word_1_512' title='bbox 373 4108 662 4233; x_wconf 62' lang='lat' dir='ltr'><strong>Braeciiige</strong></span> <span class='ocrx_word' id='word_1_513' title='bbox 688 4120 740 4163; x_wconf 91' lang='lat' dir='ltr'><strong>te</strong></span> <span class='ocrx_word' id='word_1_514' title='bbox 765 4120 820 4164; x_wconf 86' lang='lat' dir='ltr'><strong>et</strong></span> <span class='ocrx_word' id='word_1_515' title='bbox 866 4108 1113 4162; x_wconf 85' lang='lat' dir='ltr'><strong>ministra</strong></span> <span class='ocrx_word' id='word_1_516' title='bbox 1155 4108 1304 4162; x_wconf 90' lang='lat' dir='ltr'><strong>mihi.</strong></span> <span class='ocrx_word' id='word_1_517' title='bbox 1340 4106 1512 4163; x_wconf 72' lang='lat' dir='ltr'><strong>donec</strong></span> <span class='ocrx_word' id='word_1_518' title='bbox 1564 4106 1881 4161; x_wconf 89' lang='lat' dir='ltr'><strong>manducem</strong></span> <span class='ocrx_word' id='word_1_519' title='bbox 1922 4116 1974 4160; x_wconf 91' lang='lat' dir='ltr'><strong>et</strong></span> 
     </span>
     <span class='ocr_line' id='line_1_134' title="bbox 411 4178 1974 4233; baseline -0.001 0"><span class='ocrx_word' id='word_1_520' title='bbox 411 4181 571 4233; x_wconf 88' lang='lat' dir='ltr'><strong>ibam.</strong></span> <span class='ocrx_word' id='word_1_521' title='bbox 609 4188 666 4233; x_wconf 88' lang='lat' dir='ltr'><strong>et</strong></span> <span class='ocrx_word' id='word_1_522' title='bbox 697 4190 816 4233; x_wconf 80' lang='lat' dir='ltr'><strong>post</strong></span> <span class='ocrx_word' id='word_1_523' title='bbox 861 4181 995 4233; x_wconf 90' lang='lat' dir='ltr'><strong>haec</strong></span> <span class='ocrx_word' id='word_1_524' title='bbox 1043 4192 1099 4233; x_wconf 90' lang='lat' dir='ltr'><strong>tu</strong></span> <span class='ocrx_word' id='word_1_525' title='bbox 1126 4180 1475 4233; x_wconf 88' lang='lat' dir='ltr'><strong>mauducabis</strong></span> <span class='ocrx_word' id='word_1_526' title='bbox 1514 4189 1569 4233; x_wconf 89' lang='lat' dir='ltr'><strong>et</strong></span> <span class='ocrx_word' id='word_1_527' title='bbox 1612 4180 1789 4233; x_wconf 86' lang='lat' dir='ltr'><strong>bibes.</strong></span> <span class='ocrx_word' id='word_1_528' title='bbox 1831 4178 1974 4233; x_wconf 87' lang='lat' dir='ltr'><strong>Nun-</strong></span> 
     </span>
    </p>
   </div>
   <div class='ocr_carea' id='block_1_134' title="bbox 411 4178 1977 4252">
    <p class='ocr_par' dir='ltr' id='par_1_134' title="bbox 411 4178 1977 4252">
     <span class='ocr_line' id='line_1_135' title="bbox 411 4178 1977 4252; baseline -0.002 -17"><span class='ocrx_word' id='word_1_529' title='bbox 411 4181 571 4237; x_wconf 89' lang='lat' dir='ltr'><strong>ibam.</strong></span> <span class='ocrx_word' id='word_1_530' title='bbox 606 4178 666 4237; x_wconf 88' lang='lat' dir='ltr'><strong>et</strong></span> <span class='ocrx_word' id='word_1_531' title='bbox 694 4190 816 4252; x_wconf 89' lang='lat' dir='ltr'><strong>post</strong></span> <span class='ocrx_word' id='word_1_532' title='bbox 861 4181 995 4236; x_wconf 90' lang='lat' dir='ltr'><strong>haec</strong></span> <span class='ocrx_word' id='word_1_533' title='bbox 1043 4192 1099 4235; x_wconf 90' lang='lat' dir='ltr'><strong>tu</strong></span> <span class='ocrx_word' id='word_1_534' title='bbox 1126 4180 1475 4235; x_wconf 88' lang='lat' dir='ltr'><strong>mauducabis</strong></span> <span class='ocrx_word' id='word_1_535' title='bbox 1514 4189 1569 4235; x_wconf 87' lang='lat' dir='ltr'><strong>et</strong></span> <span class='ocrx_word' id='word_1_536' title='bbox 1612 4180 1789 4235; x_wconf 85' lang='lat' dir='ltr'><strong>bibes.</strong></span> <span class='ocrx_word' id='word_1_537' title='bbox 1831 4178 1977 4233; x_wconf 87' lang='lat' dir='ltr'><strong>Nun-</strong></span> 
     </span>
    </p>
   </div>
   <div class='ocr_carea' id='block_1_135' title="bbox 2076 3530 3679 3608">
    <p class='ocr_par' dir='ltr' id='par_1_135' title="bbox 2076 3530 3679 3608">
     <span class='ocr_line' id='line_1_136' title="bbox 2076 3530 3679 3608; baseline 0.005 -23"><span class='ocrx_word' id='word_1_538' title='bbox 2076 3530 2203 3602; x_wconf 89' lang='lat' dir='ltr'><strong>quid</strong></span> <span class='ocrx_word' id='word_1_539' title='bbox 2250 3531 2473 3599; x_wconf 78' lang='lat' dir='ltr'><strong>gratiam</strong></span> <span class='ocrx_word' id='word_1_540' title='bbox 2527 3530 2690 3608; x_wconf 80' lang='lat' dir='ltr'><strong>habet</strong></span> <span class='ocrx_word' id='word_1_541' title='bbox 2724 3544 2887 3608; x_wconf 70' lang='lat' dir='ltr'><strong>§_ervo</strong></span> <span class='ocrx_word' id='word_1_542' title='bbox 2919 3530 3017 3585; x_wconf 93' lang='lat' dir='ltr'><strong>illi.</strong></span> <span class='ocrx_word' id='word_1_543' title='bbox 3045 3534 3197 3608; x_wconf 77' lang='lat' dir='ltr'><strong>_quia</strong></span> <span class='ocrx_word' id='word_1_544' title='bbox 3250 3532 3373 3587; x_wconf 79' lang='lat' dir='ltr'><strong>fecit</strong></span> <span class='ocrx_word' id='word_1_545' title='bbox 3417 3534 3494 3605; x_wconf 87' lang='lat' dir='ltr'><strong>(g)</strong></span> <span class='ocrx_word' id='word_1_546' title='bbox 3540 3552 3679 3608; x_wconf 89' lang='lat' dir='ltr'><strong>quae</strong></span> 
     </span>
    </p>
   </div>
   <div class='ocr_carea' id='block_1_136' title="bbox 2078 3601 3680 3673">
    <p class='ocr_par' dir='ltr' id='par_1_136' title="bbox 2078 3601 3680 3673">
     <span class='ocr_line' id='line_1_137' title="bbox 2078 3601 3680 3673; baseline 0.005 -17"><span class='ocrx_word' id='word_1_547' title='bbox 2078 3601 2363 3673; x_wconf 87' lang='lat' dir='ltr'><strong>praecepta</strong></span> <span class='ocrx_word' id='word_1_548' title='bbox 2396 3610 2523 3656; x_wconf 87' lang='lat' dir='ltr'><strong>sont</strong></span> <span class='ocrx_word' id='word_1_549' title='bbox 2549 3604 2596 3657; x_wconf 91' lang='lat' dir='ltr'><strong>ei</strong></span> <span class='ocrx_word' id='word_1_550' title='bbox 2631 3602 2691 3673; x_wconf 61' lang='grc' dir='ltr'><strong>’ξπ</strong></span> <span class='ocrx_word' id='word_1_551' title='bbox 2722 3601 2833 3655; x_wconf 86' lang='lat' dir='ltr'><strong>Non</strong></span> <span class='ocrx_word' id='word_1_552' title='bbox 2868 3614 3013 3673; x_wconf 89' lang='lat' dir='ltr'><strong>puto.</strong></span> <span class='ocrx_word' id='word_1_553' title='bbox 3042 3602 3131 3658; x_wconf 89' lang='lat' dir='ltr'><strong>Sic</strong></span> <span class='ocrx_word' id='word_1_554' title='bbox 3156 3614 3209 3657; x_wconf 92' lang='lat' dir='ltr'><strong>et</strong></span> <span class='ocrx_word' id='word_1_555' title='bbox 3244 3620 3355 3658; x_wconf 81' lang='lat' dir='ltr'><strong>\os.</strong></span> <span class='ocrx_word' id='word_1_556' title='bbox 3382 3601 3502 3658; x_wconf 65' lang='lat' dir='ltr'><strong>cuin</strong></span> <span class='ocrx_word' id='word_1_557' title='bbox 3534 3601 3680 3665; x_wconf 76' lang='lat' dir='ltr'><strong>féce-</strong></span> 
     </span>
    </p>
   </div>
   <div class='ocr_carea' id='block_1_137' title="bbox 2079 3675 3677 3744">
    <p class='ocr_par' dir='ltr' id='par_1_137' title="bbox 2079 3675 3677 3744">
     <span class='ocr_line' id='line_1_138' title="bbox 2079 3675 3677 3744; baseline 0.004 -15"><span class='ocrx_word' id='word_1_558' title='bbox 2079 3675 2198 3729; x_wconf 84' lang='lat' dir='ltr'><strong>ritis</strong></span> <span class='ocrx_word' id='word_1_559' title='bbox 2223 3676 2400 3727; x_wconf 84' lang='lat' dir='ltr'><strong>munia</strong></span> <span class='ocrx_word' id='word_1_560' title='bbox 2454 3691 2590 3744; x_wconf 85' lang='lat' dir='ltr'><strong>quae</strong></span> <span class='ocrx_word' id='word_1_561' title='bbox 2643 3688 2925 3743; x_wconf 81' lang='lat' dir='ltr'><strong>praecepta</strong></span> <span class='ocrx_word' id='word_1_562' title='bbox 2961 3686 3088 3730; x_wconf 88' lang='lat' dir='ltr'><strong>sunt</strong></span> <span class='ocrx_word' id='word_1_563' title='bbox 3136 3675 3305 3731; x_wconf 77' lang='lat' dir='ltr'><strong>Vobis.</strong></span> <span class='ocrx_word' id='word_1_564' title='bbox 3340 3679 3501 3732; x_wconf 79' lang='lat' dir='ltr'><strong>dicite</strong></span> <span class='ocrx_word' id='word_1_565' title='bbox 3543 3684 3677 3743; x_wconf 69' lang='lat' dir='ltr'><strong>Quia</strong></span> 
     </span>
    </p>
   </div>
   <div class='ocr_carea' id='block_1_138' title="bbox 2079 3746 3677 3816">
    <p class='ocr_par' dir='ltr' id='par_1_138' title="bbox 2079 3746 3677 3816">
     <span class='ocr_line' id='line_1_139' title="bbox 2079 3746 3677 3816; baseline 0.003 -14"><span class='ocrx_word' id='word_1_566' title='bbox 2079 3746 2222 3803; x_wconf 82' lang='lat' dir='ltr'><strong>servi</strong></span> <span class='ocrx_word' id='word_1_567' title='bbox 2253 3746 2468 3801; x_wconf 56' lang='lat' dir='ltr'><strong>inutiles</strong></span> <span class='ocrx_word' id='word_1_568' title='bbox 2499 3762 2705 3802; x_wconf 87' lang='lat' dir='ltr'><strong>sumus.</strong></span> <span class='ocrx_word' id='word_1_569' title='bbox 2734 3747 2874 3816; x_wconf 82' lang='lat' dir='ltr'><strong>quod</strong></span> <span class='ocrx_word' id='word_1_570' title='bbox 2903 3748 3186 3802; x_wconf 88' lang='lat' dir='ltr'><strong>debuimus</strong></span> <span class='ocrx_word' id='word_1_571' title='bbox 3216 3752 3391 3803; x_wconf 72' lang='lat' dir='ltr'><strong>facere</strong></span> <span class='ocrx_word' id='word_1_572' title='bbox 3435 3751 3677 3807; x_wconf 77' lang='lat' dir='ltr'><strong>fecimus.</strong></span> 
     </span>
    </p>
   </div>
   <div class='ocr_carea' id='block_1_139' title="bbox 2089 3819 3682 3894">
    <p class='ocr_par' dir='ltr' id='par_1_139' title="bbox 2089 3819 3682 3894">
     <span class='ocr_line' id='line_1_140' title="bbox 2089 3819 3682 3894; baseline 0.002 -21"><span class='ocrx_word' id='word_1_573' title='bbox 2089 3820 2155 3873; x_wconf 81' lang='lat' dir='ltr'><strong>Et</strong></span> <span class='ocrx_word' id='word_1_574' title='bbox 2186 3821 2381 3894; x_wconf 79' lang='lat' dir='ltr'><strong>factum</strong></span> <span class='ocrx_word' id='word_1_575' title='bbox 2412 3830 2496 3874; x_wconf 90' lang='lat' dir='ltr'><strong>est</strong></span> <span class='ocrx_word' id='word_1_576' title='bbox 2531 3836 2654 3874; x_wconf 92' lang='lat' dir='ltr'><strong>cum</strong></span> <span class='ocrx_word' id='word_1_577' title='bbox 2703 3820 2804 3873; x_wconf 85' lang='lat' dir='ltr'><strong>iret</strong></span> <span class='ocrx_word' id='word_1_578' title='bbox 2841 3820 2897 3894; x_wconf 75' lang='lat' dir='ltr'><strong>in</strong></span> <span class='ocrx_word' id='word_1_579' title='bbox 2931 3819 3263 3894; x_wconf 71' lang='lat' dir='ltr'><strong>llicrusztletn</strong></span> <span class='ocrx_word' id='word_1_580' title='bbox 3290 3824 3555 3894; x_wconf 68' lang='lat' dir='ltr'><strong>transibat</strong></span> <span class='ocrx_word' id='word_1_581' title='bbox 3586 3841 3682 3894; x_wconf 88' lang='lat' dir='ltr'><strong>per</strong></span> 
     </span>
    </p>
   </div>
   <div class='ocr_carea' id='block_1_140' title="bbox 2085 3890 3679 3959">
    <p class='ocr_par' dir='ltr' id='par_1_140' title="bbox 2085 3890 3679 3959">
     <span class='ocr_line' id='line_1_141' title="bbox 2085 3890 3679 3959; baseline 0.004 -15"><span class='ocrx_word' id='word_1_582' title='bbox 2085 3890 2317 3945; x_wconf 87' lang='lat' dir='ltr'><strong>mediam</strong></span> <span class='ocrx_word' id='word_1_583' title='bbox 2348 3893 2643 3946; x_wconf 74' lang='lat' dir='ltr'><strong>Samariam</strong></span> <span class='ocrx_word' id='word_1_584' title='bbox 2675 3905 2727 3944; x_wconf 92' lang='lat' dir='ltr'><strong>et</strong></span> <span class='ocrx_word' id='word_1_585' title='bbox 2752 3890 3015 3947; x_wconf 71' lang='lat' dir='ltr'><strong>Galileatn</strong></span> <span class='ocrx_word' id='word_1_586' title='bbox 3050 3892 3111 3945; x_wconf 85' lang='lat' dir='ltr'><strong>Et</strong></span> <span class='ocrx_word' id='word_1_587' title='bbox 3140 3909 3259 3945; x_wconf 85' lang='lat' dir='ltr'><strong>cum</strong></span> <span class='ocrx_word' id='word_1_588' title='bbox 3285 3890 3679 3959; x_wconf 70' lang='lat' dir='ltr'><strong>ingrederetur.</strong></span> 
     </span>
    </p>
   </div>
   <div class='ocr_carea' id='block_1_141' title="bbox 2082 3964 3680 4034">
    <p class='ocr_par' dir='ltr' id='par_1_141' title="bbox 2082 3964 3680 4034">
     <span class='ocr_line' id='line_1_142' title="bbox 2082 3964 3680 4034; baseline 0.004 -18"><span class='ocrx_word' id='word_1_589' title='bbox 2082 3964 2350 4034; x_wconf 79' lang='lat' dir='ltr'><strong>quoddam</strong></span> <span class='ocrx_word' id='word_1_590' title='bbox 2387 3964 2695 4018; x_wconf 78' lang='lat' dir='ltr'><strong>eaStellum.</strong></span> <span class='ocrx_word' id='word_1_591' title='bbox 2725 3974 3080 4018; x_wconf 80' lang='lat' dir='ltr'><strong>occurrermit</strong></span> <span class='ocrx_word' id='word_1_592' title='bbox 3128 3966 3196 4019; x_wconf 91' lang='lat' dir='ltr'><strong>ei.</strong></span> <span class='ocrx_word' id='word_1_593' title='bbox 3231 3965 3417 4019; x_wconf 86' lang='lat' dir='ltr'><strong>decem</strong></span> <span class='ocrx_word' id='word_1_594' title='bbox 3470 3970 3569 4021; x_wconf 86' lang='lat' dir='ltr'><strong>viti</strong></span> <span class='ocrx_word' id='word_1_595' title='bbox 3600 3970 3680 4023; x_wconf 92' lang='lat' dir='ltr'><strong>le-</strong></span> 
     </span>
    </p>
   </div>
   <div class='ocr_carea' id='block_1_142' title="bbox 2084 4036 3679 4106">
    <p class='ocr_par' dir='ltr' id='par_1_142' title="bbox 2084 4036 3679 4106">
     <span class='ocr_line' id='line_1_143' title="bbox 2084 4036 3679 4106; baseline 0.004 -17"><span class='ocrx_word' id='word_1_596' title='bbox 2084 4037 2251 4103; x_wconf 84' lang='lat' dir='ltr'><strong>prusi,</strong></span> <span class='ocrx_word' id='word_1_597' title='bbox 2288 4037 2375 4104; x_wconf 83' lang='lat' dir='ltr'><strong>qui</strong></span> <span class='ocrx_word' id='word_1_598' title='bbox 2426 4045 2697 4091; x_wconf 84' lang='lat' dir='ltr'><strong>steterunt</strong></span> <span class='ocrx_word' id='word_1_599' title='bbox 2727 4050 2758 4090; x_wconf 89' lang='lat' dir='ltr'><strong>a</strong></span> <span class='ocrx_word' id='word_1_600' title='bbox 2795 4036 2973 4106; x_wconf 75' lang='lat' dir='ltr'><strong>longe.</strong></span> <span class='ocrx_word' id='word_1_601' title='bbox 3022 4046 3077 4090; x_wconf 90' lang='lat' dir='ltr'><strong>et</strong></span> <span class='ocrx_word' id='word_1_602' title='bbox 3122 4039 3471 4092; x_wconf 88' lang='lat' dir='ltr'><strong>elevaveruut</strong></span> <span class='ocrx_word' id='word_1_603' title='bbox 3495 4056 3679 4095; x_wconf 82' lang='lat' dir='ltr'><strong>vocem</strong></span> 
     </span>
    </p>
   </div>
   <div class='ocr_carea' id='block_1_143' title="bbox 2085 4107 3684 4177">
    <p class='ocr_par' dir='ltr' id='par_1_143' title="bbox 2085 4107 3684 4177">
     <span class='ocr_line' id='line_1_144' title="bbox 2085 4107 3684 4177; baseline 0.005 -18"><span class='ocrx_word' id='word_1_604' title='bbox 2085 4107 2351 4163; x_wconf 86' lang='lat' dir='ltr'><strong>dicentes.</strong></span> <span class='ocrx_word' id='word_1_605' title='bbox 2380 4108 2505 4162; x_wconf 86' lang='lat' dir='ltr'><strong>Jesu</strong></span> <span class='ocrx_word' id='word_1_606' title='bbox 2559 4109 2883 4177; x_wconf 84' lang='lat' dir='ltr'><strong>Praeceptor</strong></span> <span class='ocrx_word' id='word_1_607' title='bbox 2929 4110 3193 4164; x_wconf 84' lang='lat' dir='ltr'><strong>miserere</strong></span> <span class='ocrx_word' id='word_1_608' title='bbox 3230 4111 3419 4164; x_wconf 88' lang='lat' dir='ltr'><strong>nostri.</strong></span> <span class='ocrx_word' id='word_1_609' title='bbox 3448 4112 3594 4177; x_wconf 80' lang='lat' dir='ltr'><strong>Quos</strong></span> <span class='ocrx_word' id='word_1_610' title='bbox 3624 4122 3684 4167; x_wconf 90' lang='lat' dir='ltr'><strong>ut</strong></span> 
     </span>
    </p>
   </div>
   <div class='ocr_carea' id='block_1_144' title="bbox 2086 4178 3012 4236">
    <p class='ocr_par' dir='ltr' id='par_1_144' title="bbox 2086 4178 3012 4236">
     <span class='ocr_line' id='line_1_145' title="bbox 2086 4178 3012 4236; baseline 0.002 -3"><span class='ocrx_word' id='word_1_611' title='bbox 2086 4178 2236 4234; x_wconf 80' lang='lat' dir='ltr'><strong>vidit.</strong></span> <span class='ocrx_word' id='word_1_612' title='bbox 2268 4180 2405 4234; x_wconf 77' lang='lat' dir='ltr'><strong>dixit</strong></span> <span class='ocrx_word' id='word_1_613' title='bbox 2432 4178 2560 4235; x_wconf 90' lang='lat' dir='ltr'><strong>illis.</strong></span> <span class='ocrx_word' id='word_1_614' title='bbox 2591 4179 2798 4236; x_wconf 89' lang='lat' dir='ltr'><strong>Euutes</strong></span> <span class='ocrx_word' id='word_1_615' title='bbox 2829 4190 3012 4235; x_wconf 91' lang='lat' dir='ltr'><strong>osten-</strong></span> 
     </span>
    </p>
   </div>
   <div class='ocr_carea' id='block_1_145' title="bbox 1602 4292 2383 4361">
    <p class='ocr_par' dir='ltr' id='par_1_145' title="bbox 1602 4292 2383 4361">
     <span class='ocr_line' id='line_1_146' title="bbox 1602 4292 2383 4361; baseline 0.001 -10"><span class='ocrx_word' id='word_1_616' title='bbox 1602 4360 1605 4361; x_wconf 20' lang='grc' dir='ltr'><em>ν</em></span> <span class='ocrx_word' id='word_1_617' title='bbox 1635 4293 1869 4351; x_wconf 77' lang='lat' dir='ltr'><strong>CODEX</strong></span> <span class='ocrx_word' id='word_1_618' title='bbox 1906 4292 2383 4354; x_wconf 81' lang='lat' dir='ltr'><strong>CORBEIENSIS.</strong></span> 
     </span>
    </p>
   </div>
   <div class='ocr_carea' id='block_1_146' title="bbox 445 4388 1979 4455">
    <p class='ocr_par' dir='ltr' id='par_1_146' title="bbox 445 4388 1979 4455">
     <span class='ocr_line' id='line_1_147' title="bbox 445 4388 1979 4455; baseline -0.001 -7"><span class='ocrx_word' id='word_1_619' title='bbox 445 4393 495 4448; x_wconf 88' lang='lat'><strong>6.</strong></span> <span class='ocrx_word' id='word_1_620' title='bbox 524 4394 545 4423; x_wconf 81' lang='grc'><strong>³</strong></span> <span class='ocrx_word' id='word_1_621' title='bbox 570 4390 825 4447; x_wconf 87' lang='lat' dir='ltr'><strong>diceretis</strong></span> <span class='ocrx_word' id='word_1_622' title='bbox 853 4390 976 4447; x_wconf 89' lang='lat' dir='ltr'><strong>huic</strong></span> <span class='ocrx_word' id='word_1_623' title='bbox 996 4390 1178 4448; x_wconf 87' lang='lat' dir='ltr'><strong>arbori</strong></span> <span class='ocrx_word' id='word_1_624' title='bbox 1221 4410 1233 4444; x_wconf 92' lang='lat'><strong>:</strong></span> <span class='ocrx_word' id='word_1_625' title='bbox 1264 4389 1580 4455; x_wconf 85' lang='lat' dir='ltr'><strong>Eradicare,</strong></span> <span class='ocrx_word' id='word_1_626' title='bbox 1624 4397 1681 4446; x_wconf 87' lang='lat' dir='ltr'><strong>et</strong></span> <span class='ocrx_word' id='word_1_627' title='bbox 1722 4388 1979 4447; x_wconf 78' lang='lat' dir='ltr'><strong>transfre-</strong></span> 
     </span>
    </p>
   </div>
   <div class='ocr_carea' id='block_1_147' title="bbox 377 4463 1619 4534">
    <p class='ocr_par' dir='ltr' id='par_1_147' title="bbox 377 4463 1619 4534">
     <span class='ocr_line' id='line_1_148' title="bbox 377 4463 1619 4534; baseline -0.003 -14"><span class='ocrx_word' id='word_1_628' title='bbox 377 4472 487 4520; x_wconf 87' lang='lat' dir='ltr'><strong>tare</strong></span> <span class='ocrx_word' id='word_1_629' title='bbox 510 4465 562 4519; x_wconf 92' lang='lat' dir='ltr'><strong>iu</strong></span> <span class='ocrx_word' id='word_1_630' title='bbox 595 4474 766 4531; x_wconf 89' lang='lat' dir='ltr'><strong>mare,</strong></span> <span class='ocrx_word' id='word_1_631' title='bbox 799 4472 854 4519; x_wconf 88' lang='lat' dir='ltr'><strong>et</strong></span> <span class='ocrx_word' id='word_1_632' title='bbox 882 4466 1066 4534; x_wconf 86' lang='lat' dir='ltr'><strong>utique</strong></span> <span class='ocrx_word' id='word_1_633' title='bbox 1100 4464 1416 4520; x_wconf 88' lang='lat' dir='ltr'><strong>obaudisset</strong></span> <span class='ocrx_word' id='word_1_634' title='bbox 1447 4463 1619 4518; x_wconf 88' lang='lat' dir='ltr'><strong>vobis.</strong></span> 
     </span>
    </p>
   </div>
   <div class='ocr_carea' id='block_1_148' title="bbox 446 4534 1265 4608">
    <p class='ocr_par' dir='ltr' id='par_1_148' title="bbox 446 4534 1265 4608">
     <span class='ocr_line' id='line_1_149' title="bbox 446 4534 1265 4608; baseline -0.002 -17"><span class='ocrx_word' id='word_1_635' title='bbox 446 4537 500 4591; x_wconf 88' lang='lat'><strong>7.</strong></span> <span class='ocrx_word' id='word_1_636' title='bbox 534 4536 553 4564; x_wconf 79' lang='lat'><strong><em>&quot;</em></strong></span> <span class='ocrx_word' id='word_1_637' title='bbox 577 4544 672 4590; x_wconf 92' lang='lat' dir='ltr'><strong>aut</strong></span> <span class='ocrx_word' id='word_1_638' title='bbox 700 4553 828 4608; x_wconf 82' lang='lat' dir='ltr'><strong>oves</strong></span> <span class='ocrx_word' id='word_1_639' title='bbox 856 4534 1265 4608; x_wconf 52' lang='lat' dir='ltr'><strong>pascentemf.</strong></span> 
     </span>
    </p>
   </div>
   <div class='ocr_carea' id='block_1_149' title="bbox 445 4606 1976 4679">
    <p class='ocr_par' dir='ltr' id='par_1_149' title="bbox 445 4606 1976 4679">
     <span class='ocr_line' id='line_1_150' title="bbox 445 4606 1976 4679; baseline -0.002 -15"><span class='ocrx_word' id='word_1_640' title='bbox 445 4608 497 4664; x_wconf 90' lang='lat'><strong>9.</strong></span> <span class='ocrx_word' id='word_1_641' title='bbox 547 4607 815 4679; x_wconf 78' lang='lat' dir='ltr'><strong>Numquid</strong></span> <span class='ocrx_word' id='word_1_642' title='bbox 859 4606 1073 4679; x_wconf 79' lang='lat' dir='ltr'><strong>gratias</strong></span> <span class='ocrx_word' id='word_1_643' title='bbox 1115 4607 1279 4663; x_wconf 83' lang='lat' dir='ltr'><strong>habet</strong></span> <span class='ocrx_word' id='word_1_644' title='bbox 1321 4621 1514 4673; x_wconf 91' lang='lat' dir='ltr'><strong>servo;</strong></span> <span class='ocrx_word' id='word_1_645' title='bbox 1564 4606 1708 4679; x_wconf 91' lang='lat' dir='ltr'><strong>quod</strong></span> <span class='ocrx_word' id='word_1_646' title='bbox 1750 4608 1771 4637; x_wconf 79' lang='grc'>⁸</span> <span class='ocrx_word' id='word_1_647' title='bbox 1827 4606 1976 4673; x_wconf 78' lang='lat' dir='ltr'><strong>fecit,</strong></span> 
     </span>
    </p>
   </div>
   <div class='ocr_carea' id='block_1_150' title="bbox 2085 4390 2832 4464">
    <p class='ocr_par' dir='ltr' id='par_1_150' title="bbox 2085 4390 2832 4464">
     <span class='ocr_line' id='line_1_151' title="bbox 2085 4390 2832 4464; baseline -0.001 -19"><span class='ocrx_word' id='word_1_648' title='bbox 2085 4407 2223 4463; x_wconf 89' lang='lat' dir='ltr'><strong>quae</strong></span> <span class='ocrx_word' id='word_1_649' title='bbox 2246 4393 2348 4448; x_wconf 90' lang='lat' dir='ltr'><strong>sibi</strong></span> <span class='ocrx_word' id='word_1_650' title='bbox 2378 4394 2737 4464; x_wconf 90' lang='lat' dir='ltr'><strong>imperaverat</strong></span> <span class='ocrx_word' id='word_1_651' title='bbox 2756 4390 2832 4462; x_wconf 64' lang='lat'><strong>1-?</strong></span> 
     </span>
    </p>
   </div>
   <div class='ocr_carea' id='block_1_151' title="bbox 2162 4462 3681 4535">
    <p class='ocr_par' dir='ltr' id='par_1_151' title="bbox 2162 4462 3681 4535">
     <span class='ocr_line' id='line_1_152' title="bbox 2162 4462 3681 4535; baseline 0.003 -16"><span class='ocrx_word' id='word_1_652' title='bbox 2162 4468 2249 4520; x_wconf 82' lang='grc'><strong>11.</strong></span> <span class='ocrx_word' id='word_1_653' title='bbox 2284 4466 2409 4519; x_wconf 89' lang='lat' dir='ltr'><strong>dum</strong></span> <span class='ocrx_word' id='word_1_654' title='bbox 2441 4462 2678 4518; x_wconf 79' lang='lat' dir='ltr'><strong>v:ulit....</strong></span> <span class='ocrx_word' id='word_1_655' title='bbox 2709 4479 2807 4535; x_wconf 87' lang='lat' dir='ltr'><strong>per</strong></span> <span class='ocrx_word' id='word_1_656' title='bbox 2836 4462 3066 4519; x_wconf 86' lang='lat' dir='ltr'><strong>mediam</strong></span> <span class='ocrx_word' id='word_1_657' title='bbox 3096 4463 3417 4532; x_wconf 88' lang='lat' dir='ltr'><strong>Samariam,</strong></span> <span class='ocrx_word' id='word_1_658' title='bbox 3449 4478 3504 4524; x_wconf 91' lang='lat' dir='ltr'><strong>et</strong></span> <span class='ocrx_word' id='word_1_659' title='bbox 3536 4468 3681 4524; x_wconf 86' lang='lat' dir='ltr'><strong>Gali-</strong></span> 
     </span>
    </p>
   </div>
   <div class='ocr_carea' id='block_1_152' title="bbox 2086 4535 2623 4602">
    <p class='ocr_par' dir='ltr' id='par_1_152' title="bbox 2086 4535 2623 4602">
     <span class='ocr_line' id='line_1_153' title="bbox 2086 4535 2623 4602; baseline -0.006 -11"><span class='ocrx_word' id='word_1_660' title='bbox 2086 4537 2284 4602; x_wconf 89' lang='lat' dir='ltr'><strong>laeam,</strong></span> <span class='ocrx_word' id='word_1_661' title='bbox 2306 4548 2361 4592; x_wconf 89' lang='lat' dir='ltr'><strong>et</strong></span> <span class='ocrx_word' id='word_1_662' title='bbox 2385 4535 2623 4593; x_wconf 84' lang='lat' dir='ltr'><strong>Jericho.</strong></span> 
     </span>
    </p>
   </div>
   <div class='ocr_carea' id='block_1_153' title="bbox 1605 4720 2447 4781">
    <p class='ocr_par' dir='ltr' id='par_1_153' title="bbox 1605 4720 2447 4781">
     <span class='ocr_line' id='line_1_154' title="bbox 1605 4720 2447 4781; baseline -0.006 0"><span class='ocrx_word' id='word_1_663' title='bbox 1605 4724 2002 4781; x_wconf 78' lang='lat' dir='ltr'><strong>VARIANTES</strong></span> <span class='ocrx_word' id='word_1_664' title='bbox 2037 4720 2447 4779; x_wconf 73' lang='lat' dir='ltr'><strong>LECTIONES.</strong></span> 
     </span>
    </p>
   </div>
   <div class='ocr_carea' id='block_1_154' title="bbox 439 4819 1844 4885">
    <p class='ocr_par' dir='ltr' id='par_1_154' title="bbox 439 4819 1844 4885">
     <span class='ocr_line' id='line_1_155' title="bbox 439 4819 1844 4885; baseline -0.002 -15"><span class='ocrx_word' id='word_1_665' title='bbox 439 4822 452 4850; x_wconf 90' lang='grc'>¹</span> <span class='ocrx_word' id='word_1_666' title='bbox 493 4820 599 4885; x_wconf 71' lang='lat' dir='ltr'><strong>Gal.</strong></span> <span class='ocrx_word' id='word_1_667' title='bbox 624 4825 670 4869; x_wconf 85' lang='lat' dir='ltr'><strong>et</strong></span> <span class='ocrx_word' id='word_1_668' title='bbox 695 4822 813 4871; x_wconf 82' lang='lat' dir='ltr'><strong>Mm.</strong></span> <span class='ocrx_word' id='word_1_669' title='bbox 840 4821 978 4871; x_wconf 90' lang='lat' dir='ltr'><strong>cui...</strong></span> <span class='ocrx_word' id='word_1_670' title='bbox 1004 4822 1121 4873; x_wconf 90' lang='lat' dir='ltr'><strong>dicit</strong></span> <span class='ocrx_word' id='word_1_671' title='bbox 1144 4821 1232 4885; x_wconf 84' lang='lat' dir='ltr'><strong>illi.</strong></span> <span class='ocrx_word' id='word_1_672' title='bbox 1268 4820 1411 4884; x_wconf 76' lang='lat' dir='ltr'><strong>Vulg.</strong></span> <span class='ocrx_word' id='word_1_673' title='bbox 1436 4822 1581 4885; x_wconf 89' lang='lat' dir='ltr'><strong>qui...</strong></span> <span class='ocrx_word' id='word_1_674' title='bbox 1604 4820 1735 4869; x_wconf 89' lang='lat' dir='ltr'><strong>dicat</strong></span> <span class='ocrx_word' id='word_1_675' title='bbox 1759 4819 1844 4868; x_wconf 90' lang='lat' dir='ltr'><strong>illi.</strong></span> 
     </span>
    </p>
   </div>
   <div class='ocr_carea' id='block_1_155' title="bbox 436 4882 1975 4945">
    <p class='ocr_par' dir='ltr' id='par_1_155' title="bbox 436 4882 1975 4945">
     <span class='ocr_line' id='line_1_156' title="bbox 436 4882 1975 4945; baseline -0.003 -11"><span class='ocrx_word' id='word_1_676' title='bbox 436 4884 456 4915; x_wconf 79' lang='grc'>³</span> <span class='ocrx_word' id='word_1_677' title='bbox 490 4883 599 4933; x_wconf 74' lang='grc' dir='ltr'><strong>ϐαι.</strong></span> <span class='ocrx_word' id='word_1_678' title='bbox 632 4885 915 4945; x_wconf 79' lang='lat' dir='ltr'><strong>universa...</strong></span> <span class='ocrx_word' id='word_1_679' title='bbox 960 4887 1073 4945; x_wconf 89' lang='lat' dir='ltr'><strong>quia</strong></span> <span class='ocrx_word' id='word_1_680' title='bbox 1103 4884 1253 4935; x_wconf 85' lang='lat' dir='ltr'><strong>servi.</strong></span> <span class='ocrx_word' id='word_1_681' title='bbox 1290 4882 1411 4935; x_wconf 72' lang='lat' dir='ltr'><strong>Mhi.</strong></span> <span class='ocrx_word' id='word_1_682' title='bbox 1448 4882 1735 4933; x_wconf 81' lang='lat' dir='ltr'><strong>universa...</strong></span> <span class='ocrx_word' id='word_1_683' title='bbox 1764 4882 1975 4945; x_wconf 80' lang='lat' dir='ltr'><strong>servi...</strong></span> 
     </span>
    </p>
   </div>
   <div class='ocr_carea' id='block_1_156' title="bbox 373 4944 1977 5009">
    <p class='ocr_par' dir='ltr' id='par_1_156' title="bbox 373 4944 1977 5009">
     <span class='ocr_line' id='line_1_157' title="bbox 373 4944 1977 5009; baseline 0.001 -15"><span class='ocrx_word' id='word_1_684' title='bbox 373 4945 539 4997; x_wconf 75' lang='lat' dir='ltr'><strong>facere</strong></span> <span class='ocrx_word' id='word_1_685' title='bbox 566 4957 660 5009; x_wconf 79' lang='lat' dir='ltr'><strong>non</strong></span> <span class='ocrx_word' id='word_1_686' title='bbox 683 4944 901 4995; x_wconf 77' lang='lat' dir='ltr'><strong>facimus.</strong></span> <span class='ocrx_word' id='word_1_687' title='bbox 935 4944 1073 5009; x_wconf 63' lang='grc' dir='ltr'><em>ναις.</em></span> <span class='ocrx_word' id='word_1_688' title='bbox 1095 4949 1315 4997; x_wconf 88' lang='lat' dir='ltr'><strong>omnia...</strong></span> <span class='ocrx_word' id='word_1_689' title='bbox 1335 4948 1529 4997; x_wconf 88' lang='lat' dir='ltr'><strong>servi...</strong></span> <span class='ocrx_word' id='word_1_690' title='bbox 1554 4946 1737 5009; x_wconf 72' lang='lat' dir='ltr'><strong>facere,</strong></span> <span class='ocrx_word' id='word_1_691' title='bbox 1754 4944 1977 4995; x_wconf 81' lang='lat' dir='ltr'><strong>fecimus.</strong></span> 
     </span>
    </p>
   </div>
   <div class='ocr_carea' id='block_1_157' title="bbox 435 5007 1980 5073">
    <p class='ocr_par' dir='ltr' id='par_1_157' title="bbox 435 5007 1980 5073">
     <span class='ocr_line' id='line_1_158' title="bbox 435 5007 1980 5073; baseline -0.002 -14"><span class='ocrx_word' id='word_1_692' title='bbox 435 5010 456 5040; x_wconf 84' lang='grc'>³</span> <span class='ocrx_word' id='word_1_693' title='bbox 483 5009 591 5061; x_wconf 75' lang='grc' dir='ltr'><strong>σαι.</strong></span> <span class='ocrx_word' id='word_1_694' title='bbox 613 5007 788 5059; x_wconf 84' lang='lat' dir='ltr'><strong>dicetis</strong></span> <span class='ocrx_word' id='word_1_695' title='bbox 808 5010 925 5060; x_wconf 86' lang='lat' dir='ltr'><strong>huic</strong></span> <span class='ocrx_word' id='word_1_696' title='bbox 947 5007 1110 5059; x_wconf 66' lang='lat' dir='ltr'><strong>arbitri</strong></span> <span class='ocrx_word' id='word_1_697' title='bbox 1128 5027 1137 5060; x_wconf 92' lang='grc'>;</span> <span class='ocrx_word' id='word_1_698' title='bbox 1152 5010 1353 5073; x_wconf 80' lang='lat' dir='ltr'><strong>Morire,</strong></span> <span class='ocrx_word' id='word_1_699' title='bbox 1375 5017 1427 5059; x_wconf 91' lang='lat' dir='ltr'><strong>et</strong></span> <span class='ocrx_word' id='word_1_700' title='bbox 1451 5008 1724 5069; x_wconf 85' lang='lat' dir='ltr'><strong>eradicare,</strong></span> <span class='ocrx_word' id='word_1_701' title='bbox 1745 5014 1797 5055; x_wconf 91' lang='lat' dir='ltr'><strong>et</strong></span> <span class='ocrx_word' id='word_1_702' title='bbox 1823 5016 1980 5056; x_wconf 85' lang='lat' dir='ltr'><strong>trans—</strong></span> 
     </span>
    </p>
   </div>
   <div class='ocr_carea' id='block_1_158' title="bbox 2082 4815 3677 4890">
    <p class='ocr_par' dir='ltr' id='par_1_158' title="bbox 2082 4815 3677 4890">
     <span class='ocr_line' id='line_1_159' title="bbox 2082 4815 3677 4890; baseline 0.008 -27"><span class='ocrx_word' id='word_1_703' title='bbox 2082 4815 2306 4890; x_wconf 63' lang='lat' dir='ltr'><strong>plantare</strong></span> <span class='ocrx_word' id='word_1_704' title='bbox 2326 4818 2374 4865; x_wconf 89' lang='lat' dir='ltr'><strong>in</strong></span> <span class='ocrx_word' id='word_1_705' title='bbox 2392 4817 2764 4890; x_wconf 65' lang='lat' dir='ltr'><strong>mare._Regentt</strong></span> <span class='ocrx_word' id='word_1_706' title='bbox 2779 4830 2945 4890; x_wconf 61' lang='lat' dir='ltr'><strong>manu,</strong></span> <span class='ocrx_word' id='word_1_707' title='bbox 2965 4822 3311 4883; x_wconf 85' lang='lat' dir='ltr'><strong>transportare.</strong></span> <span class='ocrx_word' id='word_1_708' title='bbox 3336 4822 3451 4871; x_wconf 82' lang='lat' dir='ltr'><strong>Mm.</strong></span> <span class='ocrx_word' id='word_1_709' title='bbox 3476 4822 3677 4890; x_wconf 82' lang='lat' dir='ltr'><strong>Morire,</strong></span> 
     </span>
    </p>
   </div>
   <div class='ocr_carea' id='block_1_159' title="bbox 2085 4880 2899 4932">
    <p class='ocr_par' dir='ltr' id='par_1_159' title="bbox 2085 4880 2899 4932">
     <span class='ocr_line' id='line_1_160' title="bbox 2085 4880 2899 4932; baseline 0.002 -4"><span class='ocrx_word' id='word_1_710' title='bbox 2085 4881 2417 4931; x_wconf 81' lang='lat' dir='ltr'><strong>eradicare....</strong></span> <span class='ocrx_word' id='word_1_711' title='bbox 2444 4890 2494 4930; x_wconf 90' lang='lat' dir='ltr'><strong>et</strong></span> <span class='ocrx_word' id='word_1_712' title='bbox 2517 4880 2723 4931; x_wconf 86' lang='lat' dir='ltr'><strong>obedire</strong></span> <span class='ocrx_word' id='word_1_713' title='bbox 2750 4881 2899 4932; x_wconf 84' lang='lat' dir='ltr'><strong>vobis.</strong></span> 
     </span>
    </p>
   </div>
   <div class='ocr_carea' id='block_1_160' title="bbox 2149 4940 2486 4994">
    <p class='ocr_par' dir='ltr' id='par_1_160' title="bbox 2149 4940 2486 4994">
     <span class='ocr_line' id='line_1_161' title="bbox 2149 4940 2486 4994; baseline 0 -3"><span class='ocrx_word' id='word_1_714' title='bbox 2149 4942 2172 4973; x_wconf 69' lang='grc'><strong>⁸</strong></span> <span class='ocrx_word' id='word_1_715' title='bbox 2206 4944 2262 4991; x_wconf 82' lang='lat' dir='ltr'><strong>El</strong></span> <span class='ocrx_word' id='word_1_716' title='bbox 2288 4940 2354 4994; x_wconf 73' lang='lat' dir='ltr'><strong>itu</strong></span> <span class='ocrx_word' id='word_1_717' title='bbox 2380 4944 2486 4994; x_wconf 79' lang='lat' dir='ltr'><strong>Gal.</strong></span> 
     </span>
    </p>
   </div>
   <div class='ocr_carea' id='block_1_161' title="bbox 2153 5004 2486 5058">
    <p class='ocr_par' dir='ltr' id='par_1_161' title="bbox 2153 5004 2486 5058">
     <span class='ocr_line' id='line_1_162' title="bbox 2153 5004 2486 5058; baseline 0.009 -4"><span class='ocrx_word' id='word_1_718' title='bbox 2153 5008 2174 5039; x_wconf 75' lang='grc' dir='ltr'><strong>ο</strong></span> <span class='ocrx_word' id='word_1_719' title='bbox 2211 5008 2266 5058; x_wconf 84' lang='lat' dir='ltr'><strong>Et</strong></span> <span class='ocrx_word' id='word_1_720' title='bbox 2290 5004 2360 5056; x_wconf 77' lang='lat' dir='ltr'><strong>ita</strong></span> <span class='ocrx_word' id='word_1_721' title='bbox 2382 5013 2486 5057; x_wconf 77' lang='lat' dir='ltr'><strong>cat.</strong></span> 
     </span>
    </p>
   </div>
   <div class='ocr_carea' id='block_1_162' title="bbox 1054 5107 2975 5152">
    <p class='ocr_par' dir='ltr' id='par_1_162' title="bbox 1054 5107 2975 5152">
     <span class='ocr_line' id='line_1_163' title="bbox 1054 5107 2975 5152; baseline -0.003 0"><span class='ocrx_word' id='word_1_722' title='bbox 1054 5111 1347 5152; x_wconf 72' lang='lat' dir='ltr'><strong>LECTIONES</strong></span> <span class='ocrx_word' id='word_1_723' title='bbox 1374 5110 1577 5151; x_wconf 73' lang='lat' dir='ltr'><strong>CODICIS</strong></span> <span class='ocrx_word' id='word_1_724' title='bbox 1599 5107 2009 5148; x_wconf 75' lang='lat' dir='ltr'><strong>VlNDEBONENSIS</strong></span> <span class='ocrx_word' id='word_1_725' title='bbox 2031 5108 2304 5148; x_wconf 77' lang='lat' dir='ltr'><strong>ABBUNTES</strong></span> <span class='ocrx_word' id='word_1_726' title='bbox 2332 5110 2397 5147; x_wconf 82' lang='grc' dir='ltr'><strong>ΑΒ</strong></span> <span class='ocrx_word' id='word_1_727' title='bbox 2430 5108 2681 5149; x_wconf 69' lang='grc' dir='ltr'><strong>εοιτιοΝε</strong></span> <span class='ocrx_word' id='word_1_728' title='bbox 2710 5108 2975 5149; x_wconf 76' lang='lat' dir='ltr'><strong>VULGATA.</strong></span> 
     </span>
    </p>
   </div>
   <div class='ocr_carea' id='block_1_163' title="bbox 433 5185 1981 5251">
    <p class='ocr_par' dir='ltr' id='par_1_163' title="bbox 433 5185 1981 5251">
     <span class='ocr_line' id='line_1_164' title="bbox 433 5185 1981 5251; baseline -0.003 -14"><span class='ocrx_word' id='word_1_729' title='bbox 433 5189 482 5237; x_wconf 78' lang='lat'><strong>5.</strong></span> <span class='ocrx_word' id='word_1_730' title='bbox 510 5187 654 5251; x_wconf 81' lang='lat' dir='ltr'><strong>Auge</strong></span> <span class='ocrx_word' id='word_1_731' title='bbox 676 5187 836 5237; x_wconf 89' lang='lat' dir='ltr'><strong>nobis.</strong></span> <span class='ocrx_word' id='word_1_732' title='bbox 902 5188 959 5236; x_wconf 77' lang='lat'><strong>6.</strong></span> <span class='ocrx_word' id='word_1_733' title='bbox 980 5186 1040 5237; x_wconf 86' lang='lat' dir='ltr'><strong>Et</strong></span> <span class='ocrx_word' id='word_1_734' title='bbox 1058 5187 1183 5237; x_wconf 76' lang='lat' dir='ltr'><strong>dixit</strong></span> <span class='ocrx_word' id='word_1_735' title='bbox 1203 5187 1328 5237; x_wconf 89' lang='lat' dir='ltr'><strong>illis:</strong></span> <span class='ocrx_word' id='word_1_736' title='bbox 1358 5188 1407 5237; x_wconf 92' lang='lat' dir='ltr'><strong>Si</strong></span> <span class='ocrx_word' id='word_1_737' title='bbox 1438 5185 1711 5251; x_wconf 80' lang='lat' dir='ltr'><strong>habueritis</strong></span> <span class='ocrx_word' id='word_1_738' title='bbox 1736 5185 1901 5251; x_wconf 80' lang='lat' dir='ltr'><strong>tidem,</strong></span> <span class='ocrx_word' id='word_1_739' title='bbox 1928 5188 1981 5233; x_wconf 91' lang='lat' dir='ltr'><strong>ut</strong></span> 
     </span>
    </p>
   </div>
   <div class='ocr_carea' id='block_1_164' title="bbox 439 5248 1977 5313">
    <p class='ocr_par' dir='ltr' id='par_1_164' title="bbox 439 5248 1977 5313">
     <span class='ocr_line' id='line_1_165' title="bbox 439 5248 1977 5313; baseline -0.003 -14"><span class='ocrx_word' id='word_1_740' title='bbox 439 5248 647 5300; x_wconf 39' lang='lat' dir='ltr'><strong>anum;</strong></span> <span class='ocrx_word' id='word_1_741' title='bbox 675 5257 1073 5313; x_wconf 84' lang='lat' dir='ltr'><strong>ettrausportare</strong></span> <span class='ocrx_word' id='word_1_742' title='bbox 1100 5251 1148 5299; x_wconf 93' lang='lat' dir='ltr'><strong>in</strong></span> <span class='ocrx_word' id='word_1_743' title='bbox 1168 5263 1331 5308; x_wconf 85' lang='lat' dir='ltr'><strong>mare;</strong></span> <span class='ocrx_word' id='word_1_744' title='bbox 1368 5256 1418 5300; x_wconf 91' lang='lat' dir='ltr'><strong>et</strong></span> <span class='ocrx_word' id='word_1_745' title='bbox 1441 5250 1609 5312; x_wconf 91' lang='lat' dir='ltr'><strong>utique</strong></span> <span class='ocrx_word' id='word_1_746' title='bbox 1650 5248 1851 5313; x_wconf 84' lang='lat' dir='ltr'><strong>obediet</strong></span> <span class='ocrx_word' id='word_1_747' title='bbox 1876 5260 1977 5313; x_wconf 75' lang='lat' dir='ltr'><strong>vos.</strong></span> 
     </span>
    </p>
   </div>
   <div class='ocr_carea' id='block_1_165' title="bbox 371 5264 1977 5377">
    <p class='ocr_par' dir='ltr' id='par_1_165' title="bbox 371 5264 1977 5377">
     <span class='ocr_line' id='line_1_166' title="bbox 439 5264 1977 5313; baseline -0.003 -14"><span class='ocrx_word' id='word_1_748' title='bbox 439 5264 647 5300; x_wconf 87' lang='lat' dir='ltr'><strong>anum...</strong></span> <span class='ocrx_word' id='word_1_749' title='bbox 675 5264 1073 5313; x_wconf 84' lang='lat' dir='ltr'><strong>ettrausportare</strong></span> <span class='ocrx_word' id='word_1_750' title='bbox 1100 5264 1148 5299; x_wconf 84' lang='lat' dir='ltr'><strong>in</strong></span> <span class='ocrx_word' id='word_1_751' title='bbox 1168 5264 1331 5308; x_wconf 86' lang='lat' dir='ltr'><strong>mare;</strong></span> <span class='ocrx_word' id='word_1_752' title='bbox 1368 5264 1418 5300; x_wconf 81' lang='lat' dir='ltr'><strong>et</strong></span> <span class='ocrx_word' id='word_1_753' title='bbox 1441 5264 1609 5312; x_wconf 84' lang='lat' dir='ltr'><strong>utique</strong></span> <span class='ocrx_word' id='word_1_754' title='bbox 1650 5264 1851 5298; x_wconf 79' lang='lat' dir='ltr'><strong>oneuiet</strong></span> <span class='ocrx_word' id='word_1_755' title='bbox 1876 5264 1977 5296; x_wconf 87' lang='lat' dir='ltr'><strong>vos.</strong></span> 
     </span>
     <span class='ocr_line' id='line_1_167' title="bbox 371 5264 1977 5377; baseline -0.002 -14"><span class='ocrx_word' id='word_1_756' title='bbox 371 5264 571 5363; x_wconf 45' lang='lat' dir='ltr'><strong>foves</strong></span> <span class='ocrx_word' id='word_1_757' title='bbox 591 5320 895 5377; x_wconf 79' lang='lat' dir='ltr'><strong>pascentem,</strong></span> <span class='ocrx_word' id='word_1_758' title='bbox 915 5315 997 5373; x_wconf 91' lang='lat' dir='ltr'><strong>qui</strong></span> <span class='ocrx_word' id='word_1_759' title='bbox 1018 5326 1254 5377; x_wconf 85' lang='lat' dir='ltr'><strong>regresso</strong></span> <span class='ocrx_word' id='word_1_760' title='bbox 1272 5313 1336 5363; x_wconf 85' lang='lat' dir='ltr'><strong>de</strong></span> <span class='ocrx_word' id='word_1_761' title='bbox 1359 5327 1495 5376; x_wconf 87' lang='lat' dir='ltr'><strong>agro,</strong></span> <span class='ocrx_word' id='word_1_762' title='bbox 1524 5311 1863 5377; x_wconf 78' lang='lat' dir='ltr'><strong>statim_dicet.</strong></span> <span class='ocrx_word' id='word_1_763' title='bbox 1928 5310 1977 5359; x_wconf 89' lang='lat'><strong>9.</strong></span> 
     </span>
    </p>
   </div>
   <div class='ocr_carea' id='block_1_166' title="bbox 371 5374 1981 5439">
    <p class='ocr_par' dir='ltr' id='par_1_166' title="bbox 371 5374 1981 5439">
     <span class='ocr_line' id='line_1_168' title="bbox 371 5374 1981 5439; baseline -0.003 -13"><span class='ocrx_word' id='word_1_764' title='bbox 371 5377 472 5438; x_wconf 88' lang='lat' dir='ltr'><strong>illi,</strong></span> <span class='ocrx_word' id='word_1_765' title='bbox 499 5374 631 5439; x_wconf 82' lang='lat' dir='ltr'><strong>quod</strong></span> <span class='ocrx_word' id='word_1_766' title='bbox 653 5375 789 5439; x_wconf 77' lang='lat' dir='ltr'><strong>fecit,</strong></span> <span class='ocrx_word' id='word_1_767' title='bbox 817 5387 947 5438; x_wconf 85' lang='lat' dir='ltr'><strong>quae</strong></span> <span class='ocrx_word' id='word_1_768' title='bbox 985 5374 1344 5439; x_wconf 34' lang='lat' dir='ltr'><strong>sibi’imperata</strong></span> <span class='ocrx_word' id='word_1_769' title='bbox 1371 5374 1503 5426; x_wconf 80' lang='lat' dir='ltr'><strong>sunt.</strong></span> <span class='ocrx_word' id='word_1_770' title='bbox 1574 5376 1651 5426; x_wconf 88' lang='grc'><strong>10.</strong></span> <span class='ocrx_word' id='word_1_771' title='bbox 1678 5374 1741 5425; x_wconf 87' lang='grc' dir='ltr'><strong>Ει</strong></span> <span class='ocrx_word' id='word_1_772' title='bbox 1767 5388 1849 5423; x_wconf 88' lang='lat' dir='ltr'><strong>vos</strong></span> <span class='ocrx_word' id='word_1_773' title='bbox 1872 5385 1981 5422; x_wconf 89' lang='lat' dir='ltr'><strong>cum</strong></span> 
     </span>
    </p>
   </div>
   <div class='ocr_carea' id='block_1_167' title="bbox 2089 5182 3684 5247">
    <p class='ocr_par' dir='ltr' id='par_1_167' title="bbox 2089 5182 3684 5247">
     <span class='ocr_line' id='line_1_169' title="bbox 2089 5182 3684 5247; baseline 0.005 -15"><span class='ocrx_word' id='word_1_774' title='bbox 2089 5182 2309 5247; x_wconf 63' lang='lat' dir='ltr'><strong>feceritis</strong></span> <span class='ocrx_word' id='word_1_775' title='bbox 2334 5191 2592 5247; x_wconf 79' lang='lat' dir='ltr'><strong>praecepta</strong></span> <span class='ocrx_word' id='word_1_776' title='bbox 2620 5184 2834 5233; x_wconf 87' lang='lat' dir='ltr'><strong>vobis....</strong></span> <span class='ocrx_word' id='word_1_777' title='bbox 2862 5198 2992 5246; x_wconf 88' lang='lat' dir='ltr'><strong>quae</strong></span> <span class='ocrx_word' id='word_1_778' title='bbox 3010 5183 3284 5235; x_wconf 83' lang='lat' dir='ltr'><strong>debuimus.</strong></span> <span class='ocrx_word' id='word_1_779' title='bbox 3316 5188 3390 5237; x_wconf 91' lang='grc'><strong>11.</strong></span> <span class='ocrx_word' id='word_1_780' title='bbox 3417 5188 3529 5237; x_wconf 90' lang='lat' dir='ltr'><strong>dum</strong></span> <span class='ocrx_word' id='word_1_781' title='bbox 3550 5190 3684 5241; x_wconf 87' lang='lat' dir='ltr'><strong>vadit</strong></span> 
     </span>
    </p>
   </div>
   <div class='ocr_carea' id='block_1_168' title="bbox 2088 5245 3683 5311">
    <p class='ocr_par' dir='ltr' id='par_1_168' title="bbox 2088 5245 3683 5311">
     <span class='ocr_line' id='line_1_170' title="bbox 2088 5245 3683 5311; baseline 0.005 -18"><span class='ocrx_word' id='word_1_782' title='bbox 2088 5245 2435 5311; x_wconf 63' lang='lat' dir='ltr'><strong>Jerusalem...</strong></span> <span class='ocrx_word' id='word_1_783' title='bbox 2453 5245 2541 5308; x_wconf 81' lang='lat' dir='ltr'><strong>per</strong></span> <span class='ocrx_word' id='word_1_784' title='bbox 2562 5248 2770 5311; x_wconf 82' lang='lat' dir='ltr'><strong>mediam</strong></span> <span class='ocrx_word' id='word_1_785' title='bbox 2796 5245 3081 5311; x_wconf 82' lang='lat' dir='ltr'><strong>Galilaeam,</strong></span> <span class='ocrx_word' id='word_1_786' title='bbox 3106 5258 3157 5299; x_wconf 91' lang='lat' dir='ltr'><strong>et</strong></span> <span class='ocrx_word' id='word_1_787' title='bbox 3180 5248 3358 5301; x_wconf 85' lang='lat' dir='ltr'><strong>Jcrico.</strong></span> <span class='ocrx_word' id='word_1_788' title='bbox 3427 5251 3501 5301; x_wconf 69' lang='lat'><strong>1:2.</strong></span> <span class='ocrx_word' id='word_1_789' title='bbox 3530 5252 3587 5301; x_wconf 81' lang='lat' dir='ltr'><strong>Et</strong></span> <span class='ocrx_word' id='word_1_790' title='bbox 3609 5254 3683 5301; x_wconf 87' lang='lat' dir='ltr'><strong>in-</strong></span> 
     </span>
    </p>
   </div>
   <div class='ocr_carea' id='block_1_169' title="bbox 2087 5308 3681 5372">
    <p class='ocr_par' dir='ltr' id='par_1_169' title="bbox 2087 5308 3681 5372">
     <span class='ocr_line' id='line_1_171' title="bbox 2087 5308 3681 5372; baseline 0.005 -16"><span class='ocrx_word' id='word_1_791' title='bbox 2087 5321 2291 5371; x_wconf 82' lang='lat' dir='ltr'><strong>gressus</strong></span> <span class='ocrx_word' id='word_1_792' title='bbox 2311 5316 2390 5358; x_wconf 85' lang='lat' dir='ltr'><strong>est</strong></span> <span class='ocrx_word' id='word_1_793' title='bbox 2425 5309 2475 5357; x_wconf 88' lang='lat' dir='ltr'><strong>in</strong></span> <span class='ocrx_word' id='word_1_794' title='bbox 2498 5313 2702 5372; x_wconf 85' lang='lat' dir='ltr'><strong>quodam</strong></span> <span class='ocrx_word' id='word_1_795' title='bbox 2728 5308 3001 5362; x_wconf 77' lang='lat' dir='ltr'><strong>Castello...</strong></span> <span class='ocrx_word' id='word_1_796' title='bbox 3028 5308 3081 5361; x_wconf 84' lang='lat' dir='ltr'><strong>et</strong></span> <span class='ocrx_word' id='word_1_797' title='bbox 3118 5326 3236 5363; x_wconf 88' lang='lat' dir='ltr'><strong>ecce</strong></span> <span class='ocrx_word' id='word_1_798' title='bbox 3268 5313 3445 5364; x_wconf 89' lang='lat' dir='ltr'><strong>decem</strong></span> <span class='ocrx_word' id='word_1_799' title='bbox 3480 5316 3571 5364; x_wconf 85' lang='lat' dir='ltr'><strong>viri</strong></span> <span class='ocrx_word' id='word_1_800' title='bbox 3607 5314 3681 5364; x_wconf 88' lang='lat' dir='ltr'><strong>lc-</strong></span> 
     </span>
    </p>
   </div>
   <div class='ocr_carea' id='block_1_170' title="bbox 2091 5374 3617 5435">
    <p class='ocr_par' dir='ltr' id='par_1_170' title="bbox 2091 5374 3617 5435">
     <span class='ocr_line' id='line_1_172' title="bbox 2091 5374 3617 5435; baseline 0.005 -15"><span class='ocrx_word' id='word_1_801' title='bbox 2091 5375 2221 5435; x_wconf 80' lang='lat' dir='ltr'><strong>prosi</strong></span> <span class='ocrx_word' id='word_1_802' title='bbox 2245 5378 2512 5422; x_wconf 82' lang='lat' dir='ltr'><strong>steterunt.</strong></span> <span class='ocrx_word' id='word_1_803' title='bbox 2581 5374 2656 5422; x_wconf 80' lang='grc'><strong>15.</strong></span> <span class='ocrx_word' id='word_1_804' title='bbox 2680 5374 2925 5425; x_wconf 87' lang='lat' dir='ltr'><strong>miserere</strong></span> <span class='ocrx_word' id='word_1_805' title='bbox 2950 5376 3107 5426; x_wconf 86' lang='lat' dir='ltr'><strong>nobis.</strong></span> <span class='ocrx_word' id='word_1_806' title='bbox 3609 5407 3617 5415; x_wconf 74' lang='grc' dir='ltr'><strong>ο</strong></span> 
     </span>
    </p>
   </div>
   <div class='ocr_carea' id='block_1_171' title="bbox 1698 5482 2335 5541">
    <p class='ocr_par' dir='ltr' id='par_1_171' title="bbox 1698 5482 2335 5541">
     <span class='ocr_line' id='line_1_173' title="bbox 1698 5482 2335 5541; baseline 0 -4"><span class='ocrx_word' id='word_1_807' title='bbox 1698 5482 2065 5541; x_wconf 72' lang='lat' dir='ltr'><strong>BLANCHINI</strong></span> <span class='ocrx_word' id='word_1_808' title='bbox 2105 5482 2335 5538; x_wconf 76' lang='grc' dir='ltr'><strong>ΝΟΤᾹΞ.</strong></span> 
     </span>
    </p>
   </div>
   <div class='ocr_carea' id='block_1_172' title="bbox 451 5577 3682 5651">
    <p class='ocr_par' dir='ltr' id='par_1_172' title="bbox 451 5577 3682 5651">
     <span class='ocr_line' id='line_1_174' title="bbox 451 5577 3682 5651; baseline 0.001 -18"><span class='ocrx_word' id='word_1_809' title='bbox 451 5581 526 5651; x_wconf 84' lang='lat' dir='ltr'><strong>(a)</strong></span> <span class='ocrx_word' id='word_1_810' title='bbox 555 5579 628 5634; x_wconf 88' lang='lat' dir='ltr'><strong>Ita</strong></span> <span class='ocrx_word' id='word_1_811' title='bbox 660 5587 714 5635; x_wconf 89' lang='lat' dir='ltr'><strong>et</strong></span> <span class='ocrx_word' id='word_1_812' title='bbox 742 5577 869 5635; x_wconf 88' lang='lat' dir='ltr'><strong>cod.</strong></span> <span class='ocrx_word' id='word_1_813' title='bbox 909 5577 1067 5635; x_wconf 88' lang='lat' dir='ltr'><strong>Cant.</strong></span> <span class='ocrx_word' id='word_1_814' title='bbox 1100 5580 1127 5636; x_wconf 84' lang='grc' dir='ltr'><strong>ὁ</strong></span> <span class='ocrx_word' id='word_1_815' title='bbox 1156 5580 1221 5647; x_wconf 61' lang='grc' dir='ltr'><strong>,δέ</strong></span> <span class='ocrx_word' id='word_1_816' title='bbox 1254 5577 1388 5637; x_wconf 78' lang='grc' dir='ltr'>εἶπεν</span> <span class='ocrx_word' id='word_1_817' title='bbox 1418 5580 1770 5650; x_wconf 74' lang='grc' dir='ltr'><strong>αὐτοῖς.--(ὁ)</strong></span> <span class='ocrx_word' id='word_1_818' title='bbox 1794 5580 1928 5637; x_wconf 81' lang='lat' dir='ltr'><strong>Tex.</strong></span> <span class='ocrx_word' id='word_1_819' title='bbox 1961 5584 2055 5639; x_wconf 91' lang='lat' dir='ltr'><strong>Gr.</strong></span> <span class='ocrx_word' id='word_1_820' title='bbox 2080 5587 2163 5639; x_wconf 85' lang='grc' dir='ltr'>καὶ</span> <span class='ocrx_word' id='word_1_821' title='bbox 2188 5584 2479 5639; x_wconf 76' lang='grc' dir='ltr'><strong>ὑπήκουσεν</strong></span> <span class='ocrx_word' id='word_1_822' title='bbox 2525 5578 2602 5635; x_wconf 80' lang='grc' dir='ltr'><strong>ἄν.</strong></span> <span class='ocrx_word' id='word_1_823' title='bbox 2637 5581 2771 5648; x_wconf 88' lang='lat' dir='ltr'><strong>Quia</strong></span> <span class='ocrx_word' id='word_1_824' title='bbox 2818 5589 2933 5634; x_wconf 84' lang='lat' dir='ltr'><strong>tex.</strong></span> <span class='ocrx_word' id='word_1_825' title='bbox 2968 5580 3063 5635; x_wconf 91' lang='lat' dir='ltr'><strong>Gr.</strong></span> <span class='ocrx_word' id='word_1_826' title='bbox 3097 5580 3427 5645; x_wconf 69' lang='lat' dir='ltr'><strong>praeteritum</strong></span> <span class='ocrx_word' id='word_1_827' title='bbox 3466 5590 3682 5648; x_wconf 90' lang='lat' dir='ltr'><strong>tempus</strong></span> 
     </span>
    </p>
   </div>
   <div class='ocr_carea' id='block_1_173' title="bbox 376 5651 3680 5727">
    <p class='ocr_par' dir='ltr' id='par_1_173' title="bbox 376 5651 3680 5727">
     <span class='ocr_line' id='line_1_175' title="bbox 376 5651 3680 5727; baseline 0.001 -21"><span class='ocrx_word' id='word_1_828' title='bbox 376 5652 645 5727; x_wconf 58' lang='lat' dir='ltr'><strong>designat.</strong></span> <span class='ocrx_word' id='word_1_829' title='bbox 678 5652 881 5727; x_wconf 85' lang='lat' dir='ltr'><strong>idcirco</strong></span> <span class='ocrx_word' id='word_1_830' title='bbox 911 5651 1123 5727; x_wconf 86' lang='lat' dir='ltr'><strong>videtur</strong></span> <span class='ocrx_word' id='word_1_831' title='bbox 1151 5652 1421 5723; x_wconf 89' lang='lat' dir='ltr'><strong>Interpres</strong></span> <span class='ocrx_word' id='word_1_832' title='bbox 1452 5656 1678 5727; x_wconf 70' lang='lat' dir='ltr'><strong>vertisse</strong></span> <span class='ocrx_word' id='word_1_833' title='bbox 1727 5652 2035 5710; x_wconf 70' lang='lat' dir='ltr'><strong>obaudisset.</strong></span> <span class='ocrx_word' id='word_1_834' title='bbox 2068 5688 2139 5696; x_wconf 86' lang='grc'><strong><em>--</em></strong></span> <span class='ocrx_word' id='word_1_835' title='bbox 2168 5653 2240 5727; x_wconf 77' lang='lat' dir='ltr'><strong>(c)</strong></span> <span class='ocrx_word' id='word_1_836' title='bbox 2274 5654 2445 5727; x_wconf 84' lang='lat' dir='ltr'><strong>Etiam</strong></span> <span class='ocrx_word' id='word_1_837' title='bbox 2486 5652 2711 5727; x_wconf 74' lang='lat' dir='ltr'><strong>_Vercell.</strong></span> <span class='ocrx_word' id='word_1_838' title='bbox 2742 5651 2952 5727; x_wconf 69' lang='lat' dir='ltr'><strong>videtur</strong></span> <span class='ocrx_word' id='word_1_839' title='bbox 2995 5651 3203 5727; x_wconf 54' lang='lat' dir='ltr'><strong>legisse</strong></span> <span class='ocrx_word' id='word_1_840' title='bbox 3229 5668 3358 5719; x_wconf 74' lang='lat' dir='ltr'><strong>oves,</strong></span> <span class='ocrx_word' id='word_1_841' title='bbox 3391 5670 3509 5707; x_wconf 87' lang='lat' dir='ltr'><strong>cum</strong></span> <span class='ocrx_word' id='word_1_842' title='bbox 3554 5656 3680 5726; x_wconf 86' lang='lat' dir='ltr'><strong>Syr.</strong></span> 
     </span>
    </p>
   </div>
   <div class='ocr_carea' id='block_1_174' title="bbox 379 5720 3683 5801">
    <p class='ocr_par' dir='ltr' id='par_1_174' title="bbox 379 5720 3683 5801">
     <span class='ocr_line' id='line_1_176' title="bbox 379 5720 3683 5801; baseline 0.001 -24"><span class='ocrx_word' id='word_1_843' title='bbox 379 5720 1025 5801; x_wconf 76' lang='lat' dir='ltr'><strong>Vers.,_Pers._,__Ara_b.,</strong></span> <span class='ocrx_word' id='word_1_844' title='bbox 1074 5735 1130 5801; x_wconf 84' lang='lat' dir='ltr'><strong>et</strong></span> <span class='ocrx_word' id='word_1_845' title='bbox 1159 5720 1381 5801; x_wconf 70' lang='lat' dir='ltr'><strong>August.</strong></span> <span class='ocrx_word' id='word_1_846' title='bbox 1415 5756 1485 5764; x_wconf 95' lang='lat'><strong>—</strong></span> <span class='ocrx_word' id='word_1_847' title='bbox 1531 5724 1605 5801; x_wconf 67' lang='lat' dir='ltr'><strong>(dt</strong></span> <span class='ocrx_word' id='word_1_848' title='bbox 1645 5724 1716 5801; x_wconf 84' lang='lat' dir='ltr'><strong>lt_a</strong></span> <span class='ocrx_word' id='word_1_849' title='bbox 1767 5732 1821 5779; x_wconf 79' lang='lat' dir='ltr'><strong>et</strong></span> <span class='ocrx_word' id='word_1_850' title='bbox 1864 5736 1971 5781; x_wconf 79' lang='lat' dir='ltr'><strong>tex.</strong></span> <span class='ocrx_word' id='word_1_851' title='bbox 2016 5727 2111 5801; x_wconf 72' lang='lat' dir='ltr'><strong>Gr.</strong></span> <span class='ocrx_word' id='word_1_852' title='bbox 2141 5720 2556 5801; x_wconf 45' lang='lat' dir='ltr'><strong>apag—(etus.</strong></span> <span class='ocrx_word' id='word_1_853' title='bbox 2602 5735 2655 5778; x_wconf 92' lang='lat' dir='ltr'><strong>et</strong></span> <span class='ocrx_word' id='word_1_854' title='bbox 2686 5723 2805 5801; x_wconf 70' lang='lat' dir='ltr'><strong>cod.</strong></span> <span class='ocrx_word' id='word_1_855' title='bbox 2832 5720 2999 5801; x_wconf 70' lang='lat' dir='ltr'><strong>Cant.</strong></span> <span class='ocrx_word' id='word_1_856' title='bbox 3032 5723 3138 5801; x_wconf 66' lang='grc' dir='ltr'>αλλ’</span> <span class='ocrx_word' id='word_1_857' title='bbox 3187 5724 3305 5798; x_wconf 79' lang='grc' dir='ltr'>ἐρεῖ.</span> <span class='ocrx_word' id='word_1_858' title='bbox 3354 5728 3519 5801; x_wconf 55' lang='grc' dir='ltr'><em>ῖ-ῖυ)</em></span> <span class='ocrx_word' id='word_1_859' title='bbox 3551 5720 3683 5801; x_wconf 71' lang='lat' dir='ltr'><strong>l’ost</strong></span> 
     </span>
    </p>
   </div>
   <div class='ocr_carea' id='block_1_175' title="bbox 377 5793 3685 5868">
    <p class='ocr_par' dir='ltr' id='par_1_175' title="bbox 377 5793 3685 5868">
     <span class='ocr_line' id='line_1_177' title="bbox 377 5793 3685 5868; baseline 0.001 -20"><span class='ocrx_word' id='word_1_860' title='bbox 377 5811 543 5868; x_wconf 73' lang='lat' dir='ltr'><strong>servo,</strong></span> <span class='ocrx_word' id='word_1_861' title='bbox 565 5793 721 5850; x_wconf 88' lang='lat' dir='ltr'><strong>deest</strong></span> <span class='ocrx_word' id='word_1_862' title='bbox 745 5796 849 5862; x_wconf 77' lang='lat' dir='ltr'><strong>illi,</strong></span> <span class='ocrx_word' id='word_1_863' title='bbox 876 5797 1040 5868; x_wconf 85' lang='lat' dir='ltr'><strong>etiam</strong></span> <span class='ocrx_word' id='word_1_864' title='bbox 1070 5797 1124 5851; x_wconf 89' lang='lat' dir='ltr'><strong>itt</strong></span> <span class='ocrx_word' id='word_1_865' title='bbox 1154 5793 1275 5853; x_wconf 72' lang='lat' dir='ltr'><strong>cod.</strong></span> <span class='ocrx_word' id='word_1_866' title='bbox 1300 5798 1454 5852; x_wconf 84' lang='lat' dir='ltr'><strong>Cant.</strong></span> <span class='ocrx_word' id='word_1_867' title='bbox 1487 5825 1558 5868; x_wconf 57' lang='grc' dir='ltr'><strong>-ς</strong></span> <span class='ocrx_word' id='word_1_868' title='bbox 1589 5796 1663 5867; x_wconf 89' lang='lat' dir='ltr'><strong>(g)</strong></span> <span class='ocrx_word' id='word_1_869' title='bbox 1683 5795 1754 5868; x_wconf 18' lang='lat' dir='ltr'><strong>lita</strong></span> <span class='ocrx_word' id='word_1_870' title='bbox 1782 5805 1837 5851; x_wconf 81' lang='lat' dir='ltr'><strong>et</strong></span> <span class='ocrx_word' id='word_1_871' title='bbox 1866 5810 1971 5853; x_wconf 79' lang='lat' dir='ltr'><strong>lex.</strong></span> <span class='ocrx_word' id='word_1_872' title='bbox 2003 5799 2093 5855; x_wconf 85' lang='lat' dir='ltr'><strong>Gr.</strong></span> <span class='ocrx_word' id='word_1_873' title='bbox 2131 5793 2197 5856; x_wconf 80' lang='grc' dir='ltr'><strong>τᾶ</strong></span> <span class='ocrx_word' id='word_1_874' title='bbox 2247 5797 2592 5868; x_wconf 74' lang='grc' dir='ltr'><strong>διαταχθέντα</strong></span> <span class='ocrx_word' id='word_1_875' title='bbox 2644 5797 2798 5867; x_wconf 74' lang='grc' dir='ltr'><strong>αὐτῷ.</strong></span> <span class='ocrx_word' id='word_1_876' title='bbox 2831 5824 2901 5868; x_wconf 55' lang='grc' dir='ltr'><strong>έ-</strong></span> <span class='ocrx_word' id='word_1_877' title='bbox 2927 5793 3007 5866; x_wconf 81' lang='lat' dir='ltr'><strong>(lt)</strong></span> <span class='ocrx_word' id='word_1_878' title='bbox 3053 5796 3175 5868; x_wconf 75' lang='lat' dir='ltr'><strong>Post</strong></span> <span class='ocrx_word' id='word_1_879' title='bbox 3209 5793 3436 5865; x_wconf 52' lang='lat' dir='ltr'><strong>&#39;I‘ecert&#39;tis</strong></span> <span class='ocrx_word' id='word_1_880' title='bbox 3459 5793 3483 5860; x_wconf 68' lang='grc' dir='ltr'><strong>’ξ</strong></span> <span class='ocrx_word' id='word_1_881' title='bbox 3534 5798 3685 5854; x_wconf 83' lang='lat' dir='ltr'><strong>deest</strong></span> 
     </span>
    </p>
   </div>
   <div class='ocr_carea' id='block_1_176' title="bbox 382 5866 3381 5947">
    <p class='ocr_par' dir='ltr' id='par_1_176' title="bbox 382 5866 3381 5947">
     <span class='ocr_line' id='line_1_178' title="bbox 382 5866 3381 5947; baseline 0.001 -27"><span class='ocrx_word' id='word_1_882' title='bbox 382 5867 577 5936; x_wconf 78' lang='lat' dir='ltr'><strong>omnia,</strong></span> <span class='ocrx_word' id='word_1_883' title='bbox 616 5868 778 5924; x_wconf 85' lang='lat' dir='ltr'><strong>etiam</strong></span> <span class='ocrx_word' id='word_1_884' title='bbox 827 5871 880 5923; x_wconf 91' lang='lat' dir='ltr'><strong>in</strong></span> <span class='ocrx_word' id='word_1_885' title='bbox 932 5867 1054 5923; x_wconf 91' lang='lat' dir='ltr'><strong>cod.</strong></span> <span class='ocrx_word' id='word_1_886' title='bbox 1102 5868 1258 5925; x_wconf 88' lang='lat' dir='ltr'><strong>Cant.</strong></span> <span class='ocrx_word' id='word_1_887' title='bbox 1291 5898 1363 5912; x_wconf 85' lang='lat'><strong>——</strong></span> <span class='ocrx_word' id='word_1_888' title='bbox 1390 5868 1458 5942; x_wconf 78' lang='grc' dir='ltr'><strong>(ἱ)</strong></span> <span class='ocrx_word' id='word_1_889' title='bbox 1504 5866 1638 5925; x_wconf 65' lang='lat' dir='ltr'><strong>Tei.</strong></span> <span class='ocrx_word' id='word_1_890' title='bbox 1683 5867 1777 5925; x_wconf 86' lang='lat' dir='ltr'><strong>Gr.</strong></span> <span class='ocrx_word' id='word_1_891' title='bbox 1809 5868 1972 5928; x_wconf 77' lang='lat' dir='ltr'><strong>habet</strong></span> <span class='ocrx_word' id='word_1_892' title='bbox 1989 5872 2181 5947; x_wconf 70' lang='grc' dir='ltr'><strong>λέγετε,</strong></span> <span class='ocrx_word' id='word_1_893' title='bbox 2211 5872 2352 5941; x_wconf 85' lang='lat' dir='ltr'><strong>quod</strong></span> <span class='ocrx_word' id='word_1_894' title='bbox 2381 5866 2541 5925; x_wconf 81' lang='lat' dir='ltr'><strong>etiam</strong></span> <span class='ocrx_word' id='word_1_895' title='bbox 2572 5866 2843 5937; x_wconf 83' lang='lat' dir='ltr'><strong>praesenti</strong></span> <span class='ocrx_word' id='word_1_896' title='bbox 2876 5867 3104 5937; x_wconf 84' lang='lat' dir='ltr'><strong>tempori</strong></span> <span class='ocrx_word' id='word_1_897' title='bbox 3135 5868 3381 5923; x_wconf 84' lang='lat' dir='ltr'><strong>inservit.</strong></span> 
     </span>
    </p>
   </div>
   <div class='ocr_carea' id='block_1_177' title="bbox 910 5965 1392 6032">
    <p class='ocr_par' dir='ltr' id='par_1_177' title="bbox 910 5965 1392 6032">
     <span class='ocr_line' id='line_1_179' title="bbox 910 5965 1392 6032; baseline 0.002 -4"><span class='ocrx_word' id='word_1_898' title='bbox 910 5967 1186 6029; x_wconf 74' lang='grc' dir='ltr'><strong>ΡΑι-ιοι..</strong></span> <span class='ocrx_word' id='word_1_899' title='bbox 1246 5965 1392 6032; x_wconf 79' lang='grc' dir='ltr'><strong>ΧΗ.</strong></span> 
     </span>
    </p>
   </div>
   <div class='ocr_carea' id='block_1_178' title="bbox 3166 5962 3239 6021">
    <p class='ocr_par' dir='ltr' id='par_1_178' title="bbox 3166 5962 3239 6021">
     <span class='ocr_line' id='line_1_180' title="bbox 3166 5962 3239 6021; baseline 0 0"><span class='ocrx_word' id='word_1_900' title='bbox 3166 5962 3239 6021; x_wconf 82' lang='grc'><strong>21</strong></span> 
     </span>
    </p>
   </div>
  </div>
