  <div class='ocr_page' id='page_1' title='image "/cluster/home/n/w/nwhite01/storage/ocr_20150623/12/hvd.32044096580410/331.png"; bbox 0 0 4054 6198; ppageno 0'>
   <div class='ocr_carea' id='block_1_1' title="bbox 516 331 3774 422">
    <p class='ocr_par' dir='ltr' id='par_1_1' title="bbox 516 331 3774 422">
     <span class='ocr_line' id='line_1_1' title="bbox 516 331 3774 422; baseline -0.001 -24"><span class='ocrx_word' id='word_1_1' title='bbox 516 339 616 398; x_wconf 77' lang='grc'><strong>651</strong></span> <span class='ocrx_word' id='word_1_2' title='bbox 1052 339 1320 399; x_wconf 84' lang='lat' dir='ltr'><strong>EUSEBil</strong></span> <span class='ocrx_word' id='word_1_3' title='bbox 1361 337 1700 396; x_wconf 80' lang='lat' dir='ltr'><strong>VERCELL.</strong></span> <span class='ocrx_word' id='word_1_4' title='bbox 1744 340 2190 400; x_wconf 76' lang='lat' dir='ltr'><strong>EVANGELIUM</strong></span> <span class='ocrx_word' id='word_1_5' title='bbox 2229 341 2371 398; x_wconf 75' lang='lat' dir='ltr'><strong>CUM</strong></span> <span class='ocrx_word' id='word_1_6' title='bbox 2415 337 2642 398; x_wconf 79' lang='lat' dir='ltr'><strong>VARllS</strong></span> <span class='ocrx_word' id='word_1_7' title='bbox 2678 334 2836 396; x_wconf 87' lang='lat' dir='ltr'><strong>COD.</strong></span> <span class='ocrx_word' id='word_1_8' title='bbox 2877 331 3273 398; x_wconf 84' lang='lat' dir='ltr'><strong>COLLATUM.</strong></span> <span class='ocrx_word' id='word_1_9' title='bbox 3565 413 3578 422; x_wconf 87' lang='lat'><em>_</em></span> <span class='ocrx_word' id='word_1_10' title='bbox 3691 339 3774 398; x_wconf 69' lang='lat'><strong>6.52</strong></span> 
     </span>
    </p>
   </div>
   <div class='ocr_carea' id='block_1_2' title="bbox 911 453 3342 514">
    <p class='ocr_par' dir='ltr' id='par_1_2' title="bbox 911 453 3342 514">
     <span class='ocr_line' id='line_1_2' title="bbox 911 453 3342 514; baseline -0 -2"><span class='ocrx_word' id='word_1_11' title='bbox 911 453 1044 512; x_wconf 85' lang='lat' dir='ltr'><strong>COD</strong></span> <span class='ocrx_word' id='word_1_12' title='bbox 1053 456 1140 512; x_wconf 77' lang='lat' dir='ltr'><strong>EX</strong></span> <span class='ocrx_word' id='word_1_13' title='bbox 1180 457 1726 514; x_wconf 80' lang='lat' dir='ltr'><strong>VERCELLENSIS.</strong></span> <span class='ocrx_word' id='word_1_14' title='bbox 2638 454 2868 514; x_wconf 76' lang='lat' dir='ltr'><strong>CODEX</strong></span> <span class='ocrx_word' id='word_1_15' title='bbox 2893 455 3342 514; x_wconf 80' lang='lat' dir='ltr'><strong>VERONENSIS.</strong></span> 
     </span>
    </p>
   </div>
   <div class='ocr_carea' id='block_1_3' title="bbox 521 549 3645 622">
    <p class='ocr_par' dir='ltr' id='par_1_3' title="bbox 521 549 3645 622">
     <span class='ocr_line' id='line_1_3' title="bbox 521 549 3645 622; baseline 0.002 -20"><span class='ocrx_word' id='word_1_16' title='bbox 521 549 754 622; x_wconf 83' lang='lat' dir='ltr'><strong>ditevos</strong></span> <span class='ocrx_word' id='word_1_17' title='bbox 782 549 975 605; x_wconf 89' lang='lat' dir='ltr'><strong>Sacer—</strong></span> <span class='ocrx_word' id='word_1_18' title='bbox 1352 549 1470 622; x_wconf 80' lang='lat' dir='ltr'><strong>Dei,</strong></span> <span class='ocrx_word' id='word_1_19' title='bbox 1503 550 1746 606; x_wconf 84' lang='lat' dir='ltr'><strong>Dixiteis</strong></span> <span class='ocrx_word' id='word_1_20' title='bbox 1772 568 1784 602; x_wconf 91' lang='lat'>:</span> <span class='ocrx_word' id='word_1_21' title='bbox 2214 569 2310 606; x_wconf 88' lang='lat' dir='ltr'><strong>vos</strong></span> <span class='ocrx_word' id='word_1_22' title='bbox 2341 551 2754 608; x_wconf 78' lang='lat' dir='ltr'><strong>Sacerdotibus.</strong></span> <span class='ocrx_word' id='word_1_23' title='bbox 3043 549 3136 622; x_wconf 84' lang='grc'><strong>21.</strong></span> <span class='ocrx_word' id='word_1_24' title='bbox 3178 551 3395 606; x_wconf 76' lang='lat' dir='ltr'><strong>vatione</strong></span> <span class='ocrx_word' id='word_1_25' title='bbox 3427 565 3441 603; x_wconf 76' lang='grc' dir='ltr'>ε</span> <span class='ocrx_word' id='word_1_26' title='bbox 3476 565 3645 622; x_wconf 81' lang='lat' dir='ltr'><strong>neque</strong></span> 
     </span>
    </p>
   </div>
   <div class='ocr_carea' id='block_1_4' title="bbox 518 620 3454 692">
    <p class='ocr_par' dir='ltr' id='par_1_4' title="bbox 518 620 3454 692">
     <span class='ocr_line' id='line_1_4' title="bbox 518 620 3454 692; baseline 0.001 -17"><span class='ocrx_word' id='word_1_27' title='bbox 518 620 760 676; x_wconf 76' lang='lat' dir='ltr'><strong>dotibus.</strong></span> <span class='ocrx_word' id='word_1_28' title='bbox 1350 620 1466 676; x_wconf 90' lang='lat' dir='ltr'><strong>Non</strong></span> <span class='ocrx_word' id='word_1_29' title='bbox 1501 623 1647 676; x_wconf 80' lang='lat' dir='ltr'><strong>venit</strong></span> <span class='ocrx_word' id='word_1_30' title='bbox 2212 624 2281 679; x_wconf 89' lang='lat' dir='ltr'><strong>Et</strong></span> <span class='ocrx_word' id='word_1_31' title='bbox 2312 623 2511 679; x_wconf 79' lang='lat' dir='ltr'><strong>faetum</strong></span> <span class='ocrx_word' id='word_1_32' title='bbox 2535 634 2654 692; x_wconf 89' lang='lat' dir='ltr'><strong>est,</strong></span> <span class='ocrx_word' id='word_1_33' title='bbox 3045 621 3226 677; x_wconf 91' lang='lat' dir='ltr'><strong>dicent</strong></span> <span class='ocrx_word' id='word_1_34' title='bbox 3258 641 3271 676; x_wconf 90' lang='lat'>:</span> <span class='ocrx_word' id='word_1_35' title='bbox 3307 621 3454 678; x_wconf 84' lang='lat' dir='ltr'><strong>Ecce</strong></span> 
     </span>
    </p>
   </div>
   <div class='ocr_carea' id='block_1_5' title="bbox 518 692 3398 764">
    <p class='ocr_par' dir='ltr' id='par_1_5' title="bbox 518 692 3398 764">
     <span class='ocr_line' id='line_1_5' title="bbox 518 692 3398 764; baseline 0.001 -19"><span class='ocrx_word' id='word_1_36' title='bbox 518 692 590 764; x_wconf 87' lang='lat' dir='ltr'><strong>Et</strong></span> <span class='ocrx_word' id='word_1_37' title='bbox 619 693 816 748; x_wconf 80' lang='lat' dir='ltr'><strong>factum</strong></span> <span class='ocrx_word' id='word_1_38' title='bbox 849 703 951 759; x_wconf 86' lang='lat' dir='ltr'><strong>est,</strong></span> <span class='ocrx_word' id='word_1_39' title='bbox 1354 708 1579 764; x_wconf 82' lang='lat' dir='ltr'><strong>regnum</strong></span> <span class='ocrx_word' id='word_1_40' title='bbox 1607 709 1730 749; x_wconf 91' lang='lat' dir='ltr'><strong>cum</strong></span> <span class='ocrx_word' id='word_1_41' title='bbox 2212 697 2341 750; x_wconf 93' lang='lat' dir='ltr'><strong>dum</strong></span> <span class='ocrx_word' id='word_1_42' title='bbox 2372 696 2574 751; x_wconf 91' lang='lat' dir='ltr'><strong>vadunt</strong></span> <span class='ocrx_word' id='word_1_43' title='bbox 2594 738 2610 759; x_wconf 86' lang='lat'><strong>,</strong></span> <span class='ocrx_word' id='word_1_44' title='bbox 2641 731 2643 734; x_wconf 65' lang='grc'>‹</span> <span class='ocrx_word' id='word_1_45' title='bbox 3048 694 3155 760; x_wconf 89' lang='lat' dir='ltr'><strong>hic,</strong></span> <span class='ocrx_word' id='word_1_46' title='bbox 3190 701 3283 747; x_wconf 87' lang='lat' dir='ltr'><strong>aut</strong></span> <span class='ocrx_word' id='word_1_47' title='bbox 3309 710 3398 749; x_wconf 90' lang='lat' dir='ltr'><strong>ec-</strong></span> 
     </span>
    </p>
   </div>
   <div class='ocr_carea' id='block_1_6' title="bbox 519 763 3402 831">
    <p class='ocr_par' dir='ltr' id='par_1_6' title="bbox 519 763 3402 831">
     <span class='ocr_line' id='line_1_6' title="bbox 519 763 3402 831; baseline 0.002 -15"><span class='ocrx_word' id='word_1_48' title='bbox 519 763 644 817; x_wconf 91' lang='lat' dir='ltr'><strong>dum</strong></span> <span class='ocrx_word' id='word_1_49' title='bbox 669 764 844 831; x_wconf 89' lang='lat' dir='ltr'><strong>irent,</strong></span> <span class='ocrx_word' id='word_1_50' title='bbox 1351 763 1688 820; x_wconf 85' lang='lat' dir='ltr'><strong>observatio-</strong></span> <span class='ocrx_word' id='word_1_51' title='bbox 2211 767 2452 821; x_wconf 86' lang='lat' dir='ltr'><strong>mundati</strong></span> <span class='ocrx_word' id='word_1_52' title='bbox 2483 776 2633 821; x_wconf 92' lang='lat' dir='ltr'><strong>sunt.</strong></span> <span class='ocrx_word' id='word_1_53' title='bbox 3047 780 3110 819; x_wconf 92' lang='lat' dir='ltr'><strong>ce</strong></span> <span class='ocrx_word' id='word_1_54' title='bbox 3138 765 3266 820; x_wconf 92' lang='lat' dir='ltr'><strong>illic.</strong></span> <span class='ocrx_word' id='word_1_55' title='bbox 3296 765 3402 821; x_wconf 86' lang='lat' dir='ltr'><strong>Ec-</strong></span> 
     </span>
    </p>
   </div>
   <div class='ocr_carea' id='block_1_7' title="bbox 515 835 3654 906">
    <p class='ocr_par' dir='ltr' id='par_1_7' title="bbox 515 835 3654 906">
     <span class='ocr_line' id='line_1_7' title="bbox 515 835 3654 906; baseline 0.001 -16"><span class='ocrx_word' id='word_1_56' title='bbox 515 835 797 890; x_wconf 83' lang='lat' dir='ltr'><strong>enmndati</strong></span> <span class='ocrx_word' id='word_1_57' title='bbox 1350 837 1441 890; x_wconf 87' lang='grc'><strong>21.</strong></span> <span class='ocrx_word' id='word_1_58' title='bbox 1470 853 1540 892; x_wconf 91' lang='lat' dir='ltr'><strong>ne</strong></span> <span class='ocrx_word' id='word_1_59' title='bbox 1565 855 1578 892; x_wconf 93' lang='lat'><strong>:</strong></span> <span class='ocrx_word' id='word_1_60' title='bbox 1603 837 1699 896; x_wconf 87' lang='lat' dir='ltr'><strong>sed</strong></span> <span class='ocrx_word' id='word_1_61' title='bbox 1727 849 1827 894; x_wconf 85' lang='lat' dir='ltr'><strong>nec</strong></span> <span class='ocrx_word' id='word_1_62' title='bbox 2214 840 2301 894; x_wconf 81' lang='grc'><strong>15.</strong></span> <span class='ocrx_word' id='word_1_63' title='bbox 2344 839 2495 895; x_wconf 90' lang='lat' dir='ltr'><strong>Unus</strong></span> <span class='ocrx_word' id='word_1_64' title='bbox 2523 849 2705 896; x_wconf 84' lang='lat' dir='ltr'><strong>autem</strong></span> <span class='ocrx_word' id='word_1_65' title='bbox 3047 851 3111 891; x_wconf 92' lang='lat' dir='ltr'><strong>ce</strong></span> <span class='ocrx_word' id='word_1_66' title='bbox 3139 839 3281 892; x_wconf 90' lang='lat' dir='ltr'><strong>enim</strong></span> <span class='ocrx_word' id='word_1_67' title='bbox 3313 851 3537 906; x_wconf 78' lang='lat' dir='ltr'><strong>regnum</strong></span> <span class='ocrx_word' id='word_1_68' title='bbox 3562 836 3654 894; x_wconf 77' lang='lat' dir='ltr'><strong>Dei</strong></span> 
     </span>
    </p>
   </div>
   <div class='ocr_carea' id='block_1_8' title="bbox 519 907 3450 969">
    <p class='ocr_par' dir='ltr' id='par_1_8' title="bbox 519 907 3450 969">
     <span class='ocr_line' id='line_1_8' title="bbox 519 907 3450 969; baseline 0 -9"><span class='ocrx_word' id='word_1_69' title='bbox 519 907 607 961; x_wconf 81' lang='grc'><strong>15.</strong></span> <span class='ocrx_word' id='word_1_70' title='bbox 648 918 796 963; x_wconf 91' lang='lat' dir='ltr'><strong>sunt.</strong></span> <span class='ocrx_word' id='word_1_71' title='bbox 838 907 989 964; x_wconf 89' lang='lat' dir='ltr'><strong>Unus</strong></span> <span class='ocrx_word' id='word_1_72' title='bbox 1351 908 1575 963; x_wconf 89' lang='lat' dir='ltr'><strong>dicent:</strong></span> <span class='ocrx_word' id='word_1_73' title='bbox 1613 910 1753 964; x_wconf 87' lang='lat' dir='ltr'><strong>Ecce</strong></span> <span class='ocrx_word' id='word_1_74' title='bbox 2211 926 2278 966; x_wconf 86' lang='lat' dir='ltr'><strong>ex</strong></span> <span class='ocrx_word' id='word_1_75' title='bbox 2315 912 2442 969; x_wconf 88' lang='lat' dir='ltr'><strong>illis.</strong></span> <span class='ocrx_word' id='word_1_76' title='bbox 2475 918 2533 964; x_wconf 91' lang='lat' dir='ltr'><strong>ut</strong></span> <span class='ocrx_word' id='word_1_77' title='bbox 3051 909 3190 962; x_wconf 90' lang='lat' dir='ltr'><strong>intra</strong></span> <span class='ocrx_word' id='word_1_78' title='bbox 3220 924 3315 964; x_wconf 91' lang='lat' dir='ltr'><strong>vos</strong></span> <span class='ocrx_word' id='word_1_79' title='bbox 3343 918 3450 965; x_wconf 79' lang='lat' dir='ltr'><strong>est.</strong></span> 
     </span>
    </p>
   </div>
   <div class='ocr_carea' id='block_1_9' title="bbox 515 979 3546 1052">
    <p class='ocr_par' dir='ltr' id='par_1_9' title="bbox 515 979 3546 1052">
     <span class='ocr_line' id='line_1_9' title="bbox 515 979 3546 1052; baseline 0.002 -21"><span class='ocrx_word' id='word_1_80' title='bbox 515 989 695 1052; x_wconf 78' lang='lat' dir='ltr'><strong>autem</strong></span> <span class='ocrx_word' id='word_1_81' title='bbox 725 995 792 1034; x_wconf 79' lang='lat' dir='ltr'><strong>ex</strong></span> <span class='ocrx_word' id='word_1_82' title='bbox 817 996 878 1052; x_wconf 45' lang='lat' dir='ltr'><strong>ea</strong></span> <span class='ocrx_word' id='word_1_83' title='bbox 1354 981 1381 1052; x_wconf 54' lang='grc' dir='ltr'><strong>ξ</strong></span> <span class='ocrx_word' id='word_1_84' title='bbox 1405 982 1510 1048; x_wconf 90' lang='lat' dir='ltr'><strong>bic,</strong></span> <span class='ocrx_word' id='word_1_85' title='bbox 1545 991 1634 1034; x_wconf 89' lang='lat' dir='ltr'><strong>aut</strong></span> <span class='ocrx_word' id='word_1_86' title='bbox 1660 994 1790 1036; x_wconf 85' lang='lat' dir='ltr'><strong>ecce</strong></span> <span class='ocrx_word' id='word_1_87' title='bbox 2212 981 2346 1037; x_wconf 87' lang='lat' dir='ltr'><strong>vidit</strong></span> <span class='ocrx_word' id='word_1_88' title='bbox 2367 981 2494 1052; x_wconf 85' lang='lat' dir='ltr'><strong>quia</strong></span> <span class='ocrx_word' id='word_1_89' title='bbox 3049 979 3141 1052; x_wconf 81' lang='grc'><strong>22.</strong></span> <span class='ocrx_word' id='word_1_90' title='bbox 3173 980 3241 1036; x_wconf 85' lang='grc' dir='ltr'><strong>Ει</strong></span> <span class='ocrx_word' id='word_1_91' title='bbox 3268 981 3343 1035; x_wconf 84' lang='lat' dir='ltr'><strong>ait</strong></span> <span class='ocrx_word' id='word_1_92' title='bbox 3364 979 3430 1037; x_wconf 78' lang='lat' dir='ltr'><strong>ad</strong></span> <span class='ocrx_word' id='word_1_93' title='bbox 3460 979 3546 1036; x_wconf 66' lang='lat' dir='ltr'><strong>die</strong></span> 
     </span>
    </p>
   </div>
   <div class='ocr_carea' id='block_1_10' title="bbox 516 1048 3482 1123">
    <p class='ocr_par' dir='ltr' id='par_1_10' title="bbox 516 1048 3482 1123">
     <span class='ocr_line' id='line_1_10' title="bbox 516 1048 3482 1123; baseline 0 -19"><span class='ocrx_word' id='word_1_94' title='bbox 516 1048 586 1115; x_wconf 91' lang='lat' dir='ltr'><strong>is,</strong></span> <span class='ocrx_word' id='word_1_95' title='bbox 614 1065 737 1106; x_wconf 89' lang='lat' dir='ltr'><strong>cum</strong></span> <span class='ocrx_word' id='word_1_96' title='bbox 773 1051 940 1107; x_wconf 91' lang='lat' dir='ltr'><strong>vidis-</strong></span> <span class='ocrx_word' id='word_1_97' title='bbox 1350 1051 1479 1107; x_wconf 92' lang='lat' dir='ltr'><strong>illic.</strong></span> <span class='ocrx_word' id='word_1_98' title='bbox 1512 1053 1654 1107; x_wconf 89' lang='lat' dir='ltr'><strong>Ecce</strong></span> <span class='ocrx_word' id='word_1_99' title='bbox 1681 1052 1825 1108; x_wconf 91' lang='lat' dir='ltr'><strong>enim</strong></span> <span class='ocrx_word' id='word_1_100' title='bbox 2212 1048 2505 1109; x_wconf 79' lang='lat' dir='ltr'><strong>mundatus</strong></span> <span class='ocrx_word' id='word_1_101' title='bbox 2535 1062 2649 1118; x_wconf 87' lang='lat' dir='ltr'><strong>est,</strong></span> <span class='ocrx_word' id='word_1_102' title='bbox 3048 1050 3286 1123; x_wconf 82' lang='lat' dir='ltr'><strong>scipulos</strong></span> <span class='ocrx_word' id='word_1_103' title='bbox 3305 1066 3436 1108; x_wconf 89' lang='lat' dir='ltr'><strong>suos</strong></span> <span class='ocrx_word' id='word_1_104' title='bbox 3467 1067 3482 1105; x_wconf 90' lang='lat'><strong>:</strong></span> 
     </span>
    </p>
   </div>
   <div class='ocr_carea' id='block_1_11' title="bbox 511 1122 3462 1197">
    <p class='ocr_par' dir='ltr' id='par_1_11' title="bbox 511 1122 3462 1197">
     <span class='ocr_line' id='line_1_11' title="bbox 511 1122 3462 1197; baseline 0.002 -22"><span class='ocrx_word' id='word_1_105' title='bbox 511 1131 598 1175; x_wconf 89' lang='lat' dir='ltr'><strong>set</strong></span> <span class='ocrx_word' id='word_1_106' title='bbox 618 1124 743 1192; x_wconf 86' lang='lat' dir='ltr'><strong>quia</strong></span> <span class='ocrx_word' id='word_1_107' title='bbox 773 1139 936 1180; x_wconf 86' lang='lat' dir='ltr'><strong>sanus</strong></span> <span class='ocrx_word' id='word_1_108' title='bbox 1348 1139 1577 1197; x_wconf 83' lang='lat' dir='ltr'><strong>regnum</strong></span> <span class='ocrx_word' id='word_1_109' title='bbox 1601 1124 1698 1179; x_wconf 93' lang='lat' dir='ltr'><strong>Dei</strong></span> <span class='ocrx_word' id='word_1_110' title='bbox 2214 1141 2492 1197; x_wconf 83' lang='lat' dir='ltr'><strong>regressus</strong></span> <span class='ocrx_word' id='word_1_111' title='bbox 2519 1135 2626 1192; x_wconf 85' lang='lat' dir='ltr'><strong>est,</strong></span> <span class='ocrx_word' id='word_1_112' title='bbox 3049 1122 3284 1197; x_wconf 81' lang='lat' dir='ltr'><strong>Venieut</strong></span> <span class='ocrx_word' id='word_1_113' title='bbox 3310 1123 3462 1197; x_wconf 70' lang='lat' dir='ltr'><strong>dies,</strong></span> 
     </span>
    </p>
   </div>
   <div class='ocr_carea' id='block_1_12' title="bbox 515 1194 3450 1268">
    <p class='ocr_par' dir='ltr' id='par_1_12' title="bbox 515 1194 3450 1268">
     <span class='ocr_line' id='line_1_12' title="bbox 515 1194 3450 1268; baseline 0.002 -21"><span class='ocrx_word' id='word_1_114' title='bbox 515 1204 621 1260; x_wconf 89' lang='lat' dir='ltr'><strong>est,</strong></span> <span class='ocrx_word' id='word_1_115' title='bbox 648 1209 833 1249; x_wconf 80' lang='lat' dir='ltr'><strong>rever-</strong></span> <span class='ocrx_word' id='word_1_116' title='bbox 1349 1195 1488 1268; x_wconf 74' lang='lat' dir='ltr'><strong>intra</strong></span> <span class='ocrx_word' id='word_1_117' title='bbox 1515 1212 1610 1250; x_wconf 90' lang='lat' dir='ltr'><strong>vos</strong></span> <span class='ocrx_word' id='word_1_118' title='bbox 1631 1206 1733 1252; x_wconf 90' lang='lat' dir='ltr'><strong>est.</strong></span> <span class='ocrx_word' id='word_1_119' title='bbox 2213 1194 2334 1252; x_wconf 75' lang='lat' dir='ltr'><strong>cuin</strong></span> <span class='ocrx_word' id='word_1_120' title='bbox 2372 1212 2586 1268; x_wconf 85' lang='lat' dir='ltr'><strong>magna</strong></span> <span class='ocrx_word' id='word_1_121' title='bbox 3046 1204 3105 1268; x_wconf 84' lang='lat' dir='ltr'><strong>ut</strong></span> <span class='ocrx_word' id='word_1_122' title='bbox 3125 1194 3450 1268; x_wconf 75' lang='lat' dir='ltr'><strong>desidet-etis</strong></span> 
     </span>
    </p>
   </div>
   <div class='ocr_carea' id='block_1_13' title="bbox 514 1265 3427 1339">
    <p class='ocr_par' dir='ltr' id='par_1_13' title="bbox 514 1265 3427 1339">
     <span class='ocr_line' id='line_1_13' title="bbox 514 1265 3427 1339; baseline 0.001 -22"><span class='ocrx_word' id='word_1_123' title='bbox 514 1278 606 1318; x_wconf 90' lang='lat' dir='ltr'><strong>sus</strong></span> <span class='ocrx_word' id='word_1_124' title='bbox 637 1272 741 1332; x_wconf 88' lang='lat' dir='ltr'><strong>est,</strong></span> <span class='ocrx_word' id='word_1_125' title='bbox 771 1281 892 1321; x_wconf 92' lang='lat' dir='ltr'><strong>cum</strong></span> <span class='ocrx_word' id='word_1_126' title='bbox 1347 1265 1436 1320; x_wconf 89' lang='grc'><strong>22.</strong></span> <span class='ocrx_word' id='word_1_127' title='bbox 1471 1268 1613 1339; x_wconf 84' lang='lat' dir='ltr'><strong>Dixit</strong></span> <span class='ocrx_word' id='word_1_128' title='bbox 1641 1279 1823 1324; x_wconf 89' lang='lat' dir='ltr'><strong>autem</strong></span> <span class='ocrx_word' id='word_1_129' title='bbox 2213 1285 2346 1324; x_wconf 92' lang='lat' dir='ltr'><strong>voce</strong></span> <span class='ocrx_word' id='word_1_130' title='bbox 2379 1265 2626 1339; x_wconf 78' lang='lat' dir='ltr'><strong>magniﬁ-</strong></span> <span class='ocrx_word' id='word_1_131' title='bbox 3047 1266 3232 1339; x_wconf 82' lang='lat' dir='ltr'><strong>videre</strong></span> <span class='ocrx_word' id='word_1_132' title='bbox 3251 1283 3427 1339; x_wconf 88' lang='lat' dir='ltr'><strong>unum</strong></span> 
     </span>
    </p>
   </div>
   <div class='ocr_carea' id='block_1_14' title="bbox 511 1338 3346 1408">
    <p class='ocr_par' dir='ltr' id='par_1_14' title="bbox 511 1338 3346 1408">
     <span class='ocr_line' id='line_1_14' title="bbox 511 1338 3346 1408; baseline 0.002 -19"><span class='ocrx_word' id='word_1_133' title='bbox 511 1350 645 1408; x_wconf 85' lang='lat' dir='ltr'><strong>voce</strong></span> <span class='ocrx_word' id='word_1_134' title='bbox 674 1352 825 1408; x_wconf 90' lang='lat' dir='ltr'><strong>mag-</strong></span> <span class='ocrx_word' id='word_1_135' title='bbox 1347 1339 1414 1392; x_wconf 87' lang='lat' dir='ltr'><strong>ad</strong></span> <span class='ocrx_word' id='word_1_136' title='bbox 1455 1338 1753 1408; x_wconf 90' lang='lat' dir='ltr'><strong>discipulos</strong></span> <span class='ocrx_word' id='word_1_137' title='bbox 2214 1356 2346 1396; x_wconf 91' lang='lat' dir='ltr'><strong>cans</strong></span> <span class='ocrx_word' id='word_1_138' title='bbox 2379 1338 2575 1404; x_wconf 88' lang='lat' dir='ltr'><strong>Deum;</strong></span> <span class='ocrx_word' id='word_1_139' title='bbox 3046 1338 3190 1391; x_wconf 91' lang='lat' dir='ltr'><strong>diem</strong></span> <span class='ocrx_word' id='word_1_140' title='bbox 3221 1338 3346 1395; x_wconf 81' lang='lat' dir='ltr'><strong>Filii</strong></span> 
     </span>
    </p>
   </div>
   <div class='ocr_carea' id='block_1_15' title="bbox 514 1407 3405 1476">
    <p class='ocr_par' dir='ltr' id='par_1_15' title="bbox 514 1407 3405 1476">
     <span class='ocr_line' id='line_1_15' title="bbox 514 1407 3405 1476; baseline 0.001 -16"><span class='ocrx_word' id='word_1_141' title='bbox 514 1422 581 1461; x_wconf 87' lang='lat' dir='ltr'><strong>na</strong></span> <span class='ocrx_word' id='word_1_142' title='bbox 618 1407 888 1464; x_wconf 83' lang='lat' dir='ltr'><strong>honoriﬁ-</strong></span> <span class='ocrx_word' id='word_1_143' title='bbox 1347 1425 1477 1465; x_wconf 90' lang='lat' dir='ltr'><strong>suos</strong></span> <span class='ocrx_word' id='word_1_144' title='bbox 1511 1429 1523 1463; x_wconf 92' lang='lat'>:</span> <span class='ocrx_word' id='word_1_145' title='bbox 1557 1407 1792 1468; x_wconf 82' lang='lat' dir='ltr'><strong>Venient</strong></span> <span class='ocrx_word' id='word_1_146' title='bbox 2215 1411 2308 1468; x_wconf 97' lang='grc'><strong>16.</strong></span> <span class='ocrx_word' id='word_1_147' title='bbox 2352 1412 2418 1468; x_wconf 89' lang='lat' dir='ltr'><strong>Et</strong></span> <span class='ocrx_word' id='word_1_148' title='bbox 2436 1411 2632 1470; x_wconf 87' lang='lat' dir='ltr'><strong>cecidit</strong></span> <span class='ocrx_word' id='word_1_149' title='bbox 3049 1409 3317 1476; x_wconf 87' lang='lat' dir='ltr'><strong>hominis,</strong></span> <span class='ocrx_word' id='word_1_150' title='bbox 3349 1417 3405 1464; x_wconf 90' lang='lat' dir='ltr'><strong>et</strong></span> 
     </span>
    </p>
   </div>
   <div class='ocr_carea' id='block_1_16' title="bbox 511 1480 3459 1547">
    <p class='ocr_par' dir='ltr' id='par_1_16' title="bbox 511 1480 3459 1547">
     <span class='ocr_line' id='line_1_16' title="bbox 511 1480 3459 1547; baseline 0 -15"><span class='ocrx_word' id='word_1_151' title='bbox 511 1492 643 1532; x_wconf 87' lang='lat' dir='ltr'><strong>eans</strong></span> <span class='ocrx_word' id='word_1_152' title='bbox 674 1480 876 1546; x_wconf 87' lang='lat' dir='ltr'><strong>Deum;</strong></span> <span class='ocrx_word' id='word_1_153' title='bbox 1349 1481 1491 1547; x_wconf 92' lang='lat' dir='ltr'><strong>dies,</strong></span> <span class='ocrx_word' id='word_1_154' title='bbox 1522 1492 1580 1536; x_wconf 94' lang='lat' dir='ltr'><strong>ut</strong></span> <span class='ocrx_word' id='word_1_155' title='bbox 1604 1499 1803 1540; x_wconf 86' lang='lat' dir='ltr'><strong>concu—</strong></span> <span class='ocrx_word' id='word_1_156' title='bbox 2216 1484 2270 1538; x_wconf 91' lang='lat' dir='ltr'><strong>in</strong></span> <span class='ocrx_word' id='word_1_157' title='bbox 2302 1483 2491 1539; x_wconf 72' lang='lat' dir='ltr'><strong>faciem</strong></span> <span class='ocrx_word' id='word_1_158' title='bbox 3047 1497 3153 1535; x_wconf 91' lang='lat' dir='ltr'><strong>non</strong></span> <span class='ocrx_word' id='word_1_159' title='bbox 3179 1480 3459 1540; x_wconf 80' lang='lat' dir='ltr'><strong>videbitis.</strong></span> 
     </span>
    </p>
   </div>
   <div class='ocr_carea' id='block_1_17' title="bbox 513 1549 3586 1625">
    <p class='ocr_par' dir='ltr' id='par_1_17' title="bbox 513 1549 3586 1625">
     <span class='ocr_line' id='line_1_17' title="bbox 513 1549 3586 1625; baseline 0.001 -20"><span class='ocrx_word' id='word_1_160' title='bbox 513 1549 620 1625; x_wconf 44' lang='lat'><strong>16.</strong></span> <span class='ocrx_word' id='word_1_161' title='bbox 645 1559 700 1625; x_wconf 86' lang='lat' dir='ltr'><strong>et</strong></span> <span class='ocrx_word' id='word_1_162' title='bbox 729 1551 961 1620; x_wconf 81' lang='lat' dir='ltr'><strong>procidit</strong></span> <span class='ocrx_word' id='word_1_163' title='bbox 1350 1553 1571 1620; x_wconf 87' lang='lat' dir='ltr'><strong>piscatis</strong></span> <span class='ocrx_word' id='word_1_164' title='bbox 1604 1555 1756 1612; x_wconf 90' lang='lat' dir='ltr'><strong>vide-</strong></span> <span class='ocrx_word' id='word_1_165' title='bbox 2217 1564 2341 1610; x_wconf 86' lang='lat' dir='ltr'><strong>ante</strong></span> <span class='ocrx_word' id='word_1_166' title='bbox 2370 1556 2536 1625; x_wconf 86' lang='lat' dir='ltr'><strong>pedes</strong></span> <span class='ocrx_word' id='word_1_167' title='bbox 3044 1552 3136 1625; x_wconf 70' lang='grc'><strong>25.</strong></span> <span class='ocrx_word' id='word_1_168' title='bbox 3177 1553 3246 1625; x_wconf 85' lang='lat' dir='ltr'><strong>Et</strong></span> <span class='ocrx_word' id='word_1_169' title='bbox 3274 1552 3458 1625; x_wconf 79' lang='lat' dir='ltr'><strong>dicent</strong></span> <span class='ocrx_word' id='word_1_170' title='bbox 3491 1565 3586 1607; x_wconf 85' lang='lat' dir='ltr'><strong>vo-</strong></span> 
     </span>
    </p>
   </div>
   <div class='ocr_carea' id='block_1_18' title="bbox 511 1620 3510 1696">
    <p class='ocr_par' dir='ltr' id='par_1_18' title="bbox 511 1620 3510 1696">
     <span class='ocr_line' id='line_1_18' title="bbox 511 1620 3510 1696; baseline 0.002 -21"><span class='ocrx_word' id='word_1_171' title='bbox 511 1620 575 1696; x_wconf 84' lang='lat' dir='ltr'><strong>in_</strong></span> <span class='ocrx_word' id='word_1_172' title='bbox 598 1621 788 1696; x_wconf 78' lang='lat' dir='ltr'><strong>faciem</strong></span> <span class='ocrx_word' id='word_1_173' title='bbox 825 1695 853 1696; x_wconf 25' lang='grc' dir='ltr'><em>η</em></span> <span class='ocrx_word' id='word_1_174' title='bbox 1349 1639 1408 1678; x_wconf 90' lang='lat' dir='ltr'><strong>re</strong></span> <span class='ocrx_word' id='word_1_175' title='bbox 1440 1641 1602 1680; x_wconf 92' lang='lat' dir='ltr'><strong>unum</strong></span> <span class='ocrx_word' id='word_1_176' title='bbox 1634 1627 1717 1682; x_wconf 88' lang='lat' dir='ltr'><strong>di—</strong></span> <span class='ocrx_word' id='word_1_177' title='bbox 2217 1628 2355 1696; x_wconf 86' lang='lat' dir='ltr'><strong>ejus,</strong></span> <span class='ocrx_word' id='word_1_178' title='bbox 2373 1620 2590 1694; x_wconf 55' lang='lat' dir='ltr'><strong>&#39;gratias</strong></span> <span class='ocrx_word' id='word_1_179' title='bbox 2616 1695 2621 1696; x_wconf 14' lang='grc' dir='ltr'>ί</span> <span class='ocrx_word' id='word_1_180' title='bbox 3045 1623 3128 1678; x_wconf 88' lang='lat' dir='ltr'><strong>bis</strong></span> <span class='ocrx_word' id='word_1_181' title='bbox 3164 1641 3177 1676; x_wconf 91' lang='lat'><strong>:</strong></span> <span class='ocrx_word' id='word_1_182' title='bbox 3212 1624 3352 1696; x_wconf 83' lang='lat' dir='ltr'><strong>Ecce</strong></span> <span class='ocrx_word' id='word_1_183' title='bbox 3382 1623 3473 1682; x_wconf 90' lang='lat' dir='ltr'><strong>hic</strong></span> <span class='ocrx_word' id='word_1_184' title='bbox 3495 1663 3510 1690; x_wconf 83' lang='lat'><strong>,</strong></span> 
     </span>
    </p>
   </div>
   <div class='ocr_carea' id='block_1_19' title="bbox 511 1692 3407 1770">
    <p class='ocr_par' dir='ltr' id='par_1_19' title="bbox 511 1692 3407 1770">
     <span class='ocr_line' id='line_1_19' title="bbox 511 1692 3407 1770; baseline 0.001 -26"><span class='ocrx_word' id='word_1_185' title='bbox 511 1692 578 1746; x_wconf 87' lang='lat' dir='ltr'><strong>ad</strong></span> <span class='ocrx_word' id='word_1_186' title='bbox 609 1695 772 1770; x_wconf 80' lang='lat' dir='ltr'><strong>pedes</strong></span> <span class='ocrx_word' id='word_1_187' title='bbox 803 1695 912 1749; x_wconf 83' lang='lat' dir='ltr'><strong>illi-</strong></span> <span class='ocrx_word' id='word_1_188' title='bbox 1349 1710 1437 1770; x_wconf 86' lang='lat' dir='ltr'><strong>em</strong></span> <span class='ocrx_word' id='word_1_189' title='bbox 1465 1696 1588 1751; x_wconf 90' lang='lat' dir='ltr'><strong>Filii</strong></span> <span class='ocrx_word' id='word_1_190' title='bbox 1611 1697 1787 1754; x_wconf 90' lang='lat' dir='ltr'><strong>homi-</strong></span> <span class='ocrx_word' id='word_1_191' title='bbox 2217 1692 2489 1770; x_wconf 26' lang='lat' dir='ltr'><strong>a&#39;gens‘(a)</strong></span> <span class='ocrx_word' id='word_1_192' title='bbox 2515 1699 2565 1752; x_wconf 93' lang='lat' dir='ltr'><strong>ei</strong></span> <span class='ocrx_word' id='word_1_193' title='bbox 2597 1695 2639 1766; x_wconf 77' lang='grc' dir='ltr'><strong>-ι-</strong></span> <span class='ocrx_word' id='word_1_194' title='bbox 2671 1714 2684 1750; x_wconf 90' lang='lat'>:</span> <span class='ocrx_word' id='word_1_195' title='bbox 3044 1704 3102 1770; x_wconf 72' lang='lat' dir='ltr'><strong>et</strong></span> <span class='ocrx_word' id='word_1_196' title='bbox 3123 1695 3407 1770; x_wconf 80' lang='lat' dir='ltr'><strong>ecceillic.</strong></span> 
     </span>
    </p>
   </div>
   <div class='ocr_carea' id='block_1_20' title="bbox 509 1766 3496 1835">
    <p class='ocr_par' dir='ltr' id='par_1_20' title="bbox 509 1766 3496 1835">
     <span class='ocr_line' id='line_1_20' title="bbox 509 1766 3496 1835; baseline 0.002 -17"><span class='ocrx_word' id='word_1_197' title='bbox 509 1779 595 1830; x_wconf 87' lang='lat' dir='ltr'><strong>us,</strong></span> <span class='ocrx_word' id='word_1_198' title='bbox 628 1766 767 1835; x_wconf 82' lang='lat' dir='ltr'><strong>grati</strong></span> <span class='ocrx_word' id='word_1_199' title='bbox 801 1808 813 1819; x_wconf 95' lang='lat'><strong>.</strong></span> <span class='ocrx_word' id='word_1_200' title='bbox 863 1808 876 1820; x_wconf 91' lang='lat'><strong>.</strong></span> <span class='ocrx_word' id='word_1_201' title='bbox 1348 1768 1452 1833; x_wconf 90' lang='lat' dir='ltr'><strong>uis,</strong></span> <span class='ocrx_word' id='word_1_202' title='bbox 1484 1776 1537 1823; x_wconf 91' lang='lat' dir='ltr'><strong>et</strong></span> <span class='ocrx_word' id='word_1_203' title='bbox 1565 1785 1675 1826; x_wconf 85' lang='lat' dir='ltr'><strong>non</strong></span> <span class='ocrx_word' id='word_1_204' title='bbox 1705 1770 1853 1824; x_wconf 91' lang='lat' dir='ltr'><strong>vide-</strong></span> <span class='ocrx_word' id='word_1_205' title='bbox 2211 1766 2271 1823; x_wconf 77' lang='lat' dir='ltr'><strong>et</strong></span> <span class='ocrx_word' id='word_1_206' title='bbox 2298 1769 2386 1824; x_wconf 85' lang='lat' dir='ltr'><strong>hic</strong></span> <span class='ocrx_word' id='word_1_207' title='bbox 2407 1766 2524 1823; x_wconf 86' lang='lat' dir='ltr'><strong>erat</strong></span> <span class='ocrx_word' id='word_1_208' title='bbox 3044 1766 3223 1821; x_wconf 86' lang='lat' dir='ltr'><strong>Nolite</strong></span> <span class='ocrx_word' id='word_1_209' title='bbox 3253 1767 3364 1833; x_wconf 77' lang='lat' dir='ltr'><strong>ire,</strong></span> <span class='ocrx_word' id='word_1_210' title='bbox 3399 1781 3496 1826; x_wconf 82' lang='lat' dir='ltr'><strong>ne-</strong></span> 
     </span>
    </p>
   </div>
   <div class='ocr_carea' id='block_1_21' title="bbox 509 1837 3482 1908">
    <p class='ocr_par' dir='ltr' id='par_1_21' title="bbox 509 1837 3482 1908">
     <span class='ocr_line' id='line_1_21' title="bbox 509 1837 3482 1908; baseline 0.001 -20"><span class='ocrx_word' id='word_1_211' title='bbox 509 1850 706 1906; x_wconf 86' lang='lat' dir='ltr'><strong>agens;</strong></span> <span class='ocrx_word' id='word_1_212' title='bbox 738 1849 792 1890; x_wconf 90' lang='lat' dir='ltr'><strong>et</strong></span> <span class='ocrx_word' id='word_1_213' title='bbox 818 1838 897 1906; x_wconf 87' lang='lat' dir='ltr'><strong>ip-</strong></span> <span class='ocrx_word' id='word_1_214' title='bbox 1345 1837 1437 1903; x_wconf 72' lang='lat'><strong>25.</strong></span> <span class='ocrx_word' id='word_1_215' title='bbox 1481 1839 1629 1894; x_wconf 92' lang='lat' dir='ltr'><strong>bitis.</strong></span> <span class='ocrx_word' id='word_1_216' title='bbox 1660 1841 1731 1896; x_wconf 88' lang='lat' dir='ltr'><strong>Et</strong></span> <span class='ocrx_word' id='word_1_217' title='bbox 1757 1841 1942 1898; x_wconf 90' lang='lat' dir='ltr'><strong>dicent</strong></span> <span class='ocrx_word' id='word_1_218' title='bbox 2212 1840 2609 1895; x_wconf 78' lang='lat' dir='ltr'><strong>Samaritanus.</strong></span> <span class='ocrx_word' id='word_1_219' title='bbox 3043 1854 3147 1908; x_wconf 87' lang='lat' dir='ltr'><strong>que</strong></span> <span class='ocrx_word' id='word_1_220' title='bbox 3174 1839 3482 1893; x_wconf 89' lang='lat' dir='ltr'><strong>sectemini.</strong></span> 
     </span>
    </p>
   </div>
   <div class='ocr_carea' id='block_1_22' title="bbox 507 1908 2108 1982">
    <p class='ocr_par' dir='ltr' id='par_1_22' title="bbox 507 1909 1714 1982">
     <span class='ocr_line' id='line_1_22' title="bbox 507 1909 1714 1982; baseline 0.006 -22"><span class='ocrx_word' id='word_1_221' title='bbox 507 1920 568 1982; x_wconf 85' lang='lat' dir='ltr'><strong>se</strong></span> <span class='ocrx_word' id='word_1_222' title='bbox 594 1919 713 1963; x_wconf 80' lang='lat' dir='ltr'><strong>erat</strong></span> <span class='ocrx_word' id='word_1_223' title='bbox 742 1909 931 1966; x_wconf 82' lang='lat' dir='ltr'><strong>Sama-</strong></span> <span class='ocrx_word' id='word_1_224' title='bbox 1347 1909 1501 1982; x_wconf 83' lang='lat' dir='ltr'><strong>vobis</strong></span> <span class='ocrx_word' id='word_1_225' title='bbox 1526 1929 1538 1963; x_wconf 93' lang='lat'><strong>:</strong></span> <span class='ocrx_word' id='word_1_226' title='bbox 1575 1913 1714 1967; x_wconf 84' lang='lat' dir='ltr'><strong>Ecce</strong></span> 
     </span>
    </p>
   </div>
   <div class='ocr_carea' id='block_1_23' title="bbox 1921 1908 3522 1982">
    <p class='ocr_par' dir='ltr' id='par_1_23' title="bbox 2215 1908 3522 1982">
     <span class='ocr_line' id='line_1_23' title="bbox 2215 1908 3522 1982; baseline -0.003 -16"><span class='ocrx_word' id='word_1_227' title='bbox 2215 1915 2302 1966; x_wconf 87' lang='grc'><strong>17.</strong></span> <span class='ocrx_word' id='word_1_228' title='bbox 2346 1911 2704 1982; x_wconf 79' lang='lat' dir='ltr'><strong>ReSpondens</strong></span> <span class='ocrx_word' id='word_1_229' title='bbox 3042 1908 3134 1982; x_wconf 76' lang='grc'><strong>24.</strong></span> <span class='ocrx_word' id='word_1_230' title='bbox 3175 1910 3309 1965; x_wconf 91' lang='lat' dir='ltr'><strong>Nam</strong></span> <span class='ocrx_word' id='word_1_231' title='bbox 3333 1951 3348 1974; x_wconf 94' lang='lat'><strong>,</strong></span> <span class='ocrx_word' id='word_1_232' title='bbox 3378 1911 3522 1966; x_wconf 90' lang='lat' dir='ltr'><strong>sicut</strong></span> 
     </span>
    </p>
   </div>
   <div class='ocr_carea' id='block_1_24' title="bbox 510 1980 3436 2051">
    <p class='ocr_par' dir='ltr' id='par_1_24' title="bbox 510 1980 3436 2051">
     <span class='ocr_line' id='line_1_24' title="bbox 510 1980 3436 2051; baseline 0.002 -19"><span class='ocrx_word' id='word_1_233' title='bbox 510 1980 663 2051; x_wconf 80' lang='lat' dir='ltr'><strong>rites.</strong></span> <span class='ocrx_word' id='word_1_234' title='bbox 1347 1981 1458 2046; x_wconf 90' lang='lat' dir='ltr'><strong>hic,</strong></span> <span class='ocrx_word' id='word_1_235' title='bbox 1490 1993 1730 2040; x_wconf 92' lang='lat' dir='ltr'><strong>autecce</strong></span> <span class='ocrx_word' id='word_1_236' title='bbox 2211 1992 2416 2038; x_wconf 90' lang='lat' dir='ltr'><strong>autem.</strong></span> <span class='ocrx_word' id='word_1_237' title='bbox 2462 1980 2475 2036; x_wconf 80' lang='lat'><strong>.</strong></span> <span class='ocrx_word' id='word_1_238' title='bbox 2522 2023 2535 2036; x_wconf 95' lang='lat'><strong>.</strong></span> <span class='ocrx_word' id='word_1_239' title='bbox 2581 2025 2595 2038; x_wconf 95' lang='lat'><strong>.</strong></span> <span class='ocrx_word' id='word_1_240' title='bbox 2642 2025 2654 2039; x_wconf 91' lang='lat'><strong>.</strong></span> <span class='ocrx_word' id='word_1_241' title='bbox 3045 1980 3224 2050; x_wconf 76' lang='lat' dir='ltr'><strong>fulgur</strong></span> <span class='ocrx_word' id='word_1_242' title='bbox 3252 1982 3436 2051; x_wconf 80' lang='lat' dir='ltr'><strong>fulgu-</strong></span> 
     </span>
    </p>
   </div>
   <div class='ocr_carea' id='block_1_25' title="bbox 507 2049 3422 2126">
    <p class='ocr_par' dir='ltr' id='par_1_25' title="bbox 507 2049 3422 2126">
     <span class='ocr_line' id='line_1_25' title="bbox 507 2049 3422 2126; baseline 0.002 -22"><span class='ocrx_word' id='word_1_243' title='bbox 507 2049 598 2104; x_wconf 87' lang='grc'><strong>17.</strong></span> <span class='ocrx_word' id='word_1_244' title='bbox 640 2051 997 2126; x_wconf 75' lang='lat' dir='ltr'><strong>Respondeas</strong></span> <span class='ocrx_word' id='word_1_245' title='bbox 1346 2053 1476 2126; x_wconf 82' lang='lat' dir='ltr'><strong>illic.</strong></span> <span class='ocrx_word' id='word_1_246' title='bbox 1507 2057 1527 2085; x_wconf 77' lang='grc'>³</span> <span class='ocrx_word' id='word_1_247' title='bbox 1554 2054 1736 2111; x_wconf 85' lang='lat' dir='ltr'><strong>Nolite</strong></span> <span class='ocrx_word' id='word_1_248' title='bbox 2210 2055 2352 2111; x_wconf 75' lang='lat' dir='ltr'><strong>dixit</strong></span> <span class='ocrx_word' id='word_1_249' title='bbox 2383 2073 2398 2108; x_wconf 92' lang='lat'><strong>:</strong></span> <span class='ocrx_word' id='word_1_250' title='bbox 2424 2055 2502 2123; x_wconf 86' lang='lat' dir='ltr'><strong>(b)</strong></span> <span class='ocrx_word' id='word_1_251' title='bbox 2535 2055 2596 2110; x_wconf 90' lang='lat' dir='ltr'><strong>Hi</strong></span> <span class='ocrx_word' id='word_1_252' title='bbox 2623 2054 2666 2126; x_wconf 66' lang='grc' dir='ltr'><strong>-ι-</strong></span> <span class='ocrx_word' id='word_1_253' title='bbox 3045 2049 3173 2126; x_wconf 83' lang='lat' dir='ltr'><strong>rans</strong></span> <span class='ocrx_word' id='word_1_254' title='bbox 3203 2052 3272 2108; x_wconf 91' lang='lat' dir='ltr'><strong>de</strong></span> <span class='ocrx_word' id='word_1_255' title='bbox 3301 2049 3422 2126; x_wconf 75' lang='lat' dir='ltr'><strong>cae-</strong></span> 
     </span>
    </p>
   </div>
   <div class='ocr_carea' id='block_1_26' title="bbox 508 2123 3355 2197">
    <p class='ocr_par' dir='ltr' id='par_1_26' title="bbox 508 2123 3355 2197">
     <span class='ocr_line' id='line_1_26' title="bbox 508 2123 3355 2197; baseline 0.001 -21"><span class='ocrx_word' id='word_1_256' title='bbox 508 2131 686 2197; x_wconf 78' lang='lat' dir='ltr'><strong>autem</strong></span> <span class='ocrx_word' id='word_1_257' title='bbox 713 2123 895 2197; x_wconf 83' lang='lat' dir='ltr'><strong>._l_esus,</strong></span> <span class='ocrx_word' id='word_1_258' title='bbox 930 2193 939 2197; x_wconf 25' lang='grc' dir='ltr'><strong><em>Δ</em></strong></span> <span class='ocrx_word' id='word_1_259' title='bbox 1008 2194 1020 2197; x_wconf 91' lang='lat'>_</span> <span class='ocrx_word' id='word_1_260' title='bbox 1345 2123 1443 2197; x_wconf 79' lang='lat' dir='ltr'><strong>ire,</strong></span> <span class='ocrx_word' id='word_1_261' title='bbox 1472 2140 1571 2197; x_wconf 79' lang='lat' dir='ltr'><strong>nec</strong></span> <span class='ocrx_word' id='word_1_262' title='bbox 1596 2127 1770 2197; x_wconf 84' lang='lat' dir='ltr'><strong>sequi.</strong></span> <span class='ocrx_word' id='word_1_263' title='bbox 2211 2143 2267 2181; x_wconf 75' lang='grc' dir='ltr'><strong>χ.</strong></span> <span class='ocrx_word' id='word_1_264' title='bbox 2301 2127 2544 2181; x_wconf 86' lang='lat' dir='ltr'><strong>mundati</strong></span> <span class='ocrx_word' id='word_1_265' title='bbox 2639 2123 2650 2126; x_wconf 69' lang='grc'>⁷</span> <span class='ocrx_word' id='word_1_266' title='bbox 3047 2125 3099 2197; x_wconf 83' lang='lat' dir='ltr'><strong>lo</strong></span> <span class='ocrx_word' id='word_1_267' title='bbox 3126 2125 3273 2180; x_wconf 90' lang='lat' dir='ltr'><strong>lucet</strong></span> <span class='ocrx_word' id='word_1_268' title='bbox 3301 2125 3355 2180; x_wconf 91' lang='lat' dir='ltr'><strong>in</strong></span> 
     </span>
    </p>
   </div>
   <div class='ocr_carea' id='block_1_27' title="bbox 505 2192 3278 2267">
    <p class='ocr_par' dir='ltr' id='par_1_27' title="bbox 505 2192 3278 2267">
     <span class='ocr_line' id='line_1_27' title="bbox 505 2192 3278 2267; baseline 0.002 -22"><span class='ocrx_word' id='word_1_269' title='bbox 505 2192 646 2248; x_wconf 85' lang='lat' dir='ltr'><strong>dixit</strong></span> <span class='ocrx_word' id='word_1_270' title='bbox 675 2212 687 2246; x_wconf 93' lang='lat'>:</span> <span class='ocrx_word' id='word_1_271' title='bbox 712 2193 884 2267; x_wconf 87' lang='lat' dir='ltr'><strong>(b)lli</strong></span> <span class='ocrx_word' id='word_1_272' title='bbox 914 2193 956 2265; x_wconf 51' lang='grc' dir='ltr'><strong>ἦ·</strong></span> <span class='ocrx_word' id='word_1_273' title='bbox 990 2194 1085 2251; x_wconf 83' lang='lat' dir='ltr'><strong>de-</strong></span> <span class='ocrx_word' id='word_1_274' title='bbox 1344 2195 1435 2250; x_wconf 78' lang='grc'><strong>24.</strong></span> <span class='ocrx_word' id='word_1_275' title='bbox 1477 2195 1629 2253; x_wconf 91' lang='lat' dir='ltr'><strong>Sicut</strong></span> <span class='ocrx_word' id='word_1_276' title='bbox 1657 2192 1802 2254; x_wconf 68' lang='lat' dir='ltr'><strong>cnim</strong></span> <span class='ocrx_word' id='word_1_277' title='bbox 1836 2198 1939 2253; x_wconf 87' lang='lat' dir='ltr'><strong>l&#39;ul-</strong></span> <span class='ocrx_word' id='word_1_278' title='bbox 2211 2209 2338 2252; x_wconf 85' lang='lat' dir='ltr'><strong>sunt</strong></span> <span class='ocrx_word' id='word_1_279' title='bbox 2372 2217 2384 2250; x_wconf 90' lang='lat'><em>:</em></span> <span class='ocrx_word' id='word_1_280' title='bbox 2422 2212 2617 2254; x_wconf 86' lang='lat' dir='ltr'><strong>novem</strong></span> <span class='ocrx_word' id='word_1_281' title='bbox 3046 2195 3131 2252; x_wconf 89' lang='lat' dir='ltr'><strong>bis</strong></span> <span class='ocrx_word' id='word_1_282' title='bbox 3157 2212 3278 2266; x_wconf 66' lang='lat' dir='ltr'><strong>qua:</strong></span> 
     </span>
    </p>
   </div>
   <div class='ocr_carea' id='block_1_28' title="bbox 503 2266 3524 2338">
    <p class='ocr_par' dir='ltr' id='par_1_28' title="bbox 503 2266 3524 2338">
     <span class='ocr_line' id='line_1_28' title="bbox 503 2266 3524 2338; baseline 0.001 -18"><span class='ocrx_word' id='word_1_283' title='bbox 503 2280 620 2338; x_wconf 80' lang='lat' dir='ltr'><strong>cem</strong></span> <span class='ocrx_word' id='word_1_284' title='bbox 655 2266 882 2321; x_wconf 87' lang='lat' dir='ltr'><strong>munda-</strong></span> <span class='ocrx_word' id='word_1_285' title='bbox 1341 2270 1432 2338; x_wconf 85' lang='lat' dir='ltr'><strong>gul</strong></span> <span class='ocrx_word' id='word_1_286' title='bbox 1462 2285 1652 2324; x_wconf 89' lang='lat' dir='ltr'><strong>corus-</strong></span> <span class='ocrx_word' id='word_1_287' title='bbox 2214 2271 2302 2323; x_wconf 90' lang='lat' dir='ltr'><strong>ubi</strong></span> <span class='ocrx_word' id='word_1_288' title='bbox 2328 2268 2490 2324; x_wconf 77' lang='lat' dir='ltr'><strong>sunt?</strong></span> <span class='ocrx_word' id='word_1_289' title='bbox 3043 2268 3145 2323; x_wconf 87' lang='lat' dir='ltr'><strong>sub</strong></span> <span class='ocrx_word' id='word_1_290' title='bbox 3169 2268 3324 2324; x_wconf 86' lang='lat' dir='ltr'><strong>caelo</strong></span> <span class='ocrx_word' id='word_1_291' title='bbox 3351 2277 3482 2325; x_wconf 80' lang='lat' dir='ltr'><strong>sunt</strong></span> <span class='ocrx_word' id='word_1_292' title='bbox 3500 2309 3524 2336; x_wconf 78' lang='lat'><strong>,</strong></span> 
     </span>
    </p>
   </div>
   <div class='ocr_carea' id='block_1_29' title="bbox 503 2337 3524 2464">
    <p class='ocr_par' dir='ltr' id='par_1_29' title="bbox 503 2337 3524 2464">
     <span class='ocr_line' id='line_1_29' title="bbox 503 2337 3524 2464; baseline 0.002 -75"><span class='ocrx_word' id='word_1_293' title='bbox 503 2337 542 2390; x_wconf 89' lang='lat' dir='ltr'><strong>ti</strong></span> <span class='ocrx_word' id='word_1_294' title='bbox 574 2347 699 2393; x_wconf 90' lang='lat' dir='ltr'><strong>sunt</strong></span> <span class='ocrx_word' id='word_1_295' title='bbox 724 2355 742 2419; x_wconf 62' lang='grc' dir='ltr'>ξ</span> <span class='ocrx_word' id='word_1_296' title='bbox 770 2354 868 2392; x_wconf 63' lang='lat' dir='ltr'><strong>no.</strong></span> <span class='ocrx_word' id='word_1_297' title='bbox 1343 2337 1502 2420; x_wconf 85' lang='lat' dir='ltr'><strong>cans,</strong></span> <span class='ocrx_word' id='word_1_298' title='bbox 1537 2342 1614 2395; x_wconf 92' lang='lat' dir='ltr'><strong>sic</strong></span> <span class='ocrx_word' id='word_1_299' title='bbox 1640 2342 1745 2396; x_wconf 90' lang='lat' dir='ltr'><strong>erit</strong></span> <span class='ocrx_word' id='word_1_300' title='bbox 2213 2341 2299 2396; x_wconf 90' lang='grc'><strong>18.</strong></span> <span class='ocrx_word' id='word_1_301' title='bbox 2345 2342 2422 2396; x_wconf 82' lang='lat' dir='ltr'><strong>Ex</strong></span> <span class='ocrx_word' id='word_1_302' title='bbox 2451 2339 2560 2395; x_wconf 90' lang='lat' dir='ltr'><strong>illis</strong></span> <span class='ocrx_word' id='word_1_303' title='bbox 2585 2357 2695 2400; x_wconf 85' lang='lat' dir='ltr'><strong>non</strong></span> <span class='ocrx_word' id='word_1_304' title='bbox 2728 2351 2812 2401; x_wconf 85' lang='lat' dir='ltr'><strong>est</strong></span> <span class='ocrx_word' id='word_1_305' title='bbox 3045 2340 3114 2422; x_wconf 77' lang='lat' dir='ltr'><strong>ita</strong></span> <span class='ocrx_word' id='word_1_306' title='bbox 3147 2338 3355 2464; x_wconf 46' lang='lat' dir='ltr'><strong>eritéc)</strong></span> <span class='ocrx_word' id='word_1_307' title='bbox 3395 2351 3450 2396; x_wconf 81' lang='lat' dir='ltr'><strong>et</strong></span> <span class='ocrx_word' id='word_1_308' title='bbox 3482 2341 3524 2423; x_wconf 62' lang='lat' dir='ltr'><strong>j-</strong></span> 
     </span>
     <span class='ocr_line' id='line_1_30' title="bbox 503 2409 3524 2464; baseline 0.001 -3"><span class='ocrx_word' id='word_1_309' title='bbox 503 2423 621 2463; x_wconf 86' lang='lat' dir='ltr'><strong>vem</strong></span> <span class='ocrx_word' id='word_1_310' title='bbox 654 2409 742 2462; x_wconf 83' lang='lat' dir='ltr'><strong>ubi</strong></span> <span class='ocrx_word' id='word_1_311' title='bbox 776 2420 902 2464; x_wconf 88' lang='lat' dir='ltr'><strong>sunt</strong></span> <span class='ocrx_word' id='word_1_312' title='bbox 934 2414 957 2464; x_wconf 86' lang='lat'><strong>?</strong></span> <span class='ocrx_word' id='word_1_313' title='bbox 1341 2410 1512 2464; x_wconf 80' lang='lat' dir='ltr'><strong>Filius</strong></span> <span class='ocrx_word' id='word_1_314' title='bbox 1539 2411 1620 2464; x_wconf 85' lang='lat' dir='ltr'><strong>(dl</strong></span> <span class='ocrx_word' id='word_1_315' title='bbox 1652 2412 1820 2464; x_wconf 65' lang='lat' dir='ltr'><strong>homi.</strong></span> <span class='ocrx_word' id='word_1_316' title='bbox 2211 2414 2304 2464; x_wconf 83' lang='lat' dir='ltr'><strong>oui</strong></span> <span class='ocrx_word' id='word_1_317' title='bbox 2337 2412 2576 2464; x_wconf 86' lang='lat' dir='ltr'><strong>rediret.</strong></span> <span class='ocrx_word' id='word_1_318' title='bbox 3041 2410 3209 2464; x_wconf 82' lang='lat' dir='ltr'><strong>Filius</strong></span> <span class='ocrx_word' id='word_1_319' title='bbox 3243 2411 3262 2464; x_wconf 74' lang='grc' dir='ltr'>ί</span> <span class='ocrx_word' id='word_1_320' title='bbox 3295 2415 3326 2464; x_wconf 76' lang='grc'><strong>-1</strong></span> <span class='ocrx_word' id='word_1_321' title='bbox 3358 2411 3524 2464; x_wconf 87' lang='lat' dir='ltr'><strong>homu</strong></span> 
     </span>
    </p>
   </div>
   <div class='ocr_carea' id='block_1_30' title="bbox 501 2409 2102 2493">
    <p class='ocr_par' dir='ltr' id='par_1_30' title="bbox 501 2409 1820 2493">
     <span class='ocr_line' id='line_1_31' title="bbox 501 2409 1820 2493; baseline 0.006 -32"><span class='ocrx_word' id='word_1_322' title='bbox 501 2423 621 2493; x_wconf 65' lang='lat' dir='ltr'><strong>vein</strong></span> <span class='ocrx_word' id='word_1_323' title='bbox 639 2409 759 2493; x_wconf 46' lang='lat' dir='ltr'><strong>&#39;l‘liﬁ-</strong></span> <span class='ocrx_word' id='word_1_324' title='bbox 776 2420 902 2492; x_wconf 76' lang='lat' dir='ltr'><strong>sunt</strong></span> <span class='ocrx_word' id='word_1_325' title='bbox 934 2414 957 2466; x_wconf 87' lang='lat'><strong>?</strong></span> <span class='ocrx_word' id='word_1_326' title='bbox 1341 2410 1620 2493; x_wconf 33' lang='lat' dir='ltr'><strong>Filius-(ci)</strong></span> <span class='ocrx_word' id='word_1_327' title='bbox 1652 2412 1820 2493; x_wconf 62' lang='lat' dir='ltr'><strong>homio</strong></span> 
     </span>
    </p>
   </div>
   <div class='ocr_carea' id='block_1_31' title="bbox 2069 2409 3670 2493">
    <p class='ocr_par' dir='ltr' id='par_1_31' title="bbox 2211 2409 3670 2493">
     <span class='ocr_line' id='line_1_32' title="bbox 2211 2409 3670 2493; baseline -0.002 -26"><span class='ocrx_word' id='word_1_328' title='bbox 2211 2414 2304 2481; x_wconf 86' lang='lat' dir='ltr'><strong>qui</strong></span> <span class='ocrx_word' id='word_1_329' title='bbox 2337 2412 2576 2493; x_wconf 81' lang='lat' dir='ltr'><strong>rediret,</strong></span> <span class='ocrx_word' id='word_1_330' title='bbox 3041 2410 3214 2493; x_wconf 59' lang='lat' dir='ltr'><strong>Filius</strong></span> <span class='ocrx_word' id='word_1_331' title='bbox 3243 2409 3596 2493; x_wconf 71' lang='lat' dir='ltr'><strong>(dlhominis</strong></span> <span class='ocrx_word' id='word_1_332' title='bbox 3610 2413 3670 2483; x_wconf 60' lang='grc' dir='ltr'><strong>τ.</strong></span> 
     </span>
    </p>
   </div>
   <div class='ocr_carea' id='block_1_32' title="bbox 506 2480 3639 2554">
    <p class='ocr_par' dir='ltr' id='par_1_32' title="bbox 506 2480 3639 2554">
     <span class='ocr_line' id='line_1_33' title="bbox 506 2480 3639 2554; baseline 0.002 -20"><span class='ocrx_word' id='word_1_333' title='bbox 506 2480 593 2534; x_wconf 80' lang='grc'><strong>18.</strong></span> <span class='ocrx_word' id='word_1_334' title='bbox 619 2481 718 2554; x_wconf 77' lang='lat' dir='ltr'><strong>Ex</strong></span> <span class='ocrx_word' id='word_1_335' title='bbox 745 2480 831 2537; x_wconf 90' lang='lat' dir='ltr'><strong>his</strong></span> <span class='ocrx_word' id='word_1_336' title='bbox 859 2499 966 2540; x_wconf 93' lang='lat' dir='ltr'><strong>non</strong></span> <span class='ocrx_word' id='word_1_337' title='bbox 1341 2481 1436 2538; x_wconf 84' lang='grc'><strong>25.</strong></span> <span class='ocrx_word' id='word_1_338' title='bbox 1479 2480 1562 2537; x_wconf 81' lang='lat' dir='ltr'><strong>nis</strong></span> <span class='ocrx_word' id='word_1_339' title='bbox 1588 2480 1652 2554; x_wconf 57' lang='lat'><strong>1-.</strong></span> <span class='ocrx_word' id='word_1_340' title='bbox 1683 2485 1840 2544; x_wconf 86' lang='lat' dir='ltr'><strong>Prius</strong></span> <span class='ocrx_word' id='word_1_341' title='bbox 1866 2500 1962 2542; x_wconf 89' lang='lat' dir='ltr'><strong>au-</strong></span> <span class='ocrx_word' id='word_1_342' title='bbox 2211 2480 2264 2539; x_wconf 86' lang='lat' dir='ltr'><strong>et</strong></span> <span class='ocrx_word' id='word_1_343' title='bbox 2297 2485 2499 2554; x_wconf 79' lang='lat' dir='ltr'><strong>gratias</strong></span> <span class='ocrx_word' id='word_1_344' title='bbox 2525 2499 2650 2552; x_wconf 81' lang='lat' dir='ltr'><strong>aga-</strong></span> <span class='ocrx_word' id='word_1_345' title='bbox 3040 2481 3131 2536; x_wconf 80' lang='grc'><strong>25.</strong></span> <span class='ocrx_word' id='word_1_346' title='bbox 3177 2480 3421 2542; x_wconf 82' lang='lat' dir='ltr'><strong>Primum</strong></span> <span class='ocrx_word' id='word_1_347' title='bbox 3444 2480 3639 2542; x_wconf 76' lang='lat' dir='ltr'><strong>autem</strong></span> 
     </span>
    </p>
   </div>
   <div class='ocr_carea' id='block_1_33' title="bbox 502 2552 3435 2625">
    <p class='ocr_par' dir='ltr' id='par_1_33' title="bbox 502 2552 3435 2625">
     <span class='ocr_line' id='line_1_34' title="bbox 502 2552 3435 2625; baseline 0.001 -18"><span class='ocrx_word' id='word_1_348' title='bbox 502 2561 586 2608; x_wconf 90' lang='lat' dir='ltr'><strong>est</strong></span> <span class='ocrx_word' id='word_1_349' title='bbox 618 2552 804 2625; x_wconf 85' lang='lat' dir='ltr'><strong>inven-</strong></span> <span class='ocrx_word' id='word_1_350' title='bbox 1345 2564 1453 2610; x_wconf 90' lang='lat' dir='ltr'><strong>tem</strong></span> <span class='ocrx_word' id='word_1_351' title='bbox 1478 2552 1695 2625; x_wconf 82' lang='lat' dir='ltr'><strong>oportet</strong></span> <span class='ocrx_word' id='word_1_352' title='bbox 2211 2552 2434 2611; x_wconf 42' lang='lat' dir='ltr'><strong>ret&#39;Deo</strong></span> <span class='ocrx_word' id='word_1_353' title='bbox 2459 2596 2472 2619; x_wconf 92' lang='lat'><strong>,</strong></span> <span class='ocrx_word' id='word_1_354' title='bbox 2508 2555 2611 2609; x_wconf 90' lang='lat' dir='ltr'><strong>nisi</strong></span> <span class='ocrx_word' id='word_1_355' title='bbox 3042 2563 3263 2625; x_wconf 88' lang='lat' dir='ltr'><strong>oportet</strong></span> <span class='ocrx_word' id='word_1_356' title='bbox 3286 2555 3435 2616; x_wconf 90' lang='lat' dir='ltr'><strong>illum</strong></span> 
     </span>
    </p>
   </div>
   <div class='ocr_carea' id='block_1_34' title="bbox 502 2623 3467 2696">
    <p class='ocr_par' dir='ltr' id='par_1_34' title="bbox 502 2623 3467 2696">
     <span class='ocr_line' id='line_1_35' title="bbox 502 2623 3467 2696; baseline 0.002 -20"><span class='ocrx_word' id='word_1_357' title='bbox 502 2631 610 2688; x_wconf 86' lang='lat' dir='ltr'><strong>tus,</strong></span> <span class='ocrx_word' id='word_1_358' title='bbox 643 2623 733 2693; x_wconf 91' lang='lat' dir='ltr'><strong>qui</strong></span> <span class='ocrx_word' id='word_1_359' title='bbox 761 2640 942 2682; x_wconf 90' lang='lat' dir='ltr'><strong>rever-</strong></span> <span class='ocrx_word' id='word_1_360' title='bbox 1343 2625 1495 2681; x_wconf 90' lang='lat' dir='ltr'><strong>illum</strong></span> <span class='ocrx_word' id='word_1_361' title='bbox 1517 2623 1692 2684; x_wconf 78' lang='lat' dir='ltr'><strong>multa</strong></span> <span class='ocrx_word' id='word_1_362' title='bbox 2211 2627 2298 2682; x_wconf 91' lang='lat' dir='ltr'><strong>hic</strong></span> <span class='ocrx_word' id='word_1_363' title='bbox 2329 2628 2652 2696; x_wconf 77' lang='lat' dir='ltr'><strong>alienigena.</strong></span> <span class='ocrx_word' id='word_1_364' title='bbox 3043 2623 3213 2681; x_wconf 84' lang='lat' dir='ltr'><strong>multa</strong></span> <span class='ocrx_word' id='word_1_365' title='bbox 3248 2627 3381 2695; x_wconf 81' lang='lat' dir='ltr'><strong>pati,</strong></span> <span class='ocrx_word' id='word_1_366' title='bbox 3409 2632 3467 2682; x_wconf 82' lang='lat' dir='ltr'><strong>et</strong></span> 
     </span>
    </p>
   </div>
   <div class='ocr_carea' id='block_1_35' title="bbox 503 2697 3511 2770">
    <p class='ocr_par' dir='ltr' id='par_1_35' title="bbox 503 2697 3511 2770">
     <span class='ocr_line' id='line_1_36' title="bbox 503 2697 3511 2770; baseline 0.003 -22"><span class='ocrx_word' id='word_1_367' title='bbox 503 2709 598 2770; x_wconf 82' lang='lat' dir='ltr'><strong>sus</strong></span> <span class='ocrx_word' id='word_1_368' title='bbox 624 2697 890 2770; x_wconf 67' lang='lat' dir='ltr'><strong>honorem</strong></span> <span class='ocrx_word' id='word_1_369' title='bbox 1342 2699 1455 2770; x_wconf 86' lang='lat' dir='ltr'><strong>pati</strong></span> <span class='ocrx_word' id='word_1_370' title='bbox 1479 2741 1493 2763; x_wconf 94' lang='lat'><strong>,</strong></span> <span class='ocrx_word' id='word_1_371' title='bbox 1522 2709 1576 2753; x_wconf 86' lang='lat' dir='ltr'><strong>et</strong></span> <span class='ocrx_word' id='word_1_372' title='bbox 1606 2715 1788 2770; x_wconf 85' lang='lat' dir='ltr'><strong>repro-</strong></span> <span class='ocrx_word' id='word_1_373' title='bbox 2212 2700 2298 2755; x_wconf 88' lang='grc'><strong>19.</strong></span> <span class='ocrx_word' id='word_1_374' title='bbox 2344 2700 2411 2752; x_wconf 84' lang='lat' dir='ltr'><strong>Et</strong></span> <span class='ocrx_word' id='word_1_375' title='bbox 2440 2698 2628 2770; x_wconf 81' lang='lat' dir='ltr'><strong>aitilli</strong></span> <span class='ocrx_word' id='word_1_376' title='bbox 2669 2716 2682 2755; x_wconf 87' lang='lat'><strong>:</strong></span> <span class='ocrx_word' id='word_1_377' title='bbox 3043 2697 3325 2768; x_wconf 87' lang='lat' dir='ltr'><strong>reprobari</strong></span> <span class='ocrx_word' id='word_1_378' title='bbox 3353 2713 3382 2770; x_wconf 70' lang='lat' dir='ltr'><strong>tl</strong></span> <span class='ocrx_word' id='word_1_379' title='bbox 3410 2711 3511 2766; x_wconf 81' lang='lat' dir='ltr'><strong>ge-</strong></span> 
     </span>
    </p>
   </div>
   <div class='ocr_carea' id='block_1_36' title="bbox 501 2764 3485 2841">
    <p class='ocr_par' dir='ltr' id='par_1_36' title="bbox 501 2764 3485 2841">
     <span class='ocr_line' id='line_1_37' title="bbox 501 2764 3485 2841; baseline 0.001 -22"><span class='ocrx_word' id='word_1_380' title='bbox 501 2764 655 2841; x_wconf 26' lang='lat' dir='ltr'><strong>d-aret</strong></span> <span class='ocrx_word' id='word_1_381' title='bbox 684 2767 816 2841; x_wconf 76' lang='lat' dir='ltr'><strong>Deo,</strong></span> <span class='ocrx_word' id='word_1_382' title='bbox 840 2769 923 2841; x_wconf 90' lang='lat' dir='ltr'><strong>_ni-</strong></span> <span class='ocrx_word' id='word_1_383' title='bbox 1343 2768 1459 2823; x_wconf 81' lang='lat' dir='ltr'><strong>bari</strong></span> <span class='ocrx_word' id='word_1_384' title='bbox 1488 2786 1515 2822; x_wconf 94' lang='lat' dir='ltr'><strong>a</strong></span> <span class='ocrx_word' id='word_1_385' title='bbox 1538 2764 1704 2841; x_wconf 78' lang='lat' dir='ltr'><strong>gene-</strong></span> <span class='ocrx_word' id='word_1_386' title='bbox 2209 2773 2415 2840; x_wconf 81' lang='lat' dir='ltr'><strong>Surge,</strong></span> <span class='ocrx_word' id='word_1_387' title='bbox 2446 2769 2618 2835; x_wconf 85' lang='lat' dir='ltr'><strong>vade;</strong></span> <span class='ocrx_word' id='word_1_388' title='bbox 3045 2764 3328 2841; x_wconf 59' lang='lat' dir='ltr'><strong>ne&#39;ratione</strong></span> <span class='ocrx_word' id='word_1_389' title='bbox 3361 2764 3485 2824; x_wconf 71' lang='lat' dir='ltr'><strong>hac.</strong></span> 
     </span>
    </p>
   </div>
   <div class='ocr_carea' id='block_1_37' title="bbox 499 2837 3569 2910">
    <p class='ocr_par' dir='ltr' id='par_1_37' title="bbox 499 2837 3569 2910">
     <span class='ocr_line' id='line_1_38' title="bbox 499 2837 3569 2910; baseline 0.002 -20"><span class='ocrx_word' id='word_1_390' title='bbox 499 2838 555 2910; x_wconf 80' lang='lat' dir='ltr'><strong>si</strong></span> <span class='ocrx_word' id='word_1_391' title='bbox 575 2838 662 2890; x_wconf 93' lang='lat' dir='ltr'><strong>bic</strong></span> <span class='ocrx_word' id='word_1_392' title='bbox 689 2837 883 2894; x_wconf 90' lang='lat' dir='ltr'><strong>alieni-</strong></span> <span class='ocrx_word' id='word_1_393' title='bbox 1340 2837 1562 2896; x_wconf 72' lang='lat' dir='ltr'><strong>ratione</strong></span> <span class='ocrx_word' id='word_1_394' title='bbox 1583 2841 1703 2897; x_wconf 91' lang='lat' dir='ltr'><strong>hac.</strong></span> <span class='ocrx_word' id='word_1_395' title='bbox 2209 2837 2340 2910; x_wconf 73' lang='lat' dir='ltr'><strong>quia</strong></span> <span class='ocrx_word' id='word_1_396' title='bbox 2371 2841 2505 2895; x_wconf 80' lang='lat' dir='ltr'><strong>ﬁdes</strong></span> <span class='ocrx_word' id='word_1_397' title='bbox 3042 2840 3135 2896; x_wconf 88' lang='grc'><strong>26.</strong></span> <span class='ocrx_word' id='word_1_398' title='bbox 3178 2842 3279 2904; x_wconf 87' lang='lat' dir='ltr'><strong>Et,</strong></span> <span class='ocrx_word' id='word_1_399' title='bbox 3314 2841 3456 2896; x_wconf 85' lang='lat' dir='ltr'><strong>sicut</strong></span> <span class='ocrx_word' id='word_1_400' title='bbox 3486 2839 3569 2897; x_wconf 74' lang='lat' dir='ltr'><strong>Ia-</strong></span> 
     </span>
    </p>
   </div>
   <div class='ocr_carea' id='block_1_38' title="bbox 501 2909 3388 2979">
    <p class='ocr_par' dir='ltr' id='par_1_38' title="bbox 501 2909 3388 2979">
     <span class='ocr_line' id='line_1_39' title="bbox 501 2909 3388 2979; baseline 0.001 -18"><span class='ocrx_word' id='word_1_401' title='bbox 501 2909 589 2964; x_wconf 85' lang='grc'><strong>19.</strong></span> <span class='ocrx_word' id='word_1_402' title='bbox 629 2923 786 2979; x_wconf 90' lang='lat' dir='ltr'><strong>gena.</strong></span> <span class='ocrx_word' id='word_1_403' title='bbox 824 2912 889 2966; x_wconf 86' lang='lat' dir='ltr'><strong>Et</strong></span> <span class='ocrx_word' id='word_1_404' title='bbox 917 2912 1060 2968; x_wconf 82' lang='lat' dir='ltr'><strong>dixit</strong></span> <span class='ocrx_word' id='word_1_405' title='bbox 1089 2912 1155 2968; x_wconf 68' lang='grc' dir='ltr'><strong>ιι.</strong></span> <span class='ocrx_word' id='word_1_406' title='bbox 1340 2911 1431 2966; x_wconf 88' lang='grc'><strong>26.</strong></span> <span class='ocrx_word' id='word_1_407' title='bbox 1469 2914 1535 2966; x_wconf 83' lang='grc' dir='ltr'><strong>Ει</strong></span> <span class='ocrx_word' id='word_1_408' title='bbox 1564 2914 1705 2968; x_wconf 90' lang='lat' dir='ltr'><strong>sicut</strong></span> <span class='ocrx_word' id='word_1_409' title='bbox 1733 2913 1932 2974; x_wconf 79' lang='lat' dir='ltr'><strong>factum</strong></span> <span class='ocrx_word' id='word_1_410' title='bbox 2213 2909 2300 2966; x_wconf 83' lang='lat' dir='ltr'><strong>tua</strong></span> <span class='ocrx_word' id='word_1_411' title='bbox 2331 2923 2382 2966; x_wconf 89' lang='lat' dir='ltr'><strong>te</strong></span> <span class='ocrx_word' id='word_1_412' title='bbox 2412 2913 2620 2970; x_wconf 87' lang='lat' dir='ltr'><strong>salvum</strong></span> <span class='ocrx_word' id='word_1_413' title='bbox 2654 2910 2803 2967; x_wconf 78' lang='lat' dir='ltr'><strong>fecit.</strong></span> <span class='ocrx_word' id='word_1_414' title='bbox 3048 2923 3194 2967; x_wconf 91' lang='lat' dir='ltr'><strong>ctum</strong></span> <span class='ocrx_word' id='word_1_415' title='bbox 3223 2920 3306 2967; x_wconf 88' lang='lat' dir='ltr'><strong>est</strong></span> <span class='ocrx_word' id='word_1_416' title='bbox 3335 2912 3388 2966; x_wconf 93' lang='lat' dir='ltr'><strong>in</strong></span> 
     </span>
    </p>
   </div>
   <div class='ocr_carea' id='block_1_39' title="bbox 499 2978 3410 3054">
    <p class='ocr_par' dir='ltr' id='par_1_39' title="bbox 499 2978 3410 3054">
     <span class='ocr_line' id='line_1_40' title="bbox 499 2978 3410 3054; baseline 0.002 -21"><span class='ocrx_word' id='word_1_417' title='bbox 499 2978 534 3033; x_wconf 89' lang='lat' dir='ltr'><strong>li</strong></span> <span class='ocrx_word' id='word_1_418' title='bbox 562 2978 792 3054; x_wconf 77' lang='lat' dir='ltr'><strong>:_Surge,</strong></span> <span class='ocrx_word' id='word_1_419' title='bbox 821 2993 875 3037; x_wconf 91' lang='lat' dir='ltr'><strong>et</strong></span> <span class='ocrx_word' id='word_1_420' title='bbox 1341 2992 1426 3054; x_wconf 79' lang='lat' dir='ltr'><strong>est</strong></span> <span class='ocrx_word' id='word_1_421' title='bbox 1453 2985 1506 3037; x_wconf 95' lang='lat' dir='ltr'><strong>in</strong></span> <span class='ocrx_word' id='word_1_422' title='bbox 1538 2984 1730 3042; x_wconf 86' lang='lat' dir='ltr'><strong>diebus</strong></span> <span class='ocrx_word' id='word_1_423' title='bbox 2209 2983 2302 3039; x_wconf 89' lang='grc'><strong>20.</strong></span> <span class='ocrx_word' id='word_1_424' title='bbox 2348 2982 2714 3054; x_wconf 68' lang='lat' dir='ltr'><strong>Interrogatus</strong></span> <span class='ocrx_word' id='word_1_425' title='bbox 3048 2984 3239 3040; x_wconf 89' lang='lat' dir='ltr'><strong>diebus</strong></span> <span class='ocrx_word' id='word_1_426' title='bbox 3259 2983 3373 3038; x_wconf 90' lang='lat' dir='ltr'><strong>Noe</strong></span> <span class='ocrx_word' id='word_1_427' title='bbox 3394 3025 3410 3050; x_wconf 96' lang='lat'><strong>,</strong></span> 
     </span>
    </p>
   </div>
   <div class='ocr_carea' id='block_1_40' title="bbox 501 3051 3488 3121">
    <p class='ocr_par' dir='ltr' id='par_1_40' title="bbox 501 3051 3488 3121">
     <span class='ocr_line' id='line_1_41' title="bbox 501 3051 3488 3121; baseline 0.003 -16"><span class='ocrx_word' id='word_1_428' title='bbox 501 3051 671 3117; x_wconf 88' lang='lat' dir='ltr'><strong>vade;</strong></span> <span class='ocrx_word' id='word_1_429' title='bbox 705 3054 961 3121; x_wconf 87' lang='lat' dir='ltr'><strong>quoniam</strong></span> <span class='ocrx_word' id='word_1_430' title='bbox 1340 3053 1485 3116; x_wconf 89' lang='lat' dir='ltr'><strong>Noe,</strong></span> <span class='ocrx_word' id='word_1_431' title='bbox 1517 3057 1594 3108; x_wconf 90' lang='lat' dir='ltr'><strong>sic</strong></span> <span class='ocrx_word' id='word_1_432' title='bbox 1621 3057 1726 3112; x_wconf 88' lang='lat' dir='ltr'><strong>erit</strong></span> <span class='ocrx_word' id='word_1_433' title='bbox 2211 3066 2390 3110; x_wconf 90' lang='lat' dir='ltr'><strong>autem</strong></span> <span class='ocrx_word' id='word_1_434' title='bbox 2418 3071 2445 3106; x_wconf 89' lang='lat' dir='ltr'><strong>a</strong></span> <span class='ocrx_word' id='word_1_435' title='bbox 2477 3051 2618 3108; x_wconf 77' lang='lat' dir='ltr'><strong>Pha-</strong></span> <span class='ocrx_word' id='word_1_436' title='bbox 3047 3054 3120 3110; x_wconf 88' lang='lat' dir='ltr'><strong>ita</strong></span> <span class='ocrx_word' id='word_1_437' title='bbox 3150 3055 3256 3110; x_wconf 86' lang='lat' dir='ltr'><strong>erit</strong></span> <span class='ocrx_word' id='word_1_438' title='bbox 3282 3057 3334 3109; x_wconf 91' lang='lat' dir='ltr'><strong>iu</strong></span> <span class='ocrx_word' id='word_1_439' title='bbox 3363 3055 3488 3113; x_wconf 81' lang='lat' dir='ltr'><strong>die-</strong></span> 
     </span>
    </p>
   </div>
   <div class='ocr_carea' id='block_1_41' title="bbox 498 3122 3425 3194">
    <p class='ocr_par' dir='ltr' id='par_1_41' title="bbox 498 3122 3425 3194">
     <span class='ocr_line' id='line_1_42' title="bbox 498 3122 3425 3194; baseline 0.002 -18"><span class='ocrx_word' id='word_1_440' title='bbox 498 3122 638 3178; x_wconf 85' lang='lat' dir='ltr'><strong>ﬁdes</strong></span> <span class='ocrx_word' id='word_1_441' title='bbox 671 3133 758 3177; x_wconf 92' lang='lat' dir='ltr'><strong>tua</strong></span> <span class='ocrx_word' id='word_1_442' title='bbox 785 3133 837 3180; x_wconf 89' lang='lat' dir='ltr'><strong>te</strong></span> <span class='ocrx_word' id='word_1_443' title='bbox 866 3126 974 3181; x_wconf 88' lang='lat' dir='ltr'><strong>sal-</strong></span> <span class='ocrx_word' id='word_1_444' title='bbox 1341 3133 1363 3164; x_wconf 81' lang='grc'><strong><em>³</em></strong></span> <span class='ocrx_word' id='word_1_445' title='bbox 1383 3133 1437 3179; x_wconf 88' lang='lat' dir='ltr'><strong>et</strong></span> <span class='ocrx_word' id='word_1_446' title='bbox 1468 3127 1518 3180; x_wconf 93' lang='lat' dir='ltr'><strong>in</strong></span> <span class='ocrx_word' id='word_1_447' title='bbox 1550 3126 1741 3183; x_wconf 88' lang='lat' dir='ltr'><strong>diebus</strong></span> <span class='ocrx_word' id='word_1_448' title='bbox 2214 3128 2407 3181; x_wconf 88' lang='lat' dir='ltr'><strong>risaeis</strong></span> <span class='ocrx_word' id='word_1_449' title='bbox 2439 3144 2454 3178; x_wconf 88' lang='lat'><strong>:</strong></span> <span class='ocrx_word' id='word_1_450' title='bbox 2482 3125 2716 3194; x_wconf 82' lang='lat' dir='ltr'><strong>Quando</strong></span> <span class='ocrx_word' id='word_1_451' title='bbox 2738 3122 2890 3181; x_wconf 82' lang='lat' dir='ltr'><strong>venit</strong></span> <span class='ocrx_word' id='word_1_452' title='bbox 3047 3126 3148 3183; x_wconf 90' lang='lat' dir='ltr'><strong>bus</strong></span> <span class='ocrx_word' id='word_1_453' title='bbox 3176 3126 3299 3181; x_wconf 86' lang='lat' dir='ltr'><strong>Filii</strong></span> <span class='ocrx_word' id='word_1_454' title='bbox 3329 3126 3425 3182; x_wconf 86' lang='lat' dir='ltr'><strong>ho-</strong></span> 
     </span>
    </p>
   </div>
   <div class='ocr_carea' id='block_1_42' title="bbox 497 3195 3518 3269">
    <p class='ocr_par' dir='ltr' id='par_1_42' title="bbox 497 3195 3518 3269">
     <span class='ocr_line' id='line_1_43' title="bbox 497 3195 3518 3269; baseline 0.002 -21"><span class='ocrx_word' id='word_1_455' title='bbox 497 3210 634 3269; x_wconf 72' lang='lat' dir='ltr'><strong>vum</strong></span> <span class='ocrx_word' id='word_1_456' title='bbox 661 3195 806 3250; x_wconf 88' lang='lat' dir='ltr'><strong>l&#39;ecit.</strong></span> <span class='ocrx_word' id='word_1_457' title='bbox 1345 3195 1465 3251; x_wconf 88' lang='lat' dir='ltr'><strong>Filii</strong></span> <span class='ocrx_word' id='word_1_458' title='bbox 1500 3197 1759 3255; x_wconf 85' lang='lat' dir='ltr'><strong>hominis.</strong></span> <span class='ocrx_word' id='word_1_459' title='bbox 2211 3214 2439 3269; x_wconf 85' lang='lat' dir='ltr'><strong>regnum</strong></span> <span class='ocrx_word' id='word_1_460' title='bbox 2475 3198 2612 3252; x_wconf 86' lang='lat' dir='ltr'><strong>Dei?</strong></span> <span class='ocrx_word' id='word_1_461' title='bbox 3048 3197 3118 3253; x_wconf 85' lang='grc'><strong>27</strong></span> <span class='ocrx_word' id='word_1_462' title='bbox 3158 3197 3339 3253; x_wconf 87' lang='lat' dir='ltr'><strong>minis.</strong></span> <span class='ocrx_word' id='word_1_463' title='bbox 3373 3195 3518 3254; x_wconf 85' lang='lat' dir='ltr'><strong>Ede-</strong></span> 
     </span>
    </p>
   </div>
   <div class='ocr_carea' id='block_1_43' title="bbox 501 3265 3470 3338">
    <p class='ocr_par' dir='ltr' id='par_1_43' title="bbox 501 3265 3470 3338">
     <span class='ocr_line' id='line_1_44' title="bbox 501 3265 3470 3338; baseline 0.003 -18"><span class='ocrx_word' id='word_1_464' title='bbox 501 3265 993 3338; x_wconf 75' lang='lat' dir='ltr'><strong>20.1nterrogatus</strong></span> <span class='ocrx_word' id='word_1_465' title='bbox 1345 3270 1438 3321; x_wconf 72' lang='lat'><strong>27.</strong></span> <span class='ocrx_word' id='word_1_466' title='bbox 1482 3269 1876 3337; x_wconf 67' lang='lat' dir='ltr'><strong>Edcbaiit,bi-</strong></span> <span class='ocrx_word' id='word_1_467' title='bbox 2216 3309 2230 3323; x_wconf 94' lang='lat'><strong>.</strong></span> <span class='ocrx_word' id='word_1_468' title='bbox 2279 3265 2327 3322; x_wconf 77' lang='lat'><strong>&#39;.</strong></span> <span class='ocrx_word' id='word_1_469' title='bbox 2409 3312 2422 3323; x_wconf 92' lang='lat'><strong>.</strong></span> <span class='ocrx_word' id='word_1_470' title='bbox 2503 3311 2515 3323; x_wconf 95' lang='lat'><strong>.</strong></span> <span class='ocrx_word' id='word_1_471' title='bbox 2598 3307 2612 3324; x_wconf 96' lang='lat'><strong>.</strong></span> <span class='ocrx_word' id='word_1_472' title='bbox 2693 3308 2708 3322; x_wconf 96' lang='lat'><strong>.</strong></span> <span class='ocrx_word' id='word_1_473' title='bbox 2791 3310 2802 3322; x_wconf 95' lang='lat'><strong>.</strong></span> <span class='ocrx_word' id='word_1_474' title='bbox 2883 3307 2901 3320; x_wconf 87' lang='lat'><strong>.</strong></span> <span class='ocrx_word' id='word_1_475' title='bbox 3049 3269 3198 3337; x_wconf 90' lang='lat' dir='ltr'><strong>bant,</strong></span> <span class='ocrx_word' id='word_1_476' title='bbox 3231 3279 3286 3325; x_wconf 87' lang='lat' dir='ltr'><strong>et</strong></span> <span class='ocrx_word' id='word_1_477' title='bbox 3318 3269 3470 3328; x_wconf 75' lang='lat' dir='ltr'><strong>bibe-</strong></span> 
     </span>
    </p>
   </div>
   <div class='ocr_carea' id='block_1_44' title="bbox 497 3340 3434 3407">
    <p class='ocr_par' dir='ltr' id='par_1_44' title="bbox 497 3340 3434 3407">
     <span class='ocr_line' id='line_1_45' title="bbox 497 3340 3434 3407; baseline 0.002 -17"><span class='ocrx_word' id='word_1_478' title='bbox 497 3349 686 3392; x_wconf 91' lang='lat' dir='ltr'><strong>autem</strong></span> <span class='ocrx_word' id='word_1_479' title='bbox 717 3355 744 3390; x_wconf 91' lang='lat' dir='ltr'><strong>a</strong></span> <span class='ocrx_word' id='word_1_480' title='bbox 776 3341 920 3394; x_wconf 78' lang='lat' dir='ltr'><strong>Plia-</strong></span> <span class='ocrx_word' id='word_1_481' title='bbox 1291 3391 1296 3394; x_wconf 94' lang='lat'>_</span> <span class='ocrx_word' id='word_1_482' title='bbox 1346 3340 1569 3407; x_wconf 90' lang='lat' dir='ltr'><strong>bebant,</strong></span> <span class='ocrx_word' id='word_1_483' title='bbox 1604 3345 1776 3398; x_wconf 91' lang='lat' dir='ltr'><strong>nube—</strong></span> <span class='ocrx_word' id='word_1_484' title='bbox 2214 3342 2303 3397; x_wconf 92' lang='lat' dir='ltr'><strong>ille</strong></span> <span class='ocrx_word' id='word_1_485' title='bbox 2330 3341 2466 3395; x_wconf 77' lang='lat' dir='ltr'><strong>dixit</strong></span> <span class='ocrx_word' id='word_1_486' title='bbox 2488 3342 2609 3399; x_wconf 86' lang='lat' dir='ltr'><strong>eis:</strong></span> <span class='ocrx_word' id='word_1_487' title='bbox 3047 3344 3207 3406; x_wconf 90' lang='lat' dir='ltr'><strong>haut,</strong></span> <span class='ocrx_word' id='word_1_488' title='bbox 3235 3356 3434 3396; x_wconf 84' lang='lat' dir='ltr'><strong>uxores</strong></span> 
     </span>
    </p>
   </div>
   <div class='ocr_carea' id='block_1_45' title="bbox 497 3411 3485 3481">
    <p class='ocr_par' dir='ltr' id='par_1_45' title="bbox 497 3411 3485 3481">
     <span class='ocr_line' id='line_1_46' title="bbox 497 3411 3485 3481; baseline 0.001 -17"><span class='ocrx_word' id='word_1_489' title='bbox 497 3411 725 3478; x_wconf 81' lang='lat' dir='ltr'><strong>risaeis,</strong></span> <span class='ocrx_word' id='word_1_490' title='bbox 756 3427 927 3481; x_wconf 89' lang='lat' dir='ltr'><strong>quan-</strong></span> <span class='ocrx_word' id='word_1_491' title='bbox 1347 3411 1498 3477; x_wconf 91' lang='lat' dir='ltr'><strong>bant,</strong></span> <span class='ocrx_word' id='word_1_492' title='bbox 1529 3413 1807 3470; x_wconf 90' lang='lat' dir='ltr'><strong>nubeban—</strong></span> <span class='ocrx_word' id='word_1_493' title='bbox 2211 3413 2328 3468; x_wconf 88' lang='lat' dir='ltr'><strong>Non</strong></span> <span class='ocrx_word' id='word_1_494' title='bbox 2363 3413 2510 3470; x_wconf 74' lang='lat' dir='ltr'><strong>venit</strong></span> <span class='ocrx_word' id='word_1_495' title='bbox 3045 3413 3352 3478; x_wconf 87' lang='lat' dir='ltr'><strong>ducebant,</strong></span> <span class='ocrx_word' id='word_1_496' title='bbox 3384 3428 3485 3467; x_wconf 90' lang='lat' dir='ltr'><strong>nu-</strong></span> 
     </span>
    </p>
   </div>
   <div class='ocr_carea' id='block_1_46' title="bbox 500 3481 3440 3555">
    <p class='ocr_par' dir='ltr' id='par_1_46' title="bbox 500 3481 3440 3555">
     <span class='ocr_line' id='line_1_47' title="bbox 500 3481 3440 3555; baseline 0.001 -19"><span class='ocrx_word' id='word_1_497' title='bbox 500 3481 572 3536; x_wconf 93' lang='lat' dir='ltr'><strong>do</strong></span> <span class='ocrx_word' id='word_1_498' title='bbox 606 3491 892 3537; x_wconf 90' lang='lat' dir='ltr'><strong>venturum</strong></span> <span class='ocrx_word' id='word_1_499' title='bbox 1350 3491 1456 3550; x_wconf 92' lang='lat' dir='ltr'><strong>tur,</strong></span> <span class='ocrx_word' id='word_1_500' title='bbox 1486 3500 1655 3554; x_wconf 88' lang='lat' dir='ltr'><strong>usque</strong></span> <span class='ocrx_word' id='word_1_501' title='bbox 1685 3487 1737 3540; x_wconf 94' lang='lat' dir='ltr'><strong>in</strong></span> <span class='ocrx_word' id='word_1_502' title='bbox 2212 3500 2440 3555; x_wconf 89' lang='lat' dir='ltr'><strong>regnum</strong></span> <span class='ocrx_word' id='word_1_503' title='bbox 2469 3484 2561 3540; x_wconf 87' lang='lat' dir='ltr'><strong>Dei</strong></span> <span class='ocrx_word' id='word_1_504' title='bbox 3046 3483 3247 3540; x_wconf 89' lang='lat' dir='ltr'><strong>hebant</strong></span> <span class='ocrx_word' id='word_1_505' title='bbox 3270 3498 3440 3554; x_wconf 88' lang='lat' dir='ltr'><strong>usque</strong></span> 
     </span>
    </p>
   </div>
   <div class='ocr_carea' id='block_1_47' title="bbox 501 3555 3450 3626">
    <p class='ocr_par' dir='ltr' id='par_1_47' title="bbox 501 3555 3450 3626">
     <span class='ocr_line' id='line_1_48' title="bbox 501 3555 3450 3626; baseline 0.001 -20"><span class='ocrx_word' id='word_1_506' title='bbox 501 3591 514 3606; x_wconf 94' lang='lat'><strong>.</strong></span> <span class='ocrx_word' id='word_1_507' title='bbox 565 3595 578 3609; x_wconf 96' lang='lat'><strong>.</strong></span> <span class='ocrx_word' id='word_1_508' title='bbox 624 3593 638 3607; x_wconf 93' lang='lat'><strong>.</strong></span> <span class='ocrx_word' id='word_1_509' title='bbox 680 3561 704 3610; x_wconf 87' lang='lat' dir='ltr'><strong>t</strong></span> <span class='ocrx_word' id='word_1_510' title='bbox 731 3570 959 3626; x_wconf 86' lang='lat' dir='ltr'><strong>regnum</strong></span> <span class='ocrx_word' id='word_1_511' title='bbox 1348 3555 1491 3610; x_wconf 88' lang='lat' dir='ltr'><strong>diem</strong></span> <span class='ocrx_word' id='word_1_512' title='bbox 1517 3570 1628 3624; x_wconf 90' lang='lat' dir='ltr'><strong>quo</strong></span> <span class='ocrx_word' id='word_1_513' title='bbox 1656 3558 1738 3612; x_wconf 84' lang='lat' dir='ltr'><strong>in-</strong></span> <span class='ocrx_word' id='word_1_514' title='bbox 2212 3570 2337 3612; x_wconf 87' lang='lat' dir='ltr'><strong>cum</strong></span> <span class='ocrx_word' id='word_1_515' title='bbox 2365 3557 2559 3612; x_wconf 80' lang='lat' dir='ltr'><strong>obser-</strong></span> <span class='ocrx_word' id='word_1_516' title='bbox 3047 3557 3102 3611; x_wconf 92' lang='lat' dir='ltr'><strong>in</strong></span> <span class='ocrx_word' id='word_1_517' title='bbox 3129 3555 3310 3626; x_wconf 88' lang='lat' dir='ltr'><strong>diem,</strong></span> <span class='ocrx_word' id='word_1_518' title='bbox 3345 3570 3450 3626; x_wconf 79' lang='lat' dir='ltr'><strong>qua</strong></span> 
     </span>
    </p>
   </div>
   <div class='ocr_carea' id='block_1_48' title="bbox 1825 3696 2500 3754">
    <p class='ocr_par' dir='ltr' id='par_1_48' title="bbox 1825 3696 2500 3754">
     <span class='ocr_line' id='line_1_49' title="bbox 1825 3696 2500 3754; baseline -0.006 0"><span class='ocrx_word' id='word_1_519' title='bbox 1825 3697 2061 3754; x_wconf 78' lang='lat' dir='ltr'><strong>CODEX</strong></span> <span class='ocrx_word' id='word_1_520' title='bbox 2100 3696 2500 3754; x_wconf 76' lang='lat' dir='ltr'><strong>BRleANUS.</strong></span> 
     </span>
    </p>
   </div>
   <div class='ocr_carea' id='block_1_49' title="bbox 497 3788 3798 3862">
    <p class='ocr_par' dir='ltr' id='par_1_49' title="bbox 497 3788 3798 3862">
     <span class='ocr_line' id='line_1_50' title="bbox 497 3788 3798 3862; baseline -0.001 -15"><span class='ocrx_word' id='word_1_521' title='bbox 497 3790 610 3847; x_wconf 89' lang='lat' dir='ltr'><strong>dite</strong></span> <span class='ocrx_word' id='word_1_522' title='bbox 630 3806 728 3846; x_wconf 85' lang='lat' dir='ltr'><strong>vos</strong></span> <span class='ocrx_word' id='word_1_523' title='bbox 745 3789 1129 3845; x_wconf 87' lang='lat' dir='ltr'><strong>Sacerdotibus</strong></span> <span class='ocrx_word' id='word_1_524' title='bbox 1151 3788 1424 3845; x_wconf 79' lang='lat' dir='ltr'><strong>Etl‘actum</strong></span> <span class='ocrx_word' id='word_1_525' title='bbox 1441 3792 1665 3846; x_wconf 91' lang='lat' dir='ltr'><strong>estdum</strong></span> <span class='ocrx_word' id='word_1_526' title='bbox 1685 3792 1828 3847; x_wconf 90' lang='lat' dir='ltr'><strong>irent</strong></span> <span class='ocrx_word' id='word_1_527' title='bbox 1849 3793 2092 3846; x_wconf 88' lang='lat' dir='ltr'><strong>mundati</strong></span> <span class='ocrx_word' id='word_1_528' title='bbox 2201 3803 2326 3848; x_wconf 91' lang='lat' dir='ltr'><strong>cent</strong></span> <span class='ocrx_word' id='word_1_529' title='bbox 2356 3791 2497 3845; x_wconf 84' lang='lat' dir='ltr'><strong>Ecce</strong></span> <span class='ocrx_word' id='word_1_530' title='bbox 2523 3790 2626 3845; x_wconf 91' lang='lat' dir='ltr'><strong>hic.</strong></span> <span class='ocrx_word' id='word_1_531' title='bbox 2651 3799 2744 3844; x_wconf 88' lang='lat' dir='ltr'><strong>aut</strong></span> <span class='ocrx_word' id='word_1_532' title='bbox 2775 3805 2903 3846; x_wconf 90' lang='lat' dir='ltr'><strong>ecce</strong></span> <span class='ocrx_word' id='word_1_533' title='bbox 2940 3791 3072 3846; x_wconf 92' lang='lat' dir='ltr'><strong>illic.</strong></span> <span class='ocrx_word' id='word_1_534' title='bbox 3106 3791 3246 3848; x_wconf 88' lang='lat' dir='ltr'><strong>Ecce</strong></span> <span class='ocrx_word' id='word_1_535' title='bbox 3274 3793 3417 3858; x_wconf 87' lang='lat' dir='ltr'><strong>enim</strong></span> <span class='ocrx_word' id='word_1_536' title='bbox 3450 3805 3680 3862; x_wconf 84' lang='lat' dir='ltr'><strong>regnum</strong></span> <span class='ocrx_word' id='word_1_537' title='bbox 3713 3790 3798 3848; x_wconf 89' lang='lat' dir='ltr'><strong>Dei</strong></span> 
     </span>
    </p>
   </div>
   <div class='ocr_carea' id='block_1_50' title="bbox 500 3861 3804 3933">
    <p class='ocr_par' dir='ltr' id='par_1_50' title="bbox 500 3861 3804 3933">
     <span class='ocr_line' id='line_1_51' title="bbox 500 3861 3804 3933; baseline 0 -16"><span class='ocrx_word' id='word_1_538' title='bbox 500 3862 2095 3933; x_wconf 67' lang='lat' dir='ltr'><strong>sunt.Unusautemcxillis.utviditquiannnulatusest.rc-</strong></span> <span class='ocrx_word' id='word_1_539' title='bbox 2199 3864 2340 3919; x_wconf 88' lang='lat' dir='ltr'><strong>intra</strong></span> <span class='ocrx_word' id='word_1_540' title='bbox 2397 3879 2489 3914; x_wconf 78' lang='lat' dir='ltr'><strong>vos</strong></span> <span class='ocrx_word' id='word_1_541' title='bbox 2533 3872 2637 3917; x_wconf 85' lang='lat' dir='ltr'><strong>est.</strong></span> <span class='ocrx_word' id='word_1_542' title='bbox 2700 3862 2767 3916; x_wconf 89' lang='lat' dir='ltr'><strong>Et</strong></span> <span class='ocrx_word' id='word_1_543' title='bbox 2810 3865 2883 3915; x_wconf 87' lang='lat' dir='ltr'><strong>ait</strong></span> <span class='ocrx_word' id='word_1_544' title='bbox 2931 3863 2995 3916; x_wconf 88' lang='lat' dir='ltr'><strong>ad</strong></span> <span class='ocrx_word' id='word_1_545' title='bbox 3050 3861 3366 3933; x_wconf 85' lang='lat' dir='ltr'><strong>discipulos.</strong></span> <span class='ocrx_word' id='word_1_546' title='bbox 3417 3861 3657 3920; x_wconf 83' lang='lat' dir='ltr'><strong>Venient</strong></span> <span class='ocrx_word' id='word_1_547' title='bbox 3697 3864 3804 3918; x_wconf 85' lang='lat' dir='ltr'><strong>dies</strong></span> 
     </span>
    </p>
   </div>
   <div class='ocr_carea' id='block_1_51' title="bbox 500 3933 3801 4005">
    <p class='ocr_par' dir='ltr' id='par_1_51' title="bbox 500 3933 3801 4005">
     <span class='ocr_line' id='line_1_52' title="bbox 500 3933 3801 4005; baseline 0.001 -18"><span class='ocrx_word' id='word_1_548' title='bbox 500 3935 1652 4005; x_wconf 54' lang='lat' dir='ltr'><strong>versusestcumvocemagnamagniﬁcans</strong></span> <span class='ocrx_word' id='word_1_549' title='bbox 1679 3937 2095 3991; x_wconf 68' lang='lat' dir='ltr'><strong>lieuni.etceci-</strong></span> <span class='ocrx_word' id='word_1_550' title='bbox 2200 3934 2414 4005; x_wconf 74' lang='lat' dir='ltr'><strong>quando</strong></span> <span class='ocrx_word' id='word_1_551' title='bbox 2446 3933 2979 4005; x_wconf 66' lang='lat' dir='ltr'><strong>desiderctisvidere</strong></span> <span class='ocrx_word' id='word_1_552' title='bbox 3023 3951 3190 3989; x_wconf 92' lang='lat' dir='ltr'><strong>unum</strong></span> <span class='ocrx_word' id='word_1_553' title='bbox 3235 3936 3375 3989; x_wconf 84' lang='lat' dir='ltr'><strong>diem</strong></span> <span class='ocrx_word' id='word_1_554' title='bbox 3407 3933 3529 3990; x_wconf 86' lang='lat' dir='ltr'><strong>Filii</strong></span> <span class='ocrx_word' id='word_1_555' title='bbox 3573 3935 3801 3990; x_wconf 88' lang='lat' dir='ltr'><strong>hominis</strong></span> 
     </span>
    </p>
   </div>
   <div class='ocr_carea' id='block_1_52' title="bbox 500 4004 3803 4077">
    <p class='ocr_par' dir='ltr' id='par_1_52' title="bbox 500 4004 3803 4077">
     <span class='ocr_line' id='line_1_53' title="bbox 500 4004 3803 4077; baseline 0.001 -19"><span class='ocrx_word' id='word_1_556' title='bbox 500 4005 648 4077; x_wconf 89' lang='lat' dir='ltr'><strong>ditin</strong></span> <span class='ocrx_word' id='word_1_557' title='bbox 671 4004 1354 4077; x_wconf 83' lang='lat' dir='ltr'><strong>l&#39;aciemsu:nnantepech</strong></span> <span class='ocrx_word' id='word_1_558' title='bbox 1377 4005 2093 4077; x_wconf 50' lang='lat' dir='ltr'><strong>ejus.gratia‘agi-nsxthic</strong></span> <span class='ocrx_word' id='word_1_559' title='bbox 2201 4004 2254 4062; x_wconf 83' lang='lat' dir='ltr'><strong>et</strong></span> <span class='ocrx_word' id='word_1_560' title='bbox 2289 4005 2696 4077; x_wconf 10' lang='lat' dir='ltr'><strong>nougvidebitis.</strong></span> <span class='ocrx_word' id='word_1_561' title='bbox 2738 4004 2806 4059; x_wconf 87' lang='lat' dir='ltr'><strong>Et</strong></span> <span class='ocrx_word' id='word_1_562' title='bbox 2851 4006 3034 4060; x_wconf 79' lang='lat' dir='ltr'><strong>dicent</strong></span> <span class='ocrx_word' id='word_1_563' title='bbox 3071 4008 3242 4060; x_wconf 77' lang='lat' dir='ltr'><strong>vobis.</strong></span> <span class='ocrx_word' id='word_1_564' title='bbox 3279 4008 3419 4065; x_wconf 87' lang='lat' dir='ltr'><strong>Ecce</strong></span> <span class='ocrx_word' id='word_1_565' title='bbox 3465 4008 3553 4061; x_wconf 86' lang='lat' dir='ltr'><strong>hic</strong></span> <span class='ocrx_word' id='word_1_566' title='bbox 3598 4019 3654 4063; x_wconf 87' lang='lat' dir='ltr'><strong>et</strong></span> <span class='ocrx_word' id='word_1_567' title='bbox 3685 4020 3803 4061; x_wconf 83' lang='lat' dir='ltr'><strong>ecce</strong></span> 
     </span>
    </p>
   </div>
   <div class='ocr_carea' id='block_1_53' title="bbox 498 4075 3804 4149">
    <p class='ocr_par' dir='ltr' id='par_1_53' title="bbox 498 4075 3804 4149">
     <span class='ocr_line' id='line_1_54' title="bbox 498 4075 3804 4149; baseline 0 -17"><span class='ocrx_word' id='word_1_568' title='bbox 498 4075 2096 4149; x_wconf 57' lang='lat' dir='ltr'><strong>eratSamaritanusitespendensautcmiesusdixit.Non-</strong></span> <span class='ocrx_word' id='word_1_569' title='bbox 2201 4079 2330 4131; x_wconf 79' lang='lat' dir='ltr'><strong>illic.</strong></span> <span class='ocrx_word' id='word_1_570' title='bbox 2373 4075 2546 4149; x_wconf 82' lang='lat' dir='ltr'><strong>Nolite</strong></span> <span class='ocrx_word' id='word_1_571' title='bbox 2594 4077 2674 4130; x_wconf 87' lang='lat' dir='ltr'><strong>ire</strong></span> <span class='ocrx_word' id='word_1_572' title='bbox 2720 4093 2892 4147; x_wconf 91' lang='lat' dir='ltr'><strong>neque</strong></span> <span class='ocrx_word' id='word_1_573' title='bbox 2923 4077 3223 4132; x_wconf 72' lang='lat' dir='ltr'><strong>sectemini.</strong></span> <span class='ocrx_word' id='word_1_574' title='bbox 3255 4080 3407 4149; x_wconf 86' lang='lat' dir='ltr'><strong>Sicut</strong></span> <span class='ocrx_word' id='word_1_575' title='bbox 3451 4079 3595 4135; x_wconf 88' lang='lat' dir='ltr'><strong>enim</strong></span> <span class='ocrx_word' id='word_1_576' title='bbox 3633 4078 3804 4149; x_wconf 80' lang='lat' dir='ltr'><strong>fulgur</strong></span> 
     </span>
    </p>
   </div>
   <div class='ocr_carea' id='block_1_54' title="bbox 503 4146 3803 4222">
    <p class='ocr_par' dir='ltr' id='par_1_54' title="bbox 503 4146 3803 4222">
     <span class='ocr_line' id='line_1_55' title="bbox 503 4146 3803 4222; baseline 0.001 -20"><span class='ocrx_word' id='word_1_577' title='bbox 503 4148 770 4205; x_wconf 83' lang='lat' dir='ltr'><strong>nedeccm</strong></span> <span class='ocrx_word' id='word_1_578' title='bbox 795 4148 1196 4202; x_wconf 85' lang='lat' dir='ltr'><strong>mundatisunt.</strong></span> <span class='ocrx_word' id='word_1_579' title='bbox 1217 4146 1744 4222; x_wconf 76' lang='lat' dir='ltr'><strong>ctnovetnubisuut.</strong></span> <span class='ocrx_word' id='word_1_580' title='bbox 1772 4150 1884 4202; x_wconf 84' lang='lat' dir='ltr'><strong>Non</strong></span> <span class='ocrx_word' id='word_1_581' title='bbox 1909 4162 1989 4204; x_wconf 82' lang='lat' dir='ltr'><strong>est</strong></span> <span class='ocrx_word' id='word_1_582' title='bbox 2013 4151 2096 4204; x_wconf 68' lang='lat' dir='ltr'><strong>in-</strong></span> <span class='ocrx_word' id='word_1_583' title='bbox 2201 4163 2496 4222; x_wconf 83' lang='lat' dir='ltr'><strong>coruscans</strong></span> <span class='ocrx_word' id='word_1_584' title='bbox 2512 4148 2701 4222; x_wconf 19' lang='lat' dir='ltr'><strong>_iuﬂbis</strong></span> <span class='ocrx_word' id='word_1_585' title='bbox 2743 4146 2878 4222; x_wconf 80' lang='lat' dir='ltr'><strong>quae</strong></span> <span class='ocrx_word' id='word_1_586' title='bbox 2906 4149 3006 4203; x_wconf 89' lang='lat' dir='ltr'><strong>sub</strong></span> <span class='ocrx_word' id='word_1_587' title='bbox 3031 4152 3182 4205; x_wconf 91' lang='lat' dir='ltr'><strong>caelo</strong></span> <span class='ocrx_word' id='word_1_588' title='bbox 3213 4162 3339 4204; x_wconf 92' lang='lat' dir='ltr'><strong>sunt</strong></span> <span class='ocrx_word' id='word_1_589' title='bbox 3369 4147 3560 4222; x_wconf 75' lang='lat' dir='ltr'><strong>fulget.</strong></span> <span class='ocrx_word' id='word_1_590' title='bbox 3595 4152 3668 4204; x_wconf 89' lang='lat' dir='ltr'><strong>ita</strong></span> <span class='ocrx_word' id='word_1_591' title='bbox 3709 4146 3803 4204; x_wconf 76' lang='lat' dir='ltr'><strong>erit</strong></span> 
     </span>
    </p>
   </div>
   <div class='ocr_carea' id='block_1_55' title="bbox 500 4219 3801 4290">
    <p class='ocr_par' dir='ltr' id='par_1_55' title="bbox 500 4219 3801 4290">
     <span class='ocr_line' id='line_1_56' title="bbox 500 4219 3801 4290; baseline 0.001 -17"><span class='ocrx_word' id='word_1_592' title='bbox 500 4234 692 4274; x_wconf 80' lang='lat' dir='ltr'><strong>ventus</strong></span> <span class='ocrx_word' id='word_1_593' title='bbox 717 4224 804 4290; x_wconf 91' lang='lat' dir='ltr'><strong>qui</strong></span> <span class='ocrx_word' id='word_1_594' title='bbox 840 4230 1202 4274; x_wconf 70' lang='lat' dir='ltr'><strong>reverteretur</strong></span> <span class='ocrx_word' id='word_1_595' title='bbox 1223 4229 1277 4273; x_wconf 89' lang='lat' dir='ltr'><strong>et</strong></span> <span class='ocrx_word' id='word_1_596' title='bbox 1307 4221 1457 4273; x_wconf 79' lang='lat' dir='ltr'><strong>daret</strong></span> <span class='ocrx_word' id='word_1_597' title='bbox 1487 4223 1710 4289; x_wconf 81' lang='lat' dir='ltr'><strong>gloriam</strong></span> <span class='ocrx_word' id='word_1_598' title='bbox 1744 4223 1850 4274; x_wconf 66' lang='lat' dir='ltr'><strong>Duo</strong></span> <span class='ocrx_word' id='word_1_599' title='bbox 1882 4224 1980 4275; x_wconf 72' lang='lat' dir='ltr'><strong>nisi</strong></span> <span class='ocrx_word' id='word_1_600' title='bbox 2010 4223 2094 4274; x_wconf 87' lang='lat' dir='ltr'><strong>hic</strong></span> <span class='ocrx_word' id='word_1_601' title='bbox 2203 4221 2465 4274; x_wconf 83' lang='lat' dir='ltr'><strong>adventus</strong></span> <span class='ocrx_word' id='word_1_602' title='bbox 2511 4219 2633 4274; x_wconf 90' lang='lat' dir='ltr'><strong>Filii</strong></span> <span class='ocrx_word' id='word_1_603' title='bbox 2685 4221 2920 4274; x_wconf 85' lang='lat' dir='ltr'><strong>hominis</strong></span> <span class='ocrx_word' id='word_1_604' title='bbox 2953 4222 3002 4274; x_wconf 94' lang='lat' dir='ltr'><strong>iu</strong></span> <span class='ocrx_word' id='word_1_605' title='bbox 3042 4222 3129 4276; x_wconf 92' lang='lat' dir='ltr'><strong>die</strong></span> <span class='ocrx_word' id='word_1_606' title='bbox 3171 4237 3288 4275; x_wconf 90' lang='lat' dir='ltr'><strong>sua.</strong></span> <span class='ocrx_word' id='word_1_607' title='bbox 3339 4219 3580 4277; x_wconf 84' lang='lat' dir='ltr'><strong>Primum</strong></span> <span class='ocrx_word' id='word_1_608' title='bbox 3630 4233 3801 4276; x_wconf 85' lang='lat' dir='ltr'><strong>autem</strong></span> 
     </span>
    </p>
   </div>
   <div class='ocr_carea' id='block_1_56' title="bbox 499 4291 3802 4364">
    <p class='ocr_par' dir='ltr' id='par_1_56' title="bbox 499 4291 3802 4364">
     <span class='ocr_line' id='line_1_57' title="bbox 499 4291 3802 4364; baseline 0 -20"><span class='ocrx_word' id='word_1_609' title='bbox 499 4291 818 4364; x_wconf 86' lang='lat' dir='ltr'><strong>alienigena.</strong></span> <span class='ocrx_word' id='word_1_610' title='bbox 851 4293 917 4346; x_wconf 83' lang='lat' dir='ltr'><strong>Et</strong></span> <span class='ocrx_word' id='word_1_611' title='bbox 940 4291 1018 4364; x_wconf 73' lang='lat' dir='ltr'><strong>ait</strong></span> <span class='ocrx_word' id='word_1_612' title='bbox 1045 4292 1152 4345; x_wconf 88' lang='lat' dir='ltr'><strong>ille.</strong></span> <span class='ocrx_word' id='word_1_613' title='bbox 1185 4293 1353 4361; x_wconf 87' lang='lat' dir='ltr'><strong>Surge</strong></span> <span class='ocrx_word' id='word_1_614' title='bbox 1375 4302 1428 4345; x_wconf 88' lang='lat' dir='ltr'><strong>et</strong></span> <span class='ocrx_word' id='word_1_615' title='bbox 1453 4292 1583 4345; x_wconf 86' lang='lat' dir='ltr'><strong>vade</strong></span> <span class='ocrx_word' id='word_1_616' title='bbox 1605 4293 1727 4362; x_wconf 89' lang='lat' dir='ltr'><strong>quia</strong></span> <span class='ocrx_word' id='word_1_617' title='bbox 1758 4295 1887 4347; x_wconf 81' lang='lat' dir='ltr'><strong>lides</strong></span> <span class='ocrx_word' id='word_1_618' title='bbox 1917 4304 2003 4346; x_wconf 88' lang='lat' dir='ltr'><strong>tua</strong></span> <span class='ocrx_word' id='word_1_619' title='bbox 2045 4305 2097 4348; x_wconf 86' lang='lat' dir='ltr'><strong>te</strong></span> <span class='ocrx_word' id='word_1_620' title='bbox 2199 4301 2421 4360; x_wconf 75' lang='lat' dir='ltr'><strong>Oportet</strong></span> <span class='ocrx_word' id='word_1_621' title='bbox 2454 4291 2606 4346; x_wconf 84' lang='grc' dir='ltr'><strong>ίΙΙιιιιι</strong></span> <span class='ocrx_word' id='word_1_622' title='bbox 2641 4293 2805 4364; x_wconf 86' lang='lat' dir='ltr'><strong>multa</strong></span> <span class='ocrx_word' id='word_1_623' title='bbox 2838 4294 2968 4361; x_wconf 84' lang='lat' dir='ltr'><strong>pati.</strong></span> <span class='ocrx_word' id='word_1_624' title='bbox 3000 4305 3052 4346; x_wconf 92' lang='lat' dir='ltr'><strong>ct</strong></span> <span class='ocrx_word' id='word_1_625' title='bbox 3095 4293 3377 4362; x_wconf 88' lang='lat' dir='ltr'><strong>reprobari</strong></span> <span class='ocrx_word' id='word_1_626' title='bbox 3405 4310 3431 4344; x_wconf 90' lang='lat' dir='ltr'><strong>a</strong></span> <span class='ocrx_word' id='word_1_627' title='bbox 3459 4295 3802 4364; x_wconf 82' lang='lat' dir='ltr'><strong>generatione</strong></span> 
     </span>
    </p>
   </div>
   <div class='ocr_carea' id='block_1_57' title="bbox 502 4362 3801 4428">
    <p class='ocr_par' dir='ltr' id='par_1_57' title="bbox 502 4362 3801 4428">
     <span class='ocr_line' id='line_1_58' title="bbox 502 4362 3801 4428; baseline 0.001 -11"><span class='ocrx_word' id='word_1_628' title='bbox 502 4363 708 4417; x_wconf 81' lang='lat' dir='ltr'><strong>salvum</strong></span> <span class='ocrx_word' id='word_1_629' title='bbox 781 4363 925 4419; x_wconf 82' lang='lat' dir='ltr'><strong>fecit.</strong></span> <span class='ocrx_word' id='word_1_630' title='bbox 1001 4363 1370 4428; x_wconf 80' lang='lat' dir='ltr'><strong>Interrogatus</strong></span> <span class='ocrx_word' id='word_1_631' title='bbox 1425 4376 1604 4418; x_wconf 83' lang='lat' dir='ltr'><strong>autem</strong></span> <span class='ocrx_word' id='word_1_632' title='bbox 1672 4382 1697 4416; x_wconf 87' lang='lat' dir='ltr'><strong>a</strong></span> <span class='ocrx_word' id='word_1_633' title='bbox 1768 4364 2093 4419; x_wconf 79' lang='lat' dir='ltr'><strong>Pbarisaeis.</strong></span> <span class='ocrx_word' id='word_1_634' title='bbox 2203 4364 2320 4417; x_wconf 84' lang='lat' dir='ltr'><strong>hac.</strong></span> <span class='ocrx_word' id='word_1_635' title='bbox 2361 4365 2417 4417; x_wconf 87' lang='lat' dir='ltr'><strong>Et</strong></span> <span class='ocrx_word' id='word_1_636' title='bbox 2468 4367 2605 4417; x_wconf 86' lang='lat' dir='ltr'><strong>sicut</strong></span> <span class='ocrx_word' id='word_1_637' title='bbox 2634 4362 2832 4416; x_wconf 79' lang='lat' dir='ltr'><strong>factum</strong></span> <span class='ocrx_word' id='word_1_638' title='bbox 2862 4374 2939 4418; x_wconf 78' lang='lat' dir='ltr'><strong>est</strong></span> <span class='ocrx_word' id='word_1_639' title='bbox 2975 4365 3025 4416; x_wconf 90' lang='lat' dir='ltr'><strong>iu</strong></span> <span class='ocrx_word' id='word_1_640' title='bbox 3055 4364 3246 4420; x_wconf 79' lang='lat' dir='ltr'><strong>diebus</strong></span> <span class='ocrx_word' id='word_1_641' title='bbox 3273 4365 3383 4420; x_wconf 86' lang='lat' dir='ltr'><strong>Noe</strong></span> <span class='ocrx_word' id='word_1_642' title='bbox 3419 4362 3487 4420; x_wconf 74' lang='lat' dir='ltr'><strong>ita</strong></span> <span class='ocrx_word' id='word_1_643' title='bbox 3517 4371 3624 4420; x_wconf 86' lang='lat' dir='ltr'><strong>erit</strong></span> <span class='ocrx_word' id='word_1_644' title='bbox 3655 4375 3711 4420; x_wconf 89' lang='lat' dir='ltr'><strong>et</strong></span> <span class='ocrx_word' id='word_1_645' title='bbox 3753 4363 3801 4415; x_wconf 85' lang='lat' dir='ltr'><strong>in</strong></span> 
     </span>
    </p>
   </div>
   <div class='ocr_carea' id='block_1_58' title="bbox 499 4434 3800 4504">
    <p class='ocr_par' dir='ltr' id='par_1_58' title="bbox 499 4434 3800 4504">
     <span class='ocr_line' id='line_1_59' title="bbox 499 4434 3800 4504; baseline 0.001 -18"><span class='ocrx_word' id='word_1_646' title='bbox 499 4434 725 4502; x_wconf 85' lang='lat' dir='ltr'><strong>Quando</strong></span> <span class='ocrx_word' id='word_1_647' title='bbox 753 4437 898 4491; x_wconf 89' lang='lat' dir='ltr'><strong>venit</strong></span> <span class='ocrx_word' id='word_1_648' title='bbox 942 4452 1165 4504; x_wconf 74' lang='lat' dir='ltr'><strong>regnum</strong></span> <span class='ocrx_word' id='word_1_649' title='bbox 1198 4436 1311 4488; x_wconf 90' lang='lat' dir='ltr'><strong>Dei.</strong></span> <span class='ocrx_word' id='word_1_650' title='bbox 1343 4435 1654 4504; x_wconf 62' lang='lat' dir='ltr'><strong>Respondet</strong></span> <span class='ocrx_word' id='word_1_651' title='bbox 1682 4437 1781 4491; x_wconf 88' lang='lat' dir='ltr'><strong>eis.</strong></span> <span class='ocrx_word' id='word_1_652' title='bbox 1836 4447 1890 4490; x_wconf 87' lang='lat' dir='ltr'><strong>et</strong></span> <span class='ocrx_word' id='word_1_653' title='bbox 1941 4441 2094 4490; x_wconf 79' lang='lat' dir='ltr'><strong>dixit.</strong></span> <span class='ocrx_word' id='word_1_654' title='bbox 2202 4435 2393 4490; x_wconf 88' lang='lat' dir='ltr'><strong>diebus</strong></span> <span class='ocrx_word' id='word_1_655' title='bbox 2426 4434 2541 4488; x_wconf 87' lang='lat' dir='ltr'><strong>Filii</strong></span> <span class='ocrx_word' id='word_1_656' title='bbox 2593 4436 2847 4490; x_wconf 86' lang='lat' dir='ltr'><strong>hominis.</strong></span> <span class='ocrx_word' id='word_1_657' title='bbox 2904 4435 3149 4490; x_wconf 86' lang='lat' dir='ltr'><strong>Edebant</strong></span> <span class='ocrx_word' id='word_1_658' title='bbox 3185 4447 3238 4490; x_wconf 87' lang='lat' dir='ltr'><strong>ct</strong></span> <span class='ocrx_word' id='word_1_659' title='bbox 3281 4437 3556 4492; x_wconf 87' lang='lat' dir='ltr'><strong>bibebant.</strong></span> <span class='ocrx_word' id='word_1_660' title='bbox 3610 4446 3800 4491; x_wconf 69' lang='lat' dir='ltr'><strong>unxores</strong></span> 
     </span>
    </p>
   </div>
   <div class='ocr_carea' id='block_1_59' title="bbox 499 4505 3798 4586">
    <p class='ocr_par' dir='ltr' id='par_1_59' title="bbox 499 4505 3798 4586">
     <span class='ocr_line' id='line_1_60' title="bbox 499 4505 3798 4586; baseline -0.001 -23"><span class='ocrx_word' id='word_1_661' title='bbox 499 4505 620 4563; x_wconf 85' lang='lat' dir='ltr'><strong>Non</strong></span> <span class='ocrx_word' id='word_1_662' title='bbox 643 4508 790 4562; x_wconf 85' lang='lat' dir='ltr'><strong>venit</strong></span> <span class='ocrx_word' id='word_1_663' title='bbox 817 4523 1041 4578; x_wconf 91' lang='lat' dir='ltr'><strong>regnum</strong></span> <span class='ocrx_word' id='word_1_664' title='bbox 1090 4507 1185 4562; x_wconf 88' lang='lat' dir='ltr'><strong>Dei</strong></span> <span class='ocrx_word' id='word_1_665' title='bbox 1233 4522 1353 4562; x_wconf 91' lang='lat' dir='ltr'><strong>cum</strong></span> <span class='ocrx_word' id='word_1_666' title='bbox 1387 4509 1782 4564; x_wconf 84' lang='lat' dir='ltr'><strong>observatione.</strong></span> <span class='ocrx_word' id='word_1_667' title='bbox 1810 4524 1984 4579; x_wconf 88' lang='lat' dir='ltr'><strong>neque</strong></span> <span class='ocrx_word' id='word_1_668' title='bbox 2013 4508 2096 4561; x_wconf 88' lang='lat' dir='ltr'><strong>di-</strong></span> <span class='ocrx_word' id='word_1_669' title='bbox 2203 4507 2469 4562; x_wconf 87' lang='lat' dir='ltr'><strong>ducebant</strong></span> <span class='ocrx_word' id='word_1_670' title='bbox 2493 4515 2547 4560; x_wconf 88' lang='lat' dir='ltr'><strong>et</strong></span> <span class='ocrx_word' id='word_1_671' title='bbox 2579 4508 2801 4562; x_wconf 90' lang='lat' dir='ltr'><strong>nubtum</strong></span> <span class='ocrx_word' id='word_1_672' title='bbox 2827 4507 3026 4562; x_wconf 86' lang='lat' dir='ltr'><strong>dabant</strong></span> <span class='ocrx_word' id='word_1_673' title='bbox 3055 4522 3222 4578; x_wconf 81' lang='lat' dir='ltr'><strong>usque</strong></span> <span class='ocrx_word' id='word_1_674' title='bbox 3251 4509 3302 4563; x_wconf 89' lang='lat' dir='ltr'><strong>in</strong></span> <span class='ocrx_word' id='word_1_675' title='bbox 3327 4507 3473 4563; x_wconf 90' lang='lat' dir='ltr'><strong>diem</strong></span> <span class='ocrx_word' id='word_1_676' title='bbox 3503 4524 3610 4586; x_wconf 86' lang='lat' dir='ltr'><strong>qua</strong></span> <span class='ocrx_word' id='word_1_677' title='bbox 3643 4511 3798 4564; x_wconf 84' lang='lat' dir='ltr'><strong>intra-</strong></span> 
     </span>
    </p>
   </div>
   <div class='ocr_carea' id='block_1_60' title="bbox 1779 4619 2514 4680">
    <p class='ocr_par' dir='ltr' id='par_1_60' title="bbox 1779 4619 2514 4680">
     <span class='ocr_line' id='line_1_61' title="bbox 1779 4619 2514 4680; baseline -0.008 0"><span class='ocrx_word' id='word_1_678' title='bbox 1779 4621 2012 4680; x_wconf 83' lang='lat' dir='ltr'><strong>COl)EX</strong></span> <span class='ocrx_word' id='word_1_679' title='bbox 2050 4619 2514 4678; x_wconf 79' lang='lat' dir='ltr'><strong>CORBEIENSIS.</strong></span> 
     </span>
    </p>
   </div>
   <div class='ocr_carea' id='block_1_61' title="bbox 572 4708 3798 4783">
    <p class='ocr_par' dir='ltr' id='par_1_61' title="bbox 572 4708 3798 4783">
     <span class='ocr_line' id='line_1_62' title="bbox 572 4708 3798 4783; baseline -0 -15"><span class='ocrx_word' id='word_1_680' title='bbox 572 4712 659 4768; x_wconf 71' lang='lat' dir='ltr'><strong>M.</strong></span> <span class='ocrx_word' id='word_1_681' title='bbox 693 4713 832 4783; x_wconf 86' lang='lat' dir='ltr'><strong>quod</strong></span> <span class='ocrx_word' id='word_1_682' title='bbox 869 4721 925 4768; x_wconf 88' lang='lat' dir='ltr'><strong>nt</strong></span> <span class='ocrx_word' id='word_1_683' title='bbox 950 4713 1176 4768; x_wconf 85' lang='lat' dir='ltr'><strong>vidit....</strong></span> <span class='ocrx_word' id='word_1_684' title='bbox 1209 4712 1335 4767; x_wconf 87' lang='lat' dir='ltr'><strong>dum</strong></span> <span class='ocrx_word' id='word_1_685' title='bbox 1371 4713 1594 4778; x_wconf 88' lang='lat' dir='ltr'><strong>vadunt,</strong></span> <span class='ocrx_word' id='word_1_686' title='bbox 1635 4713 1880 4770; x_wconf 85' lang='lat' dir='ltr'><strong>muudati</strong></span> <span class='ocrx_word' id='word_1_687' title='bbox 1913 4721 2059 4770; x_wconf 85' lang='lat' dir='ltr'><strong>sunt.</strong></span> <span class='ocrx_word' id='word_1_688' title='bbox 2279 4709 2366 4764; x_wconf 87' lang='grc'><strong>18.</strong></span> <span class='ocrx_word' id='word_1_689' title='bbox 2401 4709 2478 4783; x_wconf 64' lang='lat' dir='ltr'><strong>Ex</strong></span> <span class='ocrx_word' id='word_1_690' title='bbox 2511 4708 2617 4763; x_wconf 93' lang='lat' dir='ltr'><strong>illis</strong></span> <span class='ocrx_word' id='word_1_691' title='bbox 2641 4724 2746 4764; x_wconf 89' lang='lat' dir='ltr'><strong>non</strong></span> <span class='ocrx_word' id='word_1_692' title='bbox 2779 4720 2895 4765; x_wconf 88' lang='lat' dir='ltr'><strong>erat</strong></span> <span class='ocrx_word' id='word_1_693' title='bbox 2923 4709 3016 4780; x_wconf 92' lang='lat' dir='ltr'><strong>qui</strong></span> <span class='ocrx_word' id='word_1_694' title='bbox 3043 4709 3271 4776; x_wconf 90' lang='lat' dir='ltr'><strong>rediret,</strong></span> <span class='ocrx_word' id='word_1_695' title='bbox 3303 4720 3357 4766; x_wconf 91' lang='lat' dir='ltr'><strong>et</strong></span> <span class='ocrx_word' id='word_1_696' title='bbox 3378 4710 3581 4782; x_wconf 86' lang='lat' dir='ltr'><strong>gratias</strong></span> <span class='ocrx_word' id='word_1_697' title='bbox 3617 4718 3798 4783; x_wconf 86' lang='lat' dir='ltr'><strong>ageret</strong></span> 
     </span>
    </p>
   </div>
   <div class='ocr_carea' id='block_1_62' title="bbox 578 4782 2572 4844">
    <p class='ocr_par' dir='ltr' id='par_1_62' title="bbox 578 4782 2572 4844">
     <span class='ocr_line' id='line_1_63' title="bbox 578 4782 2572 4844; baseline -0.004 -2"><span class='ocrx_word' id='word_1_698' title='bbox 578 4787 663 4842; x_wconf 89' lang='grc'><strong>17.</strong></span> <span class='ocrx_word' id='word_1_699' title='bbox 696 4782 834 4843; x_wconf 78' lang='lat' dir='ltr'><strong>dixit</strong></span> <span class='ocrx_word' id='word_1_700' title='bbox 862 4803 875 4840; x_wconf 91' lang='lat'><strong>:</strong></span> <span class='ocrx_word' id='word_1_701' title='bbox 933 4786 998 4841; x_wconf 88' lang='lat' dir='ltr'><strong>Hi</strong></span> <span class='ocrx_word' id='word_1_702' title='bbox 1028 4787 1213 4840; x_wconf 83' lang='lat' dir='ltr'><strong>decem</strong></span> <span class='ocrx_word' id='word_1_703' title='bbox 1267 4786 1510 4840; x_wconf 87' lang='lat' dir='ltr'><strong>mundati</strong></span> <span class='ocrx_word' id='word_1_704' title='bbox 1564 4798 1689 4842; x_wconf 91' lang='lat' dir='ltr'><strong>sunt</strong></span> <span class='ocrx_word' id='word_1_705' title='bbox 1719 4804 1733 4844; x_wconf 88' lang='lat'><strong>:</strong></span> <span class='ocrx_word' id='word_1_706' title='bbox 1787 4803 1978 4841; x_wconf 81' lang='lat' dir='ltr'><strong>novem</strong></span> <span class='ocrx_word' id='word_1_707' title='bbox 2012 4783 2104 4841; x_wconf 88' lang='lat' dir='ltr'><strong>ubi</strong></span> <span class='ocrx_word' id='word_1_708' title='bbox 2207 4783 2343 4841; x_wconf 85' lang='lat' dir='ltr'><strong>Deo,</strong></span> <span class='ocrx_word' id='word_1_709' title='bbox 2377 4782 2572 4835; x_wconf 86' lang='lat' dir='ltr'><strong>nisi....</strong></span> 
     </span>
    </p>
   </div>
   <div class='ocr_carea' id='block_1_63' title="bbox 493 4852 3794 4926">
    <p class='ocr_par' dir='ltr' id='par_1_63' title="bbox 493 4852 3794 4926">
     <span class='ocr_line' id='line_1_64' title="bbox 493 4852 3794 4926; baseline -0.002 -13"><span class='ocrx_word' id='word_1_710' title='bbox 493 4858 668 4913; x_wconf 71' lang='lat' dir='ltr'><strong>sunt?</strong></span> <span class='ocrx_word' id='word_1_711' title='bbox 2280 4853 2370 4908; x_wconf 72' lang='grc'><strong>24.</strong></span> <span class='ocrx_word' id='word_1_712' title='bbox 2398 4852 2550 4919; x_wconf 83' lang='lat' dir='ltr'><strong>Nam,</strong></span> <span class='ocrx_word' id='word_1_713' title='bbox 2581 4853 2719 4909; x_wconf 87' lang='lat' dir='ltr'><strong>sicut</strong></span> <span class='ocrx_word' id='word_1_714' title='bbox 2758 4852 2936 4926; x_wconf 76' lang='lat' dir='ltr'><strong>fulgur</strong></span> <span class='ocrx_word' id='word_1_715' title='bbox 2964 4868 3255 4910; x_wconf 87' lang='lat' dir='ltr'><strong>coruscans</strong></span> <span class='ocrx_word' id='word_1_716' title='bbox 3281 4852 3350 4910; x_wconf 90' lang='lat' dir='ltr'><strong>de</strong></span> <span class='ocrx_word' id='word_1_717' title='bbox 3375 4854 3554 4923; x_wconf 82' lang='lat' dir='ltr'><strong>coelo,</strong></span> <span class='ocrx_word' id='word_1_718' title='bbox 3583 4853 3658 4910; x_wconf 86' lang='lat' dir='ltr'><strong>ita</strong></span> <span class='ocrx_word' id='word_1_719' title='bbox 3682 4855 3794 4912; x_wconf 83' lang='lat' dir='ltr'><strong>erit.</strong></span> 
     </span>
    </p>
   </div>
   <div class='ocr_carea' id='block_1_64' title="bbox 1754 4970 2582 5030">
    <p class='ocr_par' dir='ltr' id='par_1_64' title="bbox 1754 4970 2582 5030">
     <span class='ocr_line' id='line_1_65' title="bbox 1754 4970 2582 5030; baseline -0.005 0"><span class='ocrx_word' id='word_1_720' title='bbox 1754 4974 1960 5030; x_wconf 67' lang='lat' dir='ltr'><strong>VMth</strong></span> <span class='ocrx_word' id='word_1_721' title='bbox 1971 4974 2147 5029; x_wconf 83' lang='lat' dir='ltr'><strong>NTES</strong></span> <span class='ocrx_word' id='word_1_722' title='bbox 2185 4970 2582 5028; x_wconf 80' lang='lat' dir='ltr'><strong>LECTIONES.</strong></span> 
     </span>
    </p>
   </div>
   <div class='ocr_carea' id='block_1_65' title="bbox 567 5063 3796 5139">
    <p class='ocr_par' dir='ltr' id='par_1_65' title="bbox 567 5063 3796 5139">
     <span class='ocr_line' id='line_1_66' title="bbox 567 5063 3796 5139; baseline -0.001 -21"><span class='ocrx_word' id='word_1_723' title='bbox 567 5070 584 5101; x_wconf 73' lang='grc' dir='ltr'>ί</span> <span class='ocrx_word' id='word_1_724' title='bbox 621 5068 726 5121; x_wconf 74' lang='grc' dir='ltr'><strong>ϐαι.</strong></span> <span class='ocrx_word' id='word_1_725' title='bbox 749 5071 827 5139; x_wconf 84' lang='lat' dir='ltr'><strong>hic</strong></span> <span class='ocrx_word' id='word_1_726' title='bbox 842 5071 1078 5136; x_wconf 86' lang='lat' dir='ltr'><strong>Christus,</strong></span> <span class='ocrx_word' id='word_1_727' title='bbox 1097 5079 1236 5123; x_wconf 90' lang='lat' dir='ltr'><strong>aut...</strong></span> <span class='ocrx_word' id='word_1_728' title='bbox 1256 5074 1379 5122; x_wconf 84' lang='lat' dir='ltr'><strong>intra</strong></span> <span class='ocrx_word' id='word_1_729' title='bbox 1398 5086 1498 5122; x_wconf 78' lang='lat' dir='ltr'><strong>vos.</strong></span> <span class='ocrx_word' id='word_1_730' title='bbox 1525 5075 1643 5126; x_wconf 76' lang='lat' dir='ltr'><strong>Hm.</strong></span> <span class='ocrx_word' id='word_1_731' title='bbox 1668 5073 1798 5122; x_wconf 88' lang='lat' dir='ltr'><strong>inter</strong></span> <span class='ocrx_word' id='word_1_732' title='bbox 1821 5085 1921 5121; x_wconf 88' lang='lat' dir='ltr'><strong>vos.</strong></span> <span class='ocrx_word' id='word_1_733' title='bbox 1946 5069 2094 5139; x_wconf 78' lang='lat' dir='ltr'><strong>Vulg.</strong></span> <span class='ocrx_word' id='word_1_734' title='bbox 2205 5131 2217 5139; x_wconf 34' lang='grc' dir='ltr'>ι</span> <span class='ocrx_word' id='word_1_735' title='bbox 2266 5067 2286 5099; x_wconf 79' lang='grc'>³</span> <span class='ocrx_word' id='word_1_736' title='bbox 2321 5067 2428 5139; x_wconf 62' lang='lat' dir='ltr'><strong>ﬁgi.</strong></span> <span class='ocrx_word' id='word_1_737' title='bbox 2452 5073 2496 5139; x_wconf 65' lang='lat' dir='ltr'><strong>gl</strong></span> <span class='ocrx_word' id='word_1_738' title='bbox 2523 5069 2641 5139; x_wconf 84' lang='lat' dir='ltr'><strong>M_m_.</strong></span> <span class='ocrx_word' id='word_1_739' title='bbox 2661 5076 2713 5118; x_wconf 90' lang='lat' dir='ltr'><strong>et</strong></span> <span class='ocrx_word' id='word_1_740' title='bbox 2734 5068 2973 5120; x_wconf 89' lang='lat' dir='ltr'><strong>adventus</strong></span> <span class='ocrx_word' id='word_1_741' title='bbox 2994 5067 3108 5120; x_wconf 88' lang='lat' dir='ltr'><strong>Filii</strong></span> <span class='ocrx_word' id='word_1_742' title='bbox 3131 5068 3355 5121; x_wconf 84' lang='lat' dir='ltr'><strong>hominis.</strong></span> <span class='ocrx_word' id='word_1_743' title='bbox 3385 5063 3530 5134; x_wconf 68' lang='lat' dir='ltr'><strong>Vulg.</strong></span> <span class='ocrx_word' id='word_1_744' title='bbox 3551 5077 3604 5120; x_wconf 86' lang='lat' dir='ltr'><strong>et</strong></span> <span class='ocrx_word' id='word_1_745' title='bbox 3625 5069 3676 5118; x_wconf 90' lang='lat' dir='ltr'><strong>in</strong></span> <span class='ocrx_word' id='word_1_746' title='bbox 3697 5068 3796 5118; x_wconf 90' lang='lat' dir='ltr'><strong>die-</strong></span> 
     </span>
    </p>
   </div>
   <div class='ocr_carea' id='block_1_66' title="bbox 503 5129 2678 5192">
    <p class='ocr_par' dir='ltr' id='par_1_66' title="bbox 503 5129 2678 5192">
     <span class='ocr_line' id='line_1_67' title="bbox 503 5129 2678 5192; baseline -0.001 -10"><span class='ocrx_word' id='word_1_747' title='bbox 503 5134 600 5192; x_wconf 86' lang='lat' dir='ltr'><strong>hic,</strong></span> <span class='ocrx_word' id='word_1_748' title='bbox 625 5143 763 5185; x_wconf 88' lang='lat' dir='ltr'><strong>aut...</strong></span> <span class='ocrx_word' id='word_1_749' title='bbox 788 5135 912 5183; x_wconf 88' lang='lat' dir='ltr'><strong>intra</strong></span> <span class='ocrx_word' id='word_1_750' title='bbox 937 5150 1036 5186; x_wconf 81' lang='lat' dir='ltr'><strong>vos.</strong></span> <span class='ocrx_word' id='word_1_751' title='bbox 1067 5129 1076 5136; x_wconf 82' lang='grc'><em>’</em></span> <span class='ocrx_word' id='word_1_752' title='bbox 2041 5129 2064 5139; x_wconf 73' lang='grc'>⁷</span> <span class='ocrx_word' id='word_1_753' title='bbox 2205 5131 2297 5180; x_wconf 82' lang='lat' dir='ltr'><strong>bus</strong></span> <span class='ocrx_word' id='word_1_754' title='bbox 2323 5129 2432 5178; x_wconf 79' lang='lat' dir='ltr'><strong>Filii</strong></span> <span class='ocrx_word' id='word_1_755' title='bbox 2452 5130 2678 5180; x_wconf 81' lang='lat' dir='ltr'><strong>hominis.</strong></span> 
     </span>
    </p>
   </div>
   <div class='ocr_carea' id='block_1_67' title="bbox 563 5196 1809 5263">
    <p class='ocr_par' dir='ltr' id='par_1_67' title="bbox 563 5196 1809 5263">
     <span class='ocr_line' id='line_1_68' title="bbox 563 5196 1809 5263; baseline 0.002 -16"><span class='ocrx_word' id='word_1_756' title='bbox 563 5197 587 5229; x_wconf 80' lang='grc'>³</span> <span class='ocrx_word' id='word_1_757' title='bbox 621 5196 726 5248; x_wconf 78' lang='lat' dir='ltr'><strong>Gul.</strong></span> <span class='ocrx_word' id='word_1_758' title='bbox 753 5204 799 5247; x_wconf 78' lang='lat' dir='ltr'><strong>et</strong></span> <span class='ocrx_word' id='word_1_759' title='bbox 822 5199 940 5249; x_wconf 72' lang='lat' dir='ltr'><strong>Met.</strong></span> <span class='ocrx_word' id='word_1_760' title='bbox 967 5197 1132 5248; x_wconf 82' lang='lat' dir='ltr'><strong>Nolite</strong></span> <span class='ocrx_word' id='word_1_761' title='bbox 1159 5200 1321 5250; x_wconf 79' lang='lat' dir='ltr'><strong>exire.</strong></span> <span class='ocrx_word' id='word_1_762' title='bbox 1357 5199 1503 5263; x_wconf 71' lang='lat' dir='ltr'><strong>Vulg.</strong></span> <span class='ocrx_word' id='word_1_763' title='bbox 1527 5198 1691 5251; x_wconf 81' lang='lat' dir='ltr'><strong>Nolite</strong></span> <span class='ocrx_word' id='word_1_764' title='bbox 1717 5201 1809 5250; x_wconf 84' lang='lat' dir='ltr'><strong>ire.</strong></span> 
     </span>
    </p>
   </div>
   <div class='ocr_carea' id='block_1_68' title="bbox 1182 5322 3098 5372">
    <p class='ocr_par' dir='ltr' id='par_1_68' title="bbox 1182 5322 3098 5372">
     <span class='ocr_line' id='line_1_69' title="bbox 1182 5322 3098 5372; baseline 0.003 -12"><span class='ocrx_word' id='word_1_765' title='bbox 1182 5322 1469 5370; x_wconf 75' lang='lat' dir='ltr'><strong>LECTIONES</strong></span> <span class='ocrx_word' id='word_1_766' title='bbox 1493 5323 1698 5365; x_wconf 70' lang='lat' dir='ltr'><strong>CODICIS</strong></span> <span class='ocrx_word' id='word_1_767' title='bbox 1729 5323 2138 5366; x_wconf 68' lang='lat' dir='ltr'><strong>VINDEBONENSIS</strong></span> <span class='ocrx_word' id='word_1_768' title='bbox 2158 5325 2436 5372; x_wconf 61' lang='lat' dir='ltr'><strong>ABEUNTES</strong></span> <span class='ocrx_word' id='word_1_769' title='bbox 2464 5325 2528 5366; x_wconf 78' lang='lat' dir='ltr'><strong>AB</strong></span> <span class='ocrx_word' id='word_1_770' title='bbox 2550 5323 2798 5366; x_wconf 75' lang='lat' dir='ltr'><strong>EDITIONE</strong></span> <span class='ocrx_word' id='word_1_771' title='bbox 2831 5323 3098 5366; x_wconf 71' lang='grc' dir='ltr'><strong>ι’ῠωΔτΑ.</strong></span> 
     </span>
    </p>
   </div>
   <div class='ocr_carea' id='block_1_69' title="bbox 567 5418 3786 5485">
    <p class='ocr_par' dir='ltr' id='par_1_69' title="bbox 567 5418 3786 5485">
     <span class='ocr_line' id='line_1_70' title="bbox 567 5418 3786 5485; baseline 0 -13"><span class='ocrx_word' id='word_1_772' title='bbox 567 5423 641 5472; x_wconf 65' lang='lat' dir='ltr'><strong>it.</strong></span> <span class='ocrx_word' id='word_1_773' title='bbox 669 5421 1001 5485; x_wconf 76' lang='lat' dir='ltr'><strong>dum_vad_uut.</strong></span> <span class='ocrx_word' id='word_1_774' title='bbox 1069 5419 1144 5469; x_wconf 72' lang='lat'><strong>15.</strong></span> <span class='ocrx_word' id='word_1_775' title='bbox 1173 5421 1281 5485; x_wconf 85' lang='lat' dir='ltr'><strong>quia</strong></span> <span class='ocrx_word' id='word_1_776' title='bbox 1307 5427 1505 5470; x_wconf 86' lang='lat' dir='ltr'><strong>sanatus</strong></span> <span class='ocrx_word' id='word_1_777' title='bbox 1529 5431 1662 5472; x_wconf 82' lang='lat' dir='ltr'><strong>est...</strong></span> <span class='ocrx_word' id='word_1_778' title='bbox 1683 5418 2024 5483; x_wconf 79' lang='lat' dir='ltr'><strong>magnificavil.</strong></span> <span class='ocrx_word' id='word_1_779' title='bbox 2199 5437 2346 5472; x_wconf 88' lang='lat' dir='ltr'><strong>unum</strong></span> <span class='ocrx_word' id='word_1_780' title='bbox 2370 5424 2501 5472; x_wconf 73' lang='lat' dir='ltr'><strong>diem</strong></span> <span class='ocrx_word' id='word_1_781' title='bbox 2526 5423 2716 5472; x_wconf 76' lang='lat' dir='ltr'><strong>videre.</strong></span> <span class='ocrx_word' id='word_1_782' title='bbox 2779 5422 2857 5472; x_wconf 74' lang='grc'><strong>24.</strong></span> <span class='ocrx_word' id='word_1_783' title='bbox 2900 5421 3034 5471; x_wconf 82' lang='lat' dir='ltr'><strong>lucet</strong></span> <span class='ocrx_word' id='word_1_784' title='bbox 3073 5422 3167 5483; x_wconf 88' lang='lat' dir='ltr'><strong>bis,</strong></span> <span class='ocrx_word' id='word_1_785' title='bbox 3189 5434 3317 5485; x_wconf 87' lang='lat' dir='ltr'><strong>quae</strong></span> <span class='ocrx_word' id='word_1_786' title='bbox 3340 5423 3433 5472; x_wconf 82' lang='lat' dir='ltr'><strong>sub</strong></span> <span class='ocrx_word' id='word_1_787' title='bbox 3455 5423 3606 5475; x_wconf 86' lang='lat' dir='ltr'><strong>Caelo</strong></span> <span class='ocrx_word' id='word_1_788' title='bbox 3629 5426 3786 5473; x_wconf 83' lang='lat' dir='ltr'><strong>sunt...</strong></span> 
     </span>
    </p>
   </div>
   <div class='ocr_carea' id='block_1_70' title="bbox 503 5483 3786 5539">
    <p class='ocr_par' dir='ltr' id='par_1_70' title="bbox 503 5483 3786 5539">
     <span class='ocr_line' id='line_1_71' title="bbox 503 5483 3786 5539; baseline 0.001 -7"><span class='ocrx_word' id='word_1_789' title='bbox 503 5483 842 5534; x_wconf 76' lang='lat' dir='ltr'><strong>17.dixit:Hi</strong></span> <span class='ocrx_word' id='word_1_790' title='bbox 869 5483 1042 5531; x_wconf 83' lang='lat' dir='ltr'><strong>decem</strong></span> <span class='ocrx_word' id='word_1_791' title='bbox 1067 5484 1283 5530; x_wconf 64' lang='lat' dir='ltr'><strong>mundati</strong></span> <span class='ocrx_word' id='word_1_792' title='bbox 1307 5491 1418 5532; x_wconf 89' lang='lat' dir='ltr'><strong>sunt</strong></span> <span class='ocrx_word' id='word_1_793' title='bbox 1445 5499 1456 5532; x_wconf 86' lang='lat'>:</span> <span class='ocrx_word' id='word_1_794' title='bbox 1483 5497 1657 5532; x_wconf 84' lang='lat' dir='ltr'><strong>novem</strong></span> <span class='ocrx_word' id='word_1_795' title='bbox 1690 5487 1769 5531; x_wconf 88' lang='lat' dir='ltr'><strong>ubi</strong></span> <span class='ocrx_word' id='word_1_796' title='bbox 1795 5487 1948 5536; x_wconf 81' lang='lat' dir='ltr'><strong>sunt?</strong></span> <span class='ocrx_word' id='word_1_797' title='bbox 2013 5487 2092 5536; x_wconf 84' lang='grc'><strong>18.</strong></span> <span class='ocrx_word' id='word_1_798' title='bbox 2201 5488 2300 5536; x_wconf 81' lang='lat' dir='ltr'><strong>erit</strong></span> <span class='ocrx_word' id='word_1_799' title='bbox 2345 5495 2396 5537; x_wconf 81' lang='lat' dir='ltr'><strong>et</strong></span> <span class='ocrx_word' id='word_1_800' title='bbox 2435 5486 2589 5535; x_wconf 87' lang='lat' dir='ltr'><strong>Filius</strong></span> <span class='ocrx_word' id='word_1_801' title='bbox 2635 5486 2854 5534; x_wconf 87' lang='lat' dir='ltr'><strong>hominis.</strong></span> <span class='ocrx_word' id='word_1_802' title='bbox 2921 5485 2997 5536; x_wconf 73' lang='lat'><strong>25.</strong></span> <span class='ocrx_word' id='word_1_803' title='bbox 3042 5483 3260 5534; x_wconf 78' lang='lat' dir='ltr'><strong>Primum</strong></span> <span class='ocrx_word' id='word_1_804' title='bbox 3299 5495 3486 5536; x_wconf 88' lang='lat' dir='ltr'><strong>autem.</strong></span> <span class='ocrx_word' id='word_1_805' title='bbox 3553 5489 3632 5539; x_wconf 75' lang='lat'><strong>27.</strong></span> <span class='ocrx_word' id='word_1_806' title='bbox 3667 5485 3786 5537; x_wconf 83' lang='lat' dir='ltr'><strong>Ede-</strong></span> 
     </span>
    </p>
   </div>
   <div class='ocr_carea' id='block_1_71' title="bbox 500 5544 3486 5613">
    <p class='ocr_par' dir='ltr' id='par_1_71' title="bbox 500 5544 3486 5613">
     <span class='ocr_line' id='line_1_72' title="bbox 500 5544 3486 5613; baseline 0.001 -17"><span class='ocrx_word' id='word_1_807' title='bbox 500 5544 603 5596; x_wconf 85' lang='lat' dir='ltr'><strong>Nun</strong></span> <span class='ocrx_word' id='word_1_808' title='bbox 625 5558 706 5613; x_wconf 59' lang='lat' dir='ltr'><strong>est</strong></span> <span class='ocrx_word' id='word_1_809' title='bbox 725 5549 769 5597; x_wconf 90' lang='lat' dir='ltr'><strong>in</strong></span> <span class='ocrx_word' id='word_1_810' title='bbox 795 5546 893 5613; x_wconf 81' lang='lat' dir='ltr'><strong>illis</strong></span> <span class='ocrx_word' id='word_1_811' title='bbox 915 5548 1012 5613; x_wconf 71' lang='lat' dir='ltr'><strong>qui</strong></span> <span class='ocrx_word' id='word_1_812' title='bbox 1031 5547 1234 5613; x_wconf 68' lang='lat' dir='ltr'><strong>rediret,</strong></span> <span class='ocrx_word' id='word_1_813' title='bbox 1265 5553 1314 5593; x_wconf 90' lang='lat' dir='ltr'><strong>et</strong></span> <span class='ocrx_word' id='word_1_814' title='bbox 1338 5547 1519 5613; x_wconf 66' lang='lat' dir='ltr'><strong>gratias</strong></span> <span class='ocrx_word' id='word_1_815' title='bbox 1544 5555 1720 5613; x_wconf 63' lang='lat' dir='ltr'><strong>ageret.</strong></span> <span class='ocrx_word' id='word_1_816' title='bbox 1742 5547 1867 5613; x_wconf 78' lang='lat' dir='ltr'><strong>Deo.</strong></span> <span class='ocrx_word' id='word_1_817' title='bbox 1932 5548 2012 5613; x_wconf 77' lang='grc'><strong>19.</strong></span> <span class='ocrx_word' id='word_1_818' title='bbox 2038 5547 2101 5597; x_wconf 80' lang='lat' dir='ltr'><strong>Et</strong></span> <span class='ocrx_word' id='word_1_819' title='bbox 2206 5550 2402 5608; x_wconf 83' lang='lat' dir='ltr'><strong>baut,...</strong></span> <span class='ocrx_word' id='word_1_820' title='bbox 2429 5557 2478 5598; x_wconf 79' lang='lat' dir='ltr'><strong>et</strong></span> <span class='ocrx_word' id='word_1_821' title='bbox 2506 5549 2753 5604; x_wconf 73' lang='lat' dir='ltr'><strong>nubebant</strong></span> <span class='ocrx_word' id='word_1_822' title='bbox 2777 5588 2789 5610; x_wconf 90' lang='lat'><strong>,</strong></span> <span class='ocrx_word' id='word_1_823' title='bbox 2817 5560 2999 5604; x_wconf 79' lang='lat' dir='ltr'><strong>uxores</strong></span> <span class='ocrx_word' id='word_1_824' title='bbox 3021 5547 3285 5609; x_wconf 82' lang='lat' dir='ltr'><strong>ducebant,</strong></span> <span class='ocrx_word' id='word_1_825' title='bbox 3311 5561 3486 5613; x_wconf 89' lang='lat' dir='ltr'><strong>usque.</strong></span> 
     </span>
    </p>
   </div>
   <div class='ocr_carea' id='block_1_72' title="bbox 500 5607 2103 5670">
    <p class='ocr_par' dir='ltr' id='par_1_72' title="bbox 500 5607 2103 5670">
     <span class='ocr_line' id='line_1_73' title="bbox 500 5607 2103 5670; baseline 0.001 -14"><span class='ocrx_word' id='word_1_826' title='bbox 500 5613 567 5658; x_wconf 82' lang='lat' dir='ltr'><strong>ait</strong></span> <span class='ocrx_word' id='word_1_827' title='bbox 605 5609 735 5659; x_wconf 88' lang='lat' dir='ltr'><strong>illi...</strong></span> <span class='ocrx_word' id='word_1_828' title='bbox 776 5607 1096 5670; x_wconf 50' lang='lat' dir='ltr'><strong>vade;&#39;lides.</strong></span> <span class='ocrx_word' id='word_1_829' title='bbox 1159 5607 1239 5657; x_wconf 72' lang='grc'><strong>21.</strong></span> <span class='ocrx_word' id='word_1_830' title='bbox 1267 5617 1351 5658; x_wconf 86' lang='lat' dir='ltr'><strong>aut</strong></span> <span class='ocrx_word' id='word_1_831' title='bbox 1395 5607 1526 5659; x_wconf 88' lang='lat' dir='ltr'><strong>illuc.</strong></span> <span class='ocrx_word' id='word_1_832' title='bbox 1593 5607 1672 5657; x_wconf 78' lang='grc'><strong>22.</strong></span> <span class='ocrx_word' id='word_1_833' title='bbox 1718 5617 1771 5658; x_wconf 88' lang='lat' dir='ltr'><strong>ut</strong></span> <span class='ocrx_word' id='word_1_834' title='bbox 1804 5609 2103 5660; x_wconf 82' lang='lat' dir='ltr'><strong>desideretis</strong></span> 
     </span>
    </p>
   </div>
   <div class='ocr_carea' id='block_1_73' title="bbox 1825 5715 2461 5778">
    <p class='ocr_par' dir='ltr' id='par_1_73' title="bbox 1825 5715 2461 5778">
     <span class='ocr_line' id='line_1_74' title="bbox 1825 5715 2461 5778; baseline -0.003 -4"><span class='ocrx_word' id='word_1_835' title='bbox 1825 5715 2193 5778; x_wconf 74' lang='lat' dir='ltr'><strong>BLANCHINI</strong></span> <span class='ocrx_word' id='word_1_836' title='bbox 2231 5717 2461 5777; x_wconf 67' lang='lat' dir='ltr'><strong>NOTAE.</strong></span> 
     </span>
    </p>
   </div>
   <div class='ocr_carea' id='block_1_74' title="bbox 570 5810 3782 5888">
    <p class='ocr_par' dir='ltr' id='par_1_74' title="bbox 570 5810 3782 5888">
     <span class='ocr_line' id='line_1_75' title="bbox 570 5810 3782 5888; baseline 0.001 -23"><span class='ocrx_word' id='word_1_837' title='bbox 570 5811 649 5888; x_wconf 80' lang='grc' dir='ltr'><strong>(α)</strong></span> <span class='ocrx_word' id='word_1_838' title='bbox 673 5811 835 5888; x_wconf 64' lang='lat' dir='ltr'><strong>Addit</strong></span> <span class='ocrx_word' id='word_1_839' title='bbox 860 5815 928 5880; x_wconf 75' lang='lat' dir='ltr'><strong>ei,</strong></span> <span class='ocrx_word' id='word_1_840' title='bbox 953 5814 1114 5888; x_wconf 78' lang='lat' dir='ltr'><strong>etiam</strong></span> <span class='ocrx_word' id='word_1_841' title='bbox 1141 5823 1246 5869; x_wconf 75' lang='lat' dir='ltr'><strong>tex.</strong></span> <span class='ocrx_word' id='word_1_842' title='bbox 1273 5813 1366 5888; x_wconf 76' lang='lat' dir='ltr'><strong>Gr.</strong></span> <span class='ocrx_word' id='word_1_843' title='bbox 1584 5844 1654 5856; x_wconf 85' lang='lat'><strong>——</strong></span> <span class='ocrx_word' id='word_1_844' title='bbox 1673 5812 1752 5886; x_wconf 71' lang='grc' dir='ltr'><strong>(ὁ)</strong></span> <span class='ocrx_word' id='word_1_845' title='bbox 1777 5811 1853 5888; x_wconf 73' lang='lat' dir='ltr'><strong>ita</strong></span> <span class='ocrx_word' id='word_1_846' title='bbox 1875 5818 1930 5868; x_wconf 83' lang='lat' dir='ltr'><strong>et</strong></span> <span class='ocrx_word' id='word_1_847' title='bbox 1958 5810 2080 5868; x_wconf 87' lang='lat' dir='ltr'><strong>cod.</strong></span> <span class='ocrx_word' id='word_1_848' title='bbox 2109 5811 2267 5871; x_wconf 87' lang='lat' dir='ltr'><strong>Cant.</strong></span> <span class='ocrx_word' id='word_1_849' title='bbox 2301 5812 2615 5882; x_wconf 53' lang='lat' dir='ltr'><strong>chon—«(4&#39;)</strong></span> <span class='ocrx_word' id='word_1_850' title='bbox 2642 5814 2805 5870; x_wconf 77' lang='lat' dir='ltr'><strong>Addit</strong></span> <span class='ocrx_word' id='word_1_851' title='bbox 2831 5824 2898 5883; x_wconf 80' lang='lat' dir='ltr'><strong>et,</strong></span> <span class='ocrx_word' id='word_1_852' title='bbox 2929 5815 3092 5872; x_wconf 80' lang='lat' dir='ltr'><strong>etiam</strong></span> <span class='ocrx_word' id='word_1_853' title='bbox 3123 5825 3229 5873; x_wconf 74' lang='lat' dir='ltr'><strong>tax.</strong></span> <span class='ocrx_word' id='word_1_854' title='bbox 3259 5814 3350 5873; x_wconf 80' lang='lat' dir='ltr'><strong>Gr.</strong></span> <span class='ocrx_word' id='word_1_855' title='bbox 3384 5813 3640 5888; x_wconf 54' lang='lat' dir='ltr'><strong>aut—(4)</strong></span> <span class='ocrx_word' id='word_1_856' title='bbox 3664 5811 3782 5870; x_wconf 60' lang='lat' dir='ltr'><strong>Poni</strong></span> 
     </span>
    </p>
   </div>
   <div class='ocr_carea' id='block_1_75' title="bbox 497 5883 2567 5958">
    <p class='ocr_par' dir='ltr' id='par_1_75' title="bbox 497 5883 2567 5958">
     <span class='ocr_line' id='line_1_76' title="bbox 497 5883 2567 5958; baseline 0.002 -22"><span class='ocrx_word' id='word_1_857' title='bbox 497 5883 741 5950; x_wconf 81' lang='lat' dir='ltr'><strong>hominis,</strong></span> <span class='ocrx_word' id='word_1_858' title='bbox 775 5883 927 5940; x_wconf 85' lang='lat' dir='ltr'><strong>deest</strong></span> <span class='ocrx_word' id='word_1_859' title='bbox 954 5886 1008 5938; x_wconf 81' lang='lat' dir='ltr'><strong>in</strong></span> <span class='ocrx_word' id='word_1_860' title='bbox 1035 5883 1118 5939; x_wconf 74' lang='lat' dir='ltr'><strong>die</strong></span> <span class='ocrx_word' id='word_1_861' title='bbox 1143 5901 1259 5952; x_wconf 72' lang='lat' dir='ltr'><strong>uta,</strong></span> <span class='ocrx_word' id='word_1_862' title='bbox 1283 5886 1335 5939; x_wconf 88' lang='lat' dir='ltr'><strong>in</strong></span> <span class='ocrx_word' id='word_1_863' title='bbox 1363 5886 1486 5942; x_wconf 87' lang='lat' dir='ltr'><strong>cod.</strong></span> <span class='ocrx_word' id='word_1_864' title='bbox 1507 5883 1908 5958; x_wconf 53' lang='lat' dir='ltr'><strong>quoque&#39;Cant.</strong></span> <span class='ocrx_word' id='word_1_865' title='bbox 2110 5953 2113 5956; x_wconf 20' lang='lat'>.</span> <span class='ocrx_word' id='word_1_866' title='bbox 2565 5897 2567 5899; x_wconf 80' lang='lat'>‘</span> 
     </span>
    </p>
   </div>
  </div>
