4054 6198
266 320 374 377 655

658 435 886 497 CODEX
922 438 1459 505 VERCELLENSIS.

1098 540 1299 594 salvam
1334 557 1451 596 eam

1095 610 1185 665 54.
1226 611 1407 669 faciet.
1440 612 1574 670 Dico

1093 686 1237 738 enim
1270 686 1422 741 vobis
1442 726 1458 752 ,

1093 756 1112 784 ²
1148 756 1247 811 hac
1274 766 1430 812 nocte

1090 838 1249 881 erunt
1275 829 1382 883 duo

1089 896 1142 951 in
1168 898 1308 957 lecto
1336 916 1443 955 uno
1467 917 1482 966 ;

1092 985 1232 1025 unus
1262 972 1421 1027 adsu-

1093 1049 1271 1098 metur
1286 1085 1302 1110 ,
1331 1053 1385 1098 et
1410 1042 1509 1097 ali-

1092 1128 1157 1185 us
1186 1116 1456 1185 relinque-

1090 1183 1180 1239 55.
1224 1194 1311 1240 tur
1341 1183 1357 1239 Ξ
1389 1194 1548 1242 erunt

260 528 459 584 troiret
487 529 603 588 Noe

260 603 316 653 in
347 616 533 656 arcam
553 645 571 670 ,
601 612 656 658 et

258 674 407 726 venit
434 674 573 728 dilu-

258 742 407 815 bium
424 785 438 808 ,
474 756 528 799 et
555 763 681 815 per.

258 814 399 869 didit
428 814 642 875 omnes.

255 887 348 942 28.
392 887 656 947 Similiter
678 900 735 947 et

256 957 459 1013 factum
494 972 577 1017 est

255 1040 311 1084 et
339 1033 393 1085 iu
427 1031 617 1089 diebus

256 1100 358 1175 Lot
394 1122 406 1156 :
441 1104 708 1175 Edebant,

253 1172 534 1243 bibebant,
563 1172 713 1234 eme;

253 1243 409 1312 bant,
443 1248 640 1305 vende-
1089 1254 1210 1310 dum
1234 1273 1349 1311 mo-

252 1314 408 1389 bant,
436 1320 647 1389 planta-
1090 1325 1264 1383 lentes
1289 1329 1342 1383 in
1372 1345 1437 1384 u-

252 1386 405 1465 bant,
436 1386 627 1465 aediﬁ-
1090 1414 1218 1452 num
1244 1417 1258 1465 ;
1290 1417 1394 1456 una

385 1462 584 1542 cabant
606 1484 620 1518 :
645 1480 752 1539 qua
1087 1458 1361 1542 relinque-

254 1530 341 1588 die
372 1534 505 1587 exiit
530 1534 634 1593 Lot

251 1617 282 1657 a
314 1605 587 1671 Sodomis,

251 1675 390 1744 pluit
422 1678 602 1744 ignem

1089 1550 1175 1595 tur
1198 1582 1214 1608 ,
1243 1554 1299 1598 et
1328 1543 1431 1597 alia

1085 1612 1401 1670 adsumetur
1429 1632 1442 1667 :

1082 1683 1190 1738 duo
1217 1687 1266 1739 in
1291 1702 1451 1756 agro;

250 1747 502 1822 decaelo
521 1792 534 1813 ,
565 1761 620 1806 et
648 1765 777 1822 per-
1082 1771 1223 1810 unus
1250 1747 1412 1813 adsu-

248 1817 607 1895 diditﬂomnes
636 1817 665 1877 ε’
1083 1837 1260 1884 metur
1285 1872 1299 1895 ,
1336 1839 1392 1884 et

249 1889 339 1945 50.
385 1892 648 1951 Similiter
674 1911 734 1953 e-
1080 1900 1222 1954 alius
1248 1889 1411 1957 rélin-

248 1961 400 2037 ijtin
434 1964 548 2037 die,
582 1983 686 2037 qua

248 2031 418 2089 Filius
447 2031 619 2094 homi;

245 2107 331 2159 nis
359 2110 573 2163 revela-

244 2175 415 2232 bitur.

245 2250 335 2303 51.
378 2250 437 2304 In
468 2251 557 2307 illa
587 2251 751 2319 hora,

1082 1983 1295 2039 quetur.

1077 2042 1172 2098 56.
1214 2044 1279 2098 Et
1302 2044 1634 2113 responden-

1083 2124 1163 2168 tes
1183 2155 1198 2180 ,
1229 2116 1479 2171 dixerunt

1081 2184 1197 2239 illi:
1226 2186 1323 2243 Ubi
1348 2188 1617 2243 Domine?

1078 2258 1168 2313 57.
1210 2260 1309 2325 Qui
1342 2259 1477 2316 dixit
1505 2260 1613 2317 illis
1640 2277 1656 2314 :

244 2322 335 2390 qui
364 2322 471 2377 erit
500 2338 591 2378 su-
1076 2322 1416 2401 Ubicumque

244 2408 341 2462 per
365 2403 595 2463 tectum,
1076 2398 1242 2455 fuerit
1262 2398 1387 2457 cor-

243 2474 299 2542 et
330 2480 457 2542 vasa
489 2466 633 2521 illius
1076 2486 1177 2542 pus
1197 2515 1211 2536 ,
1245 2472 1374 2530 illuc
1403 2489 1535 2532 con-

243 2536 297 2590 in
328 2536 523 2604 domo,
558 2554 664 2595 non
1078 2536 1302 2599 veniunt.

242 2606 542 2685 descendat
1074 2615 1308 2685 aquilae.

243 2678 441 2734 tollere
466 2696 529 2735 ea
566 2699 579 2735 :

242 2730 683 2826 έζξῂὶῖίῐῐεέτο,
1161 2825 1164 2826 ί
1234 2730 1466 2789 CAPUT
1490 2732 1673 2789 xvm.

241 2823 498 2879 similiter
569 2823 588 2826 θ
1149 2825 1198 2878 I.
1244 2825 1463 2881 Dicebat
1487 2836 1667 2882 autem

242 2910 347 2948 non
374 2910 560 2950 rever—
1078 2896 1389 2963 parabolam

243 2974 387 3020 tatur
417 2976 589 3024 retro.
1077 2967 1215 3036 illis,
1252 2970 1320 3024 ob
1349 2968 1452 3025 hoc

241 3037 332 3091 32.
374 3037 647 3096 Memores
1078 3041 1219 3109 quod
1248 3041 1417 3095 debe-

242 3119 419 3182 estote
447 3126 580 3165 uxo-
1079 3120 1199 3166 rent
1229 3127 1443 3182 semper

243 3182 319 3236 ris
346 3180 472 3235 Lot.
1076 3198 1262 3247 orare,
1290 3180 1471 3239 et'non

242 3253 331 3310 55.
375 3254 714 3332 Quicumque
1076 3253 1129 3308 2.
1171 3255 1407 3312 deiicere
1428 3298 1441 3321 ,
1465 3256 1545 3310 di.

1075 3340 1204 3381 cens
1231 3345 1242 3381 ε

242 3339 370 3395 ergo
401 3341 566 3395 quae—
1075 3340 1204 3381 cens
1231 3345 1242 3381 :

244 3396 396 3451 sierit
428 3398 539 3452 ani-
1074 3396 1246 3481 Judc;
1273 3400 1494 3470 quidam

244 3484 383 3521 mam
418 3484 569 3523 suam
1073 3480 1189 3524 erat
1211 3480 1262 3524 tu
1295 3487 1425 3540 qua-

1073 3540 1197 3594 dam
1230 3542 1419 3597 civita-

1074 3620 1125 3666 te
1144 3653 1159 3677 ,
1192 3614 1281 3681 qui
1312 3614 1477 3669 Deum

1073 3699 1180 3739 non
1214 3685 1370 3739 time-

1074 3755 1198 3821 bat,
1229 3756 1324 3812 sed
1350 3772 1451 3812 nec

246 3539 261 3570 ¹
293 3541 499 3594 salvam
535 3540 677 3597 face-

245 3626 320 3675 re,
342 3611 536 3681 perdet
558 3612 614 3668 il~

244 3681 344 3737 iam
367 3699 383 3749 ;
416 3694 470 3739 et
494 3685 584 3752 qui

245 3753 547 3823 perdiderit
561 3796 578 3821 ,

1321 323 1775 393 EVANGELIUM
1812 327 2186 393 SECUNDUM
2226 330 2487 393 LUCAM.

2401 448 2633 508 CODEX
2672 447 3128 512 VEBONENSIS.
3161 401 3165 404 ν

2797 548 2889 622 54.
2932 550 3063 606 Dico
3085 550 3261 622 vobis,

2798 619 2889 674 illa
2922 634 3082 677 nocte

2799 704 2956 747 erunt
2982 693 3089 748 duo
3115 694 3168 749 in

2800 764 2943 819 lecto
2970 781 3106 831 uno;

2800 851 2937 890 unus
2970 836 3131 891 adsu-

1962 545 2183 600 intravit
2210 545 2325 601 Noe

1963 618 2016 671 in
2050 634 2229 673 arcam
2246 659 2262 684 ,
2295 627 2351 673 et

1962 691 2108 744 venit
2137 689 2277 743 dilu-

1962 762 2130 827 vium,
2160 769 2215 815 et
2245 774 2368 831 per-

1958 832 2097 886 didit
2126 848 2336 887 omnes.

1958 904 2050 959 ’28.
2093 904 2352 959 Similiter
2384 904 2461 960 fa-
2796 917 2991 968 metur.
3019 917 3075 963 et

1957 986 2102 1029 ctum
2135 985 2221 1030 est
2244 975 2296 1029 in
2795 979 2929 1034 alter
2962 980 3129 1035 relin-

1957 1046 2150 1101 diebus
2172 1047 2333 1102 Loth.
2376 1067 2382 1071 ·
2799 1061 2995 1115 quetur
3031 1070 3045 1107 :

1958 1119 2202 1174 Edebant
2222 1161 2236 1185 ,
2269 1128 2324 1174 et
2797 1122 2885 1177 55.
2928 1122 3068 1178 duae

1957 1189 2252 1255 bibebant,
2795 1194 3062 1249 inoleutes

1955 1262 2236 1327 emebant,
2264 1270 2321 1317 et
2795 1266 2851 1319 in
2880 1281 3040 1320 unum
3064 1283 3079 1331 ;
3107 1281 3212 1321 una

1954 1333 2297 1401 vendebant,
2794 1336 3129 1402 adsumetur,
3162 1347 3218 1394 et

1954 1403 2270 1480 plantabant
2286 1445 2301 1471 ,
2794 1424 2894 1463 una
2926 1410 3202 1480 relinque-

1950 1484 2007 1528 et
2031 1475 2371 1530 zediiicabant
2402 1492 2416 1529 :

1949 1545 2039 1601 29.
2082 1563 2185 1617 qua
2211 1547 2301 1601 die
2322 1562 2419 1603 au-

1951 1627 2056 1671 tem
2084 1619 2213 1672 exiit
2238 1619 2379 1673 Loth

1949 1704 1977 1741 a
2008 1689 2265 1745 Sodomis
2288 1733 2300 1756 ,

1952 1760 2089 1827 pluit
2118 1763 2296 1831 ignem

1948 1832 2017 1886 de
2040 1839 2192 1889 caelo
2217 1876 2230 1893 .
2261 1844 2316 1889 et

1948 1919 2138 1959 omnes
2166 1904 2343 1975 perdi-

1946 1975 2037 2030 50.
2078 1978 2157 2030 dit
2188 1995 2201 2030 :
2232 1976 2531 2033 secundum

1948 2046 2082 2101 haec
2111 2050 2213 2102 erit
2244 2049 2361 2104 dies

1944 2117 2066 2173 Filii
2090 2119 2324 2174 hominis
2343 2163 2355 2183 ,

1944 2205 2047 2255 qua
2081 2192 2427 2246 revelabitur.

1945 2261 2036 2318 51.
2080 2263 2134 2315 In
2161 2264 2249 2317 illa
2286 2264 2437 2329 hora,

2794 1489 2880 1534 ιυι·
2915 1498 2927 1533 Σ

2792 1549 2900 1606 duo
2928 1552 2978 1606 in
3010 1567 3175 1622 agro;

2790 1638 2933 1678 unus
2961 1624 3298 1696 adsumetur,

2792 1705 2848 1751 et
2880 1710 3018 1751 unus
3042 1697 3210 1751 relin-

2786 1777 3003 1836 quetur.

2787 1838 2879 1893 56.
2920 1838 3337 1908 Respondentee

2785 1920 2964 1964 autem
2984 1953 2998 1973 ,
3030 1912 3288 1969 dixerunt

2786 1982 2862 2035 illi
2900 1980 3040 2037 :Ubi
3074 1985 3177 2039 Do-

2783 2054 2873 2106 57.
2915 2053 3101 2109 mine?

2779 2124 2981 2193 Quibus

2782 2198 2899 2265 ipse
2928 2198 3104 2253 dixit:
3134 2197 3267 2255 Ubi-

2783 2282 3017 2339 cumque
3051 2269 3167 2326 fue-

1945 2333 2035 2402 qui
2060 2332 2224 2389 fuerit
2262 2335 2313 2389 in
2782 2341 2855 2394 rit
2876 2332 3075 2411 corpus
3097 2382 3111 2406 ,

1944 2414 2107 2459 tecto.
2155 2447 2168 2458 .
2216 2448 2229 2461 .
2273 2446 2290 2462 .
2337 2445 2351 2460 .
2390 2421 2420 2461 a
2781 2410 2894 2466 illic
2919 2410 3052 2466 con-

1943 2475 2067 2554 ejus_
2092 2477 2143 2530 in
2166 2476 2351 2554 domo,
2779 2483 3188 2554 graegabuntur

1941 2561 2014 2625 ne_
2024 2548 2337 2625 descendat
2782 2548 2837 2609 et
2861 2548 3098 2625 aquilae.

1943 2618 2134 2673 tollere
2156 2620 2275 2686 illa;

1942 2698 1997 2743 et
2018 2691 2108 2759 qui
2136 2690 2190 2744 in
2220 2706 2383 2761 agro,
2939 2696 3168 2755 CAPUT
3204 2697 3393 2757 XVIII.

1941 2774 2051 2815 non
2083 2762 2273 2818 redeat

1942 2831 2195 2889 similiter
2222 2844 2394 2891 retro.
2783 2842 2809 2896 1
2824 2881 2837 2895 .
2879 2839 3103 2898 Dicebat
3128 2857 3224 2898 au-

1941 2904 2031 2958 32.
2074 2903 2341 2983 Meuiores
2367 2916 2546 2963 estote
2783 2921 2889 2967 tem
2919 2928 3077 2983 para-

1943 2981 2127 3030 uxoris
2154 2977 2313 3031 Loth.
2784 2977 2962 3040 bolam
2995 2986 3062 3039 ad

1939 3045 2029 3102 55.
2071 3048 2409 3122 Quicumque
2784 3055 2929 3123 illos,
2960 3072 3095 3127 quo-

1939 3127 2120 3198 autcm
2179 3193 2190 3198 _
2322 3193 2334 3198 _
2784 3127 2929 3182 niam
2962 3139 3181 3198 oportet

1939 3193 2219 3259 quaesierit
2247 3193 2366 3269 ani-
2780 3193 3147 3269 semper—ora-

1940 3277 2081 3316 mam
2106 3279 2257 3319 suam
2283 3265 2419 3320 libe-
2781 3286 2863 3337 re,
2893 3265 2947 3326 et
2974 3287 3082 3326 non

1940 3348 2083 3411 rare,
2116 3336 2301 3411 perdet
2333 3337 2396 3392 il-
2774 3342 2829 3395 2.
2869 3342 3129 3411 deﬁcere,
3156 3345 3240 3401 di-

1940 3405 2077 3472 lam,
2109 3418 2163 3461 et
2192 3409 2311 3477 qui-
2776 3428 2946 3468 cens:
2982 3414 3071 3469 Ju-

1939 3492 2325 3553 cumq_ue_per-
2773 3486 2876 3539 dex
2903 3485 3122 3553 quidam

1936 3548 2134 3628 diderit
2163 3550 2309 3604 illam
2773 3566 2891 3628 erat
2920 3548 2972 3611 in
3002 3571 3137 3628 qua-

1937 3618 2015 3691 (a)
2042 3629 2267 3695 propter
2771 3626 2894 3681 dam
2921 3618 3163 3695 civitate,

1937 3692 2339 3769 mefzysalvam
2771 3697 2886 3769 qui.
2933 3740 2944 3751 .
2992 3740 3004 3751 .
3052 3738 3065 3751 .
3232 3741 3245 3754 .

1941 3762 2103 3818 faciet
2128 3762 2298 3818 illam.
2771 3762 2878 3826 rion
2905 3771 3153 3839 timebat,
3178 3788 3277 3829 nec

1556 3895 1789 3952 CODEX
1830 3896 2216 3955 BRIXIANUS.

246 3993 315 4044 vit
343 3989 547 4067 Noein
576 4006 777 4067 arcam.
809 3999 871 4067 et
891 3990 1038 4045 venit
1062 3989 1348 4067 dilluyium
1376 4000 1429 4067 et
1457 3990 1841 4067 perdidit_oin-
1942 3991 2083 4067 derit
2129 3992 2275 4067 illam
2308 3994 2383 4066 (α)
2432 4005 2651 4065 propter
2693 4012 2778 4053 me
2828 3999 2865 4067 ’ζ’
2918 3999 3124 4056 salvam
3184 4001 3342 4058 faciet
3394 4018 3536 4059 eam.

245 4078 355 4118 nes.
388 4061 654 4117 Similiter
683 4064 818 4118 sicut
856 4065 1052 4116 factum
1085 4072 1168 4116 est
1200 4062 1254 4116 in
1300 4062 1489 4118 diebus
1536 4063 1655 4116 Lot.
1688 4062 1831 4117 Ede-

244 4134 371 4189 bant
412 4143 467 4190 et
512 4135 787 4189 bibebant.
847 4134 1115 4188 emebant.
1161 4146 1215 4188 et
1257 4134 1577 4188 vendebant.
1626 4135 1832 4202 planta-

244 4205 385 4260 bant.
418 4217 473 4262 et
500 4206 877 4261 aediﬁcabant.
908 4222 1010 4275 qua
1041 4205 1127 4259 die
1166 4216 1343 4259 autem
1386 4206 1514 4259 exiit
1546 4207 1647 4260 Lot
1675 4222 1701 4258 a
1732 4206 1832 4259 So-

242 4276 415 4333 domis
442 4277 571 4347 pluit
605 4279 779 4354 ignem
810 4290 861 4330 et
892 4280 1081 4346 sulpur
1105 4278 1367 4354 tlegcaelo
1399 4286 1462 4354 ξ]
1489 4293 1678 4354 tlllllleS
1714 4294 1832 4354 pcr-

243 4349 391 4405 didit.
420 4350 714 4403 secundum
742 4350 876 4402 hanc
901 4357 1079 4402 erunt.
1127 4348 1227 4418 qu'a
1264 4348 1350 4401 die
1399 4348 1567 4402 Filius
1601 4349 1831 4403 hominis

246 4422 589 4475 revelabitur.
624 4421 681 4475 In
732 4422 817 4473 illa
846 4421 932 4475 die
961 4438 1046 4487 qui
1092 4419 1254 4473 fuerit
1284 4421 1335 4472 in
1392 4429 1550 4473 lecto.
1596 4429 1650 4473 et
1706 4436 1827 4475 vas:

245 4494 352 4560 ejus
384 4494 440 4547 in
483 4493 643 4546 domn
693 4508 797 4546 non
831 4491 1126 4546 descendat
1176 4493 1362 4545 tollere
1404 4492 1512 4543 illa.
1543 4504 1597 4545 et
1645 4493 1732 4559 qui
1778 4494 1829 4546 iu

246 4578 395 4631 agro.
441 4565 695 4619 similiter
742 4580 848 4618 non
900 4564 1083 4618 redeat
1129 4573 1294 4617 retro.
1342 4562 1604 4617 Memores
1656 4573 1830 4618 estote

248 4637 429 4690 uxoris
481 4640 599 4690 Lot.
647 4635 1621 4717 Quicun_iquc___quaesierit.animam
1676 4652 1827 4717 suam

246 4710 440 4763 salvam
499 4708 679 4763 Iacere
735 4705 922 4777 perdet
982 4707 1147 4761 illam.
1178 4716 1233 4762 et
1274 4706 1598 4777 quicumque
1644 4705 1828 4775 perdi-

1941 4064 2109 4119 Amen
2143 4065 2261 4120 dico
2315 4064 2490 4121 vobis.
2550 4068 2605 4121 In
2638 4068 2726 4122 illa
2763 4064 2920 4126 nocte
2948 4084 3109 4127 erunt
3150 4073 3257 4127 duo
3297 4076 3347 4129 in
3394 4076 3537 4131 lecto

1941 4152 2066 4190 uno.
2113 4153 2251 4214 unus
2298 4138 2631 4214 adsumetur.
2703 4150 2756 4196 ct
2806 4142 2943 4196 alter
2994 4144 3344 4214 relinquetur.
3398 4148 3539 4203 duae

1937 4218 2095 4260 erunt
2136 4212 2402 4264 molcntes
2457 4210 2508 4265 in
2551 4228 2738 4266 unum.
2796 4230 2899 4267 una
2954 4210 3287 4271 adsumetnr.
3332 4229 3386 4273 et
3432 4220 3535 4273 alia

1939 4279 2292 4352 relinquetur.
2323 4282 2431 4334 duo
2465 4285 2515 4335 iu
2552 4300 2702 4352 agro.
2743 4300 2879 4338 unus
2930 4286 3262 4341 adsumetur.
3317 4300 3371 4342 et
3398 4290 3537 4341 alter

1936 4350 2290 4421 relinquetur.
2367 4354 2429 4407 Et
2497 4350 2891 4419 respondentes
2955 4358 3207 4411 dixerunt
3271 4356 3369 4414 illi.
3431 4359 3535 4415 Ubi

1937 4421 2068 4497 [ient
2108 4425 2238 4479 haec
2287 4425 2529 4479 Domine.
2583 4426 2789 4491 Quibus
2837 4426 2952 4495 ipse
2998 4427 3135 4482 dixit
3202 4429 3535 4497 Ubicumque

1934 4491 2099 4567 fuerit
2150 4511 2366 4564 corpus.
2424 4498 2549 4549 illuc
2624 4491 3099 4566 coogregabuntur
3148 4502 3381 4567 aquilae.
3440 4491 3532 4555 Di-

1932 4566 2087 4619 cebat
2119 4578 2295 4621 autem
2342 4576 2395 4621 et
2440 4568 2750 4635 parabolam
2779 4568 2845 4621 ad
2886 4569 3028 4641 illos.
3063 4566 3316 4641 quoniam
3370 4589 3533 4641 Opor-

1935 4647 2011 4714 tet
2036 4652 2256 4714 semper
2285 4653 2444 4714 orare
2473 4648 2529 4692 et
2557 4654 2661 4714 non
2710 4640 2945 4714 deﬁci-re
2975 4640 3183 4697 dicens.
3211 4644 3384 4700 Judex
3411 4640 3533 4714 qui-

1928 4708 2048 4759 dam
2066 4720 2183 4761 erat
2208 4710 2257 4761 in
2278 4709 2506 4778 quadam
2522 4711 2762 4767 civitate.
2780 4710 2872 4782 qui
2890 4713 3057 4769 Deum
3084 4730 3188 4771 non
3216 4708 3457 4771 timebat.
3476 4725 3533 4771 et

1521 4820 1749 4877 CODEX
1786 4820 2254 4879 CORBEIENSIS.

306 4923 396 4979 28.
430 4920 694 4979 Similiter
721 4922 918 4977 factum
950 4930 1034 4978 est
1056 4922 1107 4977 in
1138 4920 1330 4977 diebus
1360 4922 1480 4977 Lot.

306 4994 399 5051 29.
428 4994 630 5049 Omittit
662 5004 715 5049 et
742 4994 987 5064 sulphur.

2005 4921 2133 4979 CAP.
2169 4920 2351 4978 XVIII.
2391 4953 2459 4965 --
2487 4921 2540 4981 ἃ.
2577 4922 2634 4981 Si
2662 4922 2830 4980 Deum
2862 4940 2968 4979 non
3002 4922 3186 4980 timeo.

1477 5106 1873 5164 VARIANTES
1910 5103 2316 5163 LECTIONES.

277 5205 699 5321 otsalvare.
728 5207 845 5256 Mm.
887 5203 1161 5255 viviﬁcavit.
1196 5204 1342 5272 Vulg.
1387 5201 1565 5253 salvam
1600 5200 1824 5254 facere...

277 5285 331 5320 lVI
457 5278 513 5319 ιι.

250 5278 513 5320 vtvilicabit.

1994 5203 2013 5233 ²
2051 5201 2155 5249 Gal.
2186 5199 2616 5266 IIIa_nocte_eruut
2638 5198 2735 5248 duo
2756 5199 2806 5247 in
2829 5197 2987 5262 lecto;
3013 5211 3156 5250 unus.
3192 5196 3337 5266 Vulg.
3362 5200 3420 5254 In
3447 5202 3529 5254 illa

1933 5270 2077 5313 nocte
2103 5271 2245 5312 erunt
2270 5261 2366 5310 duo
2386 5263 2432 5310 in
2455 5261 2583 5310 lecto
2607 5274 2734 5324 uno;
2762 5275 2903 5310 unus.

906 5386 1201 5429 LECTIONES
1231 5386 1435 5428 CODICIS
1462 5382 1871 5426 \‘lNDBBONENSIS
1901 5381 2177 5421 ABEUNTES
2196 5380 2261 5419 AB
2292 5379 2539 5419 EDITIONE
2570 5378 2841 5419 VULGATA.

300 5497 377 5561 25.
407 5490 972 5561 bibebant,_vendebant,
993 5490 1327 5561 aediﬁcabant.
1356 5551 1367 5561 _
1501 5493 1553 5536 et
1578 5489 1743 5561 ignem
1765 5486 1829 5561 de

250 5557 393 5608 caelo.
463 5556 542 5607 50.
572 5558 618 5604 in
643 5556 723 5605 die
751 5553 1103 5625 Filii-honunis,
1116 5566 1208 5614 qua
1233 5551 1546 5625 revelabitur.
1610 5551 1685 5602 55.
1709 5551 1826 5625 Qui:

250 5629 447 5685 cumque
497 5626 662 5669 autem
701 5617 972 5685 quaesierit
1008 5612 1411 5685 _animam_suam
1456 5614 1686 5685 liberare,
1720 5612 1827 5685 _55.

252 5675 382 5736 Darei
403 5685 501 5733 duo
526 5693 687 5744 erunt,
709 5675 858 5744 itaque
879 5680 977 5731 duo
1006 5680 1057 5728 in
1077 5691 1214 5743 agro.
1239 5680 1413 5728 Postea
1433 5675 1670 5741 sequitur,
1702 5675 1829 5726 duae

1940 5491 2083 5532 erunt
2107 5481 2368 5530 ιιιηιρηιρε.
2418 5479 2495 5529 56.
2510 5479 2745 5529 dixerunt
2766 5477 2854 5527 illi.
2921 5478 3204 5537 57.0uibus
3222 5479 3529 5543 ipsedixit...

1937 5542 2593 5616 congregiibuiijuraquilae.
2772 5604 2782 5616 Ι
2834 5603 2873 5616 L
2954 5603 2965 5614 θ

2000 5603 2111 5660 (ΒΡ.
2127 5603 2387 5657 ΧΠΙΙπ-
2414 5603 2459 5657 Ii.
2484 5606 2632 5655 etiam
2654 5603 2928 5667 parabolam
2952 5603 3107 5653 istam.

1565 5781 1934 5841 BLANCHINI
1968 5780 2196 5840 ΝΟΤΛΕ.

316 5882 393 5953 (α)
433 5880 594 5939 Addit
620 5888 828 5952 promer
850 5879 1108 5937 "uetiam
1131 5877 1323 5935 Venio
1342 5876 1506 5933 Goth.
