4054 6198
495 286 602 345 655

885 398 1117 456 CODEX
1159 398 1699 456 VERCELLENSIS.

498 495 773 551 hominem

498 568 782 625 revereba-

496 641 551 695 5.
597 650 699 693 tur.
729 637 900 694 Vidua
930 653 1027 695 au-

497 722 604 767 tem
634 711 899 779 quaedam

493 794 611 838 erat
636 781 689 835 in
717 798 808 837 ea-

493 855 617 911 dem
644 858 826 908 civita-

491 936 547 981 te
569 968 582 987 .
615 940 667 981 et
702 926 879 982 venie-

491 998 586 1053 bat
612 998 677 1050 ad
708 997 857 1051 illum
876 1039 894 1066 ,

489 1070 715 1125 dicens:
755 1069 884 1123 Vin-

491 1140 609 1196 dira
636 1155 721 1193 me
751 1140 821 1195 de

488 1213 558 1267 ad
569 1212 809 1266 versario

486 1287 542 1340 4.
588 1299 729 1337 meo.
774 1283 839 1336 Et
865 1297 962 1337 no-

487 1355 633 1410 lebat
663 1370 757 1425 per
786 1367 917 1410 tem-

488 1442 609 1493 pus.

484 1497 619 1555 Post
642 1504 773 1559 haec
790 1520 890 1559 au-

487 1579 595 1625 tem
624 1576 762 1630 dixit
790 1579 873 1630 in-

484 1648 566 1696 tra
598 1660 657 1701 se
689 1665 700 1699 :
736 1647 792 1704 Si
831 1649 999 1704 Deum

482 1730 593 1768 non
627 1719 791 1773 timeo
808 1762 822 1785 ,

482 1801 585 1840 nec
617 1790 789 1844 homi-

482 1874 609 1913 nem
642 1877 903 1918 revereor
927 1879 943 1915 ζ

482 1928 538 1983 5.
581 1942 816 2005 attamen
844 1935 969 2005 quia

484 2001 719 2058 molesta
745 2015 829 2060 est

479 2073 615 2129 mihi
649 2076 808 2131 viilna

478 2143 637 2212 haec,
670 2147 848 2202 vindi—

480 2218 616 2272 eabo
660 2220 805 2273 illam
824 2260 839 2288 ,

478 2303 549 2343 ne
582 2306 676 2355 per
702 2303 836 2346 tem—

476 2374 612 2430 pore
642 2363 791 2416 veni-

478 2446 579 2505 ens
598 2476 613 2500 ,
648 2434 851 2505 suggil-

474 2503 553 2559 let
583 2521 687 2559 tne.

477 2576 531 2630 6.
578 2576 719 2631 Dixit
750 2585 933 2633 autem

474 2646 740 2702 Dominus
766 2667 778 2702 :
814 2649 1008 2704 Audite

1330 493 1507 558 vobis,
1536 493 1661 563 quia

1330 565 1491 620 faciet
1514 564 1807 619 vindictam

1332 636 1550 691 illorum
1575 652 1664 692 ce-

1334 709 1402 764 lei
1419 708 1543 763 iter.
1572 710 1589 739 ί
1626 712 1775 763 Atta-

1331 796 1452 835 men
1489 779 1652 835 Filius
1768 842 1771 849 ,

1332 851 1568 907 hominis
1593 868 1684 907 ve-

1332 926 1510 982 niens.
1546 925 1698 979 iuve-

1338 996 1450 1049 niet
1484 1005 1636 1061 putas

1327 1066 1677 1137 ﬁdenisuper

1330 1147 1529 1193 terram
1546 1139 1569 1191 ?

1328 1208 1380 1264 9.
1427 1211 1568 1263 Dixit
1600 1218 1777 1265 autem

1328 1288 1384 1335 et
1412 1282 1477 1335 ad
1502 1298 1665 1349 quos-

1328 1353 1452 1407 dam
1479 1355 1499 1384 ³
1530 1353 1700 1409 [iden-

1330 1432 1411 1479 tes
1440 1427 1563 1489 sibi,
1598 1442 1735 1493 qua-

1325 1498 1370 1551 Si
1404 1495 1476 1567 (c)
1505 1497 1609 1551 sint
1641 1498 1682 1569 ἰ’
1703 1495 1857 1567 justi,

1326 1576 1382 1623 et
1409 1584 1670 1637 spernen-

1328 1648 1408 1695 tes
1437 1651 1669 1707 ceteros,

1363 1712 1640 1767 arobolam

1363 1798 1463 1836 anc
1503 1800 1517 1836 2

1323 1854 1411 1909 10.
1454 1854 1571 1908 Duo
1601 1854 1847 1910 homines

1321 1924 1343 1955 ⁸
1373 1928 1635 1981 ascende-

1321 2009 1448 2053 runt
1482 2000 1532 2050 in
1565 2009 1701 2054 tem-

1318 2070 1411 2138 plo
1438 2085 1598 2125 orare
1613 2114 1626 2135 ,

1321 2157 1460 2198 unus
1489 2142 1670 2197 Publi—

1320 2227 1489 2268 onnns
1506 2256 1519 2275 ,
1546 2224 1599 2267 et
1626 2228 1687 2267 a-

1320 2283 1448 2349 lius,
1482 2284 1671 2340 Phari-

1321 2358 1410 2410 11.
1453 2371 1632 2410 Saens.
1659 2356 1821 2411 Stans

1318 2427 1504 2496 itaque
1533 2429 1672 2482 Plia-

1319 2501 1552 2564 risaeus,
1578 2500 1661 2554 iii-

1322 2579 1402 2625 tra
1433 2586 1491 2624 se
1521 2572 1654 2627 haec

1320 2641 1343 2671 ⁸
1372 2642 1561 2698 orabat
1595 2661 1608 2697 :
1640 2643 1803 2710 Deus,

1032 280 1300 342 EUSEBII
1337 278 1676 338 VERCELL.
1717 275 2167 337 EVANGELIUM
2203 276 2347 336 CUM
2388 275 2617 338 VARUS
2652 276 2809 337 σοι).
2849 277 3245 339 COLLATUM.

2618 395 2853 454 CODEX
2894 395 3341 454 VEBONENSIS.

2194 492 2479 548 hominem

2194 565 2567 620 reverebatur.

2193 635 2247 690 5.
2295 636 2462 691 Vidua
2494 648 2675 692 autem

2193 707 2459 771 quaedam
2490 718 2610 764 erat

2193 779 2247 833 in
2276 780 2517 847 civitate,

2194 866 2334 921 quae
2363 853 2508 907 venit

2195 923 2263 977 ad
2298 924 2471 986 illum,
2502 924 2579 978 di—

2194 1009 2324 1050 cens
2358 1014 2369 1049 :
2411 996 2632 1052 Vindica

2194 1082 2283 1121 me
2313 1066 2382 1121 de
2411 1068 2507 1122 ad-

2194 1140 2436 1193 versario
2465 1155 2625 1197 ηιεομ

2194 1209 2249 1263 4.
2293 1210 2360 1265 Et
2388 1211 2603 1267 nolebat

2195 1297 2293 1349 per
2324 1283 2548 1337 multum

2197 1361 2430 1421 tempus.
2469 1354 2597 1410 t’ost

2195 1423 2331 1481 haec
2356 1427 2494 1481 dixit

2194 1497 2357 1552 intra.
2403 1538 2416 1551 .
2462 1538 2475 1552 .

2195 1568 2252 1623 Si
2286 1570 2476 1625 Deum.
2521 1607 2537 1624 .
2582 1612 2596 1625 .

2196 1640 2387 1702 timeo.

2193 1728 2296 1768 nec
2322 1712 2595 1768 hominem

2194 1784 2249 1839 5.
2293 1799 2544 1840 revereor
2578 1801 2591 1838 :
2628 1792 2707 1838 ta-

2191 1871 2339 1917 men.
2369 1857 2492 1921 quia

2191 1928 2421 1981 molesta
2450 1934 2535 1983 est

2188 1999 2320 2054 mihi
2348 2000 2480 2054 haec

2188 2070 2369 2135 vidua,
2401 2072 2517 2125 vin-

2187 2141 2381 2196 dicabo
2412 2142 2580 2207 illam,

2188 2229 2257 2268 ne
2286 2215 2336 2267 in
2375 2214 2557 2268 novis-

2186 2284 2327 2339 simo
2355 2284 2623 2339 veniendo

2188 2358 2523 2428 constringat

2188 2444 2297 2483 me.

2191 2499 2246 2554 6.
2290 2501 2379 2554 Ait
2408 2509 2589 2555 autem

2194 2571 2455 2627 Dominus
2489 2590 2501 2626 ε

2189 2642 2408 2715 Audite,
2441 2644 2565 2715 quid

3030 491 3103 562 (ὁ)
3130 492 3291 547 faciet
3316 491 3357 563 -ι-

3028 565 3136 620 cito
3167 565 3339 618 vindi-

3028 648 3167 691 cmm
3201 636 3438 690 illorum.

3030 707 3232 762 Tamen
3261 706 3430 762 Filius

3029 778 3265 833 hominis
3295 794 3385 834 ve-

3030 852 3209 914 niens,
3239 867 3394 905 num-

3030 922 3153 992 quid
3182 923 3422 979 inveniet

3024 995 3189 1049 tidem
3219 1009 3382 1065 super

3028 1074 3226 1121 terram
3244 1066 3266 1120 ?

3027 1136 3081 1191 9.
3124 1138 3270 1193 Dixit
3296 1146 3477 1194 autem

3027 1208 3093 1264 ad
3125 1212 3408 1279 quosdam,

3027 1282 3118 1346 qui
3146 1283 3247 1335 sibi
3275 1297 3407 1338 con-

3030 1351 3289 1410 ﬁdebant.
3323 1365 3459 1409 tam-

3031 1440 3192 1495 quam
3222 1426 3355 1493 juSIi

3030 1497 3107 1570 (ο)
3136 1510 3321 1553 essem
3348 1496 3421 1568 τ.

3028 1579 3085 1625 et
3105 1570 3434 1637 spernebant

3028 1654 3263 1707 ceteros,
3293 1642 3447 1696 simi-

3026 1711 3314 1769 littidinem

3026 1784 3206 1839 istam.

3027 1856 3114 1911 10.
3156 1857 3272 1911 Duo
3302 1855 3549 1912 homines

3023 1930 3389 1983 ascenderunt

3022 2000 3077 2055 in
3110 2000 3395 2071 templum,

3024 2080 3083 2126 ut
3109 2081 3369 2137 orarent,

3024 2142 3051 2195 1
3064 2144 3085 2197 l
3099 2184 3112 2197 .
3155 2160 3292 2200 unus
3320 2142 3502 2200 Publi-

3022 2229 3225 2282 canus,

3020 2296 3075 2341 et
3098 2288 3233 2342 alter

3018 2357 3370 2416 Pharisaeus.

3022 2428 3183 2503 Stans:
3214 2432 3394 2503 itaque

3024 2501 3352 2558 Pharisaens
3374 2544 3389 2569 ,

3023 2575 3103 2628 sic
3133 2573 3325 2629 orabat
3360 2592 3372 2627 :

3027 2646 3168 2700 Deus
3184 2688 3203 2717 ί,
3236 2645 3439 2717 gratias

1316 2716 1520 2784 gratias
1549 2730 1650 2785 ago

1318 2786 1439 2850 tibi,
1467 2788 1588 2868 quia
1620 2802 1727 2842 non

1317 2873 1461 2920 sum,
1492 2868 1633 2911 sicut

473 2718 603 2787 quid
634 2720 802 2789 iudex

474 2789 783 2859 iniquitatis

475 2861 530 2915 7.
572 2861 715 2916 dicet
752 2880 765 2917 :
802 2863 941 2919 Deus
971 2877 1059 2917 au-

474 2940 584 2987 tem
616 2949 720 2987 non
754 2932 832 2988 [ει-
1317 2929 1482 2983 ceteri
1517 2929 1693 2983 humi-

474 3003 581 3061 ciet
617 3005 828 3082 vindic-
1319 3016 1472 3080 num,
1502 3011 1687 3082 rapto-

473 3086 584 3130 tam
613 3077 912 3134 electorum
1318 3087 1432 3137 1‘85.
1464 3077 1645 3139 ηιὶηδιῖ
1668 3112 1683 3137 9

469 3162 696 3203 suorum
1320 3143 1576 3205 adulteri,
1611 3144 1726 3199 vel-

469 3220 821 3275 clatnantinm
1317 3225 1380 3270 ut
1412 3217 1500 3270 hic
1530 3214 1711 3269 Publi-

469 3290 580 3355 die,
613 3307 676 3346 ac
701 3307 832 3347 noc-

470 3372 545 3428 te,
575 3362 651 3433 (α)
686 3362 946 3431 patienti-

466 3449 554 3490 am
590 3436 795 3490 habens
820 3438 858 3506 -ι-

468 3506 523 3564 8.
562 3506 617 3562 in
646 3507 798 3563 illis?
834 3506 966 3562 Dico

1320 3288 1412 3342 12.
1452 3301 1625 3342 canus
1660 3286 1843 3357 :jeju-

1319 3374 1392 3413 no
1421 3357 1504 3413 bis
1536 3363 1586 3411 in
1615 3359 1739 3413 sab-

1316 3430 1448 3485 bato
1483 3447 1495 3482 :
1527 3429 1675 3485 deci-

1320 3517 1439 3557 mas
1464 3501 1611 3557 dono

3024 2732 3127 2789 ago
3158 2716 3257 2772 tibi
3277 2760 3292 2785 ,
3324 2718 3451 2786 quia

3024 2805 3133 2843 non
3163 2804 3305 2853 sum,
3336 2793 3477 2845 sicut

3026 2862 3194 2917 ceteri
3225 2861 3403 2916 homi-

3026 2948 3125 2987 nes
3143 2974 3157 2997 ,
3185 2942 3455 3002 raptores,

2188 3002 2482 3073 vindictam
3022 3003 3213 3073 iniusti
3233 3044 3249 3069 ,
3281 3004 3435 3061 adul-

2189 3072 2491 3127 electorum
3025 3072 3147 3143 teri,
3184 3078 3331 3131 velut

2190 3159 2411 3199 suorum
2438 3145 2554 3200 cla-
3021 3156 3183 3204 etiam
3215 3145 3297 3217 (ά)
3326 3147 3403 3201 si-

2188 3217 2451 3270 mantium
2473 3218 2581 3291 die,
3021 3230 3110 3291 cut
3138 3218 3180 3291 -ι-
3208 3218 3295 3273 hic
3322 3218 3507 3291 Publi-

2190 3302 2253 3362 agc
2283 3302 2463 3353 noete,
2498 3290 2575 3361 (α)
2609 3302 2701 3360 pa-
3021 3290 3112 3347 l2.
3154 3289 3360 3347 canus:
3388 3289 3530 3362 jeju-

2184 2714 2356 2784 judex
2392 2714 2589 2786 intqtli-

2190 2787 2314 2841 tatis
2344 2787 2563 2842 dixerit.

2190 2858 2243 2910 7.
2290 2859 2428 2913 Dens
2455 2870 2634 2914 autem

2190 2945 2296 2983 non
2330 2932 2488 2985 faciet

2190 3359 2439 3414 tientiam
2471 3359 2565 3413 Im;
2613 3359 2622 3360 ί
3024 3377 3098 3417 no
3128 3362 3211 3416 bis
3242 3363 3293 3415 in

2192 3430 2327 3486 hens
2354 3430 2395 3502 1-
2425 3436 2473 3486 in
2500 3432 2647 3487 illis?
3025 3433 3254 3489 sabbato
3285 3433 3415 3491 :de-

2193 3502 2248 3557 8.
2293 3504 2421 3557 Dico
2446 3504 2600 3560 vobis
2627 3521 2639 3557 :
3028 3505 3198 3561 cimas
3222 3504 3294 3561 do

1798 3613 2033 3671 CODEX
2070 3614 2471 3674 BRIXIANUS.

465 3721 745 3777 hominem
819 3734 929 3774 non
998 3715 1372 3773 reverebatur.
1446 3712 1617 3767 Vidua
1665 3721 1844 3769 autem
1901 3729 2070 3785 quae-

467 3794 593 3848 dam
627 3804 743 3847 erat
770 3791 824 3843 in
851 3790 1069 3844 civitate
1104 3789 1215 3842 illa.
1256 3794 1313 3841 et
1340 3785 1590 3840 veniebat
1631 3784 1699 3839 ad
1735 3802 1857 3839 eum
1887 3784 2074 3840 dicens

465 3862 697 3921 Vindica
736 3878 821 3915 me
852 3862 919 3916 de
949 3860 1262 3914 adversario
1306 3872 1449 3911 meo.
1485 3858 1555 3911 At
1597 3856 1691 3910 ille
1734 3859 1943 3911 nolebat
1979 3873 2077 3927 per

467 3938 701 3991 multum
744 3944 977 4003 tempus.
1029 3932 1155 3985 l’ost
1188 3931 1322 4003 haec
1358 3941 1539 4003 autem
1569 3928 1705 3981 dixit
1748 3929 1883 3981 intra
1916 3944 1975 3983 se
2010 3930 2077 3983 Et

468 4007 514 4062 si
552 4010 717 4061 Deum
754 4001 868 4057 non
890 4006 1077 4056 timeo.
1125 4017 1223 4055 nec
1254 4001 1526 4054 hominem
1559 4014 1835 4053 revereur.
1870 4010 2070 4054 tamen.

468 4079 593 4150 quia
629 4076 853 4129 molesta
887 4085 969 4128 est
990 4073 1130 4150 inihi
1165 4071 1485 4150 liaeovidua
1516 4069 1805 4150 vindicabo
1834 4072 1976 4150 illam
2007 4087 2076 4150 ne

467 4144 523 4206 in
558 4150 851 4203 novissimo
880 4146 1106 4199 veniens
1135 4145 1385 4213 suggillet
1415 4158 1520 4195 me.
1555 4146 1643 4195 Ait
1678 4152 1859 4196 autem
1897 4144 2077 4195 Domi-

468 4238 591 4277 nus.
623 4220 821 4275 Andite
859 4220 984 4286 quid
1011 4218 1173 4283 jndex
1217 4216 1514 4280 iniquitatis
1542 4213 1692 4266 dit-it.
1730 4214 1867 4286 Dens
1890 4223 2075 4268 autem

465 4309 576 4348 non
611 4293 776 4347 faetet
808 4285 1093 4343 vindictam
1124 4290 1423 4340 electorum
1450 4300 1669 4338 suurnm
1694 4285 2067 4339 clamantium.

467 4367 535 4423 ad
559 4381 618 4423 se
639 4365 729 4421 die
748 4379 811 4418 ac
838 4371 1019 4417 nocte.
1044 4369 1097 4415 et
1126 4360 1440 4429 patientiam
1461 4357 1682 4413 habebit
1708 4359 1759 4411 in
1785 4358 1911 4412 illis.
1939 4357 2072 4412 Dico

2182 3716 2327 3771 enim
2371 3715 2524 3771 vobis
2551 3717 2675 3777 quia
2706 3718 2816 3773 cito
2859 3716 3024 3774 faciet
3066 3716 3361 3773 vindictam
3396 3718 3641 3774 illorum.
3684 3721 3774 3777 Ve-

2182 3799 2513 3862 rnmlamen.
2571 3791 2737 3843 Filius
2784 3791 3020 3862 hominis
3067 3792 3292 3845 veniens
3346 3802 3500 3862 putas
3545 3792 3775 3849 inveniet

2184 3858 2355 3934 ﬁdem
2384 3861 2434 3934 i_u
2468 3870 2631 3916 terra.
2678 3860 2821 3934 Dixit
2852 3872 3029 3916 autem
3060 3872 3113 3934 et
3137 3862 3203 3917 ad
3236 3858 3497 3934 quosdam
3519 3864 3613 3934 qui
3649 3868 3697 3919 in
3722 3880 3775 3919 se

2182 3931 2525 3985 conﬁdebant
2575 3935 2717 4001 quod
2751 3932 2823 4005 (c)
2862 3942 3047 3988 essent
3077 3932 3118 4005 -ι-
3165 3931 3317 4004 jusii.
3354 3944 3410 3990 et
3452 3931 3775 4004 spernebant

2182 4018 2398 4059 ceteros
2431 4006 2739 4071 parabolatn
2784 4008 2937 4058 istam
2976 4007 3088 4059 Dim
3128 4006 3380 4062 homines
3422 4008 3775 4063 ascenderunt

2183 4076 2236 4128 in
2269 4075 2527 4142 templum
2563 4088 2615 4130 ut
2646 4086 2867 4131 orarent
2900 4092 3038 4131 unus
3066 4077 3405 4132 PhariSaens.
3441 4089 3495 4132 et
3522 4080 3660 4134 alter
3683 4080 3774 4134 Pu-

2183 4146 2449 4209 blicanus.
2496 4146 2658 4203 Stans
2700 4149 2880 4216 itaque
2918 4147 3243 4204 Pharisaens
3273 4166 3351 4205 διε
3394 4151 3609 4204 orabat.
3640 4151 3772 4206 Dens

2181 4227 2385 4286 gratas
2416 4218 2511 4272 tibi
2552 4235 2674 4291 ago.
2708 4222 2828 4286 quia
2860 4235 2966 4274 non
2998 4237 3114 4274 sum
3146 4222 3284 4275 sicut
3320 4222 3488 4277 ceteri
3532 4222 3771 4277 homines

2182 4302 2454 4364 raptores.
2488 4291 2692 4364 injusti.
2727 4291 2958 4347 adulteri
2996 4293 3139 4348 velut
3172 4295 3331 4345 etiam
3361 4292 3439 4362 (ἀ)
3471 4292 3770 4364 sicuti-hic

2180 4359 2529 4418 Publicanus.
2543 4359 2552 4361 ⁷
2561 4363 2746 4433 jejuno
2767 4364 2851 4420 bis
2881 4364 2935 4419 in
2958 4364 3185 4422 sabbato
3202 4359 3439 4421 decimas
3459 4365 3530 4421 do

1765 4472 1999 4530 CODEX
2037 4472 2507 4537 CORBEIENSIS.

537 4576 591 4634 5.
636 4591 704 4632 ne
727 4575 780 4631 in
814 4571 1110 4627 novissimo
1135 4568 1335 4635 veniat,
1369 4578 1422 4623 et
1446 4567 1781 4640 constringat
1810 4586 1917 4626 me.

539 4649 593 4706 9.
636 4648 659 4680 ³
686 4644 1100 4714 taniquamjusti
1127 4650 1332 4709 esSent,
1362 4651 1415 4697 et
1442 4643 1776 4712 spernebant
1795 4654 2062 4711 caeteros,

465 4718 880 4779 similitudinem
920 4717 1098 4770 istam.

2250 4572 2336 4628 10.
2380 4590 2517 4631 unus
2549 4576 2896 4643 Publicanus,
2922 4587 2978 4634 et
3007 4594 3144 4635 unus
3172 4578 3520 4638 Pliarisaeus.

2249 4646 2335 4702 11.
2382 4649 2466 4702 vel
2496 4648 2660 4704 etiam
2688 4652 2831 4706 sicut
2854 4651 2941 4708 hic
2968 4651 3319 4709 Publicanus.

1722 4832 2117 4891 VARIANTES
2153 4832 2559 4893 LECTIONES.

529 4932 549 4965 ⁸
585 4932 703 4980 Mm.
729 4932 1066 4992 verumtamen
1082 4925 1311 4992 quoniam
1332 4922 1485 4992 Filius
1503 4924 1713 4974 hominis
1735 4927 1959 4992 venietis,
1982 4942 2066 4992 pu-

465 4999 543 5045 tas
566 4992 789 5041 invenire
811 4989 955 5038 ﬁdem
981 4988 1227 5053 interra?
1262 4990 1403 5053 V‘utg.
1432 4986 1785 5053 Verumtamen
1812 4986 1966 5039 Filius
1983 4986 2067 5041 b0-

466 5058 612 5108 minis
631 5056 857 5114 veniens,
880 5062 1019 5113 putas
1044 5051 1264 5099 inveniet
1287 5048 1432 5114 ﬁdem
1462 5053 1508 5099 in
1535 5051 1701 5102 terra?

528 5121 550 5152 ³
585 5120 704 5168 Mm.
729 5115 812 5177 qui
836 5111 895 5179 se
917 5114 1240 5179 conﬁdebant.
1274 5111 1422 5179 Vulg.
1461 5116 1540 5176 qui
1571 5118 1615 5161 in
1656 5113 2063 5179 secontidebant.

528 5183 553 5217 ³
585 5181 691 5229 Gat.
721 5174 1059 5226 a'scendebuut
1084 5177 1149 5223 in.
1187 5175 1331 5241 Vulg.
1361 5174 1689 5228 ascenderunt
1713 5178 1782 5227 in.

2236 4932 2257 4963 δ
2294 4933 2400 4981 Gal.
2426 4933 2621 5007 dicebat
2640 4947 2657 5007 :_
2676 4932 2916 5007 Deus...”
2943 4939 3113 4988 caeteri
3131 4938 3372 4991 homines.
3400 4937 3548 5007 Vulg.
3568 4942 3762 4993 orabat:

2172 4994 2410 5045 Deus.....
2436 4999 2622 5045 caeteri
2648 4998 2911 5049 hominum.

2176 5058 2564 5182 asgclrtmtbaqluod
2599 5069 2768 5111 essent
2793 5063 2941 5123 justi,
2986 5068 3038 5113 et
3058 5066 3365 5128 spernebant
3389 5074 3633 5119 caeteros.
3662 5067 3759 5118 Gal.

1142 5276 1435 5317 LECTIONES
1457 5278 1660 5320 CODICIS
1683 5280 2093 5321 VINDEBONENSIS
2113 5282 2393 5323 ABEUNTES
2423 5286 2487 5323 AB
2528 5285 2781 5326 EDITIONE
2812 5288 3074 5329 \‘ULGATA.

516 5363 571 5413 3.
598 5359 776 5409 eratin
800 5356 1097 5411 Civitate,...
1122 5366 1171 5403 et
1190 5358 1351 5417 coepit
1373 5357 1427 5403 ad
1450 5356 1583 5405 illum
1606 5358 1775 5407 dicere
1801 5374 1812 5407 ε
1834 5358 2052 5410 Vindica.

521 5424 569 5473 4.
591 5424 640 5473 Si
665 5422 837 5471 Deum.
904 5421 950 5469 5.
978 5418 1222 5481 veniendo
1245 5418 1481 5481 snegillt-t
1504 5435 1601 5469 tne.
1630 5422 1711 5469 Ait
1735 5429 1896 5471 autem
1924 5436 1935 5469 ε
1960 5424 2056 5472 Αυ-

456 5485 579 5537 dite.
646 5487 691 5535 7.
718 5485 849 5534 deest
890 5483 947 5531 ad
980 5494 1053 5529 se.
1099 5476 1232 5528 Ibid.
1260 5476 1418 5543 Itub'et,
1460 5484 1739 5543 patientiam
1778 5485 1967 5533 habens
2006 5488 2056 5534 in

444 5547 590 5599 illis“?
652 5551 697 5598 8.
741 5546 873 5597 deest
934 5546 1047 5609 quia
1111 5544 1223 5593 cito.
1285 5540 1419 5592 Ibid.
1461 5540 1697 5607 numquid
1756 5548 1991 5596 inveniet.

2163 5361 2383 5436 9..'Dee.st
2411 5369 2525 5436 tanq
2561 5377 2635 5412 am
2654 5364 2798 5436 justi.
2824 5363 2957 5417 Ibid.
2994 5374 3046 5436 et
3070 5368 3369 5436 spernebant
3412 5378 3644 5436 caeteros
3663 5410 3676 5434 ,
3698 5370 3758 5420 si-

2164 5424 2672 5490 militudiuemgistam.
2743 5427 2820 5477 10.
2848 5444 2973 5479 unus
2996 5424 3309 5490 Publicanus,
3349 5439 3401 5482 et
3439 5433 3566 5484 alius
3595 5424 3758 5483 Phari-

2166 5499 2329 5557 saetis.
2398 5488 2473 5557 tl.
2493 5488 3143 5557 StansitaquePliarisaeus,
3166 5497 3238 5544 sic
3256 5488 3485 5549 orabat...
3506 5499 3629 5548 sicut
3650 5508 3756 5548 cae-

2167 5550 2265 5596 teri
2292 5550 2520 5600 homines
2543 5566 2555 5601 :
2576 5550 2861 5616 raptores...
2887 5554 2967 5605 vel
2993 5550 3162 5619 etiam,
3183 5559 3328 5610 sicut.

1783 5650 2156 5708 BLANClllM
2195 5652 2431 5712 NOTAE.

529 5744 701 5833 (uitta
719 5754 775 5833 et
800 5742 1003 5833 tolecl:
1018 5740 1552 5833 E?Xpoegpta‘i.f(‘b)
1572 5743 1916 5833 Anienfctciet,
1935 5746 2000 5830 de
2018 5759 2100 5833 est
2122 5749 2268 5833 quia.
2294 5762 2455 5807 etiam
2482 5752 2533 5807 in
2556 5753 2680 5833 cod.
2705 5753 3020 5833 φυηρ-(ε)
3053 5756 3212 5815 Addit
3240 5762 3744 5833 meaqparitertex.

454 5814 550 5876 Gr.
576 5817 696 5873 cici.
719 5815 956 5872 Vercell.
975 5814 1191 5884 quoque
1216 5814 1382 5876 habet
1406 5814 1528 5871 sint.
1555 5846 1625 5860 --
1651 5814 1742 5891 (di
1765 5816 1923 5890 Legit
1948 5819 2099 5889 sicut,
2131 5814 2313 5881 textus
2332 5841 2547 5897 quoque
2571 5827 2666 5889 Gr.
2698 5830 2787 5890 ὥς.
