4054 6198
381 291 485 346 665
911 294 1179 352 EUSEBII
1200 293 1540 351 VERCELL.
1586 294 2037 353 EVANGELIUM
2076 295 2219 353 CUM
2250 294 2476 351 VARIIS
2505 292 2657 351 COD.
2681 292 3075 352 COLLATUM.

763 414 991 473 CODEX
1036 416 1571 476 VERCELLENSIS.

386 508 532 563 mine
556 506 797 563 Zacche-

384 594 448 631 us
483 598 494 631 :
527 590 578 633 et
604 579 690 635 hic
720 590 837 635 erat

385 649 649 718 Princeps
683 652 785 707 Pn-

383 721 720 775 blicanorutn
746 742 759 777 :

386 804 441 847 et
473 794 588 863 ipse
611 803 729 848 erat

388 865 441 918 5.
489 866 761 933 locuples,
792 877 845 923 et

382 936 682 1003 quaerebat

384 1008 568 1062 videre
598 1008 782 1063 Jesum
805 1052 820 1076 ,

383 1082 473 1145 qui
505 1091 685 1140 (ες-εις
713 1093 768 1135 et

387 1166 492 1204 non
530 1160 742 1217 poterat

384 1237 516 1292 prae
546 1223 721 1290 tttrba,

386 1300 645 1363 quoniam

386 1376 591 1418 statura
622 1367 741 1420 hrc-

388 1438 442 1489 ιί.
486 1436 534 1489 vi
566 1451 701 1491 erat.
737 1440 801 1494 Et
832 1458 954 1511 pro-

388 1523 631 1574 currens,
663 1528 751 1565 as-

387 1580 571 1633 ceudit
596 1583 643 1632 in
673 1597 753 1635 ar-

386 1653 574 1724 borem
603 1653 617 1682 ⁸
648 1653 815 1724 Syco-

389 1727 557 1785 mori,
594 1736 647 1775 ut
677 1727 757 1779 vi—

388 1794 538 1848 deret
571 1796 756 1861 illum;

389 1868 640 1936 quoniam

389 1953 486 2007 per
514 1937 601 1991 illa
633 1955 755 2010 par-

394 2020 445 2063 te
478 2015 733 2065 transitu-

392 2097 487 2134 I‘US
519 2093 655 2137 (ψη.

394 2155 447 2207 5.
493 2153 557 2206 Ει
589 2152 783 2209 fac-tum
817 2168 902 2211 est

392 2223 468 2297 (α)
492 2226 617 2278 dutn
653 2230 849 2281 transi-

394 2308 476 2350 ret
509 2298 549 2367 1-
579 2297 759 2366 Jesus,
792 2298 929 2354 vidit

392 2370 577 2430 illuni;
602 2383 649 2423 et
679 2386 793 2425 res—

395 2441 619 2508 picieus,
649 2442 788 2496 dixit

396 2512 443 2565 ei
479 2530 491 2565 :
519 2512 794 2569 Zacchaee
813 2559 826 2580 ,

395 2586 659 2639 festinans

396 2656 669 2711 descende
684 2701 698 2723 ,

396 2732 650 2797 quoniam

394 2800 559 2853 hodie
588 2800 641 2853 in
669 2800 768 2853 do-

398 2887 486 2924 mo
515 2880 601 2925 tua
632 2887 796 2941 opor—

398 2953 475 2998 tet
497 2958 584 2998 me
611 2959 695 2998 ma
708 2974 724 2982 -

400 3031 551 3070 nere.

398 3087 453 3143 6.
497 3087 561 3141 Et
586 3086 849 3142 festinans

398 3158 684 3214 descendit
702 3204 716 3227 ,

398 3240 455 3285 et
484 3234 698 3299 excepit
729 3232 785 3285 il-

395 3304 505 3355 lum
536 3304 799 3372 gaudens.

401 3376 453 3428 7.
496 3374 706 3428 Etcum
738 3375 901 3431 vidis-

397 3457 521 3501 sent
544 3461 736 3502 omnes
754 3490 767 3513 ,

396 3533 699 3573 murmura-

394 3591 435 3644 ti
466 3600 593 3644 sunt
614 3632 630 3657 ,
656 3591 799 3661 quod

1218 524 1349 580 aput
1373 513 1551 567 virum

1220 596 1563 653 peccatorem

1219 656 1501 713 introisset

1222 745 1461 783 manere.

1220 801 1275 853 8.
1314 801 1477 855 Stans
1505 808 1684 855 autem

1221 870 1523 935 Zacclieus,
1551 872 1632 926 di-

1220 948 1300 997 xit
1330 943 1395 997 ad
1430 945 1715 998 Dominum
1747 960 1759 995 :

1222 1016 1361 1070 Ecce
1390 1015 1550 1070 dimi-

1219 1087 1363 1140 diam
1398 1098 1605 1155 partem

1224 1158 1489 1212 bonorum

1225 1245 1493 1293 meorum,

1224 1301 1476 1368 Domine,
1503 1302 1572 1356 d0
1602 1317 1732 1373 pau-

1224 1375 1479 1441 peribus;
1510 1384 1562 1428 ct
1584 1417 1598 1440 ,

1224 1446 1267 1497 si
1291 1447 1375 1498 cui
1405 1445 1532 1515 quid

1222 1516 1465 1570 fraudavi
1492 1561 1506 1579 ,

1224 1590 1579 1657 quadruplum

1227 1659 1470 1715 reddam.

1226 1732 1282 1785 9.
1332 1732 1477 1785 Dixit
1512 1730 1585 1800 (b)
1617 1741 1797 1787 autem
1829 1729 1869 1799 -ι-

1225 1801 1383 1857 Jesns
1411 1803 1474 1856 ad
1506 1803 1631 1856 illos
1668 1822 1679 1855 :

1228 1873 1361 1942 Quia
1400 1874 1560 1929 hodie

1228 1946 1377 1999 salus
1404 1946 1587 2000 domui

1230 2017 1356 2071 huic
1386 2017 1526 2071 facta

1228 2098 1339 2150 est;
1373 2090 1629 2159 quoniam

1227 2160 1445 2230 quidem
1471 2172 1526 2215 et

1230 2233 1316 2285 hic
1346 2232 1489 2285 filius
1518 2242 1601 2287 est

1232 2304 1319 2357 11).
1365 2305 1634 2359 Abrahae.
1663 2301 1767 2357 Ve.

1230 2377 1311 2430 nit
1337 2376 1481 2430 enim
1514 2375 1601 2430 Fi-

1233 2447 1338 2502 lius
1369 2447 1543 2501 horni—

1234 2520 1319 2572 nis
1346 2520 1555 2573 salvum

1235 2590 1435 2656 facere,
1468 2603 1522 2646 et
1552 2606 1716 2662 quae-

1232 2678 1357 2717 rere
1386 2663 1563 2733 perdi-

1233 2743 1369 2788 tum.
1662 2770 1667 2785 ι

1234 2809 1324 2860 11.
1366 2808 1385 2837 ²
1421 2805 1780 2862 Audientibus

1232 2886 1414 2931 autem
1446 2878 1579 2932 haec

1233 2947 1362 3008 illis.
1389 2948 1623 3014 addidit,

1233 3019 1424 3075 dicens
1457 3037 1613 3091 para-

1236 3092 1415 3145 bolam
1440 3109 1453 3158 ;
1482 3108 1549 3148 eo
1573 3092 1715 3164 quod

1236 3173 1384 3218 esset
1400 3164 1553 3235 juxta

1236 3235 1599 3301 Hierusalem,

1235 3316 1291 3361 et
1314 3309 1454 3375 quod
1485 3318 1634 3376 puta-

1235 3379 1365 3433 bant
1384 3420 1398 3443 ,
1422 3380 1546 3444 quia

1238 3451 1527 3505 confestim

1238 3536 1462 3592 regnum
1499 3524 1596 3579 Dei

1238 3593 1548 3650 manifesta-

2519 411 2751 469 CODEX
2788 410 3244 469 VERONENSIS.

2086 510 2234 564 mine

2085 580 2365 636 Zaccheus
2389 598 2401 632 :

2085 666 2141 707 et
2171 653 2254 707 hic
2283 661 2400 707 erat

2086 725 2349 792 Princeps

2086 796 2526 860 Publicanorum,

2088 881 2142 922 et
2170 868 2283 938 ipse
2306 867 2489 929 dives;

2088 940 2143 994 ’5.
2184 952 2239 993 et
2266 954 2490 1006 quaere-

2090 1015 2183 1065 bat
2204 1012 2389 1065 videre

2088 1082 2271 1138 Jesuut
2291 1124 2305 1146 ,
2338 1082 2459 1151 quis

2089 1164 2271 1218 esset;
2300 1162 2355 1207 et

2091 1242 2197 1280 non
2234 1233 2442 1295 poterat

2093 1313 2221 1367 prae
2262 1297 2415 1351 turba
2434 1339 2450 1361 ,

2090 1372 2217 1440 quia
2243 1379 2445 1423 statura

2092 1442 2319 1510 pusillus
2345 1448 2481 1493 erat.

2089 1514 2144 1568 4.
2190 1513 2251 1566 Et
2284 1526 2662 1579 praecurrens,

2094 1585 2336 1638 ascendit
2364 1585 2416 1635 in

2092 1657 2345 1710 arborem
2371 1656 2472 1726 Sy»

2093 1741 2400 1790 comorntn,

2094 1811 2147 1854 ut
2178 1799 2387 1853 videret

2094 1872 2279 1933 illum;
2310 1868 2432 1938 quia

2095 1944 2186 1997 illa
2216 1952 2366 2011 parte

2098 2024 2210 2068 crat
2240 2012 2435 2067 transi-

2097 2086 2149 2141 5.
2194 2094 2367 2139 turus.
2404 2082 2471 2137 Et

2098 2157 2299 2212 faetqu
2327 2165 2410 2211 est

2103 2228 2181 2301 (α)
2210 2243 2331 2301 cum
2361 2226 2557 2280 transi—

2100 2299 2185 2354 ret
2203 2299 2242 2371 ῒ
2262 2299 2422 2355 Jesus
2448 2337 2462 2363 ,

2098 2372 2232 2425 vidit
2258 2371 2407 2425 illum

2098 2444 2477 2511 respicientem
2498 2482 2514 2508 ,

2098 2526 2151 2571 et
2176 2515 2310 2569 dixit
2338 2513 2406 2568 ad

2096 2603 2219 2641 eum
2256 2606 2267 2640 :
2296 2584 2597 2653 Zacchaee,

2098 2660 2359 2713 festinans
2384 2656 2482 2711 de~

2096 2730 2318 2795 scende,
2351 2729 2475 2800 quia

2096 2802 2259 2857 hodie
2284 2802 2335 2855 in

2095 2875 2259 2929 domo
2293 2886 2382 2926 tua

2096 2955 2313 3015 oportet
2343 2959 2430 2999 me

2097 3014 2150 3073 6.
2195 3031 2434 3070 manere.
2464 3014 2533 3068 Et

2096 3089 2357 3144 festinans
2375 3129 2388 3154 ,
2425 3086 2518 3141 dc-

2097 3160 2344 3225 scendit;
2375 3169 2427 3213 et

2096 3230 2309 3301 excepit
2335 3231 2484 3284 illum
2566 3251 2573 3261 -

2095 3304 2395 3373 gaudens.‘

2098 3378 2152 3430 7.
2198 3377 2279 3440 Et,
2311 3388 2430 3429 cum

2098 3448 2345 3503 viderent
2367 3460 2554 3501 omnes
2574 3488 2588 3513 ,

2096 3535 2344 3575 murmu-
2475 3517 2485 3528 '

2096 3599 2355 3647 raverunt
2373 3633 2387 3657 ,
2421 3589 2505 3656 di-

2916 515 3104 562 centes
3124 523 3139 571 ;
3169 505 3293 574 quia

2917 579 2983 632 ad
3014 578 3286 634 hominem

2920 660 3259 721 peccatorem

2919 722 3172 778 devertit.

2919 794 2972 849 8.
3008 793 3171 850 Stans
3199 803 3379 848 autem

2923 866 3215 931 Zaccbeus,
3245 865 3327 920 di-

2923 938 2999 991 xit
3023 937 3089 991 ad
3124 938 3228 991 Do-

2923 1010 3127 1063 minum
3164 1027 3177 1061 τ
3204 1008 3349 1065 Ecce

2922 1081 3205 1135 dimidium

2925 1153 3187 1207 honorum

2925 1238 3172 1280 meorum

2927 1296 2996 1349 do
3022 1297 3369 1365 pauperibus,

2926 1367 3185 1434 Domine;
3209 1376 3263 1425 et

2922 1440 2967 1493 si
2999 1439 3127 1510 quid
3153 1441 3309 1495 alicui

2927 1551 2940 1565 ο
3020 1550 3034 1563 δ
3118 1553 3130 1565 ο
3212 1551 3225 1565 ο
3307 1551 3319 1564 ι
3401 1547 3415 1561 ο
3496 1546 3510 1562 ο
3589 1535 3615 1547 ⁸⁸

2923 1582 2957 1636 li
2989 1580 3197 1651 fraude,

2925 1653 3091 1725 reddo
3115 1651 3495 1725 quadruplum.

2931 1724 2984 1799 9.
3016 1726 3103 1780 Ait
3132 1722 3207 1799 (b)
3231 1722 3411 1780 autem
3437 1722 3478 1794 1‘

2930 1797 3093 1852 Jesus
3119 1797 3183 1853 ad

2931 1869 3056 1923 illos
3086 1889 3098 1923 :
3133 1868 3287 1937 Quod

2935 1940 3095 1996 hodie
3127 1944 3274 1996 salus

2933 2012 3113 2067 domui
3140 2014 3264 2068 huic

2930 2083 3073 2140 facta
3104 2095 3186 2139 est
3215 2102 3229 2149 ;

2935 2170 3001 2210 eo
3032 2157 3173 2226 quod
3198 2166 3251 2211 ct

2936 2228 3051 2294 ipse
3082 2227 3156 2283 sit
3184 2228 3324 2282 filius

2934 2299 3209 2354 Abrahae.

2936 2370 3024 2425 10.
3057 2369 3217 2426 Venit
3247 2370 3391 2425 enim

2933 2442 3104 2497 Filius
3134 2442 3368 2497 hominis

2932 2529 3216 2582 quaerere,
3248 2523 3304 2569 et

2932 2586 3138 2640 salvum
3164 2588 3362 2651 facere,

2931 2657 3073 2723 quod
3106 2658 3361 2725 perierat.

2934 2729 3020 2783 ll.
3054 2728 3198 2783 Haec
3222 2729 3331 2785 illis

2930 2800 3275 2855 audientibus

2937 2887 3305 2939 .....ens,

2929 2943 3064 2998 dixit
3087 2944 3271 2998 simili-

2930 3015 3168 3070 tudinem
3204 3033 3218 3072 :
3243 3031 3309 3072 eo

2930 3087 3074 3157 quod
3099 3095 3247 3142 esset

2931 3174 3101 3229 prope
3126 3158 3259 3214 Hie-

2933 3234 3190 3291 rusalem.
3217 3239 3272 3284 et

2933 3304 3057 3372 quia
3089 3302 3275 3356 existi-

2934 3384 3169 3440 marent,
3195 3373 3337 3442 quod

2935 3444 3221 3500 confestim
3252 3460 3335 3501 re-

2933 3532 3103 3587 gnum
3136 3516 3228 3573 Dei

2936 3586 3247 3643 manifesta-

3576 290 3680 349 665

1714 3737 1944 3795 CODEX
1982 3735 2374 3793 BBIXIANUS.

401 3830 545 3883 mine
568 3828 864 3885 Zaecheus.
902 3830 990 3885 hic
1022 3841 1138 3886 erat
1181 3832 1436 3902 Princeps
1462 3834 1903 3889 Publicanorum.
1937 3842 1993 3887 et

397 3902 500 3955 iste
512 3910 628 3953 erat
646 3902 814 3955 dives.
834 3913 887 3955 et
908 3905 1203 3976 quaerebat
1225 3905 1407 3960 videre
1424 3905 1609 3961 Jesum
1625 3907 1743 3976 quis
1758 3915 1923 3961 esset.
1939 3914 1994 3958 et

399 3988 507 4026 non
539 3982 747 4037 poterat
777 3989 904 4042 prae
929 3975 1106 4027 turba.
1134 3978 1258 4044 quia
1280 3988 1483 4032 statura
1511 3975 1732 4046 pusillus
1754 3986 1889 4031 erat.
1928 3977 1993 4030 Et

397 4059 759 4121 praecurrens
788 4046 1032 4121 ascendit
1072 4047 1122 4099 iu
1154 4048 1406 4102 arborem
1438 4053 1791 4121 Syeniuorum
1828 4058 1884 4102 ut
1914 4048 1993 4101 vi-

396 4114 551 4169 deret
580 4116 726 4169 illnm
756 4117 878 4186 quia
907 4118 1029 4170 inde
1054 4126 1173 4171 erat
1201 4114 1543 4175 transiturus.
1580 4122 1784 4175 Etcum
1817 4121 1993 4172 venis-

397 4198 480 4242 set
521 4188 586 4237 ad
619 4188 792 4241 locum
823 4190 1122 4257 suscipiens
1150 4190 1305 4244 JeSus
1333 4195 1461 4246 vidit
1495 4193 1644 4247 illum
1674 4205 1726 4246 et
1756 4193 1891 4245 dixit
1928 4191 1992 4245 ad

398 4274 542 4313 eum.
567 4258 605 4311 Ζ
626 4259 806 4313 iet-hee
829 4261 1087 4315 festinans
1106 4262 1393 4318 descende.
1427 4269 1547 4334 quia
1567 4265 1723 4317 hodie
1754 4266 1802 4316 in
1831 4268 1992 4315 domo

398 4339 486 4383 tua
517 4340 724 4397 0p0rtet
771 4348 856 4385 me
908 4348 1145 4387 manere.
1195 4337 1257 4390 Et
1307 4336 1567 4391 festinans
1611 4335 1896 4390 ίίεενοιιάᾱι
1937 4342 1992 4389 et

396 4404 607 4472 excepit
639 4405 784 4456 illum
809 4404 1068 4473 gaudens.
1101 4405 1169 4459 Et
1194 4423 1314 4463 cutn
1346 4408 1595 4463 viderent
1625 4422 1812 4461 Omnes
1840 4421 1988 4460 mur-

395 4478 680 4529 murabaut
707 4475 971 4531 dicentes.
1021 4477 1163 4547 quod
1213 4480 1280 4533 ad
1324 4481 1592 4536 hominem
1646 4488 1986 4550 peccator-em

2103 3833 2321 3887 intravit
2350 3846 2588 3887 manere.
2630 3831 2791 3887 Stans
2815 3840 2995 3885 autem
3022 3829 3295 3886 Zacchcus
3323 3828 3459 3885 dixit
3482 3828 3548 3884 ad
3582 3828 3701 3884 Do-

2102 3904 2329 3958 minum.
2366 3904 2504 3959 Ecce
2544 3903 2825 3957 dimidium
2870 3903 3133 3958 bonorum
3181 3917 3423 3957 meorum
3466 3902 3703 3956 Domine

2100 3976 2170 4029 d0
2196 3976 2539 4044 pauperibus.
2574 3986 2629 4028 et
2655 3976 2698 4028 si
2730 3975 2857 4043 quid
2889 3974 3127 4044 aliquem
3161 3974 3420 4039 fraudavi,
3456 3972 3701 4044 quadru-

2103 4048 2247 4114 plum
2298 4046 2485 4101 reddo.
2532 4047 2625 4100 Ait
2672 4045 2746 4116 (b)
2778 4057 2954 4100 autem
2981 4047 3019 4116 ἦ·
3064 4046 3129 4098 ad
3161 4062 3283 4100 eum
3328 4044 3503 4101 Jesus.
3555 4044 3696 4111 Quia

2102 4120 2261 4171 hodie
2292 4120 2439 4172 salus
2483 4118 2662 4172 domui
2710 4117 2836 4172 huic
2867 4118 3006 4172 facta
3037 4125 3140 4172 est.
3192 4133 3259 4171 eo
3302 4120 3442 4186 quod
3475 4123 3531 4172 et
3575 4118 3698 4186 ipse

2099 4191 2238 4244 filius
2269 4191 2335 4244 sit
2379 4189 2654 4244 Abrahae.
2686 4189 2847 4243 Venit
2881 4194 3023 4243 enim
3057 4188 3229 4243 Filius
3259 4188 3492 4243 hominis
3520 4204 3693 4258 quae-

2098 4279 2218 4317 rere
2259 4271 2313 4315 et
2344 4263 2547 4315 salvum
2579 4263 2755 4315 facere
2795 4260 2935 4331 quod
2974 4271 3228 4331 perierat.
3279 4260 3419 4315 Haec
3463 4260 3567 4314 illis
3592 4276 3697 4313 au-

2094 4334 2370 4388 dientibns
2419 4333 2656 4387 adiciens
2704 4332 2847 4386 dixit
2892 4334 3204 4401 parabolam
3245 4348 3309 4387 eo
3357 4332 3495 4401 qUnd
3542 4343 3697 4401 esset

2092 4420 2259 4474 proiie
2291 4406 2644 4459 Hierusalem.
2681 4415 2735 4459 et
2766 4400 2899 4473 quia
2921 4404 3295 4459 existimarent
3328 4404 3470 4474 quod
3501 4400 3694 4458 cnnfe—

2092 4479 2214 4532 sum
2248 4493 2473 4547 regnum
2505 4477 2601 4531 Dei
2648 4476 2955 4531 manifesta-

1672 4615 1900 4672 CODEX
1942 4614 2407 4672 CORBEIENSIS.

461 4708 516 4761 4.
560 4708 686 4779 quia
717 4708 802 4763 illa
836 4719 989 4777 parte
1020 4721 1134 4765 erat
1170 4713 1512 4766 transiturus.

463 4781 516 4834 5.
563 4782 627 4835 Et.
670 4781 861 4835 factum
907 4795 990 4835 est
1019 4784 1145 4836 dum
1180 4785 1370 4837 transit
1410 4783 1603 4850 Jcsus,
1651 4784 1786 4839 vidit
1833 4784 1985 4838 illum

393 4865 603 4926 sursum
638 4856 902 4920 aSpicieus
934 4895 945 4907 .
982 4897 993 4908 .
1029 4894 1042 4907 .
1078 4896 1088 4906 .
1123 4855 1245 4923 quia
1275 4856 1325 4909 in
1349 4855 1513 4909 domo
1541 4866 1627 4909 tua
1654 4866 1869 4926 oportet
1901 4870 1985 4909 me

393 4925 663 4991 prandere
695 4926 871 4980 hodie.

467 4996 517 5048 7.
561 5010 771 5063 omnes,
800 5006 1291 5064 murmuraverunt,
1311 4997 1453 5069 quod
1478 4998 1544 5053 ad
1560 4998 1837 5053 hominem
1862 5013 1986 5068 pec-

2089 4720 2328 4765 catorem
2360 4708 2579 4763 divertit
2606 4724 2845 4766 manere.

2162 4782 2214 4835 8.
2258 4791 2333 4844 et,
2365 4782 2408 4835 si
2440 4782 2567 4850 quid
2599 4782 2758 4835 alicui
2793 4781 3054 4837 fraudavi.

2159 4853 2211 4908 9.
2257 4853 2347 4907 Ait
2373 4863 2551 4907 atttem
2581 4851 2739 4907 Jesus
2768 4854 2834 4907 ad
2865 4854 3025 4908 illos:
3057 4852 3209 4921 Quod
3242 4852 3423 4909 hodie.

2162 4926 2248 4979 tt.
2295 4925 2437 4980 Haec
2464 4924 2569 4979 illis
2596 4923 2969 4996 audientibus,
2996 4926 3291 4996 adjiciens,
3326 4925 3463 4981 dixit
3492 4925 3688 4982 simili-

2092 4997 2363 5061 tudinem;
2397 5011 2463 5051 eo
2487 4995 2650 5065 quod.

1639 5113 2029 5170 VARIANTES
2067 5112 2471 5169 LECTIONES.

453 5206 468 5235 ¹
508 5204 613 5257 Gut.
641 5212 686 5255 et
708 5209 825 5257 Mm.
852 5208 1169 5272 Sycimornm.
1204 5211 1350 5277 Vulg.
1373 5213 1707 5276 Sycomorum.

2152 5211 2172 5240 ³
2208 5210 2330 5257 Mm.
2357 5207 2651 5259 dicentibus.
2687 5206 2835 5273 Vulg.
2858 5208 3199 5261 Audientibus.

1086 5331 1375 5371 LECTIONES
1401 5332 1603 5373 CODICIS
1622 5330 2032 5373 VINDEBONENSIS
2052 5330 2329 5370 ABEUNTES
2361 5331 2427 5369 AB
2458 5331 2709 5372 EDITIONE
2732 5332 2995 5372 VULGATA.

446 5424 556 5493 (ΞΑιξ.
741 5452 799 5460 —
822 5428 867 5475 ‘2.
905 5425 992 5474 Hic
1017 5434 1121 5476 erat
1150 5428 1400 5493 Princeps.
1468 5434 1499 5481 4
1544 5438 1599 5479 ut
1620 5434 1813 5482 videret
1841 5432 1973 5481 illum

463 5489 689 5551 quiarilla‘
708 5498 843 5551 parte
872 5498 977 5538 erat
1003 5489 1343 5540 transiturus.’
1377 5496 1424 5542 ὅ.
1464 5494 1525 5543 Et
1548 5496 1726 5544 factum
1764 5503 1842 5544 est
1862 5496 1975 5543 dum

383 5553 557 5615 transit
578 5550 742 5607 Jesus,
772 5553 949 5601 vidit...
978 5566 1140 5602 susum
1174 5555 1441 5615 asticieus,
1467 5564 1517 5604 et
1540 5558 1663 5605 dixit
1694 5557 1752 5604 ad
1782 5572 1913 5605 eum.

379 5612 429 5659 7.
458 5622 853 5677 murmuraruut,
897 5615 1045 5677 quod.
1113 5615 1161 5666 7.
1206 5612 1436 5667 divertit.
1492 5620 1541 5668 8.
1568 5619 1709 5669 Deest
1748 5618 1977 5669 Domine.

2082 5426 2220 5479 Ibid.
2256 5432 2298 5479 si
2336 5429 2451 5490 quid
2486 5428 2629 5480 alicui
2662 5430 2832 5482 fraude
2858 5432 3063 5490 absluli,
3090 5434 3263 5484 reddo.
3329 5435 3378 5484 9.
3407 5435 3489 5485 Ait
3511 5442 3679 5485 autem

2082 5492 2229 5541 Jesus
2254 5493 2310 5540 ad
2332 5492 2471 5541 illos:
2494 5494 2630 5552 Quod
2656 5494 2823 5544 hodie.
2849 5494 2985 5546 Ibid.
3011 5494 3139 5545 ﬁlius
3159 5504 3249 5547 est.
3322 5496 3400 5548 10.
3424 5496 3572 5548 Venit
3596 5513 3681 5547 au-

2084 5564 2185 5606 tem
2204 5554 2417 5605 Filius...
2434 5558 2708 5619 etsalvare,
2727 5560 2875 5620 quod.
2943 5559 3019 5608 H.
3037 5558 3428 5620 similitudinem,
3452 5573 3513 5610 eo
3528 5562 3677 5623 quod.

1696 5723 2063 5781 BLANCHINI
2092 5725 2324 5785 ΝΟΤᾸΕ.

454 5835 532 5909 (α)
554 5836 628 5892 lta
657 5848 713 5894 et
753 5840 875 5895 cod.
917 5839 1074 5898 Cant.
1114 5845 1164 5898 ἕν
1192 5852 1266 5917 τῷ
1295 5842 1613 5921 διέρχεσθαι.
1642 5865 1712 5887 -ι
1736 5842 1812 5917 (b)
1843 5841 2029 5913 Addit,
2056 5853 2247 5915 autem,
2274 5846 2441 5904 etiam
2472 5856 2582 5906 tox.
2620 5846 2715 5903 Gr.
2743 5845 2818 5903 δέ.
