4054 6198
374 362 479 418 ϐϐὕ

1450 364 1903 425 EVANGELIUM
1930 365 2303 426 SECUNDUM
2332 369 2508 427 LUCA
2522 373 2591 427 M.

761 482 990 540 CODEX
1028 482 1571 541 VERCELLENSIS.

372 582 551 630 τειυιν.

372 645 463 702 12.
509 647 655 721 Dixit
678 662 843 721 ergo:
875 647 985 705 Ho-

370 733 463 774 mo
486 720 707 788 quidam

370 801 527 857 paler
556 790 710 845 fami-

370 860 472 915 lias
500 861 714 931 protec-

373 943 461 988 tus
485 944 569 987 est
594 935 645 989 in
669 950 755 990 re-

373 1004 591 1075 gionem
621 1006 740 1061 lon-

372 1075 655 1147 ginquam,
684 1093 775 1133 ac-

375 1147 565 1218 cipere
596 1165 717 1222 reg-

374 1236 530 1285 num,
556 1231 613 1276 et
643 1237 826 1277 rever-

376 1292 467 1346 15.
511 1294 571 1349 ti.
612 1293 828 1351 Vocatis
853 1308 952 1350 au-

375 1372 483 1419 tem
509 1365 699 1422 decem

378 1439 556 1490 servis
583 1440 719 1504 suis,

376 1508 529 1563 dedit
560 1509 665 1564 illis

375 1579 568 1635 decem
595 1596 770 1647 mnas,

376 1662 432 1706 et
456 1652 593 1707 dixit
618 1652 684 1707 ad
713 1667 845 1710 eos:

375 1722 601 1793 Negotia
611 1725 710 1778 nti-

377 1795 429 1850 ni
450 1837 464 1859 ,
494 1796 668 1851 donec
701 1812 792 1852 ve-

380 1867 469 1923 li.
514 1868 625 1923 nio.
650 1867 808 1925 Cives
830 1881 926 1924 au-

379 1948 489 1993 tem
517 1940 557 2011 οξ·
586 1942 729 1995 illius
759 1940 876 1996 odi-

382 2010 513 2065 bant
536 2010 699 2076 eum;

378 2092 433 2137 et
463 2083 743 2139 miserunt

383 2159 399 2185 ³
428 2154 751 2224 legationem

380 2238 507 2294 post
537 2227 711 2297 illum,

380 2298 628 2354 dicentes
660 2318 675 2354 ε
706 2299 841 2369 Quia

384 2370 642 2426 nolumus

382 2440 532 2496 hunc
563 2458 756 2513 regna-

382 2528 443 2566 re
474 2530 638 2583 super
669 2530 787 2570 nos.

384 2584 474 2639 15.
506 2586 573 2640 Ει
600 2588 796 2641 factum

383 2665 465 2711 est
477 2699 490 2721 ,
522 2673 709 2712 rever-

384 2738 534 2784 tente
564 2730 656 2784 illo

383 2811 607 2869 accepto
632 2816 755 2870 reg-

383 2874 528 2955 no..’I
558 2873 722 2939 jussit
748 2886 848 2928 vo-

384 2958 501 2998 Ctll'l
526 2959 714 2999 δεῖνος

384 3029 537 3079 suos,
569 3016 765 3085 quibus

388 3085 614 3141 dederat
647 3103 738 3157 pe-

384 3158 630 3223 cuniam;
660 3169 717 3213 ut

384 3229 570 3294 sciret,
602 3230 721 3300 quis

384 3301 509 3370 quid
546 3317 709 3370 nego-

386 3374 547 3427 tiatus
568 3373 702 3428 fuis-

384 3453 490 3498 set.

383 3516 472 3571 16.
506 3515 669 3571 Venit
691 3525 871 3573 autem

382 3589 555 3658 prior,
584 3588 771 3644 dicens
801 3607 813 3642 :

384 3661 629 3719 Domine.
663 3675 787 3716 mna

383 3739 473 3785 tua
496 3732 687 3787 decem

381 3802 671 3874 adquisivit

1203 578 1294 634 17.
1326 592 1502 633 mnas.
1528 576 1596 632 Et
1621 576 1704 633 di-

1200 648 1281 704 xit
1308 649 1388 704 illi
1414 649 1593 705 :Tan-

1203 731 1258 775 to
1287 722 1479 776 melior

1204 792 1348 847 bone
1376 807 1532 850 serve
1561 811 1577 859 ;

1204 867 1327 935 quia
1358 866 1407 918 in
1439 865 1541 918 mi-

1207 938 1357 991 nimo
1389 936 1519 991 lide-

1207 1008 1272 1062 lis
1302 1008 1467 1073 luisti,
1499 1009 1609 1064 eris

1209 1088 1532 1148 potestatein

1210 1150 1417 1205 habens
1447 1167 1537 1207 su-

1130 1236 1137 1239 '
1209 1237 1304 1294 pra
1336 1223 1524 1279 decem

1206 1295 1472 1350 civitates.

1209 1366 1297 1421 18.
1328 1367 1392 1420 Ει
1423 1368 1577 1423 venit
1596 1368 1694 1424 ali-

1207 1454 1292 1499 us,
1324 1438 1511 1493 dicens
1544 1458 1558 1492 :

1122 1518 1131 1523 “
1209 1509 1454 1574 Domine,
1482 1526 1610 1566 mna

1210 1593 1297 1635 tua
1328 1582 1453 1635 fecit
1474 1583 1609 1638 alias

1207 1654 1446 1723 quinque

1210 1725 1298 1779 19.
1335 1741 1508 1780 initas.
1536 1727 1682 1783 Dixit
1700 1737 1754 1784 et

1210 1795 1336 1851 huic
1370 1815 1382 1850 :
1418 1797 1486 1852 Et
1513 1808 1590 1868 tu,

1210 1878 1329 1924 esto
1365 1884 1528 1937 supra

1210 1940 1447 2011 quinque
1464 1942 1543 1996 ci-

1209 2014 1403 2068 vitates
1429 2028 1525 2082 po-

1219 2094 1465 2139 testatem
1497 2084 1589 2138 ba-

1216 2156 1372 2211 bens.

1124 2232 1127 2233 ⁷
1215 2228 1306 2284 '20.
1343 2227 1572 2283 Etalitts
1596 2230 1763 2299 venit,

1218 2300 1403 2355 dicens
1433 2318 1446 2352 :
1474 2300 1722 2372 Domine,

1216 2386 1344 2427 ecce
1375 2388 1495 2426 mna

1218 2453 1333 2507 tua,
1367 2458 1526 2511 quam
1552 2444 1652 2500 ha-

1220 2514 1413 2569 bebam
1446 2529 1534 2569 re-

1257 2588 1452 2640 ositam
1482 2588 1535 2640 in

1258 2659 1307 2712 1.
1336 2658 1553 2711 sudario
1584 2674 1597 2711 :
1632 2658 1652 2688 ³
1683 2673 1817 2731 quo-

1220 2731 1361 2784 niam
1388 2732 1546 2783 time-

1219 2800 1341 2856 bam
1375 2809 1449 2864 te,
1482 2802 1607 2871 quia

1221 2874 1382 2929 homo
1407 2887 1531 2926 aus-

1220 2947 1352 3000 teris
1381 2960 1439 2999 es
1464 2961 1478 3009 ;
1512 2946 1617 3000 tol-

1221 3016 1310 3081 lis,
1339 3018 1485 3086 quod
1513 3034 1618 3072 non

1220 3089 1450 3159 posuisti
1485 3104 1497 3151 ;
1540 3097 1596 3144 et

1223 3171 1416 3224 metes,
1450 3161 1591 3231 quod

1222 3247 1327 3286 non
1356 3246 1621 3287 seminas-

1216 3303 1306 3357 22.
1335 3303 1396 3357 ti.
1425 3305 1510 3357 Ait
1536 3304 1603 3358 il-

1216 3376 1250 3430 li
1286 3391 1299 3427 :
1335 3376 1409 3429 Ex
1436 3390 1536 3433 ore
1560 3388 1650 3430 tuo

1206 3446 1463 3516 judicabo
1487 3460 1559 3510 te,

1214 3518 1583 3573 intldelisser-

1216 3605 1281 3644 ve
1305 3600 1358 3644 et
1388 3590 1528 3644 male
1561 3608 1574 3642 :

1214 3661 1427 3716 sciebas
1455 3676 1563 3727 me,

1214 3734 1338 3803 quia
1370 3733 1531 3787 homo

1214 3805 1447 3859 austeris
1476 3818 1619 3874 sum,

2496 486 2727 546 CODEX
2765 490 3219 548 VERONENSIS.

2070 589 2241 636 retur.
2900 584 2988 637 17.
3020 584 3088 638 Et
3117 583 3191 638 ait
3216 583 3329 639 illi:

2067 652 2156 727 12.
2184 652 2330 707 Dixit
2350 666 2479 727 ergo
2510 673 2524 708 :
2899 656 3047 727 Euge
3078 657 3218 711 bone

2067 723 2241 798 llomo
2264 723 2484 798 quidam
2899 723 3055 782 serve
3080 744 3095 793 ;
3127 729 3252 798 quia

2067 804 2187 850 erat
2214 796 2386 850 dives.
2416 796 2463 851 is
2902 799 2953 852 in
2983 796 3198 854 modico

2066 867 2198 921 abiit
2225 867 2302 938 (a)
2326 868 2378 922 in
2404 884 2491 922 re-

2065 938 2280 1013 gionem
2312 941 2470 1009 l0nge
2496 942 2552 1013 ir,

2067 1011 2319 1079 accipere
2346 1027 2436 1067 re-

2067 1097 2251 1151 gnum,
2274 1093 2331 1137 et

2067 1153 2294 1208 reverti.

2068 1225 2157 1280 15.
2194 1226 2260 1280 Ει
2291 1227 2503 1282 vocavit

2067 1296 2254 1351 decem
2283 1313 2492 1366 servos,

2069 1378 2122 1422 et
2150 1369 2297 1424 dedit
2320 1370 2427 1425 illis

2067 1439 2255 1495 decem
2288 1452 2363 1496 ta-

2901 869 3079 926 tidelis
3112 870 3282 936 fuisti,

2902 943 3011 997 eris
3044 950 3283 1011 potesta-

2903 1024 3008 1068 tem
3035 1015 3240 1071 habens

2898 1101 3061 1169 supra
3085 1088 3269 1143 decem

2897 1161 3161 1213 civitates.

2896 1229 2986 1284 18.
3021 1229 3086 1284 Et
3115 1233 3252 1287 alter
3269 1246 3359 1287 ve-

2900 1301 2999 1365 nit,
3024 1302 3211 1357 dicens
3244 1321 3257 1358 :

2900 1370 3148 1439 Domine,
3178 1390 3303 1430 mna

2901 1453 2989 1498 tua
3023 1445 3148 1500 fecit

2068 1512 2236 1578 lenta,
2267 1524 2331 1596 .et
2897 1518 3136 1641 quinque
3168 1528 3251 1573 ta-

2068 1586 2143 1638 ait
2166 1586 2231 1638 ad
2265 1586 2330 1638 ll-
2938 1587 2989 1641 9.
3022 1591 3186 1641 lenta.
3217 1590 3278 1641 Ai

2067 1586 2143 1638 ait
2166 1586 2231 1638 ad
2265 1586 2330 1638 il-
2901 1586 2989 1642 19.
3022 1586 3186 1644 lenta.
3217 1590 3307 1645 Ait

2068 1655 2150 1711 los
2183 1656 2391 1727 :Nego—
2901 1668 2957 1714 et
2986 1661 3152 1716 huic:
3189 1663 3257 1718 Et

2068 1729 2296 1797 tiamini,
2329 1728 2457 1783 dum

2904 1741 2959 1784 tu
2984 1744 3102 1787 8510
3128 1749 3218 1789 Stl-

2067 1801 2250 1874 venio.
2902 1819 2996 1873 pra
3028 1805 3186 1874 quin-

2071 1871 2159 1925 1-1.
2193 1871 2351 1946 Cives
2379 1871 2457 1943 (b)
2486 1888 2580 1929 au-
2905 1871 3011 1946 que
3037 1871 3231 1932 civita-

2072 1952 2178 1997 tem
2210 1944 2252 2015 -ί-
2280 1944 2412 1998 nde-
2906 1944 3010 2001 tes.

2074 2026 2193 2069 rant
2223 2016 2373 2069 illum
2404 2032 2418 2080 ;

2076 2099 2131 2142 et
2161 2088 2428 2143 miserunt

2079 2161 2407 2229 legationem

2079 2244 2198 2300 post
2222 2232 2397 2297 illum,

2078 2302 2323 2357 dicentes
2352 2321 2365 2355 :

2078 2374 2341 2429 Nolumus
2375 2374 2518 2429 hunc

2903 2019 2993 2074 20.
3031 2020 3098 2075 Et
3123 2020 3261 2075 alter
3281 2035 3375 2081 ve-

2904 2090 3003 2152 nit,
3037 2093 3223 2147 dicens
3248 2109 3261 2145 :

2905 2162 3156 2229 Domine,

2902 2249 3031 2289 ecce
3062 2236 3322 2290 talentum

2905 2314 3076 2373 tuum,
3107 2306 3251 2376 quod

2907 2378 3069 2432 habui
3095 2392 3257 2448 repo-

2079 2462 2308 2516 regnare
2334 2460 2427 2499 su-
2906 2449 3073 2503 situm
3109 2450 3159 2503 in

2082 2533 2180 2587 pra
2212 2533 2331 2571 nos.
2907 2521 3127 2575 sudario
3162 2538 3175 2573 :

2083 2590 2171 2643 15.
2202 2589 2269 2643 Ει
2294 2589 2493 2663 factum
2904 2592 2995 2645 Ἥ.
3032 2592 3103 2663 (c)
3136 2592 3261 2663 quia
3284 2592 3325 2663 τ

2080 2669 2185 2724 est,
2220 2674 2275 2715 ut
2303 2661 2443 2716 redi-
2909 2661 3058 2717 timui
3094 2661 3166 2730 te,

2081 2745 2161 2787 ret
2195 2740 2417 2801 accepto
2905 2735 3047 2806 quod
3068 2734 3233 2789 homo

2080 2820 2270 2874 regno,
2296 2814 2352 2857 et

2073 2876 2234 2946 jussit
2253 2874 2436 2930 vocari

2078 2962 2289 3014 servos,
2320 2949 2437 3017 qui-

2078 3019 2181 3073 bus
2211 3020 2363 3074 dedit

2078 3092 2361 3160 pecuniam
2397 3107 2411 3154 ;

2907 2806 3141 2861 austeris
3164 2822 3224 2861 es
3253 2823 3267 2871 ;

2910 2878 3078 2941 tollis,
3110 2878 3253 2946 quod

2912 2966 3020 3003 non
3050 2948 3272 3017 posuisti
3301 2966 3316 3013 ;

2912 3031 2966 3076 et
2989 3021 3168 3085 melis,
3187 3019 3332 3091 quod

2915 3109 3022 3146 llOll
3049 3108 3215 3147 88ml-

2078 3175 2138 3216 ut.
2166 3166 2354 3226 sciret,
2396 3177 2566 3232 quan-
2912 3165 3075 3218 nasti.

2080 3242 2193 3289 tum
2213 3240 2444 3305 quisque
2910 3236 2999 3291 2'2.
3035 3235 3117 3307 (ά)
3144 3235 3210 3289 Et
3227 3235 3265 3306 οξ·
3292 3232 3375 3290 di-

2080 3308 2387 3376 negOtiatus
2914 3307 2996 3362 xit
3026 3310 3075 3361 ei
3108 3325 3119 3359 ε
3157 3310 3232 3360 De

2078 3388 2243 3432 esset.
2910 3394 3006 3433 ore
3050 3390 3140 3433 lllO

2078 3448 2168 3503 16.
2206 3449 2363 3504 Venit
2402 3458 2583 3504 autem

2078 3520 2286 3590 primus
2316 3520 2500 3575 dicens
2530 3537 2544 3574 :

2080 3592 2323 3655 Domine,
2357 3604 2435 3645 ta-

2908 3458 2960 3503 te
2986 3450 3171 3519 jttdico
3190 3489 3206 3516 ,

2907 3521 3142 3577 crudelis
3172 3534 3328 3573 serve
3358 3536 3373 3576 ε

2908 3592 3118 3647 sciebas
3136 3633 3149 3653 ,
3180 3590 3321 3661 quod

2076 3663 2282 3717 lentum
2313 3673 2462 3718 tuum
2908 3679 3009 3733 ego
3034 3663 3196 3718 homo

2075 3751 2130 3790 χ.
2167 3736 2365 3790 talenta
2906 3737 3140 3790 austeris

2075 3807 2387 3877 adquisivit.
2908 3821 3059 3873 sum,

3555 374 3658 432 666

1693 3923 1926 3980 CODEX
1965 3923 2357 3981 BRIXIANUS.

380 4025 551 4073 retur.
570 4016 711 4071 Dixit
729 4015 1052 4090 ergoﬂiomo
1067 4015 1281 4090 quidam
1297 4026 1415 4090 erat
1430 4016 1600 4070 dives.
1619 4027 1669 4072 et
1689 4018 1734 4071 is
1754 4019 1883 4073 abiit
1898 4015 1976 4090 (τι)

381 4090 433 4143 in
450 4092 725 4161 regionem
744 4088 1089 4158 longinquam
1111 4088 1171 4159 '1‘.
1194 4089 1442 4156 accipere
1462 4090 1561 4142 sibi
1582 4106 1803 4161 regnum
1825 4102 1875 4143 nt
1895 4088 1980 4144 rel-

379 4162 539 4215 verti.
562 4160 959 4214 Vocnnsautem
978 4161 1139 4213 lieum
1154 4175 1343 4215 servus
1355 4177 1499 4214 suos.
1517 4162 1663 4214 dedit
1677 4162 1977 4216 ἱΙΙίδὼ-ρριη

382 4248 557 4286 muas.
575 4245 621 4285 et
639 4233 712 4285 ait
730 4233 796 4285 ad
823 4230 1333 4301 illus.Negotiamini
1362 4233 1485 4285 dum
1503 4234 1679 4288 venio.
1703 4232 1862 4288 Cives
1888 4250 1982 4287 au-

382 4314 488 4358 tem
511 4304 628 4373 ejus
645 4304 872 4357 oderant
904 4304 1117 4357 illumet
1148 4307 1409 4357 miserunt
1430 4305 1751 4372 legationem
1780 4316 1895 4372 pust
1922 4307 1982 4357 il—

380 4374 491 4429 lum
523 4378 786 4429 dicentes.
814 4374 1075 4429 Nolumus
1100 4374 1242 4429 hunc.
1299 4390 1528 4437 regnare
1564 4393 1725 4441 super
1764 4392 1881 4430 nos.
1918 4377 1985 4431 Et

382 4444 579 4501 factum
599 4460 679 4500 e51
709 4458 765 4500 ut
794 4447 995 4501 rediret
1024 4456 1247 4516 accepto
1289 4463 1475 4515 regno.
1510 4456 1563 4500 et
1587 4447 1748 4517 juSsit
1786 4464 1984 4503 vocare

379 4533 565 4574 ΒΘΓνιμ
584 4518 1073 4590 illusquibusdedit
1103 4519 1383 4587 pecuniam
1402 4518 1650 4573 utsciret.
1668 4520 1786 4589 quis
1812 4536 1984 4590 quan-

381 4600 493 4645 tum
512 4591 925 4645 lucratusesset.
943 4589 1100 4644 Venit
1114 4600 1290 4643 autem
1309 4592 1514 4659 primus
1528 4592 1733 4645 dicens.
1754 4589 1983 4648 Domine

382 4677 507 4717 mna
559 4672 668 4715 tua.
701 4663 889 4717 decem
937 4677 1091 4716 tnnas
1118 4662 1425 4731 adquisivit.
1477 4664 1541 4716 lit
1577 4664 1649 4717 ait
1699 4664 1796 4717 illi.
1833 4663 1982 4735 Euge

2087 4022 2242 4074 scr‘ve
2291 4020 2434 4074 bone
2480 4028 2533 4075 et
2562 4018 2754 4073 fidelis.
2800 4019 2919 4091 quia
2963 4020 3014 4073 in
3045 4020 3262 4074 modico
3302 4018 3475 4075 fidelis
3516 4017 3683 4091 fuisti.

2087 4092 2196 4145 eris
2249 4102 2566 4161 potestatem
2618 4090 2825 4146 habens
2859 4108 3021 4161 supra
3066 4090 3250 4146 decem
3299 4094 3564 4145 civitates.
3622 4090 3686 4143 Et

2041 4208 2045 4214 .
2088 4164 2223 4215 alter
2255 4168 2398 4217 \enit
2444 4165 2651 4219 dicens.
2693 4166 2936 4218 Homine.
2986 4180 3105 4216 mna
3142 4174 3250 4216 tua.
3286 4163 3413 4217 fecit
3451 4162 3686 4231 quinque

2090 4252 2261 4288 mnus.
2293 4236 2356 4290 Et
2389 4235 2511 4290 ltuit:
2543 4239 2633 4289 nit.
2667 4235 2733 4289 Et
2760 4248 2811 4288 tu
2847 4243 2962 4289 esto
2986 4251 3145 4304 supra
3175 4237 3411 4303 quinque
3439 4234 3681 4286 civitates

2091 4305 2157 4359 Et
2190 4308 2324 4360 alter
2355 4309 2495 4361 Venit
2528 4309 2732 4361 dicens.
2787 4308 3028 4361 Domine.
3078 4322 3202 4360 ecce
3237 4322 3359 4359 mna
3391 4316 3481 4357 tua
3526 4319 3684 4373 quam

2087 4377 2247 4430 linlini
2282 4382 2571 4448 repositum
2595 4382 2643 4431 in
2672 4378 2915 4432 sudario.
2951 4379 3099 4430 timui
3130 4378 3271 4429 enim
3299 4387 3349 4430 te
3376 4378 3498 4446 quin
3527 4376 3687 4429 lionto

2087 4464 2146 4503 es
2179 4462 2426 4503 austeris.
2453 4451 2596 4503 tollis
2618 4452 2757 4519 qunti
2784 4464 2885 4502 non
2921 4448 3145 4513 posuisti
3169 4460 3216 4501 et
3238 4450 3393 4501 metis
3416 4450 3555 4515 quod
3582 4464 3684 4500 non

2085 4521 2386 4575 SetninaSIi.
2407 4523 2478 4592 (b)
2506 4521 2767 4591 Et-j-dixit
2795 4522 2863 4573 ei.
2890 4520 2965 4592 De
2999 4536 3090 4572 ore
3123 4520 3496 4592 lllOlejlltllCO.
3531 4533 3685 4572 serve

2087 4608 2259 4659 nequa
2290 4590 2505 4663 etpilger
2521 4590 2752 4647 sciebas.
2786 4590 2927 4660 quod
2954 4606 3054 4661 ego
3099 4592 3330 4647 austeris
3358 4590 3520 4645 homo
3542 4606 3679 4645 sum.

1651 4775 1886 4833 CODEX
1922 4777 2395 4835 CORBEIENSIS.

455 4870 545 4926 15.
586 4870 654 4924 Ει
680 4870 893 4925 vocavit
923 4870 1114 4926 decem
1146 4885 1353 4936 servos,
1389 4882 1444 4927 et
1469 4870 1617 4927 dedit
1647 4872 1777 4927 illis.

450 4942 541 4997 22.
571 4952 623 4999 te
643 4942 849 5013 judico,
879 4957 912 4998 ο
937 4942 1169 4999 inlidelis
1195 4958 1352 4999 serve
1378 4961 1392 4998 :
1421 4944 1650 5006 sciebas,
1682 4952 1787 4998 etc.
1819 4943 1983 4999 homo

2086 4886 2338 4930 austerus
2363 4890 2504 4943 sum,
2534 4875 2685 4945 tollo,
2716 4878 2861 4949 quod
2894 4893 3000 4933 non
3030 4879 3204 4951 posui,
3231 4888 3282 4935 et
3312 4889 3477 4935 meto.

1618 5033 2011 5091 VARIANTES
2051 5033 2457 5091 LECTIONES.

446 5130 463 5159 ι
500 5129 618 5203 ηπ.
646 5128 971 5203 legationem,
997 5126 1234 5177 dicentes.
1270 5121 1416 5192 Vulg.
1441 5124 1740 5187 legationem
1781 5132 1887 5190 post
1920 5125 1983 5175 il-

378 5190 501 5245 lum.
524 5192 764 5239 dicentes.
1372 5190 1385 5192 '

444 5255 465 5284 ³
500 5256 619 5302 Mm.
640 5254 771 5302 misit
790 5253 1009 5302 vocari...
1033 5254 1159 5313 quis.
1186 5252 1331 5314 Vulg.
1346 5251 1493 5313 jussit
1512 5252 1688 5301 vocari.
1702 5287 1732 5300 ..
1746 5251 1973 5314 quisque.

445 5317 467 5346 ³
500 5316 607 5367 Gal.
632 5318 747 5379 quia
772 5316 905 5365 timui
929 5324 999 5379 te,
1021 5315 1150 5378 quod
1178 5316 1322 5366 homo
1339 5324 1566 5365 austerus
1589 5327 1675 5377 es;
1703 5313 1979 5375 tollt‘s,’ubi

2090 5138 2185 5174 non
2211 5127 2446 5187 posuisti,
2474 5132 2527 5174 et
2544 5127 2711 5188 mntis,
2738 5126 2819 5173 ubi
2849 5136 2963 5172 non.
2991 5126 3110 5188 Mm.
3147 5124 3260 5187 quia
3286 5124 3421 5188 timui
3447 5131 3499 5173 te
3520 5162 3532 5179 .
3557 5126 3681 5186 quod

2086 5185 2309 5239 ltomo....
2337 5185 2465 5250 quod
2493 5185 2715 5249 posuisti,
2760 5191 2904 5235 metis
2923 5187 3048 5251 ,Aubi
3076 5185 3189 5251 non.
3221 5185 3366 5251 Vulg.
3392 5188 3526 5237 timui
3556 5185 3683 5251 enim

2086 5259 2155 5312 te,
2184 5253 2296 5313 quia
2339 5249 2481 5298 liomo
2517 5260 2741 5299 austerus
2767 5263 2851 5311 es;
2878 5249 3041 5311 tollis,
3066 5250 3196 5312 quod
3231 5249 3332 5299 non
3372 5250 3599 5313 posuisti,
3627 5258 3678 5298 et

2084 5312 2248 5371 metis,
2273 5312 2406 5376 quod
2427 5326 2537 5362 non.

1080 5432 1374 5472 LECTIONES
1395 5432 1600 5473 CODICIS
1626 5432 2037 5473 VINDEBONENSIS
2063 5431 2338 5473 ADEUNTES
2358 5433 2424 5471 AB
2444 5432 2696 5473 EDITIONE
2718 5433 2979 5473 νυιρΛτΑ.

446 5518 519 5568 12.
567 5518 711 5568 homo
752 5517 949 5581 quidam
994 5522 1103 5581 erat
1139 5517 1374 5581 diveszis
1410 5517 1609 5567 abiit....
1646 5516 1869 5581 accipere
1896 5528 1977 5581 re-

380 5594 550 5642 gnum,
580 5590 631 5629 et
658 5578 859 5631 reverti.
929 5580 1006 5632 15.
1034 5580 1094 5630 Et
1128 5580 1317 5629 vocavit
1346 5579 1519 5629 decom
1544 5593 1743 5642 servos,
1770 5586 1823 5629 et
1842 5578 1980 5627 dedit

377 5640 493 5695 illis.
536 5640 639 5696 ⁷14.
663 5644 871 5694 oderant
896 5642 1049 5694 illum.
1117 5645 1192 5695 15.
1216 5642 1331 5691 dum
1355 5643 1560 5693 rediret.
1590 5640 1979 5703 Ibid.'uegotia-

2090 5523 2167 5563 tus
2192 5520 2284 5563 est.
2356 5515 2429 5564 17.
2458 5527 2602 5562 serve
2627 5515 2771 5561 bono.
2840 5515 2917 5564 21.
2945 5515 3057 5576 quia
3083 5513 3216 5562 timui
3242 5513 3449 5576 te,rq_uia
3473 5510 3679 5576 homo...

2088 5583 2140 5626 et
2165 5585 2342 5627 metes.
2409 5577 2489 5625 9.2.
2511 5584 2561 5626 et
2577 5578 2825 5628 dixitei...
2846 5573 3054 5626 inﬁdelis
3075 5586 3223 5625 serve
3240 5587 3250 5623 :
3265 5574 3514 5625 sciebas...
3539 5573 3676 5636 tollo,

2084 5640 2212 5703 quod
2239 5653 2333 5688 non
2361 5642 2530 5703 posui,
2557 5648 2607 5689 et
2632 5648 2781 5690 meto.

1707 5746 2073 5804 BLANCHINI
2111 5745 2343 5802 ΝΟΤᾸΕ.

399 5904 407 5926 ί
451 5852 527 5923 (a)
564 5850 700 5907 Tex.
729 5849 824 5926 Gr.
851 5850 923 5926 εἰς
953 5850 1137 5925 χώραν
1163 5848 1381 5926 mpetu.
1414 5846 1471 5900 τὸ
1500 5846 1699 5926 μᾳθξρριν
1720 5884 1734 5909 ,
1781 5852 1891 5926 tum
1923 5842 2247 5926 longinquam
2273 5883 2286 5903 ,
2330 5847 2452 5926 tum,
2475 5839 2625 5926 {euge
2652 5840 2795 5926 verti
2829 5846 3023 5926 potest.
3054 5868 3125 5878 —-
3164 5835 3255 5926 (bl
3296 5837 3425 5926 Post
3473 5850 3640 5894 autem

379 5909 533 5982 "deest
563 5928 703 5995 ejus,
739 5921 791 5979 in
818 5909 1193 5990 cod.'ipioqu'e
1229 5909 1386 5974 Cant.
1418 5909 1704 5986 -'(c)'lt:t
1748 5924 1802 5969 et
1845 5913 1965 5972 cod.
1998 5909 2156 5971 Cant.
2197 5910 2294 5968 ὅτι.
2340 5942 2411 5952 -—
2438 5909 2517 5981 (ά)
2552 5909 2711 5969 Addit
2734 5921 2804 5979 et,
2837 5919 2944 5969 tex.
2982 5926 3194 5984 quoque
3215 5909 3307 5967 Gr.
3340 5909 3414 5967 δέ.
