4054 6198
409 314 511 370 669

402 522 613 580 Domini
643 523 745 581 illi-

399 609 463 648 us
494 596 562 650 ad
591 597 710 653 illos
743 616 757 652 :

396 664 538 735 Quid
569 668 776 724 solvitis

394 738 484 793 54.
532 739 737 807 ρυΙΙυιιι
761 740 786 795 ?

393 809 651 867 dixerunt
682 831 697 868 :

393 881 527 949 Quia
556 884 787 943 Domino

393 968 494 1008 SUO
524 971 713 1012 neces-

391 1026 570 1081 sarius
596 1040 700 1085 est.

390 1097 485 1152 55.
530 1099 592 1153 Et
618 1102 856 1162 adduxe-

388 1179 517 1223 runt
551 1172 567 1200 ¹
598 1173 750 1230 illum

387 1240 453 1293 ad
484 1239 695 1302 Jesum.
729 1248 794 1305 Et

390 1312 760 1373 substernen-’

392 1392 476 1439 tes
509 1389 803 1447 vestimen-

395 1465 443 1508 ta
467 1471 578 1529 sua
608 1474 776 1529 super

388 1526 604 1596 pullum
630 1574 644 1594 .
680 1526 767 1589 in-

386 1613 699 1669 posuerunt

385 1670 599 1728 Jesum.

389 1742 479 1797 '56.
527 1745 757 1806 Euntem
781 1764 882 1805 au-

391 1823 499 1868 tem
528 1816 626 1873 illo
647 1862 663 1886 ,
692 1821 849 1877 subs-

389 1889 682 1946 ternebant

388 1956 437 2012 ei
470 1962 769 2017 vestimen-

389 2036 441 2081 ta
469 2044 565 2085 sua
596 2032 649 2088 in
688 2033 793 2089 via.

389 2098 477 2154 57.
523 2103 835 2178 Adpropin-

387 2184 590 2241 quante
617 2192 713 2232 au-

386 2253 495 2298 tem
529 2260 595 2300 eo
631 2248 699 2303 ad
730 2248 842 2304 dis-

382 2330 607 2371 censum
653 2335 811 2376 mon-

390 2388 454 2441 tis
485 2386 687 2449 Oliveti
707 2432 723 2457 ,

382 2463 564 2529 coepit
592 2466 772 2521 omnis

383 2532 405 2560 ’
434 2532 726 2592 multitudo
762 2586 767 2593 .

383 2604 624 2672 gaudens
651 2622 783 2663 con-

382 2673 604 2731 laudare
635 2678 803 2737 Deum

391 2760 526 2819 voce
558 2764 707 2819 mag-

384 2832 463 2889 na
484 2817 555 2873 de
583 2817 778 2889 quibus

380 2888 641 2945 videbant
667 2908 788 2950 om-

381 2960 541 3016 nibus
567 2963 676 3017 vir-

381 3031 471 3088 38.
516 3036 718 3092 tutibns
738 3078 757 3103 ,
782 3034 867 3093 iii-.-

381 3116 571 3160 centes
603 3123 617 3159 :
651 3107 751 3165 Be-

381 3177 631 3233 nedictus
653 3221 669 3246 ,

381 3249 471 3317 qui
502 3252 648 3305 venit
677 3251 728 3305 in

382 3320 601 3376 nomine
631 3322 845 3380 Domini
871 3341 886 3378 :

381 3392 697 3449 benedictus

379 3461 497 3517 Rex
527 3482 543 3517 :
576 3480 679 3534 pax
711 3466 765 3520 in

379 3535 534 3591 caelo
558 3578 575 3604 ,
603 3549 657 3591 et
687 3538 801 3609 glo-

382 3746 594 3802 Domini
638 3750 756 3819 ejus
794 3750 859 3807 ad
910 3752 1056 3808 illos.
1108 3750 1179 3809 Ut
1223 3751 1349 3821 quid
1380 3752 1592 3807 solvitis
1630 3753 1857 3821 pullum.
1893 3754 1976 3811 Ad

380 3821 456 3874 illi
488 3820 740 3879 dixerunt
772 3822 905 3891 Quia
940 3823 1167 3879 Domino
1202 3820 1541 3879 necessarius
1567 3820 1669 3880 est.
1706 3824 1771 3879 Et
1800 3825 1973 3881 duxe-

1474 322 1923 381 EVANGELIUM
1954 320 2329 381 SECUNDUM
2356 323 2617 383 LUUAM.
3596 326 3701 384 67d

808 431 1038 492 CODEX
1080 433 1619 494 VEBCELLENSIS.

1263 529 1352 584 39.
1395 531 1493 584 ria.
1526 531 1593 588 Et

1262 599 1531 682 {quidam
1552 602 1695 659 Pha-

1260 686 1554 729 ιἰείιθοτιιιιι

1255 742 1324 798 de
1346 746 1501 799 turba
1528 746 1609 800 di-

1255 826 1451 872 xerunt
1480 817 1547 871 ad

1256 884 1408 941 illum
1439 906 1454 960 ς
1489 888 1679 960 Magis-

1256 966 1338 1031 ter
1357 999 1371 1023 ,
1401 958 1623 1031 obiurga

1253 1028 1341 1084 40.
1386 1028 1525 1087 illos.
1558 1028 1659 1099 Qui
1682 1032 1765 1089 di-

1250 1101 1326 1154 xit
1361 1102 1440 1156 eis
1473 1121 1487 1156 :
1523 1105 1651 1161 Dico

1249 1172 1433 1237 vobis,
1463 1176 1506 1230 si
1528 1176 1618 1231 isti

1255 1245 1519 1301 tacuerint
1538 1290 1554 1313 ,

1249 1315 1456 1385 lapides
1478 1321 1589 1374 ela-

1248 1387 1489 1444 mabunt.

1242 1459 1335 1536 4t.
1378 1459 1444 1513 Et
1467 1477 1594 1517 cum
1614 1463 1813 1536 adpro-

1240 1533 1561 1614 pinquasset
1576 1577 1591 1602 ,

1241 1616 1355 1656 vasa
1380 1617 1569 1659 emta-

1237 1683 1316 1735 te.
1354 1672 1501 1731 ﬂevit
1524 1692 1617 1732 su-

1232 1760 1332 1815 per
1358 1761 1476 1801 eam
1498 1791 1517 1816 ,
1545 1749 1627 1805 di-

1231 1817 1323 1872 42.
1371 1833 1501 1875 cens
1531 1838 1545 1874 :
1578 1820 1600 1851 ⁸
1630 1823 1835 1889 Quoni-

1231 1904 1317 1944 am
1345 1892 1390 1951 si
1422 1893 1593 1948 scires

1232 1967 1287 2037 tu
1306 2007 1321 2031 ,
1348 1978 1675 2037 quamquam

1229 2033 1284 2086 in
1312 2033 1413 2092 hac
1443 2033 1672 2103 tua’die,

1226 2119 1365 2174 quae
1393 2105 1459 2162 ad
1486 2121 1671 2177 pacem

1232 2188 1375 2235 tuam
1390 2222 1405 2245 ,
1442 2178 1671 2235 abscon-

1231 2264 1293 2305 sa
1321 2260 1505 2308 essent
1535 2251 1604 2305 ab

1233 2320 1324 2405 4;.
1368 2322 1542 2404 oculis
1566 2342 1579 2377 :
1602 2340 1735 2396 quo—

1233 2409 1375 2449 niam
1403 2410 1555 2448 vent-

1229 2475 1323 2521 ent
1351 2467 1470 2521 dies
1500 2480 1591 2521 su-

1227 2551 1325 2604 per
1348 2548 1429 2603 te,
1454 2544 1508 2591 et
1530 2536 1633 2594 ini-

1224 2608 1371 2663 cient
1392 2608 1572 2663 inimi-

1224 2679 1275 2734 ci
1307 2681 1383 2734 tui
1412 2694 1630 2750 saepem
1653 2724 1668 2748 ,

1224 2761 1276 2805 et
1296 2752 1532 2807 circum-

1224 2822 1430 2878 dabunt
1458 2831 1510 2879 te
1532 2866 1546 2887 ,

1224 2902 1281 2949 et
1305 2895 1553 2952 contine-

1223 2965 1356 3022 bunt
1388 2977 1439 3022 te
1470 2982 1569 3021 un-

1221 3037 1314 3113 44.
1357 3038 1520 3113 dique
1543 3081 1558 3105 ,
1581 3051 1635 3098 et
1666 3057 1757 3113 pa-

1224 3111 1603 3168 vimentabunt

1222 3191 1273 3236 te
1293 3223 1313 3249 ,
1339 3193 1395 3238 et
1421 3182 1442 3213 ⁵
1472 3194 1629 3265 natos

1222 3265 1345 3310 tuos
1362 3297 1374 3318 .
1403 3270 1497 3325 qut
1522 3271 1575 3310 ιιι

1220 3336 1273 3380 te
1301 3339 1422 3381 sunt
1444 3368 1459 3391 ,
1482 3337 1537 3381 et
1564 3343 1671 3384 non

1218 3399 1527 3469 relinquent

1220 3469 1449 3539 lapidem
1481 3486 1577 3525 su-

1217 3555 1315 3612 pra
1343 3541 1577 3613 lapidem

2543 438 2777 498 CODEX
2819 440 3266 502 VERONENSIS.

2124 646 2135 656 ο
2219 647 2231 659 0
2312 646 2326 659 0
2410 650 2420 662 ο
2504 649 2517 662 0
2598 646 2613 660 0
2692 644 2709 659 0
2788 644 2805 661 ο
2954 649 2969 663 0
3050 649 3062 662 0
3145 648 3159 663 0
3240 650 3254 663 0
3336 650 3349 663 0
3430 648 3447 665 0
3526 649 3538 665 0
3618 649 3634 663 0

2123 716 2137 730 0
2218 718 2231 730 0
2314 720 2325 731 0
2408 717 2423 733 0
2503 718 2517 734 0
2598 718 2613 734 0
2692 717 2706 731 0
2788 714 2803 732 0
2953 721 2967 736 0
3051 722 3065 735 0
3144 721 3160 736 0
3241 721 3254 735 0
3336 720 3349 734 0
3428 722 3446 736 0
3525 720 3540 737 0
3619 720 3635 736 0

2120 859 2135 872 θ
2216 860 2231 875 0
2310 862 2324 875 0
2405 861 2420 876 0
2500 864 2514 877 0
2594 858 2609 875 ο
2689 862 2706 878 0
2786 863 2801 878 0
2952 864 2965 876 ο
3047 863 3061 877 0
3142 863 3155 876 ι
3234 868 3252 884 ο
3329 865 3344 880 0
3424 866 3443 884 ο
3521 863 3537 879 0
3618 864 3631 877 0

2122 931 2135 943 ι
2215 934 2228 946 0
2310 934 2323 946 0
2404 934 2419 949 0
2500 935 2514 949 0
2595 934 2609 947 0
2692 932 2706 948 0
2784 933 2799 947 0
2952 934 2967 950 Ι
3048 937 3061 950 0
3143 935 3157 948 0
3236 933 3252 952 0
3330 935 3346 951 0
3427 934 3442 950 0
3522 936 3540 955 ο
3620 934 3635 951 0

2120 1003 2133 1017 0
2214 1006 2228 1019 0
2312 1005 2324 1018 0
2405 1006 2418 1019 0
2482 1003 2488 1011 '
2501 1006 2516 1022 0
2592 1002 2612 1021 0
2689 1004 2705 1020 0
2783 1002 2802 1021 0
2952 1005 2965 1020 0
3046 1006 3061 1022 0
3142 1006 3156 1021 0
3238 1009 3252 1023 0
3333 1008 3347 1023 0
3427 1004 3441 1021 0
3522 1004 3537 1022 0
3617 1006 3633 1021 0

2115 1147 2130 1161 0
2212 1146 2227 1161 0
2307 1147 2322 1163 0
2401 1148 2415 1163 0
2496 1149 2511 1165 0
2591 1146 2608 1165 0
2685 1146 2704 1166 0
2782 1146 2798 1162 ο
2951 1147 2964 1163 0
3047 1151 3059 1165 ι
3143 1152 3156 1164 0
3236 1147 3252 1165 0
3332 1150 3347 1165 0
3427 1147 3443 1166 0
3520 1148 3537 1166 0
3618 1150 3631 1163 υ

2116 1218 2132 1233 ο
2212 1221 2225 1234 0
2308 1221 2320 1233 0
2402 1218 2416 1233 0
2498 1222 2512 1236 0
2592 1218 2607 1234 0
2686 1221 2701 1235 0
2783 1219 2799 1236 ο
2950 1222 2962 1234 0
3045 1224 3056 1235 0
3138 1223 3152 1236 0
3233 1219 3246 1236 0
3327 1216 3344 1238 δ
3426 1220 3443 1239 ο
3523 1221 3537 1235 0
3618 1220 3632 1234 0

2114 1290 2129 1305 0
2211 1291 2226 1305 0
2306 1292 2320 1307 0
2401 1291 2415 1305 0
2494 1293 2509 1307 0
2589 1292 2603 1306 0
2683 1288 2699 1305 0
2783 1291 2796 1305 0
2948 1294 2962 1307 0
3042 1295 3057 1309 0
3138 1295 3152 1310 ο
3235 1293 3247 1307 0
3329 1293 3344 1307 0
3426 1286 3440 1305 ὀ
3518 1291 3536 1309 0
3616 1291 3631 1308 0

2115 1360 2128 1374 ⁸
2209 1364 2222 1378 0
2304 1364 2317 1377 ο
2398 1364 2412 1379 0
2493 1363 2509 1380 0
2587 1360 2606 1378 0
2685 1361 2699 1379 0
2779 1360 2795 1377 0
2945 1364 2959 1379 0
3042 1366 3054 1378 ι
3137 1367 3149 1379 0
3233 1366 3245 1378 ι
3328 1364 3342 1379 0
3421 1363 3437 1381 0
3517 1364 3533 1381 0
3615 1363 3628 1376 ο

2112 1646 2127 1662 ο
2206 1653 2219 1665 0
2300 1650 2312 1665 0
2396 1653 2409 1665 0
2490 1653 2505 1668 0
2586 1649 2601 1662 Ι
2678 1648 2696 1667 4
2777 1650 2793 1664 0
2943 1650 2958 1665 0
3038 1651 3053 1666 ο
3133 1649 3150 1667 ο
3231 1649 3246 1665 0
3326 1652 3341 1666 0
3419 1649 3439 1665 ο
3515 1647 3533 1664 ο
3612 1650 3626 1664 0

2108 1865 2121 1878 0
2202 1866 2217 1878 0
2300 1866 2313 1878 0
2392 1866 2405 1881 0
2491 1868 2502 1878 ι
2581 1865 2597 1881 0
2676 1860 2695 1881 6
2774 1863 2789 1878 0
2943 1866 2957 1880 0
3038 1868 3051 1882 0
3133 1867 3147 1880 0
3229 1867 3243 1881 0
3324 1866 3337 1878 0
3416 1866 3431 1880 0
3514 1863 3529 1879 0
3612 1864 3623 1873 ·

2106 1935 2120 1951 0
2200 1938 2214 1950 0
2300 1940 2312 1952 ι
2393 1938 2407 1952 0
2485 1934 2504 1954 ο
2581 1936 2597 1951 0
2678 1937 2692 1950 0
2774 1936 2789 1952 ρ
2940 1938 2955 1952 0
3037 1939 3050 1951 0
3133 1938 3148 1954 0
3228 1937 3243 1953 0
3322 1936 3337 1951 0
3419 1935 3435 1951 0
3516 1933 3532 1951 0
3613 1932 3627 1949 0

2106 2082 2117 2094 ι
2202 2080 2215 2095 0
2298 2079 2311 2093 ο
2389 2081 2405 2098 0
2482 2077 2499 2097 ι
2583 2080 2603 2095 0
2678 2081 2692 2094 0
2775 2080 2788 2093 0
2942 2080 2954 2092 ο
3037 2082 3049 2095 0
3131 2081 3146 2096 0
3227 2081 3241 2096 0
3320 2080 3339 2095 0
3417 2080 3433 2095 0
3513 2077 3530 2093 0
3612 2076 3625 2091 ι

2100 2152 2115 2167 0
2201 2155 2216 2168 0
2296 2152 2309 2165 0
2391 2153 2404 2166 ι
2488 2154 2501 2167 0
2580 2150 2595 2167 0
2679 2154 2692 2168 0
2774 2150 2788 2165 0
2941 2151 2956 2165 0
3033 2155 3049 2169 ο
3132 2152 3145 2165 0
3228 2151 3242 2166 0
3323 2152 3339 2167 0
3418 2150 3433 2167 0
3515 2147 3532 2163 ο
3608 2149 3624 2163 ο

2104 2226 2115 2238 0
2199 2226 2211 2237 0
2292 2224 2307 2238 0
2388 2226 2401 2239 0
2480 2226 2497 2242 0
2580 2224 2595 2239 0
2676 2223 2693 2240 0
2775 2220 2791 2239 0
2940 2224 2952 2237 0
3034 2226 3045 2238 0
3130 2224 3143 2238 0
3227 2224 3240 2237 0
3324 2223 3338 2238 0
3421 2220 3436 2232 ο
3514 2218 3528 2234 0
3610 2216 3626 2237 ο

2104 2298 2115 2309 0
2198 2297 2212 2310 0
2294 2298 2309 2311 ο
2388 2295 2401 2309 ο
2483 2296 2495 2311 0
2576 2295 2590 2313 ο
2670 2295 2685 2309 ο
2771 2293 2785 2308 ο
2939 2294 2952 2307 0
3036 2299 3049 2311 ο
3131 2297 3145 2310 ο
3225 2295 3238 2308 0
3321 2295 3337 2308 ο
3416 2292 3430 2311 ο
3514 2294 3527 2308 0
3610 2292 3621 2305 ⁸

2099 2584 2113 2597 0
2192 2584 2209 2600 0
2289 2582 2304 2597 0
2387 2584 2398 2596 0
2481 2585 2497 2601 ο
2575 2580 2594 2597 0
2671 2574 2689 2596 ο
2770 2580 2785 2593 0
2935 2580 2949 2594 0
3032 2581 3046 2597 0
3126 2582 3139 2595 ο
3222 2582 3236 2595 0
3316 2580 3331 2595 0
3413 2576 3431 2595 0
3506 2576 3525 2600 ν
3605 2576 3621 2595 0

2099 2655 2111 2666 ο
2193 2655 2207 2670 0
2286 2654 2301 2668 ο
2382 2650 2397 2665 ο
2477 2652 2494 2672 0
2574 2648 2590 2669 0
2668 2651 2685 2669 0
2768 2651 2782 2666 ο
2935 2655 2951 2670 0
3028 2654 3044 2668 0
3124 2654 3138 2666 ι
3218 2652 3233 2668 0
3313 2653 3328 2667 0
3409 2651 3425 2667 0
3505 2650 3522 2666 0
3603 2650 3618 2665 0

2097 2728 2111 2741 0
2190 2726 2204 2741 0
2287 2724 2303 2739 0
2385 2728 2397 2740 0
2477 2726 2493 2742 0
2574 2725 2588 2740 0
2668 2721 2685 2737 0
2764 2720 2780 2741 0
2933 2724 2949 2739 0
3030 2726 3043 2738 0
3125 2724 3139 2739 0
3218 2727 3232 2741 0
3315 2724 3330 2739 0
3412 2723 3427 2740 0
3505 2718 3522 2737 0
3601 2721 3618 2738 0

2094 3012 2110 3028 ο
2191 3012 2205 3026 0
2286 3015 2300 3029 0
2378 3010 2395 3027 ο
2474 3009 2491 3027 0
2569 3008 2588 3026 ο
2668 3011 2682 3027 0
2763 3008 2778 3025 0
2929 3010 2946 3025 0
3026 3013 3041 3029 0
3122 3012 3137 3026 0
3218 3010 3234 3024 0
3316 3008 3333 3026 ο
3412 3010 3427 3027 0
3509 3007 3524 3024 0
3604 3006 3621 3023 0

2094 3158 2107 3169 ο
2189 3155 2204 3171 0
2282 3156 2298 3172 0
2380 3158 2395 3173 0
2475 3154 2490 3170 0
2570 3155 2586 3171 0
2667 3156 2680 3169 0
2762 3148 2779 3169 0
2931 3155 2943 3168 ι
3026 3153 3041 3168 0
3122 3152 3138 3167 0
3215 3146 3233 3169 0
3312 3151 3328 3169 0
3406 3151 3425 3168 0
3505 3152 3523 3169 0
3601 3150 3618 3168 0

2092 3228 2107 3243 0
2188 3229 2202 3243 0
2284 3231 2299 3245 ο
2380 3226 2395 3244 0
2473 3225 2489 3242 0
2566 3225 2583 3245 0
2667 3228 2679 3240 ι
2758 3220 2777 3241 0
2930 3226 2944 3239 0
3026 3225 3041 3241 0
3118 3225 3135 3241 0
3215 3220 3230 3237 ο
3305 3226 3324 3242 0
3404 3220 3422 3243 0
3503 3221 3521 3240 0
3598 3227 3613 3243 ι

1694 3657 1927 3716 CODEX
1964 3660 2365 3719 BRIXIANUS.

379 3902 506 3945 runt
539 3893 690 3947 illum
724 3895 789 3947 ad
825 3896 1009 3949 Jesum
1039 3909 1095 3951 et
1117 3895 1457 3964 jactaverunt
1510 3898 1825 3950 vestimenta
1877 3914 1972 3952 sua

378 3979 543 4031 supra
594 3965 797 4031 pullum
845 3977 899 4020 et
930 3968 1287 4034 inposuerunt
1334 3966 1541 4022 Jesum.
1576 3968 1755 4023 Eunte
1790 3977 1971 4023 autent

381 4034 499 4088 illo.
528 4037 946 4092 substernebant
975 4038 1295 4093 vestimenta
1341 4056 1434 4092 sua
1489 4040 1543 4093 in
1599 4040 1706 4095 via.
1742 4039 1808 4094 Et
1850 4056 1973 4096 cum

379 4106 839 4177 adpropinquaret
885 4109 995 4179 jam
1054 4110 1121 4164 ad
1158 4109 1479 4165 descensum
1524 4112 1723 4165 montis
1753 4112 1969 4167 Oliveti.

377 4190 677 4252 coeperunt
703 4195 895 4235 omnes
942 4182 1131 4236 turbae
1160 4181 1481 4236 discentium
1532 4185 1828 4252 gaudentes
1861 4185 1975 4238 lau-

379 4248 510 4305 dare
542 4253 893 4325 Dentnuvoce
920 4269 1124 4325 magna
1172 4253 1237 4325 de
1279 4248 1765 4325 omnilius'qutbus
1819 4255 1970 4311 vide-

379 4332 502 4394 rant
535 4321 842 4394 virtutibus.
900 4321 1165 4380 dicentes.
1198 4324 1519 4380 Benedictus
1557 4321 1646 4394 qui
1683 4327 1824 4381 venit
1856 4325 1969 4381 Rex

377 4391 699 4468 in_uom_ine
751 4392 985 4468 Domini.
1040 4412 1141 4465 pax
1188 4398 1240 4450 in
1286 4395 1443 4468 caelo
1481 4408 1535 4452 et
1563 4391 1733 4468 gloria
1781 4399 1832 4452 in
1877 4413 1971 4452 ex—

376 4464 560 4521 celsis.
593 4464 661 4522 Et
704 4466 925 4538 quidam
964 4464 1379 4524 Pharisaeorum
1416 4467 1485 4524 de
1517 4464 1671 4525 tu'rba
1716 4469 1972 4525 dixerunt

2084 3754 2148 3809 ad
2179 3770 2323 3809 eum.
2356 3754 2614 3826 Magister
2644 3754 2862 3823 increpa
2891 3751 3171 3826 discipulis
3196 3750 3325 3807 tuis.
3376 3750 3445 3826 _Et
3470 3764 3694 3826 respon-

2082 3827 2215 3881 dens
2240 3829 2314 3881 ait
2337 3820 2467 3881 illis.
2494 3826 2626 3881 Dico
2650 3820 2825 3881 vobis.
2848 3825 2968 3895 quia
2998 3824 3041 3877 si
3096 3820 3146 3878 lii
3188 3820 3453 3895 tacuerint
3490 3821 3694 3887 lapides

2079 3897 2412 3953 clamabunt.
2450 3899 2513 3953 Et
2564 3908 2621 3951 ut
2664 3893 3115 3966 adpropinquavit
3158 3893 3346 3948 videns
3390 3895 3687 3950 civitatem.

2078 3968 2228 4024 ﬂevit
2281 3983 2444 4039 super
2479 3970 2624 4024 illam
2649 3969 2854 4023 dicens.
2884 3968 3017 4035 Quia
3050 3968 3093 4020 si
3125 3966 3509 4033 congnovisses
3545 3976 3596 4017 et
3629 3975 3691 4039 tu

2078 4043 2129 4095 in
2166 4043 2263 4094 huc
2290 4036 2377 4097 die
2404 4057 2556 4117 quae
2579 4053 2704 4094 sunt
2731 4042 2795 4094 ad
2831 4055 3012 4117 pacem
3043 4040 3156 4117 tibi.
3188 4054 3329 4117 nunc
3375 4046 3554 4117 autem
3592 4036 3691 4089 ali-

2080 4115 2321 4170 scondita
2357 4124 2481 4168 sunt
2511 4112 2577 4166 ab
2608 4114 2784 4168 oculis
2818 4112 2944 4165 tuis.
2989 4111 3109 4179 quia
3140 4112 3353 4164 venient
3381 4110 3495 4161 dies
3524 4110 3576 4159 in
3618 4120 3689 4161 te.

2082 4197 2133 4240 et
2160 4185 2571 4240 circumdnlmnt
2602 4191 2656 4240 te
2686 4184 2886 4238 inimici
2915 4182 2988 4237 tui
3017 4182 3156 4235 vallo
3199 4192 3253 4233 et
3280 4180 3589 4235 circuilmnt
3613 4188 3684 4232 te.

2080 4268 2135 4311 et
2166 4256 2490 4331 obsidebunt
2521 4255 2851 4331 teundique.
2901 4264 2955 4308 et
2996 4253 3060 4306 ad
3085 4264 3304 4331 __terram
3348 4257 3690 4331 prosternant

2081 4339 2133 4383 te
2165 4338 2220 4383 et
2247 4329 2385 4383 ﬁlius
2415 4340 2534 4383 tuos
2574 4328 2624 4382 in
2674 4322 2833 4382 tefet
2867 4341 2970 4380 non
3020 4324 3327 4395 relinquent
3380 4322 3433 4378 in
3467 4335 3516 4374 te
3546 4322 3682 4391 inpi-

2079 4402 2201 4457 dent
2230 4415 2393 4471 Super
2423 4399 2677 4471 lapidem.

1662 4580 1895 4641 CODEX
1933 4582 2401 4641 CORBEIENSIS.

446 4675 538 4732 54.
583 4675 843 4749 Dominus
873 4677 894 4709 ⁸
924 4693 1144 4749 operam
1172 4677 1290 4749 ejus
1311 4674 1605 4733 desiderat.

448 4749 537 4805 58.
578 4747 864 4804 dicentes:
909 4747 1394 4821 Benedictus,qui
1440 4751 1590 4804 venit
1635 4748 1689 4803 in
1744 4747 1965 4821 nomine

380 4820 591 4893 Domini
622 4821 977 4877 :beuedictus
1008 4822 1121 4877 Rex
1148 4840 1161 4875 :
1193 4837 1294 4893 pax
1322 4820 1380 4877 in
1411 4823 1588 4887 coelo,
1625 4831 1679 4876 et
1705 4820 1877 4890 gloria
1909 4822 1962 4875 in

377 4892 631 4951 excelsis.

448 4964 540 5021 39.
579 4962 853 5035 Magister,
876 4964 1093 5037 increpa
1125 4964 1269 5020 illos.

2142 4676 2233 4741 45.
2277 4670 2477 4731 inimici
2513 4672 2586 4727 tui
2613 4671 2635 4705 τ
2674 4670 2835 4735 vallo,
2867 4677 2923 4725 et
2943 4664 3311 4725 circumibunt
3333 4672 3406 4720 te.
3438 4669 3492 4719 et
3535 4662 3681 4718 obsi-

2072 4748 2277 4803 delmnt
2300 4756 2350 4801 te
2374 4745 2515 4800 vallo
2538 4743 2793 4814 undique.

2142 4818 2234 4875 44.
2275 4830 2330 4874 et
2374 4818 2439 4872 ad
2468 4827 2664 4872 terram
2690 4805 2733 4848 ’⁸
2780 4822 3126 4890 prosternent
3152 4820 3222 4864 te.
3258 4805 3395 4890 Ibid.
3441 4822 3546 4861 non
3592 4821 3683 4862 re-

2073 4893 2317 4964 linquent
2357 4890 2588 4964 lapidem
2627 4884 2795 4959 super
2819 4886 3050 4958 lapidem
3092 4884 3143 4938 in
3177 4890 3229 4937 te
3261 4884 3529 4935 universe.

1595 5076 1989 5135 VARIANTES
2028 5073 2436 5132 LECTIONES.

442 5176 457 5205 ι
498 5173 606 5223 Gat.
632 5172 817 5235 pullum
839 5172 896 5237 ad
920 5172 946 5220 J
955 5186 1108 5223 esum.
1142 5174 1288 5237 Vulg.
1310 5173 1443 5223 illum
1466 5172 1524 5223 ad
1544 5173 1734 5223 Jesum.

441 5238 461 5267 ³
498 5237 603 5285 Gat.
630 5233 803 5285 turbae
828 5233 1508 5295 discedendum..Ividebant.
1538 5240 1656 5287 Mm.
1676 5236 1850 5286 turbae
1875 5233 1975 5283 dis-

314 5312 317 5317 '
376 5297 633 5363 cedentes.
675 5297 815 5363 Vulg.
842 5298 1017 5363 turbae
1039 5298 1445 5363 discipulorum...
1474 5300 1713 5363 viderant.

442 5362 462 5393 ³
496 5367 605 5420 oat.
629 5356 829 5424 quidam
867 5360 931 5425 de
969 5360 1143 5410 turbis.
1166 5356 1298 5411 'Mm.
1322 5362 1385 5412 de
1418 5363 1578 5412 turba.
1611 5360 1757 5425 Vulg.
1782 5356 1977 5423 quidam

377 5424 725 5475 Pbariseorum
744 5425 809 5473 de
836 5424 1009 5474 turbis.

2142 5170 2165 5201 δ
2198 5170 2318 5218 Mm.
2342 5165 2616 5230 etquidem
2639 5163 2699 5230 si.
2723 5159 2881 5230 γαίῃ.
2907 5164 2967 5230 et
2980 5158 3198 5230 quidem.

2143 5232 2164 5263 ⁸
2203 5230 2310 5280 σαι.
2333 5223 2471 5287 ﬁlios,
2499 5229 2599 5289 qui.
2638 5223 2783 5289 Vulg.
2815 5223 2939 5289 titius
2957 5228 3083 5289 tuos,
3111 5223 3213 5284 qui.

2146 5294 2168 5324 ⁸
2204 5294 2321 5342 Mm.
2371 5286 2703 5340 necessarium
2729 5286 2841 5337 eum
2865 5286 3037 5335 habet.

2146 5358 2165 5387 ⁷
2202 5357 2307 5404 Gut.
2338 5353 2481 5411 fossa,
2503 5359 2571 5402 et.

2146 5416 2168 5449 ³
2204 5420 2320 5469 Mm.
2355 5421 2598 5466 sternent.

1059 5534 1349 5575 LECTIOVES
1367 5535 1573 5575 CODlClS
1601 5531 2007 5575 VINDEBONENSIS
2039 5527 2313 5570 ABEUNTES
2341 5528 2405 5566 AB
2436 5522 2688 5564 EDITIOSE
2718 5518 2990 5560 VULGATA.

439 5612 520 5660 δι.
546 5611 617 5661 Ad
644 5613 713 5662 illi
751 5612 981 5661 dixerunt
1007 5626 1018 5660 :
1054 5611 1294 5663 Domlnus
1329 5624 1529 5674 operam
1556 5611 1663 5674 ejus
1704 5608 1970 5661 desiderat;

437 5678 517 5726 35.
556 5674 970 5741 induxerunt”:
1000 5683 1051 5725 et
1083 5677 1471 5741 iactaverunt,"
1514 5690 1668 5735 super
1692 5675 1893 5741 pullum,
1922 5681 1976 5725 et

378 5739 734 5802 imposuerunt.
799 5737 878 5791 36.
922 5737 1132 5791 Euutem
1174 5748 1339 5789 autem
1383 5737 1483 5791 illo.
1547 5741 1627 5791 57.
1662 5737 1975 5802 appropiaret

378 5800 479 5866 jam
503 5800 619 5866 ad...
649 5809 922 5863 coeperunt
955 5816 1127 5852 omnes
1162 5804 1334 5853 turbae
1378 5804 1653 5866 gaudentes
1692 5801 1911 5866 laudare.

382 5863 457 5921 δε.
485 5865 713 5923 dicentes
750 5878 760 5915 :
803 5867 887 5931 qui
911 5866 1047 5919 venit
1080 5869 1128 5919 in
1164 5862 1418 5919 nomineL
1455 5865 1743 5923 benedictus
1786 5862 1911 5925 Rex.

2081 5607 2162 5659 39.
2185 5610 2384 5667 increpa
2411 5604 2535 5655 illos.
2602 5603 2679 5652 40.
2701 5602 2887 5667 Quibus
2904 5591 3219 5667 al_t_(pntissis.
3364 5589 3517 5667 vobis,
3539 5588 3679 5667 quia)

2082 5650 2555 5721 ;."t.‘c';t;.;.;t."‘n.
2593 5650 2911 5728 amaram.
2942 5650 3094 5728 ιρίάκ
3115 5657 3246 5705 deest
3280 5655 3465 5728 ἀίςςειςο
3500 5650 3679 5728 12:81

2082 5713 2462 5796 Ehgﬁaiiééégut
2484 5713 2715 5793 equidem
2741 5713 2789 5777 in
2816 5722 3022 5796 Itac_die‘
3040 5720 3096 5796 ad
3137 5716 3415 5796 pacemntibi
3432 5713 3680 5796 haustum-1:-

2082 5777 2598 5847 aifa'."'ir§.'béési"et
2643 5777 3149 5851 coangustabunttef
3194 5780 3269 5851 ιι.
3296 5778 3419 5830 ﬁlios
3441 5777 3525 5841 qui
3551 5777 3596 5825 in
3626 5781 3677 5851 re

2082 5836 2956 5921 Eii-Ti...Z'i.5u'izudquéiti‘ii’pnem
2980 5849 3028 5901 tu
3053 5853 3104 5904 te.
3129 5846 3383 5911 Universa;
3426 5836 3487 5894 eo
3524 5836 3674 5913 quod.
