4054 6198
380 328 484 392 677
1129 336 1149 353 “
1436 326 1889 397 amusement
1931 338 2304 399 secunouu
2344 318 2598 399 tacut.
3568 344 3673 402 678

773 453 1005 513 CODEX
1036 453 1581 514 VERCELLENSIS.
2506 452 2737 512 CODEX
2766 453 3221 513 VERONENSIS.

375 547 458 602 ius
484 547 653 605 frater
1212 566 1351 605 rem.
1470 594 1477 597 .

376 630 625 677 mortuus
1212 624 1301 677 3t.
1337 621 1481 676 Dixit
1504 619 1613 677 illis
1641 620 1801 680 Iesus
1827 638 1839 675 :

374 690 555 757 fuerit,
590 692 795 750 habens
1212 693 1329 748 Filii
1363 692 1525 762 hujus
1554 708 1667 750 sae-
1852 736 1855 743 .
1946 734 1951 739 ι

2079 727 2093 743 0
2175 730 2190 745 0
2270 733 2285 747 ο
2365 732 2378 745 0
2461 732 2476 747 ο
2556 731 2572 745 0
2650 731 2665 746 0
2746 729 2763 746 0
2912 732 2926 747 0
3008 730 3023 744 ο
3104 732 3117 745 ι
3198 732 3215 750 0
3295 731 3312 748 0
3390 731 3405 747 0
3486 733 3501 749 0
3580 735 3595 750 0

372 778 619 835 uxorem,
646 775 703 819 et
1211 765 1316 821 culi
1348 780 1512 835 gene-

373 834 460 888 ltic
496 836 639 891 ﬁlios
1212 834 1430 897 rant,et
1451 851 1618 907 gene-

373 921 481 961 non
512 907 715 963 habue-
1212 918 1424 974 rantur,
1458 924 1556 963 nu-

372 977 464 1043 rit,
496 987 555 1033 ut
576 980 721 1034 aeci-
1210 978 1367 1046 bunt,
1398 989 1453 1034 et
1479 980 1691 1036 nubun-

369 1051 486 1123 Pial
512 1049 680 1107 frater
1208 1052 1300 1107 55.
1336 1062 1422 1123 tur
1447 1068 1462 1117 ;
1492 1052 1583 1123 qui
1609 1060 1790 1109 autem

365 1121 512 1176 illius
543 1138 672 1177 uxo—
1207 1122 1353 1192 digni
1382 1121 1583 1180 fuerint

367 1208 483 1248 rem
515 1194 655 1262 ejus.
1208 1195 1485 1250 saeculunt
1940 1232 1949 1239 .

367 1275 423 1319 et
456 1267 691 1322 resusei-
1207 1266 1362 1322 illum
1391 1267 1554 1321 attin-

368 1345 445 1391 tet
474 1335 627 1392 fratri
1205 1352 1334 1407 gere
1366 1339 1418 1392 in
1448 1352 1534 1393 re-

365 1424 466 1461 suo
495 1424 707 1464 semen.
1206 1410 1501 1466 surrectio—

364 1478 455 1535 29.
490 1479 711 1551 Septem
741 1480 849 1539 fra-
1205 1495 1329 1536 nem
1358 1496 1388 1536 a
1411 1496 1557 1535 mor-

366 1560 473 1607 tres
505 1563 659 1607 erant
688 1570 702 1618 ;
1204 1554 1337 1618 tuis,
1371 1568 1481 1607 nou
1515 1568 1615 1607 nu-

2078 1592 2091 1605 0
2171 1590 2187 1606 0
2267 1590 2284 1608 ο
2362 1591 2377 1608 ο
2457 1591 2472 1608 0
2553 1592 2567 1607 ο
2646 1593 2663 1609 ο
2741 1594 2758 1611 ο
2912 1596 2927 1609 0
3006 1593 3021 1607 0
3100 1592 3117 1609 ο
3196 1590 3212 1607 ο
3292 1594 3308 1611 0
3385 1593 3401 1610 0
3481 1595 3497 1610 0
3577 1594 3591 1611 0

368 1622 713 1693 etpriorac-
1204 1623 1685 1691 bunt,nec‘uu—
2076 1660 2092 1677 .
2173 1663 2187 1676 .
2268 1666 2284 1679 .
2364 1664 2380 1680 .
2459 1663 2474 1680 .
2555 1665 2571 1679 .
2648 1663 2664 1679 .
2748 1667 2763 1682 .
2914 1669 2926 1682 .
3009 1665 3023 1679 .
3102 1667 3117 1680 .
3198 1664 3211 1677 .
3290 1665 3309 1682 .
3388 1666 3403 1681 .
3483 1666 3501 1682 .
3580 1666 3597 1683 .

362 1695 781 1765 cepituxorem,
1200 1695 1751 1752 36.buntur:'nec
1936 1742 1939 1745 γ
2079 1733 2092 1747 .
2174 1736 2186 1747 .
2270 1736 2282 1748 .
2364 1737 2377 1749 .
2460 1738 2473 1751 .
2556 1735 2569 1749 .
2651 1735 2667 1750 .
2747 1738 2760 1751 .
2912 1742 2925 1754 .
3006 1737 3021 1753 .
3104 1736 3117 1749 .
3197 1735 3212 1750 .
3293 1736 3309 1754 .
3387 1737 3402 1755 .
3482 1738 3500 1754 .
3580 1739 3598 1757 .

361 1775 416 1821 et
442 1766 678 1822 decessit
710 1771 726 1799 ί
753 1769 843 1823 εἰ-²
1200 1769 1343 1822 enim
1371 1768 1478 1837 jam

362 1837 449 1893 30.
486 1854 553 1893 ne
585 1838 730 1895 ﬁliis.
772 1840 843 1897 Et
861 1854 948 1898 se-
1197 1841 1446 1894 morituri

2074 1876 2089 1890 ο
2171 1880 2184 1892 0
2265 1878 2279 1893 ο
2361 1878 2375 1893 0
2454 1880 2470 1897 ο
2555 1879 2569 1894 ι
2649 1878 2665 1894 0
2745 1881 2762 1899 ο
2913 1885 2926 1897 0
3008 1882 3023 1895 ι
3104 1880 3120 1895 0
3197 1876 3214 1894 0
3293 1880 3309 1895 0
3388 1879 3404 1899 ο
3483 1880 3500 1899 0
3576 1882 3597 1899 Δ

361 1925 531 1978 quens
557 1926 715 1967 acee-
1198 1921 1325 1966 sunt
1350 1928 1366 1976 ;
1396 1926 1595 1980 aequa-

361 1982 437 2049 pit
466 1997 611 2054 eam,
643 1992 698 2037 et
725 1984 806 2054 ip-
1202 1983 1280 2039 Ies
1309 1986 1454 2038 enim
1482 1983 1593 2037 An-

360 2067 417 2125 se
446 2053 687 2125 decessit
714 2053 783 2110 si-
1198 2054 1337 2125 gelis
1358 2065 1486 2108 sunt.
1516 2054 1631 2122 Dei,

359 2124 448 2179 31.
484 2141 551 2178 tte
576 2124 725 2183 ﬁliis.
755 2126 881 2183 Ter~
1200 2124 1481 2183 resurrec-

361 2196 464 2253 tius
494 2197 689 2253 simili-
1201 2197 1363 2253 tionis
1396 2198 1492 2253 lilii
1523 2212 1649 2253 cum
2076 2235 2089 2248 .
2170 2238 2185 2251 .
2264 2237 2279 2252 .
2361 2240 2375 2252 .
2458 2239 2469 2251 .
2553 2236 2569 2251 .
2648 2237 2664 2253 .
2744 2241 2759 2256 .
2913 2242 2927 2256 .
3008 2238 3022 2253 .
3102 2238 3116 2253 .
3199 2237 3213 2251 .
3293 2238 3309 2253 .
3384 2238 3403 2256 .
3483 2240 3496 2253 .
3579 2241 3593 2256 .

361 2279 462 2332 ter,
495 2266 573 2341 (ο)
600 2268 832 2341 (autem)
857 2278 914 2329 et
1200 2269 1334 2325 sint.
1646 2269 1657 2281 '

362 2350 568 2407 septem
595 2357 613 2406 ;
640 2350 695 2396 et
724 2358 832 2401 non
1198 2341 1289 2395 37.
1334 2342 1354 2371 ⁸
1381 2341 1517 2410 Quia
1544 2348 1727 2396 autem
1756 2355 1876 2398 sur-

358 2411 697 2482 reliqueruut
1198 2421 1333 2481 gunt
1361 2413 1582 2481 mortui,
1648 2460 1649 2463 η

359 2483 552 2556 ﬁlium,
583 2492 640 2538 et
667 2484 763 2541 de-
1198 2483 1414 2556 Moyses
1435 2485 1533 2539 de-

360 2553 525 2611 tuncti
552 2566 699 2611 sunt.
1200 2553 1525 2610 monstravit

357 2625 447 2680 32.
479 2625 589 2681 Sed
619 2638 673 2681 et
702 2626 861 2683 muli-
1199 2627 1393 2683 vobis:
1428 2627 1561 2682 dicit
1588 2624 1657 2682 de

357 2697 446 2752 53.
478 2712 538 2753 er
569 2699 611 2753 ³.
643 2698 702 2753 lu
730 2714 911 2759 resur—
1198 2699 1337 2753 rubo
1364 2716 1377 2751 :
1408 2699 1694 2753 Dominum
1728 2697 1892 2755 Deum

358 2771 745 2837 rectione,cu—
1197 2769 1714 2836 Abraham,Deum
2074 2809 2089 2823 .
2170 2806 2185 2822 .
2267 2812 2279 2823 .
2361 2812 2376 2826 .
2456 2811 2473 2827 .
2551 2810 2565 2824 .
2649 2815 2660 2826 .
2744 2816 2762 2832 .
2911 2814 2925 2829 .
3008 2810 3023 2825 .
3101 2812 3115 2824 .
3196 2812 3213 2827 .
3291 2810 3307 2827 .
3386 2813 3403 2832 .
3484 2810 3498 2828 .
3578 2812 3595 2830 .

354 2838 442 2910 jus
473 2857 661 2899 eorum
1196 2840 1335 2907 Isac,
1365 2851 1422 2898 et
1446 2842 1613 2897 Deum
1644 2839 1741 2895 Ja-

358 2914 463 2968 erit
498 2913 679 2971 uxor?
1198 2914 1289 2967 58.
1331 2914 1454 2969 cob.
1484 2912 1598 2969 Non
1632 2920 1719 2968 est

2075 2953 2090 2967 ο
2173 2952 2186 2965 0
2266 2957 2278 2968 ο
2362 2955 2374 2967 ο
2456 2953 2471 2970 ι
2552 2954 2568 2970 ο
2649 2951 2665 2969 0
2744 2954 2762 2971 ο
2914 2956 2928 2971 ο
3009 2953 3023 2968 0
3103 2954 3116 2968 0
3196 2956 3211 2971 ο
3294 2955 3309 2975 ο
3389 2956 3405 2971 0
3483 2953 3498 2969 ο
3581 2956 3593 2971 0

360 2982 381 3013 ³
410 2984 629 3053 Septem
659 2986 805 3043 enim
1200 2984 1341 3042 Deus
1364 2994 1609 3040 mortuo-

362 3056 668 3112 habuerunt
1199 3071 1346 3122 rum,
1377 3057 1472 3113 sed
1496 3055 1575 3113 vi-

363 3126 505 3182 illam
540 3142 673 3184 uxo—
1202 3131 1444 3186 ventium
1471 3146 1485 3183 :
1516 3145 1635 3184 om-

1682 3240 1917 3299 CODEX
1954 3240 2347 3298 BlileANUS.

365 3339 529 3393 frater
583 3337 812 3407 alicujus
868 3345 1116 3403 mortuus
1168 3336 1353 3392 fuerit.
1434 3336 1641 3393 habens
1715 3351 1962 3393 uxorem.
2068 3343 2195 3389 runt
2239 3350 2358 3388 eam
2402 3349 2635 3407 uxorem
2656 3334 2727 3395 Et
2750 3334 2824 3391 ait
2857 3334 2965 3407 illis
2994 3333 3172 3390 Jesus.
3205 3335 3330 3403 Filii
3359 3337 3521 3405 hujus
3550 3351 3672 3395 sae-

364 3421 415 3466 et
442 3412 529 3465 hic
557 3410 675 3465 sine
699 3408 823 3464 ﬁliis
878 3410 1041 3464 fuerit
1095 3410 1405 3464 defunctus.
1462 3420 1517 3462 ut
1556 3408 1790 3477 accipiat
1839 3422 1961 3461 eam
2067 3406 2415 3479 ettli_nubunt
2439 3415 2497 3469 et
2525 3406 2905 3479 traduttturad
2936 3409 3167 3475 nuptias.
3201 3408 3277 3461 illi
3305 3424 3436 3467 vero
3466 3408 3555 3479 qui
3582 3408 3669 3465 di-

363 3481 529 3537 l’rater
582 3481 701 3552 ejus
754 3494 1001 3535 uxorem.
1038 3488 1094 3535 et
1147 3482 1374 3536 suscitet
1428 3495 1616 3537 semen
1640 3476 1792 3552 fratri
1836 3492 1957 3533 suo.
2068 3478 2154 3552 gui
2186 3476 2525 3534 habebuntur
2549 3478 2770 3535 saeculo
2798 3478 2891 3531 illo
2912 3487 2967 3532 et
2996 3480 3400 3552 resurrecsione
3426 3476 3499 3535 ei
3524 3495 3671 3539 mor-

364 3554 581 3621 Septem
611 3549 754 3625 ergo
800 3552 997 3607 fratres
1040 3562 1226 3625 erant.
1260 3563 1315 3607 et
1344 3552 1547 3625 primus
1588 3551 1798 3621 accepit
1823 3565 1961 3625 uxo-
2073 3550 2179 3625 tuis
2202 3564 2375 3614 neque
2401 3552 2629 3607 nubunt.
2664 3564 2837 3625 neque
2854 3564 3051 3625 uxores
3069 3549 3290 3625 ducunt.
3323 3566 3496 3625 neque
3520 3552 3665 3625 enim

365 3619 473 3678 rem
498 3634 554 3681 et
579 3619 826 3680 mortuus
875 3632 960 3679 est
1006 3624 1123 3677 sine
1160 3624 1305 3677 liliis.
1348 3622 1413 3685 Et
1470 3619 1962 3691 sequens—accepit
2071 3620 2207 3691 ultra
2265 3629 2517 3688 pcteruut
2564 3620 2720 3679 mori.
2756 3619 2961 3676 similes
3007 3623 3151 3675 enim
3188 3633 3312 3676 sunt
3362 3622 3587 3691 Angelis
3616 3631 3671 3677 et

365 3696 504 3749 illam
554 3705 611 3752 et
663 3697 778 3765 ipse
822 3705 1064 3749 mortuus
1117 3704 1201 3749 est
1256 3694 1373 3761 sine
1445 3690 1589 3747 ﬁliis.
1662 3693 1725 3746 Et
1770 3693 1961 3747 tertius
2069 3690 2163 3745 ﬁlii
2195 3702 2319 3743 sunt
2351 3691 2443 3746 Dei
2487 3706 2609 3765 cum
2641 3691 2872 3765 sinttilii
2905 3693 3338 3749 resurrectionis.
3381 3690 3516 3751 Nam
3541 3692 3669 3763 quia

365 3770 569 3836 accepit
616 3763 762 3823 illam
836 3766 1097 3821 Similiter
1140 3778 1194 3820 et
1245 3778 1435 3831 omnes
1480 3777 1686 3836 septem
1730 3772 1795 3836 _et
1851 3779 1958 3829 non
2066 3772 2353 3836 resurgunt
2401 3763 2606 3836 mortui
2657 3770 2713 3819 et
2763 3763 2977 3835 Moyses
3023 3765 3261 3820 OSteudit
3309 3765 3449 3823 sicut
3500 3765 3667 3832 dixit,

370 3833 738 3904 relitt’querunt
780 3854 965 3892 semen
999 3848 1051 3893 et
1102 3836 1297 3891 ntortui
1349 3846 1495 3891 sunt.
1530 3833 1831 3889 Novissima
1864 3850 1960 3887 au-
2066 3833 2174 3888 vidi
2231 3834 2283 3887 in
2332 3834 2469 3887 rubo
2514 3834 2800 3891 Dominum
2857 3833 3024 3889 Deum
3079 3836 3373 3893 Abraham.
3420 3846 3475 3897 et
3504 3838 3668 3894 Deum

368 3919 469 3965 tem
522 3911 759 3965 omnium
802 3920 1009 3964 mortua
1060 3917 1143 3963 est
1163 3919 1217 3962 et
1236 3909 1447 3963 mulier.
1479 3907 1537 3962 lu
1557 3906 1958 3961 resurrectione
2065 3904 2234 3960 Isaac.
2266 3916 2319 3959 et
2344 3905 2509 3960 Deum
2528 3905 2697 3961 Jacob
2727 3907 2866 3961 Deus
2893 3917 3198 3963 autemnon
3222 3917 3305 3964 est
3332 3920 3670 3965 mortuorum

296 3978 305 3985 ’
366 3998 510 4053 ergo.
564 3983 715 4053 cujus
744 3998 931 4037 eorum
977 3983 1078 4036 erit
1130 3994 1286 4035 uxor.
1327 3982 1544 4049 Septem
1582 3980 1727 4035 enim
1757 3978 1961 4033 habue-
2064 3977 2159 4032 sed
2193 3978 2457 4031 vivorum.

1648 4094 1876 4152 CODEX
1919 4093 2389 4152 CORBEIENSIS.

433 4192 523 4267 §0.
568 4191 859 4267 Qmiuitur.
1094 4264 1104 4267 _
1390 4263 1438 4267 μ
1505 4264 1515 4267 _
1549 4265 1558 4267 _
2068 4191 2495 4267 surrectionis...
2518 4208 2693 4255 neque
2713 4194 2941 4260 nubunt,
2971 4210 3145 4267 neque
3173 4196 3470 4263 nubuntur,
3498 4211 3674 4267 neque

432 4265 523 4320 3|.
566 4262 635 4319 Et
680 4264 869 4319 tet-tius
924 4264 1131 4333 accepit
1170 4264 1340 4321 illam.
1385 4263 1650 4327 Similiter
1681 4274 1735 4323 et
1776 4277 1965 4323 omnes
2071 4262 2278 4318 ducunt
2304 4280 2521 4321 uxores.

364 4349 571 4405 septem
606 4350 709 4390 neu
744 4335 1085 4403 reliquerunt
1121 4336 1281 4393 ﬁlios.
2140 4335 2230 4391 56.
2274 4334 2458 4405 Neque
2487 4338 2630 4391 enim
2664 4336 2994 4401 morientur;
3025 4354 3147 4393 nam
3177 4350 3304 4395 sunt
3329 4339 3538 4394 similes
3559 4340 3669 4396 An-

434 4408 526 4463 52.
570 4408 589 4439 ⁷
634 4406 939 4463 Novissime
981 4417 1089 4464 etc.
2068 4406 2206 4477 gelis
2242 4406 2374 4473 Dei,
2407 4410 2530 4477 quia
2564 4409 2983 4463 resurrectionis
3008 4408 3099 4465 ﬁlii
3130 4423 3276 4465 suttt.

432 4478 523 4553 ξᾷ.
554 4476 866 4553 Filiihujus
888 4479 1089 4553 saeculi
1118 4479 1140 4553 ἐ
1166 4486 1519 4553 generantur,
1534 4489 1591 4553 et
1616 4490 1874 4553 generant
1896 4477 1957 4548 ἰη
2140 4479 2231 4553 57.
2262 4476 2527 4553 Quoniam
2551 4495 2680 4553 vero
2696 4490 2986 4553 resurgunt
3006 4484 3223 4553 mortui,
3248 4482 3462 4553 Moyses
3490 4494 3675 4539 osten-

433 4551 523 4607 55.
566 4562 621 4607 at
650 4550 727 4618 lii,
753 4553 844 4621 qui
873 4550 1021 4622 digni
1049 4550 1317 4607 habentur
1345 4550 1549 4611 saeculi
1574 4552 1741 4617 illius,
1776 4559 1834 4613 et
1877 4566 1964 4606 re-
2069 4548 2169 4614 dit,
2191 4552 2478 4619 sicutdixit
2499 4569 2511 4606 :
2532 4551 2637 4607 vidi
2661 4550 2714 4607 iu
2730 4548 3168 4609 I'DDDDOIIliDUIII
3187 4548 3356 4611 Deum
3375 4556 3669 4613 Abraham.

1617 4669 2012 4732 VARIANTES
2050 4667 2347 4727 LECTION
2355 4668 2453 4727 ES.

426 4771 443 4802 ⁸
479 4771 591 4833 Gal.
612 4774 657 4820 et
682 4771 799 4821 Mm.
827 4770 935 4833 sine
958 4768 1084 4821 ﬁliis.
1118 4766 1263 4833 Vulgi.
1290 4767 1399 4833 sine
1423 4766 1541 4818 ﬁlio.
2077 4758 2158 4833 ﬁli}
2182 4768 2315 4833 sunt.
2332 4822 2362 4833 Α
2408 4824 2416 4833 ι

424 4833 445 4863 ³
484 4819 593 4884 Cat.
619 4836 663 4882 et
685 4819 805 4882 illvm.
828 4819 1060 4881 defuncta
1084 4819 1177 4880 eet.
1210 4819 1353 4893 iulg.
1383 4839 1573 4893 mortua
1598 4834 1690 4893 est.
2134 4819 2154 4851 ⁶
2189 4820 2299 4893 ϐαι.
2327 4822 2449 4883 Quia
2474 4835 2597 4877 vero
2620 4828 2890 4889 resurgant
2926 4829 3135 4888 mortui,
3160 4824 3371 4893 Moyses.
3398 4829 3519 4881 Mm.
3546 4828 3668 4889 Quia

427 4895 449 4961 ξ
482 4897 603 4944 Mm.
628 4908 801 4945 omnes
828 4897 958 4943 enim
982 4895 1279 4944 habuerunt.
1308 4890 1462 4956 Vulg.
1501 4891 1747 4955 siquidem
1770 4896 1967 4953 septem
2070 4898 2226 4961 vere,
2400 4950 2443 4961 η
2633 4951 2642 4961 _
2702 4952 2711 4961 '

366 4957 653 5007 habuerunt
1414 4950 1435 4956 ’
1563 4950 1578 4955 ⁷
1832 4950 1844 4953 “
2134 4950 2153 4980 ⁷
2190 4950 2296 4999 ϐαι.
2322 4955 2368 5001 et
2394 4950 2509 4999 Mm.
2534 4951 2813 4999 novissima.

431 5021 453 5051 ⁸
490 5020 596 5069 σαι.
620 5020 865 5070 nubunt...
896 5022 1014 5069 Mm.
1033 5020 1251 5081 nubunt,
1280 5032 1444 5081 neque
1466 5017 1661 5066 ducunt.
1697 5011 1842 5083 Vulg.
1879 5029 1967 5064 ne-
2133 5008 2155 5043 ⁸
2191 5010 2271 5061 Ita
2296 5014 2401 5083 Gut.
2429 5008 2601 5083 primis
2624 5014 2789 5083 curis,-
2814 5011 3049 5083 gcundis
3080 5020 3239 5067 autem
3274 5014 3408 5083 curis
3430 5053 3444 5081 ,
3468 5020 3667 5083 tradun-

364 5096 465 5146 que
492 5083 698 5141 nubent,
720 5096 885 5145 neque
909 5083 1087 5133 ducent
1112 5076 1313 5132 uxores.
1365 5076 1376 5081 ’
1423 5144 1432 5146 _
1794 5076 1813 5083 '
2073 5082 2171 5146 tur,
2201 5084 2254 5124 et
2276 5076 2463 5125 nubunt
2486 5076 2544 5125 ad
2571 5078 2777 5137 nuptias.
2806 5078 2923 5146 Hm.
2961 5077 3168 5141 nubent,
3193 5084 3247 5129 et
3276 5076 3475 5132 tradent
3500 5081 3557 5131 ad
3582 5096 3675 5132 nu-

429 5147 450 5177 ⁵
487 5147 596 5195 Cat.
622 5152 666 5193 et
687 5139 817 5195 Hm.
837 5158 1003 5207 neque
1043 5146 1166 5194 ultra
1188 5146 1285 5205 jam
1314 5144 1437 5207 mori
1470 5148 1725 5205 poterunt;
1746 5148 1862 5207 sunt
1888 5156 1971 5191 au-
2074 5139 2217 5200 ptias,
2240 5146 2544 5200 generantur
2570 5146 2623 5188 et
2644 5145 2909 5200 generant.

366 5213 467 5257 tem
492 5208 677 5257 similes
699 5206 933 5271 Angelis,
970 5216 1023 5257 et
1045 5208 1129 5257 ﬁlii
1164 5216 1279 5256 sunt
1312 5206 1403 5255 Dei
1421 5246 1435 5269 ,
1460 5207 1574 5268 quia
1600 5206 1975 5255 resurrectionis

1072 5304 1362 5345 LECTIONES
1393 5302 1599 5347 CODICIS
1622 5302 2030 5345 VIXDEDONENSIS
2049 5298 2326 5346 ΔΙΕΙΙΝΤΕΒ
2347 5303 2412 5349 ΑΙ
2442 5303 2692 5344 EDITIONE
2720 5304 2984 5346 νυιῦΑτΑ.

428 5384 507 5453 ξε).
531 5385 734 5453 Septem
762 5395 883 5453 ergo
922 5381 1162 5453 fratres...
1185 5379 1433 5453 sineﬁlio.
1501 5379 1804 5453 sanat-cepit
1829 5393 1962 5453 eam,
2072 5389 2133 5453 et
2169 5382 2548 5453 resurrectionis
2588 5396 2650 5453 ett
2692 5384 2960 5439 mortuis...
2988 5399 3163 5453 neque
3192 5388 3375 5453 ducunt
3400 5404 3586 5449 uxores

367 5452 419 5495 ει
445 5439 617 5516 ipso“:
639 5439 894 5516 gingiuis.
963 5442 1044 5494 31.
1078 5443 1206 5516 Non‘
1230 5440 1537 5516 reliquerunt
1583 5439 1748 5516 ﬁliosf-
1768 5439 1969 5506 reliquis
2072 5441 2151 5516 56.
2174 5440 2349 5505 Neque
2374 5445 2503 5516 enim
2525 5446 2815 5516 morientur;
2843 5439 3107 5516 nam_sutit
3125 5439 3535 5515 simiiesingelis
3554 5439 3666 5516 Dei,

363 5502 571 5579 omissis.
638 5510 726 5579 52..
740 5510 901 5579 Deest,
913 5516 1114 5579 mortua
1299 5506 1378 5579 55..
1404 5502 1457 5579 In
1483 5506 1851 5579 resurrectione
1872 5502 1963 5556 eu-
2068 5510 2189 5579 quia
2208 5502 2586 5579 resurrectionis
2609 5507 2696 5579 ﬁlii
2730 5502 2864 5579 sunt.
2931 5511 3017 5579 ξι..
3038 5513 3270 5579 Quoniam
3314 5502 3436 5579 vero
3460 5502 3672 5579 surgqu

359 5571 444 5633 jus
467 5586 634 5639 θοι-ψῃ
658 5573 754 5639 git
774 5562 935 5639 uxori?
954 5570 1161 5639 Semen!
1185 5569 1319 5639 enim
1359 5566 1632 5639 habuerunt
1668 5566 1797 5639 illam
1834 5580 1963 5639 uxof
2069 5562 2266 5639 mortui,
2292 5562 2485 5634 Moyses
2508 5562 3079 5624 ostendit...sicutdieit‘:
3105 5562 3666 5638 DotttinUIItDeum,°etc:

366 5630 492 5683 rem.
556 5633 638 5691 34.
666 5632 971 5698 Ειλίδίιίίιιιεε
997 5631 1107 5687 Filii
1148 5630 1511 5698 hujusaaeculi
1548 5638 1879 5698 generantur.
1910 5638 1964 5683 et
2067 5634 2148 5682 58.
2178 5630 2315 5698 Deus
2353 5630 2519 5698 autem
2562 5642 2865 5688 mortuorum
2888 5649 2986 5688 non
3024 5644 3137 5698 est,
3163 5639 3251 5689 sed
3277 5640 3496 5695 vivorum
3520 5630 3662 5693 εόιιι-

366 5703 629 5758 generant.
695 5696 775 5751 ω.
801 5696 851 5753 ω
865 5701 1053 5755 uitem,
1078 5693 1162 5759 qui
1180 5692 1321 5757 digni
1338 5692 1582 5753 habentur
1602 5692 1787 5745 uecuﬁ
1811 5692 1963 5755 illius,
2068 5707 2161 5745 nea
2183 5695 2315 5747 enim
2337 5695 2407 5747 illi
2430 5696 2615 5751 vivunt.

1701 5798 2068 5865 DLANCHINI
2105 5798 2338 5869 ΝΟΜ).

441 5895 520 5969 (α)
553 5894 805 5955 Abundat
836 5905 1036 5954 autem.
