2027 3099
212 180 265 208 683

409 237 526 266 CODEX
543 236 814 266 VERCELLENSIS.

634 284 716 318 tibus,
731 289 759 312 et
772 284 829 311 lac-

633 321 753 349 tantibus

634 356 661 383 in
675 357 729 384 illis
742 356 857 384 diebus:

634 392 686 419 erit
699 392 817 420 necessi-

635 431 675 454 tas
688 436 785 463 magna

631 471 714 498 super
727 469 838 495 terram,

632 504 659 526 el
672 500 711 527 ira
728 506 814 534 popu-

630 534 676 561 24.
699 535 725 562 lo
741 534 827 562 huic:
846 537 874 562 et
886 541 931 562 ca-

630 569 695 597 dent
710 570 737 597 in
754 578 801 597 ore

629 605 722 640 gladii,
736 611 763 633 et
773 613 838 641 cap-

630 641 677 668 tivi
692 642 793 669 ducen-

212 285 239 312 ni
264 288 353 312 autem
373 289 400 312 et

211 328 226 347 θ
244 320 399 355 parentibus
407 342 414 354 ,

211 360 239 383 et
252 356 384 391 cognatis,

209 396 236 418 ct
249 391 342 419 amicis
355 401 361 418 :
378 396 405 420 et

208 427 290 454 morti
304 427 372 454 adti—

210 463 285 489 cient
297 470 331 490 ex
347 470 396 491 vo-

208 498 254 526 17.
275 498 332 531 bis;
348 503 375 526 et
387 499 463 527 eritis

206 534 270 561 odio
284 535 292 550 ί
306 534 394 561 omni-

205 570 257 598 bus
272 577 352 597 causa
370 578 418 598 no—

205 606 287 633 minis
300 606 368 639 mei;

206 641 251 668 18.
272 645 300 668 et
319 642 432 676 capillus

205 676 240 704 de
252 676 340 711 capite
353 685 413 705 ves-
630 681 673 704 tur
684 677 710 704 in
724 685 792 712 gen-

207 717 250 748 tro
265 720 318 740 non
335 713 407 748 peri-
630 716 670 740 tes
685 714 794 740 univer-

205 747 250 775 19.
269 752 307 776 et.
321 747 349 776 lu
364 749 483 777 toleran-
629 756 684 782 sas,
700 752 729 776 et
740 749 835 776 llieru—

206 783 244 812 tia
257 788 348 812 vestra
628 784 711 811 salem
732 785 785 812 erit

204 819 377 861 possidemus
629 819 657 860 in
675 820 819 848 conculca-

205 863 309 882 anlmas
325 863 385 883 ves-
630 860 729 883 tionem
747 864 794 882 Ilﬂ-

629 890 741 924 tinuum,
761 892 811 918 d0—

584 944 587 945 ν
627 934 677 953 nec
693 928 818 961 replean—

627 966 670 988 tur
691 967 797 995 tempo-

626 1006 654 1024 ra
671 998 801 1032 gentium.

625 1032 669 1060 ‘23.
694 1034 727 1060 Et
747 1038 827 1061 erunt
841 1032 899 1069 sig-

626 1076 660 1096 na
674 1069 700 1096 in
715 1069 783 1103 sole,

626 1109 654 1132 et
668 1105 744 1138 luna,
758 1109 786 1132 et
800 1105 864 1134 stel-

625 1140 669 1174 lis,
685 1148 769 1175 super
783 1145 839 1169 ter—

625 1184 683 1203 ram
696 1184 827 1210 conpres—

624 1212 666 1247 sio
676 1213 798 1247 gentium

624 1245 650 1274 in
667 1245 780 1283 stupore

624 1290 709 1311 sonus
724 1284 820 1316 maris.
864 1298 866 1301 -

622 1318 668 1346 26.
686 1324 713 1347 et
725 1319 820 1353 undis,
833 1326 850 1347 a
862 1326 910 1348 re-

206 895 270 918 "'35.

203 926 250 954 20.
271 925 337 954 Cum
348 931 439 955 autem
453 927 492 955 vi-

203 961 300 990 deritis
314 963 366 990 cir-

202 997 355 1025 cumdatam

204 1033 239 1060 ab
249 1034 378 1061 exerciti-

201 1068 253 1096 bus
268 1069 395 1097 Hierusa-

201 1105 267 1137 lem.
284 1110 348 1133 tunc
361 1106 410 1133 sci-

202 1144 269 1171 tote.
285 1141 382 1176 quoni-

201 1183 244 1203 am
261 1177 270 1191 ‘
286 1177 432 1212 adpropin-

201 1212 341 1246 quavit....
358 1219 391 1238 o-

201 1246 247 1288 21:
269 1248 417 1290 latioejus.
433 1247 508 1276 Tunc

200 1290 247 1345 qui
261 1289 323 1311 sunt
334 1289 362 1311 tn

218 1318 302 1345 udaea
311 1339 319 1345 .
335 1319 362 1345 tu

218 1318 302 1355 udaea
311 1339 319 1352 ,
335 1319 404 1355 fugi-

201 1359 249 1390 ant
260 1354 270 1368 ³
282 1354 309 1382 in
323 1354 402 1382 mon-
624 1354 776 1390 frigescen-

201 1389 288 1425 tibus;
302 1394 341 1423 et,
355 1391 400 1425 qui
625 1390 696 1417 tibus
710 1390 800 1418 homi-

200 1424 228 1452 in
242 1424 332 1461 medio
341 1424 411 1461 ejus,
623 1425 703 1453 nibus
717 1433 732 1453 a
744 1426 781 1453 ti—
795 1432 798 1456 ί

201 1460 329 1501 secedant
336 1461 362 1501 ﬂ;
379 1466 417 1495 et,

201 1497 247 1532 qui
261 1497 286 1523 in
302 1497 390 1532 regio-

199 1531 289 1565 nibus,
305 1531 343 1559 ne’
350 1532 388 1559 in-

201 1571 274 1594 treut
286 1568 312 1594 in
324 1575 384 1595 eam
398 1575 404 1594 :

180 1607 184 1609 ’
199 1602 246 1629 22.
269 1603 396 1638 quoniam
412 1602 454 1630 di-

200 1645 232 1666 es
243 1638 336 1673 iudicii
351 1639 377 1666 hi

625 1469 710 1494 more,
723 1466 751 1488 et
761 1470 811 1489 ex-

625 1498 779 1531 pectatioue

625 1534 785 1567 superveni—

624 1568 727 1595 entium
744 1576 790 1595 or—

624 1603 649 1629 bi
666 1603 815 1631 Terrarum
830 1613 836 1630 :

623 1638 739 1666 virtutes
753 1641 837 1671 enim,

200 1679 278 1706 sunt;
292 1679 321 1701 ut
334 1675 374 1702 in-
440 1692 442 1694 -
622 1682 692 1709 quae
707 1680 771 1702 sunt

199 1709 325 1743 pleantur
335 1718 395 1738 om-
621 1710 648 1737 in
664 1710 754 1743 caelo,
771 1718 832 1739 mo-

199 1745 253 1778 nia,
267 1754 337 1781 quae
347 1746 432 1782 scrip-
583 1763 586 1766 ι
621 1746 768 1782 vehuntur.

619 1781 666 1808 27.
687 1781 764 1809 Tunc
781 1781 911 1810 videbunt

620 1816 719 1845 Filium
733 1817 808 1846 homt

199 1784 225 1807 ta
238 1786 312 1809 sunt.

197 1815 242 1844 25.
266 1817 277 1833 ⁸
289 1817 345 1845 Vae
359 1824 510 1853 praegnan-

481 177 618 206 EUSEBII
638 176 808 205 VERCELL.
830 175 1058 206 EVANGELIUM
1077 175 1149 205 CUM
1172 174 1286 206 VABIIS
1302 177 1381 206 COD.
1402 176 1599 205 COLLATUM.

1016 1582 1019 1585 -
1070 1584 1079 1595 α
1118 1583 1126 1593 ι
1167 1585 1174 1592 ι
1212 1585 1222 1594 0
1262 1584 1270 1593 ι
1310 1586 1319 1595 ι
1358 1584 1366 1593 0
1405 1585 1414 1594 ο

1289 235 1407 265 CODEX
1427 232 1655 264 VERONENSlS.

1070 335 1080 346 ο
1120 338 1127 345 0
1169 339 1176 347 0
1214 337 1224 348 ο
1264 339 1272 346 0
1311 338 1319 347 0
1358 338 1366 348 ι
1406 338 1414 347 0
1488 337 1496 346 0
1537 337 1544 346 0
1585 337 1593 345 0
1633 337 1640 345 0
1682 337 1690 345 ι
1729 336 1738 345 0
1779 337 1786 344 ι
1825 337 1833 345 0

1071 477 1080 487 0
1118 479 1126 488 ι
1166 480 1175 489 0
1213 481 1223 492 ι
1261 480 1271 491 0
1309 480 1319 491 ο
1358 481 1367 490 0
1405 480 1413 489 0
1489 482 1497 490 ο
1536 479 1545 488 0
1585 479 1593 486 ι
1632 480 1641 489 0
1682 479 1691 488 0
1729 480 1737 489 ο
1779 479 1788 489 0
1826 478 1835 487 0

1070 512 1079 523 0
1117 515 1127 524 0
1165 517 1174 526 0
1213 517 1222 526 0
1261 517 1270 525 0
1309 517 1318 526 ο
1357 515 1366 525 0
1404 517 1413 525 0
1489 516 1497 524 0
1538 515 1545 523 ο
1586 514 1594 523 0
1632 515 1640 524 ο
1680 516 1688 524 α
1728 515 1736 523 0
1777 516 1784 524 0
1823 515 1833 525 0

1070 621 1414 633 00000000
1489 614 1832 632 000.0030

1069 729 1079 739 θ
1116 729 1125 738 0
1166 731 1174 740 ο
1213 730 1222 739 0
1261 730 1270 739 ο
1309 730 1318 740 0
1357 730 1367 740 0
1405 730 1413 738 α
1490 729 1498 738 0
1536 729 1546 739 ο
1585 727 1594 738 0
1633 730 1641 738 0
1682 730 1691 739 ο

1070 765 1078 773 0
1116 764 1127 774 0
1164 764 1174 774 0
1213 767 1221 774 0
1261 766 1269 773 ι
1309 766 1317 775 0
1357 765 1366 776 ι
1405 766 1413 774 0
1489 765 1497 773 0
1537 765 1544 773 0
1584 763 1594 773 ι
1631 766 1642 775 ο
1682 765 1690 774 0
1729 765 1737 774 0
1779 764 1788 774 0
1826 764 1835 773 0

1070 943 1079 953 0
1118 943 1127 952 0
1167 944 1176 953 0
1215 944 1223 954 ι
1263 944 1271 953 0
1310 943 1319 953 0
1359 944 1367 953 0
1408 946 1414 952 .
1491 943 1498 952 0
1538 944 1547 952 0
1586 942 1594 951 0
1637 943 1644 951 0
1682 945 1691 954 ,
1731 946 1739 954 ,
1781 944 1789 952 0
1826 942 1834 951 0

1072 1016 1080 1024 0
1119 1014 1129 1024 0
1166 1015 1174 1023 0
1216 1015 1224 1024 0
1262 1015 1272 1025 ο
1309 1015 1319 1025 0
1358 1014 1368 1024 0
1406 1015 1415 1024 0
1490 1014 1499 1024 ο
1540 1013 1548 1022 0
1587 1013 1596 1023 0
1634 1014 1642 1024 0
1683 1015 1692 1025 0
1731 1015 1741 1024 0
1779 1015 1788 1023 ι
1827 1013 1834 1022 0

1072 1051 1080 1059 0
1119 1049 1128 1059 0
1168 1052 1175 1059 ι
1214 1052 1224 1061 ο
1262 1051 1271 1060 0
1311 1051 1319 1059 0
1359 1050 1367 1059 0
1406 1050 1416 1060 ο
1490 1049 1500 1060 0
1539 1049 1548 1059 0
1587 1049 1595 1058 0
1634 1051 1643 1059 0
1681 1051 1691 1060 ο
1730 1052 1738 1060 0
1779 1050 1788 1060 0
1826 1048 1835 1058 0

1071 1229 1078 1237 ι
1119 1228 1127 1237 0
1167 1229 1175 1239 ι
1215 1229 1223 1237 0
1263 1230 1271 1238 0
1311 1230 1319 1237 0
1358 1228 1367 1238 0
1404 1228 1415 1239 ο
1489 1228 1498 1238 0
1538 1227 1546 1237 0
1585 1230 1596 1240 ο
1633 1229 1641 1237 0
1681 1229 1691 1239 ο
1729 1230 1738 1237 0
1777 1229 1786 1238 0
1826 1228 1835 1238 0

1070 1302 1079 1310 ο
1117 1300 1127 1309 0
1167 1301 1176 1311 0
1215 1300 1224 1309 0
1263 1301 1272 1310 0
1311 1300 1319 1310 0
1360 1300 1368 1309 0
1407 1300 1417 1310 ο
1490 1300 1500 1310 0
1539 1299 1549 1308 0
1587 1300 1595 1309 0
1634 1300 1644 1311 ο
1680 1301 1692 1310 ε
1732 1301 1740 1310 0
1780 1301 1787 1309 0
1827 1299 1834 1307 ι

1069 1442 1078 1452 0
1119 1442 1125 1449 ι
1166 1443 1174 1452 0
1213 1442 1222 1452 0
1262 1443 1270 1452 0
1311 1443 1318 1451 0
1357 1443 1366 1452 0
1404 1442 1413 1452 ι
1488 1441 1498 1451 0
1537 1440 1547 1451 ο
1586 1444 1594 1452 ι
1634 1442 1643 1452 0
1681 1443 1690 1453 0
1730 1444 1739 1452 0
1778 1444 1786 1451 υ
1825 1441 1834 1450 0

1069 1479 1077 1488 0
1116 1477 1125 1487 0
1166 1478 1175 1488 0
1215 1478 1222 1486 0
1262 1479 1270 1487 0
1310 1478 1318 1487 0
1359 1479 1367 1487 0
1406 1478 1415 1488 0
1488 1477 1499 1488 ο
1537 1477 1547 1487 ο
1584 1479 1593 1488 0
1634 1479 1643 1488 0
1681 1479 1691 1489 ι
1728 1479 1740 1489 0
1780 1479 1789 1488 0
1828 1477 1838 1488 ο

1069 1515 1077 1522 .
1118 1513 1124 1521 0
1165 1514 1172 1522 ο
1213 1514 1220 1522 0
1261 1514 1269 1522 0
1309 1514 1317 1523 0
1356 1514 1367 1525 ο
1405 1513 1415 1523 0
1489 1514 1498 1524 0
1539 1512 1547 1522 ι
1585 1514 1595 1524 0
1633 1514 1642 1523 0
1683 1514 1690 1523 0
1730 1515 1738 1524 0
1778 1514 1787 1523 0
1828 1513 1836 1521 ι

1070 1550 1079 1560 0
1117 1549 1125 1557 0
1166 1549 1173 1557 0
1213 1549 1222 1559 0
1262 1550 1269 1558 0
1310 1551 1318 1559 0
1358 1550 1366 1559 0
1406 1549 1416 1559 0
1489 1549 1499 1561 α
1537 1549 1548 1559 ο
1586 1551 1594 1560 0
1635 1551 1643 1560 0
1682 1551 1690 1560 0
1731 1550 1739 1559 0
1780 1550 1788 1559 0
1828 1548 1837 1557 0

1067 1834 1075 1843 0
1116 1834 1124 1843 0
1165 1834 1171 1842 0
1213 1834 1221 1844 0
1261 1834 1268 1843 0
1307 1835 1318 1845 0
1356 1835 1365 1844 0
1405 1836 1412 1843 ι
1488 1835 1496 1844 0
1535 1835 1545 1845 0
1583 1835 1594 1845 0
1632 1834 1642 1845 0
1680 1835 1690 1845 0
1729 1836 1738 1845 0
1778 1836 1786 1846 0
1824 1834 1837 1846 α

872 1862 992 1893 CODEX
1010 1861 1208 1891 BRIXIANUS.

198 1912 264 1939 miui
280 1911 351 1939 enim
375 1919 390 1939 a
413 1911 580 1946 parentibus.
596 1916 623 1938 et
648 1919 662 1937 a
679 1911 818 1938 fratribus.
832 1917 861 1939 et
882 1919 897 1938 a
911 1918 1013 1946 cogna-

200 1948 245 1975 tis.
259 1952 288 1974 et
302 1947 408 1974 amicis.
431 1952 459 1974 et
483 1947 564 1973 morti
589 1947 710 1974 ofﬁcient
730 1954 781 1974 vos
805 1951 833 1974 et
851 1946 930 1974 eritis
949 1946 1013 1973 odio

199 1983 326 2010 omnibus
351 1982 505 2009 hominibus
526 1987 637 2016 propter
661 1989 759 2010 nomen
784 1990 891 2010 meum.
917 1986 947 2009 et
969 1988 1014 2008 ca-

200 2018 281 2053 pillus
300 2018 396 2053 capitis
420 2017 502 2044 vestri
524 2024 577 2044 non
604 2018 714 2051 peribit.
745 2018 772 2044 In
794 2025 889 2045 vestra.
921 2022 1011 2044 autem

199 2054 328 2088 patientia
355 2053 530 2088 pussidevitis
558 2053 663 2079 animus
685 2058 801 2080 vestras.
830 2054 904 2081 Cum
920 2057 1013 2079 autem

201 2089 325 2117 videritis
348 2088 511 2116 circumdari
531 2089 565 2116 ab
588 2089 708 2116 exercitu
736 2088 921 2116 Hierusalem.
948 2093 1012 2115 tunc

201 2126 310 2152 scitule.
321 2125 383 2159 quia
399 2124 627 2158 adpropinquavit
638 2124 773 2151 «Iesolatio
783 2125 854 2157 ejus.
871 2125 950 2151 Tunc
965 2124 1010 2156 qui

202 2161 229 2188 in
243 2160 344 2188 .Iu-laea
360 2166 424 2187 sunt
439 2160 540 2194 fugiant
555 2161 581 2186 in
598 2160 746 2187 montibus.
763 2166 789 2187 et
803 2162 851 2195 qui
867 2162 896 2187 iu
921 2159 1011 2186 medio

200 2198 259 2236 eius
269 2201 342 2223 sunt.
359 2196 504 2236 discedant
517 2201 546 2236 et
556 2196 645 2236 quiin
663 2196 894 2236 regionibuspon
908 2196 1012 2222 intrent

200 2232 227 2259 iu
246 2240 321 2260 eam.
333 2234 394 2266 quia
409 2232 467 2259 dies
479 2231 589 2259 ultionis
610 2231 636 2258 lii
652 2238 716 2259 sunt
730 2237 758 2258 ut
770 2233 941 2266 impleantur
951 2239 1012 2258 θυι-

202 2268 246 2295 nia
260 2275 331 2304 quae
344 2268 446 2295 scribta
459 2273 532 2295 sunt.
552 2267 606 2295 Vae
618 2272 711 2295 autem
738 2268 966 2303 praegnantibus.
984 2270 1014 2292 et

1065 1907 1254 1936 nutrientibus
1269 1908 1295 1935 iu
1311 1908 1364 1936 illis
1375 1908 1481 1936 diebus.
1498 1909 1549 1936 erit
1562 1908 1635 1937 enim
1652 1916 1796 1945 praessura
1815 1917 1874 1938 ma-

1066 1952 1120 1980 gna
1138 1951 1222 1980 super
1236 1948 1337 1971 terram
1360 1949 1388 1971 et
1407 1945 1446 1971 ira
1462 1945 1565 1980 populo
1578 1945 1652 1973 huic.
1672 1950 1704 1972 et
1723 1945 1825 1972 cadent.
1846 1945 1873 1973 in

1069 1979 1118 2008 ore
1131 1979 1228 2016 gladii.
1239 1984 1266 2007 et
1286 1980 1385 2014 captiui
1401 1980 1536 2008 ducentur
1551 1980 1578 2008 in
1603 1981 1732 2008 omnibus
1743 1980 1873 2016 gentibus

1066 2020 1094 2043 et
1106 2015 1276 2043 llieruSalem
1291 2016 1442 2043 calcavitur
1454 2024 1468 2042 a
1483 2016 1621 2052 gentibus.
1637 2017 1724 2044 donec
1736 2015 1873 2051 inpleat:-

1067 2056 1112 2079 tur
1122 2057 1243 2085 tempora
1257 2051 1409 2079 nationum.
1421 2052 1455 2079 Et
1467 2051 1548 2079 et-uut
1563 2053 1639 2087 signa
1653 2060 1749 2087 magna
1763 2053 1789 2079 in
1799 2052 1870 2085 sole.

1066 2093 1094 2114 et
1109 2087 1134 2114 in
1152 2087 1225 2114 luna.
1255 2092 1282 2114 et
1304 2087 1332 2114 in
1358 2087 1456 2114 stellis.
1472 2092 1500 2115 et
1515 2088 1541 2115 in
1559 2093 1630 2115 terra
1657 2094 1789 2116 occursus
1805 2095 1872 2119 xen-

1067 2123 1144 2150 tium.
1161 2130 1225 2157 prae
1237 2122 1369 2150 ansietate
1384 2126 1420 2150 ut‘
1428 2124 1533 2151 sonitus
1548 2124 1642 2152 maris.
1659 2128 1685 2151 et
1696 2128 1787 2151 motus
1801 2123 1872 2150 tinc-

1067 2163 1152 2185 tuum.
1172 2159 1360 2186 arescentibus
1374 2159 1531 2187 hominibus
1542 2167 1606 2194 prae
1617 2160 1715 2187 timore
1728 2165 1758 2187 et
1772 2166 1870 2193 excep-

1066 2194 1180 2222 tatione.
1209 2202 1279 2229 quae
1302 2195 1499 2230 supervenient
1515 2195 1651 2223 universo
1671 2195 1751 2223 Orbi.
1777 2202 1840 2222 nam
1858 2199 1872 2214 ι

1068 2231 1872 2259 ..................αιεΙοι·υιῃιιιοπ-

1067 2265 1178 2293 buntur.
1193 2271 1221 2293 et
1236 2270 1300 2294 tunc
1311 2266 1442 2294 videbunt
1456 2266 1557 2295 Filium
1579 2267 1697 2295 hominis

846 2313 966 2342 CODEX
985 2311 1225 2341 CORBEIBNSIS.

238 2362 282 2389 i9.
301 2361 331 2388 In
344 2360 472 2395 patientia
486 2365 575 2388 vestra
589 2361 737 2394 adquiretis
748 2361 855 2388 animas
872 2367 989 2389 vestras.

237 2398 283 2424 2-1.
306 2397 409 2432 fugiant
422 2405 435 2423 a
451 2397 520 2423 fat-ie
534 2397 592 2431 ejus
604 2396 631 2422 iu
648 2396 793 2423 montibus.

237 2433 282 2459 23.
305 2432 360 2460 Vae
385 2433 443 2465 bis,
466 2440 535 2467 quae
561 2433 586 2459 iu
617 2435 694 2459 utero
717 2432 836 2465 habent,
870 2436 897 2459 ct
922 2432 1006 2459 ubera

1062 2358 1147 2432 me":
1170 2394 1235 2423 dum
1251 2395 1415 2432 impleantur
1427 2400 1550 2431 tempora
1563 2396 1696 2432 gentium.

1099 2430 1145 2458 26.
1167 2438 1228 2459 nam
1236 2431 1359 2466 virtutes,
1375 2439 1445 2468 quae
1456 2430 1576 2461 in’coelo
1589 2438 1665 2466 sunt,
1683 2432 1866 2464 movebuntur

836 2481 1041 2509 VAltlANTES
1060 2480 1264 2510 LECTIONES.

203 2530 244 2591 Ν·
264 2530 317 2555 Gal.
330 2530 443 2555 omnibus
457 2530 596 2555 hominibus
607 2532 718 2562 propter.
737 2528 813 2561 Vulg.
828 2528 943 2552 omuibus
955 2535 1011 2559 pro-

232 2568 269 2586 er.

232 2568 269 2586 er.

202 2630 284 2654 unum,
298 2627 388 2648 vestra.
406 2623 476 2654 l'ulg.
491 2624 691 2654 approiviuqunvit
704 2622 827 2648 deuolatio
841 2623 906 2652 eius.

236 2593 246 2608 ³
264 2593 317 2617 Gal.
330 2595 352 2616 et
364 2592 423 2616 Mm.
433 2592 636 2623 adpropinquavit
647 2592 767 2616 desolatlo
779 2592 843 2622 ejus.
852 2588 909 2616 σαι.
921 2591 1013 2615 recenti

1101 2529 1112 2544 ³
1129 2528 1182 2553 Gut.
1198 2531 1221 2553 et
1232 2529 1291 2554 Mm.
1307 2530 1331 2554 in
1341 2532 1447 2555 montes.

1101 2559 1111 2575 ³
1128 2559 1215 2592 quin
1227 2561 1286 2584 Mm.
1298 2560 1459 2586 descendant.
1474 2560 1548 2592 Vulg.
1559 2562 1695 2588 discedant.

1099 2591 1109 2606 υ
1128 2590 1241 2625 G_r_!L‘Vae_
1252 2591 1409 2625 bis,_quae_in
1415 2590 1598 2625 uterobaibent,
1606 2597 1632 2618 et
1643 2601 1707 2625 quae
1717 2594 1866 2622 uberadaut.

1070 2622 1129 2646 Μηι.
1142 2621 1195 2646 Vae
1206 2622 1282 2647 vobis.
1292 2621 1362 2652 Quae
1371 2623 1397 2647 in
1407 2626 1480 2648 utero
1488 2621 1597 2657 habent,’
1605 2628 1632 2650 et
1638 2621 1703 2656 q'ue
1712 2621 1864 2653 attendant.

551 2672 695 2692 LECTIOXES
705 2671 810 2692 CODICIS
822 2670 1034 2691 VINDEBONENSIS
1050 2670 1186 2690 ABEUNTES
1201 2669 1233 2690 AI
1244 2670 1368 2692 EDITIONE
1386 2671 1517 2693 νυιῠΑτΑ.

238 2712 274 2738 16.
289 2713 378 2738 Desunt
390 2712 473 2743 verba,
483 2716 561 2737 morte
574 2712 680 2737 al‘licient
692 2719 722 2737 ex
737 2714 816 2737 vobis.
853 2710 926 2738 l7.et
939 2713 1010 2737 eritis

206 2745 264 2768 odio
291 2745 403 2769 erunibus
427 2744 573 2768 hominibus.
594 2743 646 2775 719.
670 2743 696 2768 In
716 2748 801 2768 vestra
824 2745 943 2775 patientia
967 2744 1011 2768 ad—

204 2776 308 2805 quiretis
328 2776 421 2799 animas
444 2779 545 2799 vestras.
590 2774 628 2799 20.
651 2776 765 2806 quoniam
795 2774 1008 2806 appmpiuquavit.

204 2806 243 2830 21.
265 2806 359 2837 fugiant
376 2807 402 2831 in
421 2805 551 2832 montibus.
583 2806 622 2831 22.
636 2806 727 2831 scribta
739 2805 816 2831 sunt;
840 2806 880 2831 23.
893 2805 944 2830 Vnc
958 2806 1009 2835 his,

1065 2719 1134 2750 quae.
1150 2713 1174 2737 in
1193 2718 1265 2750 utero
1279 2714 1386 2750 habent,
1402 2718 1427 2740 et
1439 2723 1505 2750 quae
1517 2717 1597 2750 ubera
1608 2716 1701 2750 dantiu
1713 2716 1761 2750 illis
1778 2717 1864 2742 diebus

1064 2744 1104 2768 2L
1129 2745 1152 2768 in
1168 2745 1281 2770 omnibus
1293 2747 1440 2773 gentibus...
1449 2744 1592 2772 'calcabitur
1604 2755 1618 2772 a
1628 2748 1864 2773 nationibus...tem-

1065 2782 1123 2811 pora
1141 2777 1261 2806 gentium.
1286 2777 1332 2811 7‘25.
1353 2784 1488 2811 pressurae
1495 2779 1617 2811 gentium.
1649 2779 1690 2803 26.
1702 2785 1767 2811 quae
1779 2785 1864 2811 super-

1065 2809 1181 2831 veniet...
1202 2814 1257 2832 nam
1270 2810 1375 2834 virtutes
1392 2809 1418 2834 in
1437 2809 1505 2835 caelo
1523 2810 1695 2835 movebuntur.

881 2857 1065 2886 BLANCHINI
1084 2858 1200 2888 NOTAE.

244 2911 255 2950 ξι
271 2906 408 2947 lu_codice
432 2907 469 2936 ita
489 2908 597 2937 extrita‘
619 2912 684 2936 sunt
710 2907 832 2941 littera},
858 2905 946 2942 spatio
971 2904 1015 2933 hic
1035 2904 1125 2950 ducto.
1138 2913 1189 2942 per
1213 2907 1318 2937 minuta
1346 2913 1460 2944 puncta,
1478 2913 1507 2937 ut
1519 2916 1565 2937 eas
1580 2909 1654 2938 nullo
1664 2909 1746 2938 modo
1758 2907 1861 2945 assequi

205 2943 384 2979 potuerimus.
425 2977 427 2980 ι
