4054 6198
328 264 436 324 689

716 378 948 434 CODEX
993 376 1531 437 VERCELLENSIS.

325 484 440 534 tum
467 489 723 545 magnum
757 492 769 526 :
1162 485 1218 529 tu
1245 475 1439 531 vineae
1468 517 1481 541 ,

324 548 397 602 ibi
423 556 634 619 parate.
1160 545 1335 602 donec
1364 562 1485 618 reg-

324 618 439 675 15(
460 619 664 673 Euntes
693 625 871 674 autem
899 658 914 685 ,
1163 634 1289 672 num
1321 618 1413 675 Dei

322 691 691 756 invenerunt,
1163 689 1364 745 veniat.

322 764 467 818 sicut
494 760 651 833 dixe-
1166 762 1254 817 19.
1297 762 1362 816 Et
1388 803 1401 825 ,
1432 771 1657 833 accepto
1681 776 1771 833 pa-

320 843 408 890 rat
435 832 547 887 illis
575 874 589 899 ,
620 840 674 887 et
699 845 795 903 pa-
1163 848 1231 887 ne
1259 875 1273 898 ,
1306 834 1506 904 gratias

322 914 582 961 raverunt

325 976 556 1032 Pascha.

326 1048 416 1104 M.
456 1047 565 1113 Et,
596 1061 722 1103 cum
752 1044 896 1102 facta

322 1129 411 1175 est
436 1120 565 1175 hora
586 1161 602 1185 ,
625 1119 736 1173 dis-

322 1190 508 1246 cubuit
534 1208 549 1257 ;
579 1199 635 1247 et
660 1190 733 1244 A-

326 1263 525 1331 postoli
552 1277 675 1317 cum

328 1335 421 1390 15.
462 1333 575 1389 illo.
611 1333 677 1388 Et
702 1332 840 1388 dixit

326 1407 393 1462 ad
420 1420 547 1461 eos:
579 1405 729 1461 Desi-

324 1477 481 1533 derio
505 1479 654 1547 cupi-

1160 905 1268 974 egit
1296 946 1309 969 ,
1337 914 1391 959 et
1418 920 1550 960 con-

1160 974 1321 1046 fregit
1347 988 1402 1031 et
1424 976 1519 1031 dc-

1162 1047 1239 1101 dit
1269 1047 1372 1102 illis
1400 1089 1414 1114 ,
1446 1047 1531 1102 di-

1165 1132 1295 1173 cens
1316 1136 1331 1189 ;
1370 1118 1440 1189 (c)
1467 1119 1579 1173 Hoc
1607 1129 1692 1175 est

1164 1190 1254 1244 21.
1299 1188 1508 1259 Corpus
1533 1206 1642 1246 me-

1165 1276 1254 1315 um
1285 1260 1325 1332 ’1-
1354 1262 1369 1291 ³
1395 1265 1645 1317 Attamen

1164 1346 1290 1387 ecce
1323 1347 1520 1388 manus

1163 1404 1182 1433 ²
1226 1405 1516 1473 proditoris

1166 1476 1271 1530 mei
1299 1475 1382 1546 (ά)
1406 1491 1615 1531 mecum
1646 1476 1685 1546 οι·

324 1549 378 1604 vi
405 1548 510 1605 hoc
533 1548 744 1604 Pascha
1165 1560 1330 1617 super
1357 1562 1510 1602 men-

324 1621 619 1676 manduca-
1163 1634 1301 1673 sam.

324 1707 387 1748 re
416 1692 695 1747 vobiscum
722 1732 738 1759 ,
1160 1689 1251 1743 22.
1295 1689 1463 1761 Filius
1493 1690 1710 1761 quidem

320 1773 615 1835 antequam
710 1834 713 1835 ν
1167 1760 1407 1835 hominis
1430 1760 1450 1791 ³
1482 1760 1566 1817 se-

323 1835 417 1891 16.
460 1833 662 1907 patiar.
699 1834 831 1890 Dico
1162 1833 1401 1907 cundum

320 1904 478 1962 enim
512 1907 663 1962 vobis
690 1948 706 1973 ,
1163 1904 1306 1974 quod
1338 1904 1473 1959 deti-

320 1979 579 2049 quoniam
864 2024 865 2027 η
1016 2020 1024 2027 .
1165 1977 1336 2049 nitum
1365 1985 1479 2044 est,

321 2047 434 2106 non
471 2051 629 2107 edam
1164 2047 1331 2102 vadit.

322 2122 459 2177 illud
489 2164 503 2189 ,
537 2122 712 2177 donec
1166 2119 1364 2174 Verum
1395 2132 1494 2174 vae

323 2194 625 2264 inpleatur,
692 2263 700 2264 ί
1164 2189 1372 2245 homini
1406 2190 1516 2258 illi,

322 2263 581 2331 in'regno
606 2263 725 2319 Dei.

324 2337 420 2392 17.
462 2336 562 2404 Ει,
593 2345 815 2406 accepto
850 2350 943 2390 ca-

324 2408 431 2465 lice
454 2451 468 2474 ,
502 2408 703 2479 gratias

321 2482 434 2550 egit
464 2522 478 2543 ,
507 2476 740 2535 'dicens:
1166 2476 1297 2531 bant
1327 2478 1468 2550 inter

326 2550 537 2606 Sumite
568 2551 645 2624 (a)
678 2551 779 2607 hoc
801 2551 841 2622 -ι-
876 2591 890 2615 ,
1164 2564 1246 2624 se,
1277 2549 1527 2624 quisnam

325 2631 382 2677 et
405 2618 649 2693 partimi-
816 2618 825 2622 ⁷
1164 2620 1239 2746 Se)
1270 2618 1415 2675 esset
1436 2620 1474 2691 -ι-
1493 2660 1508 2687 ,
1537 2619 1628 2690 qui
1658 2618 1760 2675 hoc

326 2696 380 2746 ni
410 2696 463 2746 in
497 2694 669 2746 vobis.
1186 2701 1403 2746 acturus

326 2696 380 2749 ni
410 2696 463 2750 in
497 2694 669 2750 vobis.
1166 2694 1403 2747 facturus

1284 2277 1545 2416 Attii-laedam.
1578 2333 1646 2388 Et

1165 2406 1263 2474 ipsi
1282 2405 1303 2435 ⁸
1327 2406 1565 2475 inquire-

325 2768 416 2822 18.
464 2767 592 2821 Dico
621 2767 765 2822 enim
1164 2772 1329 2818 esset.

331 2838 510 2905 vobis,
538 2840 731 2908 quoni-
1162 2834 1251 2888 24.
1299 2836 1319 2866 ³
1350 2836 1513 2891 Facta
1547 2842 1631 2893 est
1658 2844 1837 2892 autem

328 2923 415 2963 am
444 2924 552 2964 non
582 2910 661 2964 bi—
1163 2909 1444 2963 contentio

329 2980 452 3035 bam
481 2979 550 3036 de
573 2980 719 3037 fruc-
1166 2980 1307 3034 inter
1340 2980 1462 3035 illos
1486 3023 1500 3047 ,

1392 265 1845 326 EVANGELlUM
1886 265 2260 326 SECUNDUM
2301 265 2561 325 LUCAM.

3535 266 3639 323 6L0

2465 381 2703 439 CODEX
2747 382 3202 443 VERONENSIS.

2026 492 2283 563 magnum
2312 477 2353 549 -ι-
2387 494 2401 532 :
2872 478 3121 562 Accipite
3157 478 3235 551 (a)
3263 478 3367 536 hoc
3396 478 3469 549 τ’,

2026 550 2099 606 ibt
2135 558 2343 606 parate.
2867 559 2921 605 et
2942 550 3169 606 dividite

2025 559 2099 606 ibi
2135 559 2343 621 parate.
2867 559 2921 605 et
2942 559 3169 606 dividite

2027 623 2115 678 15.
2163 623 2366 677 Euntes
2387 630 2587 688 autem,
2866 622 3010 677 inter
3033 637 3149 677 vos.

2870 693 2956 748 18.
3001 692 3130 748 Dico
3160 693 3306 750 enim

2867 763 3044 831 vobis,
3077 765 3223 835 quod

2868 850 2976 889 non
2998 835 3177 891 bibam

2866 906 2944 978 (ὁ)
2977 907 3046 963 de
3069 923 3295 979 genera-

2868 980 3016 1033 tione
3049 979 3149 1036 hac

2866 1050 2995 1123 vitis
3024 1049 3184 1120 hujus
3211 1052 3278 1123 1-,

2868 1120 3043 1193 donec
3072 1120 3300 1193 regnum

2869 1191 2965 1247 Dei
2994 1191 3195 1249 veniat.

2868 1264 2960 1319 21.
3002 1262 3391 1322 Verumtamen

2868 1349 3001 1391 ecce
3031 1351 3226 1394 manus

2868 1407 3130 1464 tradentis
3160 1424 3247 1463 me

2026 694 2372 759 invenerunt,

2027 765 2168 820 sicut
2194 764 2332 820 dixit

2030 836 2159 903 illis,
2193 844 2247 892 et
2277 851 2432 905 para-

2028 917 2219 962 verunt
2244 907 2468 963 Pascha.

2030 979 2121 1034 14.
2168 978 2255 1045 Ει,
2289 994 2411 1033 cum
2441 978 2520 1033 fa-

2027 1058 2111 1105 cta
2140 1058 2288 1105 esset
2316 1049 2411 1105 ho-

2028 1137 2112 1187 ra,
2140 1122 2441 1188 discubuit;

2029 1202 2085 1248 et
2112 1194 2358 1263 Apostoli

2028 1279 2150 1319 cum
2181 1264 2298 1319 illo.

2029 1336 2119 1391 15.
2167 1336 2232 1391 Et
2257 1336 2333 1389 ait
2364 1336 2472 1390 illis
2508 1354 2521 1389 :

2030 1406 2312 1463 Desiderio
2341 1408 2486 1464 desi-

2030 1478 2214 1551 deravi
2247 1479 2351 1534 hoc
2869 1478 2949 1551 (ά)
2979 1493 3190 1535 mecum
3220 1480 3263 1551 -ί-
3292 1480 3347 1535 in

2029 1548 2235 1623 Pascha
2267 1566 2422 1623 man-
2868 1548 2960 1605 22.
3002 1566 3212 1623 mensa.
3236 1548 3306 1608 Et
3326 1552 3445 1623 qui-

2030 1622 2232 1677 ducare
2246 1622 2432 1677 vobis-
2870 1623 2992 1678 dem
3022 1620 3193 1679 Filius

2032 1708 2153 1748 cum
2177 1735 2190 1758 ,
2222 1704 2511 1765 antequam
2870 1694 3128 1761 hominis,
3161 1710 3251 1751 se-

2033 1765 2228 1833 patiar.
2870 1770 3128 1824 cumdum

2034 1835 2123 1912 16.
2143 1836 2299 1912 Δυἰίξο
2328 1838 2475 1912 enim
2872 1842 3014 1912 quod
3039 1841 3174 1896 scri-

2032 1908 2217 1983 vob_is,
2251 1909 2375 1978 quia
2872 1908 3021 1983 ptum
3054 1921 3158 1978 est,
3192 1926 3290 1966 va-

2032 1993 2101 2034 ex
2130 1978 2235 2033 hoc
2266 1996 2376 2035 non
2872 1978 2970 2041 dit.
3000 1984 3227 2039 Verum-

2034 2051 2373 2107 manducaho
2874 2066 3054 2111 tamen
3082 2069 3182 2110 vae

2035 2121 2165 2176 illud
2185 2163 2199 2189 ,
2232 2121 2408 2179 donec
2874 2127 3082 2183 homini

2038 2231 2146 2269 τ.
2228 2231 2243 2248 .
2322 2236 2337 2269 ε
2403 2238 2437 2269 _.
2518 2238 2532 2252 .
2615 2238 2629 2251 .
2711 2235 2725 2249 .
2875 2200 3115 2269 illi,per

2033 2265 2090 2340 in
2120 2280 2289 2340 regno
2321 2266 2437 2322 Dei.
2873 2265 3034 2340 quem
3064 2269 3155 2325 Fi—

2036 2337 2124 2394 19.
2168 2336 2255 2401 Et,
2288 2350 2515 2410 accepto
2877 2336 2980 2396 lius
3009 2340 3244 2396 hominis

2036 2424 2197 2477 pane,
2227 2411 2431 2479 gratias
2877 2412 3132 2467 traditur.

2034 2480 2163 2550 egit,
2193 2491 2247 2562 et
2272 2480 2465 2563 fregit,

2033 2560 2089 2605 et
2115 2550 2264 2606 dedit
2288 2554 2417 2607 illis.

2036 2596 2541 2680 ἱῆῗὶιῖὲέἦζῗιιοο

2034 2704 2115 2749 est
2148 2694 2221 2765 (c)
2248 2693 2459 2765 Corpus

2036 2780 2215 2821 meum
2245 2767 2308 2836 1-.
2339 2768 2437 2833 Et,

2035 2846 2260 2907 accepto
2287 2853 2383 2891 ca-

2038 2908 2165 2972 lice,
2196 2909 2399 2977 gratias

2038 2979 2167 3049 egit,
2200 2990 2255 3035 et
2282 2981 2418 3035 dixit
2449 3000 2460 3035 :

2876 2484 2968 2538 23.
3010 2483 3081 2538 Et
3109 2483 3213 2553 ipsi
3245 2497 3380 2538 con-

2880 2556 3165 2624 quirebant
3187 2555 3271 2608 in-

2816 2652 2825 2663 ι
2878 2637 2961 2681 ter
2985 2640 3078 2692 se,
3110 2626 3231 2696 quis

2876 2696 2947 2769 (ε)
2976 2707 3124 2769 esset
3145 2698 3185 2768 1-

2875 2768 2981 2823 hoc
3011 2768 3274 2823 facturus.

2875 2840 2966 2894 21.
3010 2838 3172 2894 Facta
3195 2847 3280 2894 est
3307 2852 3403 2894 au-

2878 2921 2985 2965 tem
3018 2911 3298 2967 contentio

2878 2984 3021 3038 inter
3051 2983 3196 3049 illos,

1652 3092 1885 3151 CODEX
1924 3092 2319 3150 BRIXIANUS.

330 3198 474 3262 tum.
517 3199 572 3245 et
615 3191 687 3245 ibi
738 3199 942 3262 parate.
977 3191 1186 3247 Euntes
1239 3198 1417 3245 autem
1468 3190 1824 3262 invenerunt:
1864 3187 1938 3242 si-

329 3271 422 3316 cut
449 3261 584 3317 dixit
616 3259 755 3329 illis,
800 3274 854 3318 et
884 3272 1210 3331 paraverunt
1253 3261 1479 3315 Pascha.
1528 3271 1581 3317 et
1629 3277 1749 3315 cum
1802 3259 1937 3314 facta

328 3344 473 3388 esset
531 3333 683 3389 hora.
729 3335 1016 3390 discubuit.
1061 3333 1129 3388 Et
1178 3332 1460 3389 duodecim
1520 3331 1770 3402 Apostoli
1814 3344 1937 3385 cum

328 3420 415 3458 eo.
480 3404 549 3459 Et
600 3407 675 3459 ait
721 3406 848 3459 illis.
900 3404 1179 3460 Desiderio
1237 3405 1539 3459 desideravi
1585 3406 1687 3457 hoc
1730 3403 1938 3456 Pascha

333 3477 665 3530 manducare
713 3476 991 3531 vobiscum
1041 3485 1327 3545 antequam
1383 3476 1573 3544 patiar.
1624 3474 1756 3529 Dico
1795 3474 1937 3527 enim

332 3548 488 3601 vobis
543 3549 666 3618 quia
720 3551 858 3602 ultra
924 3564 1030 3601 non
1092 3547 1432 3601 manducabo
1489 3545 1716 3618 exhhoc
1766 3545 1940 3618 donec

332 3616 623 3687 impleatur
674 3623 725 3673 in
779 3634 948 3688 regno
992 3620 1110 3673 Dei.
1152 3619 1219 3672 Et
1248 3626 1468 3687 accepto
1516 3616 1683 3688 calice
1732 3616 1934 3684 gratias

332 3691 446 3759 egit
467 3699 521 3744 et
550 3690 701 3744 dixit.
736 3687 977 3759 Accipite
1001 3689 1077 3761 (a)
1105 3690 1206 3746 hoc
1228 3688 1289 3759 1-.
1320 3688 1616 3761 etdividite
1651 3687 1793 3741 inter
1812 3701 1931 3761 vos.

332 3757 467 3815 Dico
496 3763 642 3815 enim
677 3761 830 3816 vobis
860 3757 1141 3831 quodnon
1174 3757 1351 3815 bibam
1377 3757 1452 3831 (ιι)
1482 3761 1550 3814 de
1581 3758 1935 3829 generatione

331 3832 462 3886 vitis
493 3832 653 3901 hujus
696 3835 736 3903 -ί-
765 3832 937 3887 donec
970 3848 1191 3903 regnum
1241 3832 1331 3885 Dei
1380 3832 1580 3903 veniat.
1617 3838 1681 3903 _et
1710 3839 1934 3903 accepto

333 3919 475 3973 pane
509 3900 721 3975 gratias
745 3905 855 3975 egit
900 3912 954 3959 et
983 3900 1163 3973 fregit.
1218 3912 1275 3958 et
1321 3902 1471 3957 dedit
1496 3900 1776 3970 discipulis
1823 3901 1937 3954 suis

2046 3188 2231 3244 dicens
2262 3188 2376 3245 Hoc
2403 3198 2486 3244 est
2514 3204 2711 3260 corpus
2740 3205 2919 3245 meum
2950 3190 3093 3260 quod
3146 3204 3242 3260 pro
3280 3190 3432 3245 vobis
3460 3188 3643 3244 datur.

2045 3261 2147 3315 hoc
2178 3260 2334 3315 facile
2383 3262 2435 3315 in
2465 3276 2642 3316 meam
2673 3264 3270 3317 commemorationem.
3301 3261 3565 3317 Similiter
3592 3270 3646 3315 et

2045 3332 2271 3387 calicem
2312 3342 2597 3401 postquam
2627 3343 2979 3387 cenavcrunt.
3029 3334 3217 3388 dicens
3248 3332 3345 3386 llic
3374 3332 3515 3385 calix
3548 3346 3646 3384 no-

2046 3419 2169 3457 vum
2200 3412 2581 3457 testamentum
2609 3411 2693 3458 est
2720 3405 2769 3457 in
2793 3405 3056 3473 sanguine
3079 3418 3223 3458 meo.
3251 3404 3342 3473 qui
3368 3415 3468 3473 pro
3489 3402 3644 3455 vobis

2044 3474 2375 3529 etfundetur.
2413 3475 2819 3529 Verumtamen.
2870 3472 2997 3530 ecce
3028 3490 3221 3529 manus
3264 3472 3525 3527 tradentis
3558 3488 3643 3527 me

2045 3561 2257 3600 mecum
2286 3554 2368 3599 est
2400 3546 2450 3599 in
2484 3560 2689 3600 mensa.
2722 3546 2795 3601 Et
2816 3546 3035 3616 quidem
3067 3546 3239 3600 Filius
3277 3543 3513 3597 hominis
3554 3556 3645 3596 va-

2044 3617 2122 3671 dit
2162 3616 2461 3671 secundum
2495 3617 2638 3687 quod
2680 3618 2940 3672 scribtum
2983 3625 3085 3672 est.
3132 3616 3516 3671 Verumtamen
3540 3629 3645 3687 vae

2044 3688 2248 3742 homini
2296 3688 2370 3741 illi
2401 3685 2698 3759 pet-quem
2745 3689 3004 3743 tradetur.
3039 3688 3119 3742 Illi
3148 3697 3328 3759 autem
3357 3685 3642 3754 conquire-

2045 3759 2175 3812 bant
2204 3760 2342 3813 inter
2372 3756 2432 3813 se
2457 3756 2580 3828 quis
2605 3768 2749 3813 esset
2777 3775 2841 3814 ex
2875 3759 2956 3815 eis
2980 3760 3072 3830 qui
3100 3758 3202 3813 hoc
3223 3756 3459 3812 facturus
3474 3765 3643 3813 esset.

2043 3830 2204 3884 Facta
2248 3841 2333 3885 est
2360 3839 2543 3887 autem
2575 3842 2628 3886 et
2658 3832 2936 3887 contentio
2968 3831 3111 3887 inter
3138 3843 3234 3886 eos

1590 4008 1818 4066 CODEX
1859 4008 2328 4069 CORBEIENSIS.

414 4132 504 4186 15.
550 4132 832 4187 Desiderio
861 4130 1164 4185 desideravi
1210 4129 1313 4183 hoc
1349 4127 1555 4185 Pascha
1600 4127 1932 4183 manducare

339 4205 638 4266 vobiscum,
675 4214 963 4272 antequam
998 4205 1098 4257 hoc
1130 4203 1323 4271 patiar.

413 4276 503 4330 17.
548 4276 790 4344 Accipite
821 4278 952 4339 hoc,
982 4284 1035 4328 et
1066 4274 1290 4327 dividite
1330 4273 1474 4344 inter
1505 4287 1619 4325 vos.

418 4348 502 4401 19.
550 4343 790 4401 Ιιοσεδι
838 4348 1047 4415 Corpus
1106 4360 1306 4398 meum.
1364 4343 1749 4415 Verumtamen
1805 4356 1934 4415 ecce

339 4434 532 4474 manus
558 4428 664 4474 etc.
705 4417 930 4481 Omittit,
952 4413 1105 4486 quod
1138 4431 1235 4487 pro
1258 4415 1410 4470 vobis
1442 4414 1702 4479 tradetur,
1731 4423 1777 4468 et
1798 4413 1935 4485 quod

2038 4131 2289 4256 siquitur,
2322 4147 2481 4203 usque
2502 4133 2571 4186 ad
2601 4149 2734 4188 vers.
2776 4133 2868 4188 21.
2923 4135 3201 4191 exclusive.
3238 4134 3605 4193 Veruntamen

2038 4218 2069 4256 e
2096 4216 2147 4256 c.

2038 4216 2147 4259 CIC.

2076 4273 2204 4401 t25.
2253 4276 2650 4349 conquirebant
2701 4277 2844 4334 inter
2896 4292 2993 4345 se,
3052 4278 3176 4348 quis
3222 4289 3369 4336 esset
3423 4279 3525 4335 hoc
3567 4278 3647 4333 fa-

2099 4360 2247 4401 urus.

2042 4360 2247 4401 Cllll'US.

1552 4526 1945 4583 VARIANTES
1997 4520 2403 4579 LECTIONES.

401 4655 416 4684 ¹
460 4654 598 4703 Deest
622 4664 747 4701 vers.
775 4650 856 4707 20,
882 4661 1021 4713 quem
1042 4648 1148 4713 Gat.
1190 4644 1379 4713 habet";
1407 4643 1634 4713 similiter
1662 4647 1714 4691 et
1736 4641 1939 4713 calicem

338 4723 593 4779 postquam
628 4704 905 4779 coenatum'
933 4718 1009 4761 est
1031 4745 1045 4769 ,
1085 4711 1256 4779 (licens
1279 4722 1292 4757 :
1318 4706 1412 4779 Hic
1437 4712 1523 4779 est
1546 4705 1670 4779 calix
1712 4704 1939 4779 no'vi'te-

337 4763 567 4828 stamenli
595 4778 641 4825 in
666 4776 905 4836 sanguine
925 4763 1057 4831 meo,
1075 4770 1317 4836 quodpro
1341 4763 1937 4836 vobis_funditur.Vgulg...

339 4850 596 4902 postquam
642 4830 1257 4902 coen'avit,dicens':_ilie
1299 4840 1377 4902 est
1402 4830 1534 4902 calix
1558 4842 1737 4902 novum
1784 4832 1938 4877 testa-

338 4892 558 4951 inent'um
580 4904 628 4948 in
651 4892 899 4961 sanguine
914 4911 1045 4955 meo,
1081 4897 1167 4959 qui
1192 4908 1278 4961 pro
1303 4894 1440 4961 vobis
1454 4892 1704 4961 tondetur.

403 4967 423 4995 ³
460 4966 577 5012 Mm.
618 4955 856 5011 trade'ntis
878 4955 1269 5021 mecumfﬁilg.
1297 4956 1536 5021 tradentis
1559 4965 1639 5002 me
1662 4965 1876 5021 mecum.

406 5029 426 5058 ³
461 5028 568 5075 Cat.
594 5027 719 5075 sicut
752 5022 881 5087 quod
916 5022 1175 5071 diﬂinitum
1209 5014 1344 5070 est...
1390 5017 1611 5067 traditur.
1656 5017 1775 5065 Mm.
1814 5014 1943 5063 sicut

2048 4635 2322 4746 {leginlittlim
2381 4642 2475 4684 est.
2540 4631 2688 4698 Vulg.
2736 4634 3005 4685 secundum
3043 4639 3176 4701 quod
3206 4638 3463 4690 deﬁnitum
3506 4651 3647 4695 est...

2071 4711 2120 4746 ra
2159 4710 2187 4744 e
2213 4712 2241 4744 u
2276 4731 2289 4745 .

2071 4710 2289 4746 ranetur.

2111 4760 2133 4790 ’δ
2168 4760 2277 4808 Gat.
2302 4766 2576 4831 coeperunt
2607 4772 2861 4832 quaerere
2908 4774 2973 4811 ex
3015 4764 3090 4812 eis
3128 4765 3260 4815 inter
3281 4779 3337 4815 se
3360 4806 3375 4830 ,
3398 4768 3502 4830 qui.
3526 4771 3649 4821 Mm.

2050 4834 2302 4884 quaerere
2312 4834 2385 4884 ex
2415 4834 2510 4880 eis,
2536 4835 2639 4883 qui.

2115 4886 2132 4915 ⁵
2170 4883 2275 4933 Gal.
2310 4882 2458 4933 Facta
2480 4882 2563 4933 est
2579 4892 2746 4934 autem
2767 4884 2891 4933 haec
2914 4890 3184 4937 contentio.
3222 4894 3337 4941 Mm.
3383 4890 3529 4942 Facta
3571 4906 3652 4942 au-

2049 4955 2165 5010 tem.
2178 4945 2301 4996 haec
2324 4947 2594 4997 contentio.
2627 4946 2775 5012 Vulg.
2798 4947 2943 4999 Facta
2970 4958 3047 4999 est
3071 4958 3237 5003 autem
3265 4961 3316 5003 et
3347 4959 3617 5005 contentio.

1024 5142 1318 5185 LECTIONES
1356 5139 1559 5182 CODICIS
1582 5134 1992 5178 VINDEBONENSIS
2018 5133 2296 5175 ABEUNTES
2334 5135 2399 5173 ΑΒ
2426 5134 2677 5175 EDITIONE
2695 5135 2959 5176 VULGATA.

407 5247 485 5298 14.
512 5256 563 5297 et
589 5247 940 5310 Apostoliicum
966 5246 1068 5310 illo:
1114 5245 1211 5310 16.
1242 5243 1366 5310 illul.
1438 5241 1530 5310 l7._
1555 5241 1777 5310 Accipite
1823 5239 1937 5288 hoc.

405 5313 485 5361 19.
512 5303 650 5359 dedit
672 5309 785 5358 illis.
808 5306 944 5359 Ibid.
970 5305 1141 5358 omittit
1165 5347 1179 5369 ,
1200 5306 1328 5369 quod
1349 5317 1435 5369 pro
1460 5304 1596 5369 vobis
1626 5303 1770 5369 datur
1792 5314 1942 5365 usque

340 5372 407 5424 ad
429 5385 557 5423 vers.
582 5373 640 5421 21
668 5369 929 5423 exclusive.
996 5369 1075 5419 22.
1103 5364 1275 5433 Filius,
1311 5364 1582 5418 secundum
1618 5364 1749 5429 quod
1796 5364 1941 5428 prae-

2047 5241 2282 5307 scriptum
2323 5240 2461 5307 est...
2505 5248 2598 5307 vae
2621 5236 2690 5307 i_lli
2718 5236 2918 5307 homini.
2988 5240 3071 5307 231
3092 5244 3148 5307 et
3167 5242 3261 5307 ipsi
3302 5246 3658 5306 conquirehant

2046 5298 2179 5412 inter
2211 5310 2267 5347 se
2291 5334 2305 5360 ,
2332 5299 2444 5360 quis
2468 5305 2606 5348 esset
2628 5298 2723 5349 hoc
2747 5298 2979 5353 facturus.
3048 5304 3125 5353 24.
3163 5298 3308 5355 Facta
3343 5298 3425 5356 υς(
3454 5317 3661 5359 conten-

2069 5376 2131 5413 ιο.

1645 5469 2011 5528 BLANCIIINI
2048 5470 2280 5529 ΝΟΤᾹΞ.

413 5584 495 5657 (α)
525 5581 691 5638 Addit
730 5581 824 5657 hoc
848 5622 862 5648 ,
908 5580 977 5657 Et
1003 5581 1071 5657 ita
1118 5588 1202 5632 tes
1228 5577 1321 5657 Gr.
1342 5584 1528 5657 593310.
1568 5606 1639 5617 —
1666 5575 1743 5647 (ll)
1771 5575 1905 5630 Tex.
1933 5574 2027 5657 Gr:
2061 5574 2255 5643 habet,
2291 5556 2394 5657 ᾇπὸ
2414 5584 2508 5634 τοῦ
2528 5582 2835 5657 γξννήματος
2859 5584 2949 5637 τῆς
2981 5574 3243 5646 ἀμπέλους
3276 5574 3477 5657 Vertn.
3497 5581 3657 5657 etiam

340 5646 644 5723 alibi'stepe
676 5646 1159 5723 vertit'articulos.
1187 5646 1361 5723 +_(c)
1389 5648 1516 5703 Post
1553 5646 1739 5723 corpus
1773 5646 2315 5723 1118υ111,-ἀ885ῐ11αοά
2342 5667 2435 5721 pro
2471 5646 2609 5723 vobis
2652 5646 3056 5723 tradeturLetc.
3098 5662 3269 5715 usque
3285 5649 3362 5723 ad
3390 5665 3531 5704 vers.
3564 5652 3658 5717 21,

340 5729 546 5799 pariter
573 5718 643 5796 .‘in
689 5725 810 5799 cod:
853 5724 1009 5799 cant.
1037 5752 1106 5762 —-—
1134 5722 1213 5792 (ά)
1250 5718 1376 5776 POSt
1408 5718 1810 5785 mecum,deest
1842 5729 1915 5773 cst
1939 5760 1952 5784 ,
1986 5719 2039 5774 in
2080 5720 2201 5776 cod.
2245 5718 2458 5791 quoque
2500 5720 2653 5774 Cant.
2686 5749 2754 5758 —
2785 5718 2854 5785 (ε)
2903 5718 3029 5774 Post
3072 5728 3201 5771 esset
3225 5750 3238 5784 -,
3266 5719 3416 5776 deest
3463 5737 3526 5776 ea:
3564 5723 3657 5778 ris;

341 5787 503 5855 Etiam
533 5790 586 5853 ni
616 5789 739 5851 ‘cod.
768 5789 921 5851 Cani.
