4054 6198
416 195 518 253 693
1495 196 1946 257 EVANGELIUM

2130 199 2361 258 UNDUM
2399 199 2654 261 LUCAM.
3096 206 3119 224 ’
3623 213 3727 271 694

806 315 1034 375 CODEX
1074 316 1626 379 VERCELLENSIS.
2560 324 2796 383 CODEX
2837 324 3290 384 VERONENSIS.

410 419 592 467 tecum
626 426 781 483 para—
1247 414 1594 490 38._haben_t.
1628 415 1710 490 Ad
1742 418 1807 471 il-
2120 427 2336 490 paratus
2363 433 2483 475 sum
2960 436 3090 476 ecce
3119 421 3296 486 gladia

412 491 501 563 tus
527 498 648 538 sum
678 494 735 540 et
1248 487 1300 541 le
1328 485 1465 563 dixit
1496 488 1795 563 :__l_)omiue,
2117 485 2173 546 et
2203 494 2255 545 in
2283 506 2534 563 carcere,
2959 492 3068 547 duo
3098 485 3205 547 hic.
3256 492 3359 559 Qui

408 553 463 610 in
492 569 769 629 carcerem
790 598 803 620 ,
1247 572 1378 615 ecce
1405 558 1569 629 gladii
1781 553 1787 555 ⁷
2117 574 2171 616 et
2204 563 2256 616 in
2290 575 2466 617 morte
2519 553 2533 563 ’
2958 564 3098 617 dixit
3126 564 3209 618 eis
3242 553 3413 620 :wSuf-

404 634 463 697 et
490 626 545 681 in
576 636 808 684 mortem
1247 629 1353 685 duo
1384 626 1491 685 hic.
1521 630 1623 697 Qui
2117 634 2206 688 54.
2252 634 2349 688 ire.
2383 634 2447 688 Et
2474 634 2563 690 ille
2958 634 3091 689 ﬁcit.

402 696 495 751 54.
520 698 827 776 .ireLQuia
868 737 885 757 .
929 738 945 755 .
986 738 1003 757 .
1047 699 1140 755 Di-
1246 700 1384 776 dixit
1412 701 1463 756 ei
1494 696 1637 776 :WSat
2114 704 2291 776 dixit:
2329 704 2458 760 Dico
2958 706 3048 759 39.
3094 706 3160 760 Et
3190 720 3467 776 egressus,
3498 705 3613 763 ibat

402 782 471 823 co
496 768 593 824 tibi
624 769 815 837 Petre,
1245 771 1334 828 39.
1361 782 1467 828 est.
1498 775 1565 828 Et
1594 789 1652 828 e-
2116 775 2211 830 tibi
2240 776 2428 840 Petre,
2956 768 3255 832 secundum

404 853 522 913 non
542 849 732 913 canta-
774 912 779 913 ί
1243 858 1496 913 gressus,
1526 845 1645 901 abi—
2115 861 2221 900 non
2250 849 2491 904 cantabit
2954 849 3404 904 consuetudinem

400 909 484 985 bit
509 911 673 985 hodie
701 912 815 984 gal-
1243 909 1284 969 it
1311 909 1607 971 secundum
2114 918 2276 972 hodie
2304 919 2477 985 gallus
2496 961 2510 984 ,
2952 935 3107 974 suam
3140 922 3190 974 in
3224 937 3379 975 mon-

400 982 517 1051 ius,
550 982 727 1041 donec
1243 988 1591 1043 consuetudi-
2111 989 2290 1045 donec
2308 982 2403 1045 iter
2425 982 2513 1046 me
2954 1000 3061 1045 tem
3099 991 3317 1047 Olibeti.

404 1062 462 1109 tu
491 1069 579 1111 me
609 1065 691 1113 ter
716 1058 805 1114 ab-
1243 1072 1365 1112 ncm
1379 1059 1632 1145 mon-
2110 1061 2379 1145 abneges.
2422 1132 2435 1145 θ
2521 1133 2533 1145 ,
2951 1062 3135 1118 Secuti
3167 1072 3293 1145 sunt

400 1140 591 1197 neges.
1242 1137 1349 1184 tem
1377 1129 1594 1186 Oliveti.

532 1197 764 1281 Etdixlt
791 1200 873 1259 eis
905 1217 920 1256 :
949 1200 1131 1269 Quan-
1242 1201 1423 1257 Secuti
1447 1212 1577 1281 sunt

2130 1131 2198 1185 i5.
2235 1129 2299 1187 Et
2328 1132 2462 1188 dixit
2485 1133 2565 1188 eis
2594 1148 2610 1190 :
2951 1148 3132 1189 autem
3168 1133 3315 1187 illum

2130 1203 2339 1281 luando
2369 1206 2492 1260 misi
2950 1215 3017 1281 et
3037 1205 3289 1281 discipuli

396 1267 469 1346 d_o
499 1270 619 1323 misi
644 1284 743 1326 vos
975 1267 991 1269 ⁷
1238 1283 1417 1346 autem
1445 1274 1599 1346 illum
2108 1267 2205 1328 vos
2236 1277 2354 1331 sine
2384 1291 2493 1331 sac-
2953 1274 3025 1346 (ε)
3057 1267 3261 1346 eius}.

394 1338 519 1417 sine
548 1355 737 1396 saccu—
1237 1343 1563 1417 etdiscipug
1666 1414 1676 1417 Α
1742 1414 1778 1417 _
2105 1346 2337 1411 cellum,
2371 1356 2426 1401 et
2460 1362 2553 1415 pe-
2948 1338 3039 1402 40.
3086 1338 3171 1412 Et,
3204 1338 3327 1400 cum
3359 1361 3483 1417 per-

395 1411 487 1487 lo,
515 1420 573 1487 et
600 1428 763 1482 pera,
804 1422 860 1471 et
1240 1414 1333 1469 40.
1362 1415 1399 1469 li
1420 1411 1493 1487 (ὁ)
1517 1416 1636 1486 ejus
1651 1414 1709 1487 1-.
1740 1414 1827 1483 Et,
1852 1430 2001 1483 cum,
2105 1433 2243 1485 ram,
2276 1426 2330 1473 et
2358 1411 2554 1473 calcia-
2949 1411 3187 1472 venisset
3220 1411 3364 1483 loco,

395 1482 728 1555 calciamen-
1235 1496 1383 1542 esset
1407 1482 1562 1543 i'n'eo'
1666 1482 1678 1487 ⁷
1986 1482 1991 1483 ⁷
2105 1482 2511 1555 mentis,num-
2946 1490 3085 1544 dixit
3120 1490 3266 1543 illis:

2945 1561 3132 1625 Orate,
3168 1576 3234 1615 ne
3266 1562 3347 1613 in-

2105 1560 2232 1644 maid
2262 1561 2336 1643 (ιξ)
2357 1560 2614 1644 alienius.
2945 1561 3140 1644 οτεθιθν.

2944 1640 3099 1687 iretis
3128 1640 3179 1685 ill
3212 1640 3351 1686 tem—

2228 1633 2523 1758 cgistisg?
2553 1633 2621 1687 Et

2104 1703 2357 1758 dixerunt
2388 1722 2400 1756 :
2485 1706 2565 1759 ul-

1235 1557 1381 1623 loco,
1413 1558 1548 1612 dixit
1579 1558 1647 1612 il-

392 1554 466 1627 tis
492 1597 506 1619 ,
540 1558 803 1627 numquid

1234 1628 1323 1684 lis.
1355 1629 1522 1685 Orate
1536 1669 1553 1695 ,
1587 1644 1655 1683 ne

390 1626 595 1696 aliquid
628 1626 783 1684 defu-

390 1696 508 1773 36._
530 1701 571 1752 it
600 1700 791 1756 vobis?
817 1699 887 1755 ad
916 1700 980 1756 il-
1235 1701 1448 1755 intretis
1467 1700 1526 1773 in
2102 1696 2357 1758 dixerunt
2388 1722 2400 1756 :
2435 1696 2565 1759 Nul-
2943 1705 3269 1773 ptationem.

388 1768 720 1844 iidixerunt
749 1788 765 1827 :
1236 1772 1543 1842 temptatio-
2101 1775 2226 1830 lius.
2261 1775 2406 1829 Dixit
2434 1789 2520 1829 er—
2610 1798 2611 1801 η
2940 1768 3034 1829 41.
3077 1776 3143 1829 Ει
3172 1776 3290 1844 ipse
3318 1773 3541 1830 avolsus

387 1838 555 1897 Nihil.
597 1842 744 1915 Dixit
1236 1838 1382 1899 nem.
1462 1914 1469 1915 ί
1637 1913 1645 1915 _
1708 1913 1718 1915 _
2101 1862 2169 1915 go
2204 1864 2216 1900 :
2253 1848 2358 1902 Sed
2390 1862 2556 1914 nunc,
2945 1855 3029 1901 est
3058 1847 3127 1900 ab
3152 1838 3259 1913 eis,

386 1926 531 1987 ergo
554 1930 567 1966 :
591 1912 718 1987 ;_Sed
751 1931 893 1972 nunc
917 1956 933 1985 ,
1230 1915 1323 1971 41.
1364 1915 1431 1987 Et
1458 1914 1574 1983 ipse
1600 1913 1821 1969 abolsus
2101 1912 2191 1987 qui
2225 1917 2388 1973 habet
2417 1912 2550 1973 sac-V
2943 1926 3204 1987 quantum

386 1984 484 2057 qui
517 1984 682 2040 habet
710 2001 834 2043 sac-
920 1984 925 1985 ⁷
1235 1994 1319 2040 est
1347 1986 1415 2041 ab
1452 1986 1587 2051 illis,
1621 1995 1761 2041 tam-
2102 1984 2334 2055 cellum,
2369 1990 2522 2043 tollat
2938 1984 3140 2057 jactum

2102 2059 2354 2115 similiter
2376 2071 2431 2116 et
2942 2060 3136 2129 lapidis
3161 2076 3174 2125 ;
3219 2068 3296 2123 et,

2940 2134 3131 2201 positis
3162 2131 3417 2201 genibus,

2939 2202 3131 2256 orabat
3156 2219 3169 2256 :

2938 2272 3032 2326 42.
3075 2273 3256 2337 Pater,
3289 2274 3335 2327 si
3367 2271 3471 2340 vis,

2943 2344 3178 2399 transfer
3205 2344 3434 2400 calicem

1231 2072 1389 2137 quam
1421 2057 1641 2139 lapidis.

1230 2139 1397 2195 tctus;
1422 2139 1498 2193 et,
1528 2142 1673 2198 pom.

1231 2200 1300 2255 tis
1321 2200 1571 2270 genibus,

1227 2270 1317 2326 42.
1362 2272 1583 2338 orabat,
1616 2271 1806 2328 dicens
1837 2288 1850 2326 :

1228 2342 1389 2398 Pater
1408 2384 1423 2407 ,
1458 2358 1565 2398 non

384 2054 569 2109 culum
585 2097 601 2121 ,
635 2057 743 2111 tol-

389 2124 468 2179 lat
496 2126 748 2184 similiter

384 2206 443 2251 et
474 2213 692 2268 peram;
721 2204 736 2233 ²
771 2209 826 2257 et

385 2268 481 2337 qui
512 2285 619 2323 non
653 2270 752 2325 ha-

386 2340 515 2405 bet,
547 2343 749 2399 vendat

2104 2146 2319 2200 peram;
2348 2142 2403 2186 et
2432 2130 2522 2201 qui

2100 2219 2207 2256 non
2240 2205 2421 2268 habet,

2100 2274 2303 2329 vendat
2329 2275 2497 2330 vesti-

2096 2354 2337 2400 mentum
2366 2361 2547 2414 suum,

386 2411 623 2466 tunicam
651 2428 745 2470 su-
1227 2414 1512 2487 voluntas_
2098 2425 2154 2471 et
2181 2426 2325 2472 emat
2349 2419 2465 2487 gla-
2534 2411 2540 2414 ⁷
2941 2415 3087 2469 hunc
3114 2432 3144 2470 a
3173 2431 3259 2471 me
3284 2434 3297 2469 :

384 2496 507 2549 am,
539 2492 595 2537 et
621 2494 767 2540 cmat
1230 2501 1348 2540 mea
1372 2529 1386 2553 ,
1422 2485 1517 2540 sed
1548 2494 1639 2541 tua
2096 2487 2270 2542 dium.
2357 2485 2372 2487 ⁷
2938 2501 3125 2541 verum
3160 2502 3268 2541 non

382 2554 647 2621 gladium.
1230 2558 1324 2610 ﬁat
1352 2574 1367 2611 :
1393 2565 1572 2611 trans-
2097 2560 2188 2613 37.
2234 2559 2366 2614 Dico
2392 2560 2559 2619 enim.
2940 2573 3060 2612 mea
3092 2558 3375 2626 voluntas,

523 2626 653 2681 Dico
678 2629 824 2704 enim
851 2643 947 2686 vo-
1228 2628 1310 2704 l‘er
1330 2628 1551 2683 Calicem
2095 2632 2246 2704 quia,
2277 2631 2352 2702 (ὁ)
2386 2632 2533 2701 quod
2558 2632 2594 2704 ἰη
2935 2629 3030 2704 sed
3068 2638 3159 2683 tua

384 2694 470 2769 bis
489 2740 504 2763 ,
532 2700 791 2769 quoniam
1228 2701 1371 2753 hunc
1392 2715 1421 2754 a
1445 2714 1554 2755 me.
2096 2694 2356 2769 scriptum
2386 2694 2489 2767 est,
2572 2694 2585 2704 ’
2931 2701 3045 2754 fiat.

382 2766 561 2842 adhuc
592 2768 727 2834 hoc,
1223 2771 1315 2827 45.
1366 2769 1631 2841 Apparuit
1661 2786 1753 2827 au-
2095 2766 2312 2842 Oportet
2341 2774 2440 2827 im-
2480 2766 2483 2767 ⁷
2928 2772 3021 2825 45.
3064 2771 3329 2841 Apparuit

382 2838 527 2906 quod
560 2842 764 2896 scribv
1226 2851 1333 2897 tem
1365 2838 1584 2898 illi—Au-
2094 2838 2233 2914 pleri
2266 2845 2316 2898 in
2350 2861 2435 2899 me
2462 2860 2475 2899 :
2929 2851 3113 2897 autem

2930 2914 3007 2967 illi
3040 2913 3285 2984 Angelus

2930 2984 2999 3039 de
3026 2990 3201 3047 caelo,
3235 3000 3369 3039 con-

2096 2915 2165 2969 Et
2193 2931 2315 2969 cum
2344 2930 2462 2972 sce-

1223 2915 1377 2983 gelus
1404 2914 1471 2969 de
1501 2929 1626 2969 cae-

2094 2987 2278 3042 leratis
2307 2986 2380 3059 (c)
2412 2989 2581 3058 depu-

383 2918 500 2984 tum
527 2922 632 2980 est,
662 2928 828 2984 opor-

1224 2988 1278 3041 lo
1296 3027 1311 3053 ,
1342 2988 1555 3042 confor-

382 2989 461 3035 tet
490 2982 686 3053 inpleri

382 3052 436 3107 in
470 3069 558 3110 me
587 3073 600 3108 :
631 3058 651 3087 ⁸
676 3056 830 3125 Quod
1226 3052 1365 3112 tia’ns
1395 3073 1540 3113 eum.
2100 3068 2243 3113 tatus
2279 3052 2397 3112 sum
2429 3052 2500 3129 -ι-.’
2932 3056 3138 3129 fortans
3168 3056 3341 3110 illum.

452 3134 508 3201 et
534 3130 770 3201 cumin-
1224 3129 1293 3183 Et
1321 3130 1497 3185 factus
1523 3138 1609 3185 est
1647 3130 1700 3184 in
2095 3129 2175 3201 (ά)
2199 3131 2357 3196 Quod
2387 3131 2425 3201 ἦ
2444 3126 2613 3185 etiam
2931 3128 3001 3201 Et
3027 3126 3201 3181 factus
3229 3136 3314 3181 est

448 3195 613 3264 justis
646 3198 819 3275 depu-
1224 3202 1454 3275 agonia;
1485 3212 1538 3257 et
2099 3195 2123 3275 .A
2156 3195 2164 3201 ’
2193 3195 2234 3257 ,⁷
2291 3242 2306 3275 .
2386 3195 2411 3256 ,⁷
2485 3241 2500 3257 .
2581 3243 2595 3259 .
2679 3243 2697 3259 .
2928 3199 2985 3253 in
3017 3201 3211 3275 agonia
3238 3216 3253 3263 ;

2931 3279 2985 3325 et
3017 3271 3282 3339 prolixius

2933 3342 3026 3395 44.
3070 3342 3283 3395 orabat.
3328 3340 3396 3395 Et

2935 3412 3109 3466 factus
3137 3421 3223 3466 est
3250 3426 3341 3466 su-

2094 3272 2256 3328 finem
2291 3273 2358 3328 ha
2403 3315 2416 3330 .
2461 3312 2475 3326 .
2522 3310 2538 3326 .
2583 3311 2599 3330 .

2093 3344 2183 3400 58.
2228 3344 2331 3412 Qui
2359 3344 2614 3401 dixerunt

2093 3415 2143 3471 ei
2169 3434 2181 3471 :
2215 3415 2465 3483 Domine,

1698 3527 1926 3587 CODEX
1972 3527 2365 3587 BRIXIANUS.

379 3636 558 3702 tecum
572 3639 793 3700 paratus
812 3645 954 3686 sum.
979 3640 1033 3688 et
1061 3632 1113 3687 in
1137 3646 1432 3687 carcerem.
1458 3641 1511 3686 ct
1541 3632 1607 3687 ad
1632 3640 1864 3686 mortem
1889 3632 1988 3687 ire.
2099 3647 2220 3687 cum
2270 3631 2467 3701 iniquis
2493 3632 2783 3702 deputatus
2809 3639 2911 3685 est.
2960 3630 3266 3702 Etenimiea
3314 3628 3569 3702 quae_de
3606 3641 3695 3702 me

378 3699 443 3773 Et
465 3699 625 3755 Jesus
647 3703 781 3757 dixit
806 3703 938 3757 Dico
960 3705 1053 3759 tibi
1079 3705 1256 3759 Putre.
1280 3720 1387 3759 non
1407 3703 1985 3773 cantavitodiegallus.
2099 3704 2298 3758 scribta
2330 3699 2476 3758 sunt.
2512 3699 2671 3758 finem
2703 3704 2924 3757 habent.
2958 3701 3027 3756 At
3056 3702 3132 3755 illi
3161 3699 3696 3773 dixeruntaDumine

379 3772 554 3846 donec
577 3782 657 3826 ter
689 3775 925 3845 abneges
950 3791 1035 3831 me
1066 3790 1245 3830 nosse.
1265 3775 1481 3829 Etdixit
1508 3770 1850 3842 eis.Quando
1869 3776 1987 3829 misi
2098 3790 2226 3831 cccc
2255 3775 2421 3846 gladii
2453 3775 2559 3829 duo
2593 3775 2700 3828 hic.
2743 3775 2811 3828 At
2852 3773 3010 3829 Jesus
3053 3772 3204 3846 dixit
3228 3773 3327 3826 cis.
3361 3770 3593 3846 Sufficit.
3626 3770 3694 3824 Et

379 3842 1989 3918 vos._sin‘es:icculo.etsinepera.etsiuecalciaitientismum-
2097 3842 2351 3914 egressus
2383 3847 2514 3901 abiit
2542 3848 2843 3900 secundum
2882 3842 3345 3918 consuetudinem
3368 3844 3428 3918 iu
3453 3853 3691 3918 montem

376 3914 504 3983 quid
528 3914 730 3988 aliquid
750 3913 1117 3973 defttitvobis.
1141 3918 1222 3972 Ad
1247 3919 1319 3971 illi
1349 3916 1813 3973 dixerunt.Nihil.
1843 3917 1988 3971 Dixit
2092 3913 2287 3973 Oliveti
2340 3918 2529 3988 Sequti
2583 3928 2709 3971 sunt
2758 3927 2939 3972 autem
2991 3917 3147 3970 illum
3199 3925 3253 3969 et
3296 3914 3571 3988 discipuli.
3618 3913 3693 3985 (ε)

376 4000 512 4059 ergo
534 3989 636 4040 eis.
682 3986 790 4042 Sed
822 4003 966 4044 nunc
993 3990 1082 4059 qui
1116 3988 1277 4043 habet
1309 3990 1607 4044 sacculum.
1644 3988 1801 4044 tollat
1831 3990 1985 4043 simi-

374 4055 501 4111 liter
522 4068 573 4111 et
599 4074 807 4127 peram.
834 4069 889 4114 et
910 4055 1135 4130 qui'non
1161 4060 1321 4116 habet
1345 4061 1545 4116 vendat
1568 4062 1804 4114 tunicam
1827 4074 1980 4130 suam
2088 4055 2156 4115 ne
2186 4055 2399 4115 intretis
2450 4063 2502 4115 in
2554 4055 2966 4128 témptationem
3018 4076 3034 4115 :
3067 4058 3134 4113 Et
3175 4060 3291 4127 ipse
3319 4057 3599 4130 discessit
3624 4058 3691 4109 ab

375 4138 430 4181 et
456 4138 601 4209 emat
629 4130 890 4209 gladium.
928 4126 1063 4186 Dico
1092 4131 1240 4187 enim
1271 4132 1447 4209 vobis.
1477 4131 1871 4209 quoniam__ltoc
1903 4129 1978 4209 (ὁ)
2086 4134 2194 4209 eis.
2231 4143 2489 4209 quantum
2513 4126 2704 4209 jactus
2723 4142 2817 4209 est
2843 4130 3061 4209 lapidis.
3111 4139 3167 4183 ct
3198 4126 3406 4209 positis
3455 4127 3688 4209 genibus

376 4199 519 4267 quod
550 4200 591 4270 ’ξ’
624 4202 888 4258 scribtum
914 4212 1000 4259 est
1028 4213 1245 4274 Oportet
1278 4199 1507 4275 impleri
1526 4204 1580 4259 in
1607 4218 1716 4259 me.
1740 4204 1808 4258 Et
1833 4199 1978 4275 quOd
2083 4199 2495 4262 orabatdicens.
2512 4199 2673 4260 Pater
2690 4206 2736 4259 si
2764 4205 2845 4258 vis
2864 4199 3097 4258 transfer
3117 4215 3144 4254 a
3161 4216 3249 4255 me
3277 4201 3419 4253 hunc
3440 4199 3685 4253 calicem.

1665 4315 1895 4373 CODEX
1929 4316 2397 4377 CORBEIENSIS.

2150 4440 2238 4497 39.
2281 4442 2348 4496 Et
2376 4455 2631 4512 egressus
2660 4439 2788 4495 inde
2814 4480 2829 4506 ,
2861 4437 2975 4494 ibat
3004 4436 3304 4495 secundum
3332 4434 3685 4493 consuetudi-

2080 4527 2202 4567 nem
2228 4527 2403 4577 suam,
2427 4523 2533 4568 etc.

2150 4584 2239 4638 42.
2286 4585 2471 4639 dicens
2503 4601 2515 4636 :
2560 4583 2763 4649 Pater,
2803 4597 2909 4637 non
2957 4596 3077 4637 mea
3129 4581 3382 4637 voluntas
3410 4622 3423 4647 ,
3462 4578 3557 4634 sed
3594 4588 3681 4633 tua

2081 4654 2174 4709 fiat
2208 4671 2219 4707 :
2248 4655 2294 4709 si
2324 4656 2427 4721 vis,
2453 4655 2690 4711 transfer
2713 4654 2857 4709 hunc
2886 4654 3111 4710 calicem
3142 4669 3173 4706 a
3203 4669 3309 4709 mc.

455 3275 600 3323 tatus
623 3279 726 3324 08‘.

382 3338 450 3393 Et
471 3378 486 3401 ,
515 3339 585 3396 de
616 3357 703 3397 me
734 3358 873 3413 quae

380 3417 536 3477 sunt,
570 3413 729 3468 finem

1222 3273 1491 3341 prolixius

1220 3343 1313 3398 44.
1356 3345 1565 3400 orabat.
1592 3345 1659 3400 Et
1688 3342 1794 3401 fac~

1220 3424 1307 3471 tus
1334 3424 1418 3471 est
1447 3416 1613 3472 sudor

2090 3992 2208 4059 ejus
2333 3990 2402 4043 Et
2435 3986 2559 4044 cum
2590 3988 2931 4059 pervenisset
2954 3989 3019 4041 ad
3055 3990 3229 4060 locum
3260 3987 3335 4039 ait
3361 3986 3489 4060 illis.
3530 3988 3694 4060 (irate

445 4429 537 4484 33.
576 4431 695 4487 sine
724 4433 951 4489 sacello.

446 4502 539 4579 36.
580 4504 671 4572 qui
712 4504 874 4560 habet
921 4506 1178 4579 sacellum
1204 4548 1217 4571 ,
1250 4519 1306 4564 et
1350 4508 1439 4579 qui
1491 4506 1655 4563 habet
1687 4512 1919 4563 tunicam
1952 4550 1967 4575 ,

372 4573 575 4647 vendat
600 4590 744 4639 eam,
778 4584 837 4631 et
865 4587 1011 4633 emat
1039 4578 1297 4647 gladium.

446 4645 537 4699 37.
579 4656 797 4716 oportet
824 4645 1130 4723 impleri—in
1164 4667 1250 4706 me
1288 4670 1301 4706 :
1334 4651 1488 4719 Quod
1517 4660 1575 4704 ut
1615 4667 1735 4707 cum
1770 4653 1969 4723 iniquis

375 4716 664 4786 deputatus
688 4728 790 4774 est.
823 4716 925 4787 Et,
943 4721 1015 4778 de
1043 4737 1130 4781 me
1154 4738 1294 4792 quae
1311 4716 1457 4791 sunt,
1490 4724 1652 4779 finem
1677 4716 1895 4779 habent.

1619 4836 2013 4895 VARIANTES
2050 4834 2456 4894 LECTIONES.

439 4950 616 5021 [μνη
643 4956 695 5002 et
717 4952 803 5015 qui
820 4965 916 5003 non
935 4955 1086 5006 habet
1110 4956 1342 5021 gladium,
1372 4958 1564 5009 vendat.
1594 4958 1701 5009 Gat.
1730 4965 1861 5009 emat
1880 4959 1972 5007 sibi
2143 4960 2163 4989 ³
2200 4958 2307 5008 Gat.
2335 4956 2399 5008 Et
2430 4957 2561 5021 quod
2584 4969 2693 5007 cum
2714 4954 2923 5019 injustis.
2949 4955 3065 5003 Mm.
3091 4951 3154 5003 Et
3176 4960 3287 5000 cum
3312 4948 3522 5012 injustis.

371 5010 603 5076 gladium.

1062 5150 1354 5194 ιεοτιοκεε
1384 5151 1586 5195 οοοιοιε
1613 5152 2023 5195 VINDEBONENSIS
2050 5150 2325 5192 ABEUNTES
2353 5153 2415 5191 AB
2438 5147 2681 5191 ευιτιοκε
2723 5144 2985 5185 \‘ULGATA.

2082 5251 2209 5302 Ecce
2237 5250 2382 5314 gladii
2413 5251 2511 5315 duo
2541 5250 2634 5298 hic.
2665 5248 2755 5307 Qui
2795 5246 2918 5315 dixit
2961 5246 3036 5293 eis
3062 5258 3075 5291 :
3117 5244 3330 5315 satest.
3380 5243 3684 5315 ρᾳβεξςυῐξ-

2082 5316 2196 5362 dum
2220 5304 2622 5363 (mnsuetuuinem
2662 5304 2796 5359 suam
2834 5309 2883 5358 in
2909 5316 3123 5358 montem
3146 5306 3345 5357 Oliveti.
3373 5304 3490 5354 Ibid
3532 5304 3684 5353 disci-

2086 5377 2182 5437 puli
2239 5376 2363 5436 ejus.
2428 5374 2506 5424 40.
2547 5376 2597 5422 in
2643 5374 3031 5435 temptationem.
3074 5371 3193 5437 __41._
3222 5371 3381 5430 jactus
3426 5366 3612 5431 lapidis.

2084 5432 2161 5489 42.
2189 5432 2317 5489 hunc
2342 5452 2366 5486 a
2395 5450 2475 5487 me
2504 5437 2716 5486 :V’erum
2749 5432 2845 5484 non
2868 5448 2997 5485 mea.
3064 5434 3142 5481 45.
3172 5432 3323 5481 factus
3345 5439 3440 5479 est.

372 5242 585 5326 make-lt
712 5245 896 5326 dixit?
921 5260 1031 5326 rion
1051 5253 1323 5326 captavi_t_._..
1348 5251 1506 5326 donec
1530 5259 1608 5309 ter
1631 5254 1854 5326 abneges
1878 5261 1973 5326 e_tc.

370 5304 453 5383 se,
496 5305 700 5383 adrui
749 5306 1177 5383 {bid.deest,__eis._
1240 5304 1973 5383 37.quoniamadhucvquod...

369 5375 568 5441 oportet
589 5369 782 5432 impleri
811 5373 861 5420 in
899 5386 980 5422 me
1002 5389 1024 5441 Ξ
1039 5369 1179 5441 Quod
1202 5389 1312 5441 cum
1337 5369 1528 5437 iniustis
1566 5369 1833 5441 deputatus
1880 5385 1973 5428 est.

365 5429 446 5491 Et,
475 5432 540 5481 de
564 5445 644 5481 me
658 5429 797 5495 quae
821 5443 935 5486 sunt
955 5475 969 5499 ,
998 5429 1141 5485 tinem
1166 5438 1367 5488 habent.
1386 5429 1399 5437 ’
1434 5444 1511 5491 58.
1558 5429 1648 5491 Αά¹
1675 5442 1761 5492 ille
1801 5441 1930 5493 dixit
1964 5453 1976 5490 :

1691 5545 2059 5605 BLANCHINI
2098 5544 2323 5602 ΝΟΤτΕ.

443 5658 524 5727 (a)
549 5658 709 5744 ngta
739 5666 850 5744 'tex.
880 5658 974 5716 Gr.
1006 5664 1143 5744 τίνος
1163 5663 1689 5744 ὑστερήᾳξαςεμέω)
1736 5664 1873 5744 Ante
1899 5663 2058 5744 quod.
2084 5662 2235 5744 deest
2265 5662 2465 5744 miliae,
2500 5662 2756 5744 etiarn.
2789 5660 2913 5744 eod.
2952 5658 3107 5744 Cant.
3144 5686 3214 5744 τ-
3243 5656 3417 5744 (cLEt
3458 5656 3530 5744 ita
3553 5668 3688 5744 ver-

370 5730 554 5791 siones
584 5728 705 5799 Syr.
739 5730 890 5801 Pers.
922 5744 977 5789 et
1006 5735 1175 5792 Arab.
1220 5728 1403 5809 —'(d)
1432 5739 1500 5794 Et
1540 5728 1748 5793 ita'tex.
1782 5738 1876 5793 Gr.
1910 5728 1970 5795 ἒτὸ
2002 5740 2151 5819 (περὶ
2186 5737 2375 5808 ἐμοῦ.)
2402 5764 2472 5775 --
2500 5732 2571 5804 (e)
2603 5732 2764 5789 Addit
2794 5734 2927 5806 ejus,
2959 5732 3121 5787 etiam
3152 5738 3267 5785 lex.
3300 5728 3396 5786 Gr.
3424 5729 3600 5787 αὐτοῦ.

3688 5872 3719 5897 ¹Α⁴
