4054 6198
513 156 520 189 l

446 241 551 299 6‘39

825 359 1057 415 CODEX
1114 360 1661 417 VEIICELLENSIS.

450 456 523 511 sit
547 456 640 511 te?
1286 454 1410 523 quia
1441 468 1542 524 ego
1569 469 1709 509 sum.

449 527 539 582 65.
586 527 652 581 Et
673 525 777 580 alia
807 526 977 581 multa
1286 527 1377 580 7t.
1418 525 1519 593 Qui
1550 525 1806 583 dixerunt
1836 549 1849 585 :

451 598 785 655 hlasfeman-
1284 596 1422 663 Quid
1447 596 1624 653 adhuc

448 678 530 724 tes
561 669 815 725 dicebant

451 740 539 795 66.
574 740 640 795 ad
672 755 817 796 eum.
855 740 954 809 Et,
979 756 1105 797 cum

445 811 563 867 dies
594 812 747 867 horta
769 822 882 877 est,

446 899 718 939 convene-

1285 683 1506 739 egemus
1533 679 1639 725 tes«

1280 740 1508 795 timonio
1533 742 1564 812 ?_
1586 740 1665 812 (ά)
1691 757 1788 797 au—

1281 812 1511 883 divimus
1538 809 1579 883 -l-
1610 809 1756 869 enim

1282 882 1350 939 dc
1374 899 1468 939 ore
1498 882 1665 939 illius.

448 955 793 1063 Illi'fflll?’
1424 995 1652 1054 CAPUT
1692 998 1861 1063 xxut

448 1041 539 1081 res
570 1026 746 1095 populi
768 1067 784 1094 ,

444 1090 778 1173 Pontifices,
1281 1092 1334 1145 1.
1362 1090 1446 1173 .Et
1471 1105 1703 1162 surgens

446 1177 499 1223 et
522 1168 746 1223 Scrihae
770 1186 784 1236 ;
1283 1168 1540 1236 universa

447 1250 499 1292 et
528 1234 779 1295 deduxc4
1283 1234 1569 1291 multitudo

382 1310 385 1313 ⁷
445 1319 571 1365 runt
600 1310 753 1365 illum
1282 1321 1468 1360 eorum
1488 1347 1503 1371 ,
1529 1305 1697 1362 addu-

445 1381 497 1434 in
521 1380 757 1437 Concili-
1281 1385 1479 1431 xerunt
1502 1378 1655 1432 illum

1280 1448 1347 1502 ad
1374 1448 1624 1503 Pilatum.

1279 1518 1335 1572 *2.
1375 1517 1687 1587 Coeperunt

1279 1600 1457 1645 autem
1482 1607 1638 1646 accu-

1278 1676 1403 1715 sare
1423 1662 1573 1717 illum
1593 1704 1608 1729 ,

1279 1733 1526 1787 dicentes
1559 1752 1573 1788 :

1282 1803 1435 1859 Hunc
1465 1803 1616 1860 inve-

446 1469 532 1507 um
565 1469 721 1507 suum
757 1469 772 1518 ;

447 1533 501 1579 et
530 1524 757 1579 interro-

444 1596 642 1664 gabant
668 1611 810 1664 eum,

443 1666 687 1722 dicentes
713 1684 725 1719 :

442 1738 498 1792 Si
529 1748 582 1790 tu
609 1752 668 1792 es
688 1736 965 1803 Christus,

443 1808 530 1862 dic
557 1809 711 1863 nobis
739 1810 761 1863 ?

442 1879 530 1933 67.
578 1879 718 1933 Dixit
740 1889 919 1936 autem

443 1951 550 2005 illis
579 1969 591 2003 :
621 1950 679 2006 Si
708 1952 860 2008 vobis

1281 1876 1459 1930 nimus
1489 1892 1643 1932 ever-

1280 1956 1478 2003 tentem
1506 1963 1638 2019 gen-

442 2022 667 2088 dixero,
697 2039 801 2079 non
1277 2026 1387 2073 tem
1433 2059 1446 2073 .
1492 2058 1505 2072 .
1553 2060 1566 2073 .
1610 2058 1625 2072 .
1673 2061 1685 2074 .
1736 2062 1748 2077 .
1792 2023 1963 2079 tribu-

441 2093 531 2147 68.
577 2093 654 2165 (b)
685 2093 905 2151 creditis
932 2094 972 2164 -Ι-
1006 2110 1019 2149 :
1048 2093 1095 2150 si
1122 2092 1204 2149 iu-
1281 2130 1293 2144 .
1342 2090 1528 2165 .Adare
1546 2091 1683 2147 Cae-

444 2163 754 2236 terro'gave-
949 2163 952 2164 ⁷
1276 2163 1406 2229 sari,
1433 2163 1622 2236 dicen:

440 2251 534 2301 ro,
564 2233 669 2291 non
704 2238 720 2268 ¹
754 2251 869 2293 res-
1278 2242 1384 2288 tem
1413 2276 1425 2299 ,
1459 2234 1479 2264 ³
1512 2250 1571 2289 se
1601 2233 1877 2293 Christum

444 2308 753 2378 pondebitis
770 2350 785 2373 ,
1274 2305 1489 2378 Regem,
1504 2321 1591 2360 es-

439 2377 536 2433 sed
562 2395 662 2435 nec
682 2378 864 2434 dimit-
1275 2378 1327 2431 5.
1372 2392 1451 2433 se.
1476 2377 1683 2435 Pilatus

437 2449 525 2505 69.
559 2452 685 2507 tetis
716 2467 824 2506 me.
861 2452 1028 2506 Amo-
1276 2458 1453 2503 aulctn
1478 2448 1561 2503 in-

437 2522 507 2576 du
537 2535 716 2579 autem
1277 2522 1571 2591 terrogavit

438 2594 542 2647 erit
569 2594 742 2649 Filius
768 2594 866 2649 ho—
1274 2607 1398 2647 eum
1419 2634 1433 2658 ,
1465 2591 1651 2647 dicens
1682 2609 1699 2649 :

437 2665 598 2719 minis
621 2666 819 2721 sedens
1275 2664 1352 2717 Tu
1383 2679 1442 2718 es
1469 2662 1582 2719 Rex
1606 2664 1703 2719 Ju-

434 2735 501 2789 ad
533 2736 779 2792 dextram
1275 2734 1533 2790 daeorum
1559 2736 1582 2790 ?
1604 2737 1703 2805 Qui

438 2806 651 2861 virtutis
684 2808 796 2860 Dei.
1273 2806 1556 2875 respondit

434 2877 524 2931 7t).
568 2880 586 2909 ²
619 2879 881 2932 Dixerunt
910 2893 1003 2933 au-
1274 2876 1347 2930 illi
1379 2893 1391 2929 :
1426 2876 1505 2930 Tu
1535 2877 1690 2933 dicis.

438 2959 543 3003 lem
573 2950 620 3003 ei
654 2965 771 3002 om-
1273 2948 1325 3001 4.
1370 2946 1572 3001 Pilatus
1602 2966 1697 3002 au-

433 3034 530 3075 nes
555 3037 569 3072 :
597 3020 676 3074 Tu
705 3034 763 3074 es
786 3020 917 3075 Fili-
1276 3028 1386 3073 tem
1412 3018 1487 3073 ait
1509 3020 1575 3073 ad
1606 3019 1747 3074 Pon-

436 3106 498 3145 us
530 3091 666 3146 Dei?
694 3089 765 3163 (c)
796 3092 939 3146 Dixit
1276 3090 1446 3163 tiliecs
1466 3099 1719 3163 ,__etitur-

439 3172 618 3217 autem
652 3160 759 3217 illis
793 3180 807 3219 :
1275 3160 1396 3215 bam
1427 3178 1439 3214 :
1474 3161 1686 3217 Nullam

436 3231 549 3289 Vos
580 3234 761 3289 dicitis
785 3275 799 3301 ,
1274 3233 1489 3288 invenio
1519 3234 1633 3289 cul-

950 242 1257 300 'EUSEBII
1293 242 1632 301 VERCELL.
1680 243 2131 303 EVANGELIUM
2172 246 2310 303 CUM
2353 246 2582 305 VARIIS
2619 246 2775 314 COD.
2816 247 3214 308 COLLATUM.

2058 674 2065 681 '
2151 681 2233 726 tes
2258 673 2311 728 in
2343 688 2487 729 eum.

3643 252 3751 310 7ἓο

2587 363 2819 421 CODEX
2864 363 3313 425 VERONENSIS.

2988 462 3091 517 huc
3126 461 3496 521 desideramus

2985 535 3397 590 testimonium?

2983 605 3061 676 (ά)
3091 606 3300 661 audivi-

2986 690 3106 748 mus
3136 678 3177 748 -ι-
3207 679 3351 733 enim

2986 746 3053 804 de
3075 746 3173 805 ore
3200 751 3391 820 ipsius.

3137 859 3365 918 CAPUT
3406 861 3600 921 XXIII.

2985 956 3037 1010 1.
3084 954 3151 1010 Ει
3186 970 3457 1027 exurgens

2985 1027 3162 1082 omnis
3194 1028 3333 1081 mul-

2984 1098 3157 1154 titudo
3187 1097 3423 1163 illorum,

2985 1169 3257 1224 duxerunt
3288 1170 3437 1233 illum

2984 1242 3051 1295 ad
3080 1241 3332 1295 Pilatum.

2982 1314 3036 1366 2.
3080 1311 3389 1381 Coeperunt

2151 459 2256 513 alia
2283 460 2445 513 multa

2149 529 2531 601 blaspheman-

2151 611 2231 656 tes
2253 643 2267 666 ,
2291 611 2342 658 et
2374 602 2559 658 dicen-

2150 743 2237 798 66.
2281 744 2385 812 Et,
2419 755 2475 800 ut
2504 744 2674 801 factus

2151 823 2234 869 est
2262 816 2379 871 dies
2400 858 2415 881 ,
2449 832 2580 871 con-

2149 887 2297 960 venit
2321 886 2397 960 (a)
2432 888 2816 943 Preshiterium
2839 889 2876 960 ’ξ’

2151 957 2356 1031 ριυὺὶεί.
2379 957 2438 1014 et
2460 960 2740 1031 Principes

2149 1029 2501 1085 Sacerdotum
2527 1072 2542 1097 ,

2148 1112 2201 1156 et
2228 1100 2447 1157 Scribae
2471 1118 2486 1156 :

2148 1181 2201 1227 et
2224 1172 2496 1228 duxerunt

2148 1243 2301 1298 illum
2332 1245 2382 1298 in
2411 1244 2555 1299 Con-

2148 1316 2329 1369 cilium
2351 1331 2506 1370 suum
2534 1333 2548 1382 ;
2573 1325 2626 1372 et

2147 1385 2555 1457 interrogabant
2982 1393 3162 1457 autem
3200 1398 3460 1457 accusare

2148 1472 2269 1512 cum
2289 1499 2303 1522 ,
2329 1454 2513 1514 dicen-
2984 1454 3135 1508 illum
3157 1496 3171 1519 ,
3216 1454 3497 1512 dicentes:

2149 1537 2229 1583 tes
2256 1547 2267 1583 :
2299 1530 2353 1584 Si
2379 1540 2434 1585 tu
2984 1525 3141 1581 Hunc
3169 1526 3381 1581 inveni-

2986 1613 3105 1651 mus
3131 1598 3359 1652 subver-

2987 1678 3187 1725 tentem
3216 1678 3429 1737 gentem

2986 1752 3226 1795 nostram
3246 1782 3261 1807 ,
3298 1740 3373 1813 (ε)
3404 1750 3459 1805 et

2985 1813 3286 1867 solventem
3310 1880 3311 1883 η

2984 1884 3156 1954 legem
3190 1893 3426 1937 nostram
3447 1926 3460 1947 ,

2983 1964 3038 2009 et
3068 1954 3367 2023 Prophetas
3449 1996 3463 2021 ,

2982 2034 3038 2081 et
3068 2026 3443 2096 prohibentem

2985 2097 3183 2152 tributa
3212 2097 3328 2152 dari

2148 1614 2209 1655 es
2236 1600 2483 1655 Christus
2504 1643 2518 1668 ,

2150 1670 2235 1724 dic
2264 1670 2462 1726 nobis?

2149 1742 2238 1796 67.
2281 1742 2372 1797 Ait
2398 1744 2503 1798 illis
2535 1763 2547 1799 :
2582 1744 2638 1800 Si

2148 1813 2301 1867 vobis
2329 1813 2480 1869 dixe-

2147 1900 2208 1939 ro
2229 1925 2243 1943 ,
2275 1900 2379 1967 non
2407 1887 2480 1958 (b)
2513 1901 2621 1970 cre-

2148 1955 2236 2011 68.
2280 1955 2501 2013 dlllS’i‘:
2534 1973 2578 2013 Sl

2146 1993 2453 2098 interroga!

2148 2112 2276 2154 vero
2297 2140 2309 2163 ,
2345 2115 2450 2153 non

2146 2170 2488 2239 respondetis
2982 2168 3201 2224 Caesari
3222 2212 3235 2235 ,
3270 2178 3324 2223 et

2145 2242 2277 2295 mihi
2300 2286 2313 2306 ,
2346 2257 2521 2313 neque
2984 2241 3277 2313 dicentem,
3295 2254 3371 2313 se

2143 2310 2451 2368 dimittetisi
2984 2310 3261 2366 Christum
3293 2310 3494 2382 Regem
3523 2324 3667 2367 esse.

2984 2385 3038 2437 5.
3081 2384 3283 2437 Pilatus
3308 2394 3487 2438 autem

2984 2453 3234 2520 audiens,
3260 2455 3430 2509 inter-

2984 2528 3193 2597 rogavit
3223 2541 3373 2593 eum,

2980 2601 3165 2653 dicens
3192 2614 3205 2652 :
3241 2598 3318 2652 Tu

2980 2684 3042 2725 es
3070 2669 3182 2725 Rex
3211 2668 3445 2724 Judaeu-

2979 2740 3137 2795 rum?
3167 2740 3245 2794 Ad
3280 2739 3371 2793 ille

2979 2811 3337 2882 respondens,
3367 2811 3442 2865 ait
3466 2809 3568 2864 :Tu
3588 2808 3751 2865 dicis.

2978 2884 3035 2939 4.
3080 2885 3170 2938 Ait
3200 2891 3381 2937 autem

2976 2955 3184 3010 Pilatus
3217 2954 3283 3008 ad

2980 3026 3262 3098 Principes
3290 3026 3395 3081 Sa—

2980 3098 3283 3161 cerdotum,
3314 3105 3368 3153 et

2982 3170 3167 3225 turbas
3194 3186 3206 3222 :
3238 3168 3382 3224 Nihil

2982 3240 3201 3297 invenio
3231 3254 3427 3297 causae

2146 2384 2234 2438 69.
2280 2385 2358 2439 Ex
2387 2384 2489 2441 hoc
2518 2399 2613 2439 au-

2144 2463 2253 2508 tem
2282 2455 2453 2512 Filius

2144 2526 2247 2581 erit
2278 2525 2515 2582 hominis

2143 2598 2340 2652 sedens
2372 2614 2401 2653 a
2431 2599 2563 2653 dex-

2146 2669 2244 2723 tris
2268 2669 2485 2725 virtutis
2518 2669 2632 2725 Dei.

2145 2740 2232 2795 70.
2278 2742 2341 2795 Et
2364 2741 2619 2797 dixerunt
2656 2740 2663 2743 ’

2143 2827 2334 2867 omnes
2370 2831 2382 2867 :
2417 2813 2495 2867 'I‘u

2143 2899 2273 2953 ergo
2296 2900 2356 2938 es
2385 2884 2555 2939 Filius
2587 2884 2680 2939 Dei
2708 2885 2731 2937 ?

2142 2954 2440 3027 Aitgautem
2471 2956 2543 3027 (c)
2577 2956 2639 3009 il-

2142 3025 2207 3079 lis
2229 3025 2269 3097 ’ξ’
2301 3043 2316 3082 ε
2349 3026 2455 3081 Vos
2484 3025 2564 3081 tli-

2141 3097 2297 3168 eitis,
2332 3098 2474 3166 quod
2506 3113 2608 3168 ego
2633 3113 2775 3154 sum.

2143 3167 2233 3221 71.
2275 3168 2355 3223 Ad
2394 3170 2468 3223 illi
2506 3167 2657 3225 dixe-

2143 3249 2271 3295 runt
2293 3258 2307 3294 :
2339 3240 2477 3309 Quid
2508 3241 2602 3295 ad~

1752 3350 1988 3413 CODEX
2016 3352 2416 3412 BRIXIANUS.

436 3450 503 3504 Et
529 3450 634 3505 alia
671 3450 839 3507 multa
872 3449 1313 3519 blasphemantes
1341 3448 1594 3505 dicebant
1621 3450 1677 3504 in
1712 3465 1858 3506 eum.
1889 3452 1954 3506 Et
1983 3460 2041 3507 ut

432 3521 607 3577 factus
634 3532 719 3577 est
738 3523 875 3577 dies.
909 3529 1281 3578 convenerunt
1301 3520 1558 3576 Seniorcs
1580 3522 1773 3591 plebis.
1803 3531 1856 3577 et
1882 3522 2040 3577 Prin-

433 3596 584 3662 cipes
630 3594 1006 3650 Sacerdotum.
1050 3604 1105 3648 et
1137 3593 1360 3649 Scribae
1394 3602 1449 3648 et
1478 3594 1749 3648 duxerunt
1785 3595 1931 3648 illum
1986 3597 2039 3661 in

429 3665 730 3720 Concilium
762 3682 941 3719 suum.
977 3674 1029 3720 et
1059 3664 1465 3735 interrogabant
1507 3680 1629 3719 eum
1674 3665 1937 3719 dicentes.
1979 3666 2038 3720 Si

431 3744 488 3789 tu
528 3751 587 3790 es
626 3737 876 3791 Christus
908 3737 994 3790 die
1019 3737 1196 3791 nobis.
1231 3737 1293 3789 Et
1321 3735 1395 3789 ait
1422 3735 1551 3791 illis.
1580 3737 1633 3790 Si
1660 3738 1812 3789 vobis
1842 3736 2038 3792 dixero

432 3821 539 3860 non
586 3808 807 3861 creditis
855 3807 1007 3861 mihi.
1050 3808 1095 3862 si
1126 3814 1304 3860 autem
1356 3814 1410 3859 et
1450 3808 1880 3876 interrogavero.
1930 3824 2036 3864 non

432 3879 773 3946 respondetis
814 3879 965 3931 mihi.
1018 3893 1193 3947 neque
1238 3877 1543 3931 dimittetis.
1598 3878 1674 3933 Ex
1717 3879 1817 3932 hoc
1853 3892 2032 3934 autent

431 3951 535 4001 erit
567 3948 734 4004 Filius
769 3948 1019 4003 hotuinis.
1061 3948 1257 4003 sedens
1291 3948 1357 4002 ad
1391 3950 1637 4003 dextram
1672 3950 1884 4005 virtutis
1919 3950 2033 4005 Dci.

438 4018 699 4073 Dixerunt
756 4030 936 4073 autem
1000 4034 1188 4071 omnes
1233 4019 1313 4072 'I‘u
1376 4034 1506 4088 ergo
1561 4035 1621 4073 es
1680 4020 1849 4075 Filius
1917 4023 2029 4075 Dei.

431 4088 512 4144 Ad
576 4090 668 4146 ille
729 4090 865 4148 dixit
916 4091 995 4145 eis
1036 4090 1094 4161 1‘.
1154 4091 1259 4145 Vos
1321 4089 1499 4144 dicitis
1551 4092 1674 4158 quia
1730 4107 1832 4162 ego
1887 4108 2030 4147 sunt.

2151 3455 2219 3507 At
2253 3453 2620 3509 illidixernnt.
2656 3450 2794 3521 Quid
2821 3449 2999 3506 adhuc
3048 3463 3185 3520 opus
3214 3449 3477 3504 habemus
3500 3446 3758 3501 testium.

2150 3527 2321 3578 nium.
2348 3526 2449 3596 ipsi
2474 3526 2617 3579 enim
2651 3524 2955 3596 audivimus
2977 3537 3044 3577 ex
3074 3537 3169 3577 ore
3190 3522 3328 3596 ejus.
3354 3521 3416 3575 Et
3437 3532 3751 3596 essurgens

2148 3597 2321 3651 omnis
2351 3589 2637 3651 multitudo
2668 3610 2854 3650 eorum
2894 3593 3166 3649 duxerunt
3205 3589 3356 3647 illum
3388 3589 3453 3644 ad
3484 3590 3746 3644 Pilatum.

2146 3668 2458 3735 Coeperunt
2484 3680 2663 3723 autent
2692 3680 2948 3721 accusare
2978 3680 3100 3719 eum
3130 3665 3393 3718 dicentes.
3418 3662 3571 3716 IIunc
3594 3664 3754 3735 inve-

2148 3734 2325 3793 nimus
2353 3740 2754 3794 subvertentem
2808 3746 3021 3806 gentem
3075 3746 3338 3791 nostram.
3363 3744 3417 3789 et
3448 3734 3754 3806 prohiben—

2144 3818 2250 3864 tem
2289 3812 2485 3865 tributa
2533 3811 2662 3865 dare
2702 3804 2921 3863 Caesari
2953 3818 3005 3862 et
3036 3806 3308 3862 dicentem
3361 3821 3421 3859 se
3467 3804 3747 3858 Christum

2145 3880 2510 3957 {tegenti-sse.
2547 3882 2750 3957 Pilatus
2780 3891 2960 3957 autem
2995 3879 3349 3947 interrogavit
3378 3892 3499 3957 cuiu
3528 3876 3744 3957 dicens.

2143 3948 2301 4007 Tu'cs
2326 3953 2438 4007 Rex
2468 3953 2818 4007 .Iutlaeorum.
2852 3950 3011 4005 Jcsus
3057 3960 3235 4004 autem
3265 3949 3604 4017 resimi-dens
3646 3948 3747 4001 ait.

2140 4023 2219 4078 Tu
2250 4024 2628 4079 (Ιίοἱε.ΡὶΙςιῑιιδ
2658 4030 2836 4077 autem
2863 4022 3000 4076 dixit
3040 4021 3107 4076 ad
3150 4021 3425 4090 Principes
3474 4019 3750 4073 Sacerdoc

2143 4107 2276 4150 tum.
2330 4108 2383 4150 et
2434 4096 2640 4151 turbas.
2674 4094 2815 4149 Nihil
2856 4093 3073 4149 invenio
3104 4107 3321 4147 causam

1734 4205 1970 4262 CODEX
2005 4206 2483 4269 CORBEIENSIS.

470 4296 593 4422 163.
637 4296 735 4365 Ει,
781 4307 835 4352 ιιι
868 4297 1038 4352 factus
1065 4306 1149 4353 est
1175 4298 1313 4367 dies,
1345 4300 2024 4374 convenitPresbyterium

491 4386 519 4422 e
563 4385 627 4422 IS.

432 4370 627 4496 mihi:
662 4440 849 4498 XXIII.
888 4471 957 4483 —
997 4441 1052 4495 2.
1111 4442 1516 4499 subvertentem
1564 4442 1586 4474 ’⁸
1639 4453 1855 4517 gentem
1914 4461 2022 4502 no-

2131 4314 2299 4382 stram
2319 4350 2332 4371 ,
2363 4318 2416 4363 et
2446 4308 2744 4382 solventem
2792 4304 3229 4382 legem'nostt‘am
3250 4304 3338 4382 ,ςι-
3368 4305 3391 4337 ⁶
3418 4303 3752 4382 ethpheo

2135 4378 2236 4434 tias
2260 4421 2275 4447 ,
2309 4390 2362 4435 cl
2390 4380 2765 4452 prohibentem
2793 4378 2833 4456 οξ·
2866 4378 3065 4433 tributa
3096 4378 3228 4432 dare
3267 4376 3509 4433 Caesari.

1655 4562 2057 4620 VARIAN'I‘ES
2097 4559 2506 4619 LECTIONES.

494 4654 509 4725 ξ
532 4652 654 4725 ραι.
681 4654 994 4725 respondens
1013 4656 1149 4725 mihi,
1171 4668 1337 4725 neque
1355 4655 1632 4706 dimittetis.
1666 4654 1803 4719 Vulg.
1820 4668 2028 4720 respon-

428 4714 611 4764 debitis
642 4714 789 4779 mihi,
817 4730 983 4779 neque
1007 4714 1278 4768 ditttittetis.

491 4780 510 4809 ²
548 4780 668 4827 Mm.
718 4776 967 4828 Dixerunt
1006 4792 1341 4846 ergo_omnes
1374 4794 1386 4829 :
1431 4780 1504 4831 Tu
1546 4788 1714 4831 autem
1753 4794 1828 4831 es.
1876 4782 2027 4846 Vulg.

423 4838 674 4889 Dixerunt
699 4851 862 4892 autem
882 4838 1089 4891 omnes?
1113 4842 1187 4891 Tu
1214 4855 1337 4905 ergo
1360 4855 1434 4894 es.

2154 4655 2349 4733 “3.0m.
2389 4662 2433 4707 et
2458 4657 2577 4711 Mm.
2615 4655 2867 4705 dicentem
2890 4652 3188 4717 ,Christum.
3224 4650 3371 4716 Vulg.
3397 4652 3650 4703 dicentem
3689 4668 3750 4705 se

2135 4720 2397 4769 Christum.

2197 4781 2219 4812 δ
2254 4784 2313 4831 Et
2336 4784 2405 4831 ita
2438 4781 2547 4831 σαι.
2572 4786 2618 4832 et
2643 4783 2759 4830 Mm.

2197 4846 2219 4878 ⁸
2255 4844 2346 4895 Gal
2368 4850 2413 4895 et
2434 4844 2553 4897 Mm.
2584 4852 2635 4895 et
2656 4842 2950 4906 PrOphetas,
2973 4849 3025 4893 et
3049 4840 3417 4905 prohibentem.

1114 4962 1406 5003 LECTIONES
1435 4963 1639 5004 CODICIS
1665 4965 2080 5007 VINDEBONEDSIS
2102 4966 2380 5009 ABEUNTES
2411 4966 2475 5006 ΑΒ
2502 4964 2749 5006 EDITIONE
2779 4964 3044 5005 VULGATA.

427 5040 509 5106 65.
536 5040 767 5106 dicebant
786 5041 845 5106 ad
866 5052 997 5090 eum.
1028 5103 1039 5106 μ
1064 5041 1144 5091 66.
1173 5049 1226 5090 et
1257 5043 1490 5106 convenit
1530 5041 1901 5106 Presbyterium
1928 5044 2035 5106 ple-

426 5104 536 5177 bis,
558 5110 628 5177 et
673 5104 986 5177 Principes...
1013 5103 1268 5177 (luserunt
1300 5103 1440 5177 illurn
1478 5103 1832 5177 itt_Cottc‘ilium
1862 5103 2037 5177 suum;

427 5165 869 5229 etinterrogabaut
890 5179 1035 5229 eum,
1068 5168 1311 5216 dierntes.
1379 5167 1458 5216 68.
1502 5169 1553 5216 Si
1598 5165 2035 5229 interrogavere”:

426 5242 595 5289 neque
616 5227 979 5292 respondebitls
1002 5229 1142 5292 mihi,
1172 5242 1338 5292 neque
1362 5230 1635 5280 dimittetis.
1701 5227 1869 5292 70.1%
1892 5231 2035 5281 dixe-

426 5288 556 5337 runt.
591 5327 601 5337 .
638 5288 793 5354 Filius
840 5288 1085 5354 Dei‘tQui
1118 5288 1185 5339 ait
1211 5288 1306 5339 illis
1332 5305 1343 5338 :
1372 5292 1472 5341 Vos
1509 5293 1688 5341 dicitis.
1721 5291 1899 5344 omisso
1924 5294 2036 5354 quia

424 5365 520 5414 ego
548 5366 674 5401 sum.
741 5351 820 5400 71.
856 5351 930 5401 Ad
951 5351 1018 5400 illi
1041 5353 1333 5402 dixerunt...
1364 5355 1729 5406 testimonium?
1752 5351 2023 5405 audivimus

2142 5046 2273 5096 enim
2295 5045 2466 5108 degere
2479 5046 2659 5108 ipsius.

2202 5108 2314 5158 Car.
2339 5104 2523 5157 XXIIII
2547 5134 2608 5141 —
2633 5107 2677 5155 1.
2702 5104 2964 5159 multitudo
2998 5104 3188 5156 illorum
3208 5144 3221 5165 ,
3265 5104 3516 5154 duxerunt
3540 5118 3679 5156 eum.

2140 5171 2187 5218 2.
2216 5181 2446 5220 accusare
2473 5168 2666 5219 illum...
2697 5168 3072 5231 subvertentem
3091 5176 3293 5231 gentem
3306 5174 3537 5226 nostram,
3568 5176 3619 5218 et
3642 5169 3752 5218 soi-

2142 5241 2341 5281 ventem
2366 5231 2530 5292 legem
2559 5240 2789 5285 nostram,
2815 5239 2867 5279 et
2890 5230 3179 5292 Prolthetas.
3206 5236 3257 5279 et
3283 5231 3628 5292 prohibentem
3650 5234 3750 5280 tri-

2143 5295 2259 5343 buta
2282 5294 2385 5343 dari
2412 5292 2625 5344 Caesari.
2693 5295 2744 5356 5.7
2776 5292 2965 5343 Pilatus
2988 5300 3152 5356 autem
3177 5293 3384 5342 audiens
3415 5295 3747 5356 interrogavit

2134 5370 2304 5405 eum...
2332 5355 2404 5404 Ad
2430 5356 2515 5405 ille
2538 5355 2863 5419 respondens.
2928 5357 2975 5404 4.
3010 5353 3147 5403 Dixit
3178 5362 3359 5405 autem.

1754 5462 2119 5519 BLANCIIINI
2159 5464 2386 5519 NOT/E.

499 5556 573 5628 (a)
604 5557 682 5612 Ita
705 5565 759 5635 et
782 5556 1021 5635 tex._Gr.
1055 5558 1112 5613 τὸ
1140 5558 1635 5635 «praeripias—7
1656 5557 1737 5635 _(b_)
1757 5558 1886 5635 P_«_»_s_t
1915 5559 2123 5635 creditis
2146 5600 2161 5624 ,
2204 5556 2365 5635 deest
2385 5557 2514 5611 mihi
2532 5600 2546 5623 ,
2565 5558 2739 5635 etiam
2772 5558 2835 5635 in.
2856 5564 2966 5635 teut.
2995 5556 3090 5612 Gr.
3142 5556 3283 5635 Ibid.

3326 5564 3446 5627 post
3476 5557 3522 5610 si
3541 5598 3554 5621 ,
3587 5557 3746 5612 deest

425 5626 597 5681 autem
619 5639 696 5695 et,
727 5630 781 5683 itt
812 5629 932 5685 cod.
959 5626 1364 5700 qunque'Cant.
1395 5626 1465 5669 -ἒ-
1498 5629 1569 5756 (ο)
1594 5629 1757 5683 Addit
1782 5628 1919 5692 illis,
1956 5631 2159 5700 pariter
2178 5630 2301 5684 cod.
2327 5628 2484 5685 Cant.
2519 5633 2786 5690 αὐτοῖς.--
2816 5626 2896 5701 (d)
2931 5627 3071 5683 Ante
3097 5626 3410 5692 audivimus,
3433 5628 3587 5683 deest
3611 5631 3744 5695 ipsi,

425 5701 588 5754 etiam
620 5701 673 5753 in
694 5700 821 5755 cod.
845 5702 999 5756 Cant.
1028 5703 1179 5756 —-lel
1202 5701 1385 5756 Addit.
1410 5712 1456 5756 et
1480 5717 1536 5756 so
1564 5710 1759 5756 ventem
1805 5700 1962 5756 leuem
2005 5712 2255 5756 nostram.
2290 5711 2334 5756 et
2386 5701 2696 5756 Pronhetas.
2720 5716 2844 5756 cum
2864 5699 3285 5756 cod.Catholico
3312 5699 3621 5756 Hareionis.
3652 5707 3744 5756 καί

423 5701 673 5781 etiamin
694 5700 821 5781 cod.
845 5699 999 5781 Cant.
1028 5703 1179 5781 —(e)
1202 5701 1385 5781 Addit,
1410 5712 1456 5756 et
1480 5699 1759 5756 abluentem
1805 5699 1968 5777 legent
2005 5712 2255 5771 nostram,
2290 5711 2334 5757 et
2386 5701 2696 5781 Prophetas,
2720 5699 2844 5757 cum
2864 5699 2987 5756 Cod.
3002 5699 3285 5769 Catholica
3312 5699 3621 5771 lareiouis,
3652 5707 3747 5771 κᾳὲ

421 5771 743 5838 κᾳταλύοντα
767 5772 855 5844 τὸν
880 5774 1031 5845 νόμον
1060 5776 1149 5829 καὶ
1174 5778 1460 5851 προφήτας.
