4054 6198
377 278 485 334 τοι

380 506 505 561 pam
541 491 596 547 in
627 492 800 548 homi-

379 580 450 618 ne
477 563 599 619 hoc.

378 635 438 693 5.
470 633 552 690 Ad
583 635 658 689 illi
692 635 923 692 invales-

379 707 576 763 cebant
594 745 606 758 .
638 706 824 763 dicen.

377 787 464 834 tes
496 795 510 832 :
536 776 794 832 Commo-

376 860 472 906 vet
503 851 760 920 populum
777 891 792 918 ,

381 922 586 977 docens
608 937 706 990 per

379 1003 548 1050 totam
578 992 777 1048 Judae-

383 1081 475 1120 am
493 1107 508 1130 ,
529 1065 718 1119 incho-

379 1151 484 1192 ans
509 1151 536 1190 a
560 1136 794 1192 Galilae-

378 1223 412 1262 a
432 1251 448 1273 ,
481 1223 652 1278 usque
678 1207 805 1262 huc.

379 1279 439 1334 6.
481 1279 684 1334 Pilatus
714 1288 894 1335 autem

380 1361 444 1404 ut
475 1350 644 1406 audiit
664 1351 766 1407 Ga-

380 1423 602 1477 lilaeam
621 1466 636 1489 ,
673 1422 756 1476 in-

381 1493 684 1562 terrogavit
700 1535 718 1560 ,

378 1581 451 1621 an
477 1581 507 1619 a
537 1565 772 1622 Galilae-

378 1653 412 1691 a
445 1636 608 1691 homo
638 1637 740 1692 iste

381 1709 439 1762 7.
481 1715 644 1792 esset.
673 1703 771 1778 Et,
797 1724 922 1767 cum

381 1794 670 1851 cognovis-

379 1862 499 1919 set,
531 1866 651 1906 eum
681 1851 750 1908 de

381 1922 619 1978 Herodis
646 1939 746 1994 po-

383 2004 522 2050 lCSla
531 2003 638 2050 tem
679 2012 765 2052 BSq

379 2081 449 2121 se
466 2108 480 2129 ,
511 2066 722 2121 remisit

381 2137 541 2192 illum
574 2137 640 2192 ad
673 2138 778 2194 He-

380 2209 600 2273 rodem,
619 2209 646 2281 ν¹
673 2211 764 2281 qui

382 2288 506 2336 erat
535 2289 589 2335 et.
614 2280 729 2349 ipse

383 2352 706 2424 Hierosoly-

380 2423 495 2478 mis
523 2425 575 2478 in
606 2423 692 2478 his

382 2496 599 2550 diebus.

381 2567 444 2622 8.
489 2566 732 2624 Herodes
767 2581 866 2621 au-

383 2649 522 2704 tem,
555 2639 672 2694 viso
697 2639 846 2706 Iesu,

381 2711 610 2781 gavisus
632 2721 715 2766 est

383 2781 549 2836 valde
574 2800 587 2836 :
617 2791 732 2837 erat

385 2853 538 2908 enim
567 2854 716 2923 cupi-

384 2940 492 2980 ens
524 2925 708 2979 videre

387 2996 572 3062 illum,
607 3011 770 3066 prop-

390 3079 546 3122 terea
575 3082 682 3138 quo

387 3139 608 3194 audiret
635 3139 741 3193 l‘re-

389 3219 626 3280 quenter
659 3210 728 3265 de

389 3282 528 3346 illo;
561 3292 617 3337 et
649 3295 832 3350 spera-

388 3356 490 3436 bat
513 3353 730 3433 aliquod

388 3439 610 3494 Signum
643 3441 722 3477 VI-

388 3498 526 3551 dcre
553 3497 619 3551 ab
650 3497 744 3551 illo

394 3567 540 3622 ﬁeri.

1446 279 1887 339 EVANGELIUM
1928 279 2300 338 SECUNDUM
2341 279 2594 338 LUCAM.

773 395 1002 452 CODEX
1047 394 1591 455 YERCELLENSIS.

1222 493 1404 549 verbis
1438 493 1608 562 pluri-

1221 565 1339 620 bus.
1371 565 1488 635 lpse
1514 579 1648 620 vero

1221 637 1354 692 nihil
1397 651 1622 706 respon-

1220 707 1312 762 10.
1353 707 1516 762 debat
1545 709 1642 764 illi.
1671 706 1791 764 Sta-

1221 779 1352 834 bant
1377 789 1556 834 autem

1221 850 1536 917 Pontiﬁces,

1221 923 1242 952 ³
1278 921 1630 978 vehementer

1228 1002 1550 1049 accusantes

1227 1063 1314 1118 tl.
1357 1079 1504 1120 eum.
1539 1065 1708 1135 Sper-

1226 1151 1362 1190 nens
1389 1145 1569 1192 autem

1224 1206 1374 1261 illum
1407 1217 1461 1262 et
1495 1207 1602 1264 He-

1221 1277 1382 1333 rodes
1411 1293 1534 1333 cum

1221 1349 1464 1404 exercitu
1489 1365 1608 1420 suo,

1222 1430 1276 1475 et
1306 1420 1554 1476 delusum

1181 1531 1184 1534 ι
1224 1492 1456 1546 induens
1486 1509 1608 1550 ves-

1226 1572 1276 1618 te
1303 1563 1555 1630 candida,

1225 1634 1434 1689 remisit
1460 1635 1604 1690 Pila-

1228 1707 1315 1762 12.
1361 1714 1434 1760 ιο.
1478 1706 1631 1764 Facti

1226 1786 1352 1831 sunt
1374 1787 1553 1834 autem

1228 1849 1282 1903 in
1313 1850 1607 1907 amicitiam

1227 1920 1495 1986 Herodes,
1526 1936 1579 1978 et

1225 1991 1431 2048 Pilatus
1457 2008 1549 2048 ea-

1226 2062 1347 2117 dem
1376 2064 1506 2118 hora
1536 2083 1550 2118 :

1226 2144 1515 2204 praeerant

1225 2207 1368 2260 enim
1403 2207 1455 2260 in
1483 2207 1583 2262 ini-

1228 2277 1512 2334 micitiam.

1231 2348 1316 2403 l3.
1363 2349 1568 2406 Pilatus
1602 2359 1806 2418 autem,

1230 2433 1536 2478 convocans

1232 2490 1542 2560 Pontiﬁces,

1230 2572 1285 2616 et
1320 2563 1526 2618 Princi-

1232 2633 1320 2707 14.
1364 2650 1458 2707 pes
1487 2635 1702 2707 pepuli,
1735 2635 1815 2690 di-

1227 2706 1306 2758 xit
1331 2706 1396 2760 ad
1437 2706 1597 2763 illos:

1228 2776 1509 2833 Detulistis

1228 2847 1361 2902 mihi
1395 2848 1573 2904 homi-

1230 2934 1351 2973 nem
1383 2921 1549 2987 hunc,

1232 3000 1485 3060 tanquam
1519 3007 1577 3047 a-

1230 3071 1533 3118 vertentem

1233 3135 1488 3204 p0pulnm
1515 3153 1529 3191 :
1559 3144 1614 3191 et

1234 3220 1362 3260 ecce
1393 3222 1494 3278 ego
1521 3222 1613 3262 co—

1234 3291 1350 3331 ram
1375 3280 1528 3333 Vobis
1555 3279 1636 3334 in-

1234 3356 1540 3418 terrogans,

1235 3420 1367 3473 nihil
1401 3425 1555 3476 inve-

1235 3492 1288 3544 ni
1316 3491 1537 3562 dignum

1151 3585 1162 3594 -
1237 3564 1288 3615 in
1317 3563 1534 3618 homine

2527 395 2759 454 CODEX
2802 396 3253 457 VERONENSIS.

2091 493 2142 548 in
2173 491 2276 547 hoc
2304 491 2478 548 homi-

2091 579 2238 619 nem.

2091 633 2145 688 5.
2187 635 2265 689 Ad
2297 635 2369 689 illi
2403 635 2612 691 invale-

2091 706 2336 772 scebant,
2369 707 2555 761 dicen-

2094 787 2175 832 tes
2201 796 2214 832 :
2244 777 2565 834 Commovet

2096 851 2173 920 (α)
2209 850 2464 919 populum
2493 849 2534 922 ῒ

2115 937 2190 975 ier
2227 922 2538 976 universam

2091 936 2372 1047 indaeam.
2405 993 2538 1047 inci-

2127 991 2372 1052 udaeam.
2405 993 2540 1048 inci-

2092 1063 2248 1134 piens
2271 1078 2300 1117 a
2329 1063 2435 1119 Ga-

2928 495 3060 567 nihil
3089 495 3139 552 ei
3175 507 3402 567 respon-

2929 566 3116 622 debat.

2930 639 3016 695 10.
3059 638 3287 696 Stabant
3313 639 3476 696 etiam

2934 711 3212 781 Principes
3243 710 3342 766 Sa-

2929 783 3229 848 cerdotum,
3261 791 3316 837 et

2932 854 3177 922 Scribae,
3206 868 3337 908 con-

2932 933 3142 981 stanter
3175 939 3335 990 accu-

2933 1006 3120 1052 sentes
3149 1012 3296 1052 eum.

2937 1069 3021 1122 11.
3065 1069 3280 1138 Sprevit
3306 1075 3487 1126 autem

2093 1135 2271 1207 lilaea,
2306 1150 2476 1207 usque
2935 1139 3083 1195 illum
3106 1135 3358 1195 Herodes

2097 1206 2274 1281 huc_.__
2392 1206 2400 1207 7
2932 1224 3054 1266 cum
3091 1211 3168 1281 (ὁ)
3199 1225 3356 1268 exer—

2094 1277 2148 1333 6.
2197 1278 2401 1333 Pilatus
2928 1277 3127 1337 citibus
3150 1277 3192 1353 li-
3221 1281 3358 1349 suis,

2093 1357 2274 1422 autem
2361 1420 2382 1422 _
2431 1421 2460 1422 η
2929 1362 2984 1408 et
3009 1355 3215 1422 inlusit,
3259 1364 3334 1419 et,

2094 1420 2321 1497 audiens
2347 1420 2493 1476 Gali-
2928 1425 3175 1497 indutum
3202 1420 3280 1497 ⁷(ε)
3309 1425 3374 1484 il-
3444 1453 3452 1459 -

2095 1494 2264 1568 laeam
2283 1534 2296 1558 ,
2934 1496 3044 1551 lum
3067 1497 3105 1568 υἷέ
3134 1494 3287 1552 veste

2095 1565 2400 1634 interroga-
2931 1565 3090 1634 alba,
3113 1569 3326 1624 remisit

2096 1705 2332 1762 Galilaea
2937 1705 3025 1766 12.
3068 1705 3321 1768 Pilatum.
3353 1707 3505 1767 Tunc

2097 1778 2150 1831 7.
2193 1779 2357 1834 homo
2386 1785 2553 1836 esset.
2586 1778 2674 1845 Et,

2100 1858 2158 1904 ut
2183 1852 2436 1919 cognovit

2096 1922 2241 1991 quod
2270 1921 2338 1978 de
2365 1922 2593 1979 Herodis

2098 2003 2366 2062 potestate
2397 2002 2500 2060 est,

2097 2063 2244 2118 misit
2283 2066 2431 2119 illum
2460 2066 2530 2121 ad

2101 2135 2352 2191 lleroden
2365 2179 2377 2202 ,
2406 2137 2496 2206 qui

2101 2207 2152 2261 in
2181 2207 2494 2280 Hierosoly-

2100 2280 2202 2333 mis
2228 2288 2346 2334 erat
2381 2281 2434 2334 in

2934 1783 3094 1839 amici
3125 1783 3253 1838 facti

2935 1865 3061 1909 sunt
3094 1854 3358 1918 Herodes.

2935 1936 2991 1982 et
3015 1926 3219 1981 Pilatus
3244 1926 3356 1996 ipsa

2935 1997 3063 2052 die:
3097 2013 3220 2052 nam
3253 2006 3378 2052 ante

2936 2069 3142 2124 inimici
3168 2068 3282 2122 fue-

2934 2153 3060 2195 rant
3084 2140 3150 2195 ad
3183 2140 3316 2194 invi-

2938 2227 3079 2266 cem.

2942 2285 3029 2340 15.
3073 2282 3281 2338 Pilatus

2100 2351 2206 2404 illis
2225 2351 2442 2421 diebus.
2943 2366 3147 2421 autem,

2099 2422 2152 2476 8.
2197 2419 2438 2477 Herodes
2940 2419 3250 2483 convocatis

2093 2502 2295 2565 autem,
2942 2498 3282 2565 Principibus

2095 2565 2214 2618 viso
2243 2564 2396 2631 Jesu,

2093 2635 2315 2706 gavisus
2352 2647 2436 2692 est

2097 2706 2252 2761 valde
2279 2725 2291 2759 :
2321 2717 2444 2763 erat

2096 2778 2238 2834 enim
2276 2781 2501 2848 cupiens

2097 2849 2252 2904 illum
2289 2851 2475 2906 videre

2097 2935 2163 2975 ex
2194 2922 2364 2976 multo
2392 2931 2528 2978 tem-

2100 3007 2261 3065 pore,
2287 3008 2354 3048 eo
2383 2995 2528 3065 quod

2943 2569 3319 2629 Sacerdotum.

2934 2651 2989 2699 et
3017 2639 3420 2711 Magistratibus

2937 2715 3023 2768 M.
3067 2709 3260 2779 plebis,
3285 2709 3423 2765 dixit

2934 2783 3158 2864 ad__illos
3180 2799 3196 2835 :
3227 2781 3343 2864 9p-

2935 2855 3136 2910 tulistis
3168 2852 3302 2907 mihi

2936 2927 3079 2982 hunc
3109 2924 3284 2979 homi-

2936 3013 3058 3053 nem
3076 3039 3092 3064 ,
3125 2996 3280 3067 quasi

2097 3063 2312 3118 audiret
2341 3063 2509 3121 multa
2937 3063 3279 3124 avertentem

2100 3135 2166 3190 de
2199 3136 2293 3212 illo
2311 3153 2326 3202 ;
2360 3147 2414 3193 et
2941 3140 3196 3212 populum
3221 3156 3235 3192 :

2099 3208 2355 3276 sperabat
2941 3208 2998 3268 et
3018 3208 3151 3268 ecce
3181 3225 3282 3280 ego

2099 3281 2310 3348 signum
2335 3282 2404 3336 ali
2419 3312 2434 3323 ο
2939 3299 3124 3338 coram
3165 3282 3318 3336 vobis

2099 3352 2244 3420 quod
2272 3351 2454 3408 videre
2941 3355 3310 3423 interrogans,

2100 3423 2169 3475 ab
2197 3438 2262 3476 eo
2294 3424 2429 3478 ﬁeri.

2101 3493 2153 3548 9.
2200 3494 2573 3565 Interrogabat

2103 3573 2283 3618 autem
2317 3581 2436 3620 clnn

2935 3427 3136 3508 nullam
3165 3437 3389 3505 causam

2935 3511 3154 3550 IIH'CIIIO
3180 3511 3232 3547 111

2936 3568 3038 3621 hoc
3071 3567 3293 3620 homine

1234 3634 1336 3687 hoc
1362 3634 1430 3689 de
1456 3636 1552 3717 iis,
1587 3651 1726 3707 quae

1231 3720 1422 3761 accusa
1434 3717 1499 3762 llS

391 3640 453 3694 9.
498 3637 872 3706 Interrogabat

392 3719 576 3766 autem
613 3711 762 3766 illum

2102 3638 2286 3689 tnnllis
2325 3653 2539 3692 sermo-

2934 3654 3003 3692 ex
3039 3640 3142 3701 his,
3169 3637 3371 3705 quibus

2104 3707 2284 3762 nibus.
2315 3710 2392 3763 Ad
2425 3710 2538 3779 ipse

2934 3724 3056 3764 eum
3085 3701 3375 3764 accusatis.
3475 3701 3480 3706 ’

1743 3824 1974 3881 CODEX
2015 3823 2413 3888 BRIXIANUS.

391 3928 454 3982 in
507 3923 782 3979 hominem
830 3922 954 3976 isto.
1011 3922 1081 3975 At
1131 3920 1206 3974 illi
1268 3919 1674 3974 invalescebant
1737 3919 2002 3976 dicentes.

389 3998 718 4051 Commovet
749 3994 1030 4061 populum.
1057 3992 1262 4047 docens
1289 4007 1384 4060 per
1415 3992 1724 4046 universam
1759 3990 2000 4045 Jud:eam

394 4069 667 4132 incipiens
690 4084 718 4120 a
741 4065 947 4122 Galilea
963 4079 1132 4132 usque
1155 4063 1278 4117 huc.
1313 4065 1516 4118 Pilatus
1555 4074 1734 4118 autem
1772 4064 2004 4117 audiens

390 4139 700 4195 Galilaeam.
723 4137 1084 4206 interrogavit
1103 4135 1148 4189 si
1180 4136 1344 4188 homo
1363 4135 1639 4189 Galilaeus
1665 4134 1918 4190 esset.Et
1946 4143 2005 4189 ut

392 4211 656 4280 cognovit
684 4209 827 4280 quod
857 4208 925 4262 de
960 4206 1190 4280 Herodis
1210 4215 1650 4280 potestateesset
1677 4207 2002 4280 misitillum

392 4278 758 4336 adllerndefm
781 4281 874 4350 qui
895 4295 925 4334 a
947 4279 1120 4350 etipse
1141 4278 1530 4350 Hierosolymis
1551 4287 1668 4332 erat
1689 4278 1741 4330 in
1757 4278 1874 4350 illis
1891 4280 2005 4332 die-

393 4357 524 4408 bus.
555 4349 814 4408 Herodes
835 4359 1014 4406 autem
1031 4349 1153 4405 ’viso
1173 4349 1304 4404 Jesu
1330 4354 1547 4419 gavisus
1573 4359 1656 4404 est
1681 4349 1858 4403 valde.
1885 4358 2003 4402 erat

389 4427 548 4482 enim
577 4425 805 4492 cupiens
833 4423 982 4478 illum
1000 4421 1180 4476 videre
1207 4437 1272 4476 ex
1301 4423 1472 4475 multo
1496 4430 1759 4489 tempore.
1779 4420 2001 4492 eoquod

391 4498 569 4553 multa
601 4491 814 4550 audiret
841 4494 908 4546 de
940 4493 1053 4546 illo.
1103 4505 1155 4546 et
1211 4492 1467 4560 sperabat
1515 4491 1728 4562 signum
1783 4491 2001 4562 aliquod

391 4568 588 4624 videre
610 4569 681 4622 ah
701 4584 765 4621 eo
795 4565 937 4620 ﬁeri.
988 4563 1361 4634 lnterrogabat
1388 4574 1567 4617 autem
1619 4564 1769 4618 illum
1816 4565 2001 4618 multis

391 4639 773 4698 sermonibus.
800 4638 869 4694 Et
899 4636 1059 4693 Jesus
1116 4636 1247 4690 nihil
1279 4635 1640 4705 respondebat
1669 4637 1741 4692 ei.
1775 4636 2002 4690 Stabant

2108 3927 2288 3973 autem
2320 3917 2599 3989 Principes
2627 3918 2982 3973 Sacerdotnm
3010 3927 3064 3972 et
3094 3916 3335 3973 Seribae.
3364 3921 3702 3989 constanter.

2106 3997 2424 4046 accusantes
2466 3985 2610 4044 eum.
2641 3989 2777 4044 Cum
2811 4000 2991 4058 autem
3021 3989 3316 4058 sprevisset
3345 3988 3493 4058 illum
3527 3985 3700 4058 Hero-

2109 4062 2205 4117 des
2233 4078 2355 4137 cum
2384 4061 2802 4137 militibussuis.
2822 4072 2875 4137 et
2895 4057 3188 4137 inlusisset.
3207 4057 3482 4137 induit__(c)
3515 4057 3706 4137 cunt

2107 4144 2260 4189 veste
2285 4135 2426 4188 alba.
2459 4143 2511 4187 et
2535 4133 2744 4192 remisit
2765 4136 2839 4197 (τ’)
2868 4148 2993 4188 eum
3020 4132 3085 4186 ad
3113 4129 3525 4187 Pilatum.Tunc
3547 4129 3708 4184 amic‘i

2108 4207 2234 4279 facti
2266 4215 2392 4279 sunt
2417 4204 2680 4279 Herodes.
2711 4214 2765 4279 et
2792 4205 3090 4279 Pilatus_iti
3120 4204 3204 4257 illa
3230 4203 3337 4256 die.
3371 4216 3493 4254 nam
3524 4209 3702 4279 antea.

2109 4277 2314 4332 inimici
2342 4286 2496 4332 erant
2544 4277 2608 4330 ad
2662 4277 2911 4346 invicem.
2966 4275 3169 4346 Pilatus
3221 4287 3351 4327 vero
3399 4275 3710 4346 convocatis

2109 4349 2340 4404 summis
2391 4333 2778 4404 Sacerdotibus
2809 4359 2860 4401 et
2887 4345 3228 4414 Principibus
3270 4341 3450 4412 populi
3482 4341 3618 4394 dixit
3642 4338 3708 4393 ad

2109 4436 2225 4476 eos.
2261 4420 2543 4473 Uhtnhstis
2579 4418 2709 4472 mihi
2743 4418 2886 4472 hunc
2935 4416 3230 4470 hominem.
3257 4423 3530 4482 tamquam
3553 4426 3712 4463 aver-

2112 4501 2313 4547 tentem
2344 4491 2623 4560 populpm.
2649 4499 2704 4543 et
2750 4503 2878 4562 ecce
2918 4503 3042 4562 ego.
3070 4501 3257 4562 coram
3294 4484 3447 4562 vobis
3480 4485 3710 4562 interro-

2108 4579 2262 4635 gans.
2296 4551 2511 4616 nullam‘
2549 4575 2766 4635 causam
2799 4551 2978 4616 inveni
3027 4557 3080 4613 in
3115 4555 3334 4612 homine
3365 4557 3470 4609 isto
3501 4570 3564 4609 ex
3601 4551 3706 4607 his.

2108 4633 2304 4707 quibus
2334 4649 2455 4687 eum
2485 4633 2772 4691 accusatis.

1691 4730 1922 4788 CODEX
1959 4729 2432 4788 CORBEIENSIS.

479 4833 531 4888 6.
573 4833 946 4904 interrogavit,
979 4832 1076 4887 sia
1108 4827 1350 4886 Galilaea
1381 4832 1546 4885 homo
1578 4839 1742 4886 esset.

2182 4827 2270 4888 il.
2298 4825 2432 4886 Cum
2462 4824 2791 4880 exercitibus
2813 4823 2945 4878 suis.

1626 4922 2028 4982 VARIANTES
2065 4920 2475 4979 LECTIONES.

469 5023 486 5056 ³
519 5027 634 5074 Mm.
659 5025 773 5086 quia
792 5021 1041 5087 (ξι-γαίᾳ
1071 5023 1251 5087 qui_et.

471 5089 493 5120 ³
529 5091 645 5137 Mm.
677 5079 842 5137 'etiam
865 5079 1123 5149 Principes
1147 5083 1467 5134 Sacerdotum
1485 5121 1496 5140 ,
1517 5084 1820 5132 constanter.
1854 5079 2000 5145 l'ulg.

2110 5023 2278 5068 autem
2299 5014 2564 5079 Principes
2585 5011 2933 5071 Sacerdotem,
2959 5015 3011 5060 et
3033 5007 3257 5067 Scribae,
3279 5009 3582 5056 constanter.

1103 5208 1396 5249 LECTIONES
1417 5205 1621 5246 CODICIS
1662 5201 2069 5246 ViNDEBONENSIS
2089 5202 2359 5242 ABEUNTES
2387 5203 2451 5241 ΑΒ
2472 5200 2721 5240 ΕΒΙΤΙΟΝΕ
2752 5198 3018 5239 VULGATA.

473 5292 520 5342 5.
548 5289 773 5352 pepulnm
801 5285 996 5352 (omisso
1030 5286 1292 5352 docens)...
1313 5284 1605 5352 usquehoc.
1634 5351 1638 5352 ν
1674 5283 1721 5331 ϐ.
1748 5285 1789 5331 si
1814 5296 1840 5330 a
1875 5281 2010 5352 Gall-

402 5355 519 5404 laea
549 5347 714 5401 'homo
748 5347 899 5400 esSet.
968 5350 1015 5398 7.
1045 5348 1174 5411 quod
1218 5347 1538 5411 do__Herodis
1566 5351 1876 5411 potestatem
1903 5351 2008 5405 est,

398 5415 603 5466 remisit
645 5415 782 5465 illum
803 5414 860 5461 ad
885 5409 1154 5467 Herodem,
1182 5412 1265 5472 qui
1291 5409 1642 5472 Hierosolymis
1667 5415 1787 5472 erat.
1856 5409 2010 5472 8._cuo

405 5479 556 5542 piens
595 5475 726 5542 illum
771 5475 941 5542 videre
978 5487 1040 5523 ex
1089 5470 1244 5542 multo
1269 5470 1614 5542 temi'ioro‘,"eo
1656 5471 1784 5542 quod
1819 5470 2012 5532 audiret

2116 5281 2277 5328 nibus.
2325 5278 2451 5338 Ipse.
2524 5277 2599 5326 10.
2639 5275 2844 5324 Stabant
2870 5275 3018 5324 etiam
3061 5273 3375 5338 Principes...
3426 5278 3716 5324 accusantes

2117 5354 2478 5469 wiifdliquads.
2507 5378 2652 5469 Lact?
2685 5400 2858 5469 desunt
2875 5399 2940 5469 _in
2988 5398 3195 5469 Vittdeb.
3219 5413 3370 5469 usque
3393 5397 3708 5469 advel-snt?

2119 5460 2439 5538 capitis'irsn.
2470 5461 2658 5538 lilio-ci,
2685 5462 2823 5528 cuius
2867 5460 3177 5528 Evangelium
3218 5460 3434 5538 aeduitur
3463 5461 3514 5512 in
3547 5460 3716 5516 codice

404 5529 561 5591 inulta
585 5539 649 5590 de
676 5539 776 5588 illo.
842 5539 889 5589 9.
912 5536 1252 5598 loterrogabat
1277 5529 1445 5583 autem
1468 5535 1606 5584 illum
1632 5529 1803 5583 multis
1821 5529 2013 5582 sermo-
2119 5529 2369 5595 pestium!
2393 5530 2448 5578 S.
2478 5530 2639 5578 Luae.

1739 5635 2108 5692 BLANCHINI
2147 5634 2378 5691 ΝΟΤᾹΣ.

484 5740 561 5809 (a)
596 5739 725 5794 Post
753 5735 1428 5810 populum,dcest_doce_m,
1453 5733 1616 5790 etiam
1645 5733 1696 5789 in
1719 5731 1907 5800 Usser.
1932 5731 1990 5798 2,
2013 5704 2154 5809 apud
2184 5703 2678 5810 Il-lillium.-—(b)lta
2701 5738 2755 5789 el
2779 5728 3000 5794 lex.Gr.
3022 5726 3587 5808 στρατεύμασιν.-(ε)
3606 5727 3717 5801 Ad-

412 5807 500 5882 dit
523 5807 604 5867 bis
628 5807 806 5880 illum,
834 5811 997 5870 etiam
1032 5818 1142 5868 tex.
1177 5807 1272 5868 Gr.
1299 5807 1470 5881 αὐτρν.

3697 5935 3763 5985 1⁵³
