4054 6198
429 253 535 315 705
967 257 1237 317 EUSEBII
1280 259 1619 319 VERCELL.
1662 262 2110 322 EVANGELIUM
2149 264 2285 323 CUM
2329 265 2560 325 VARIIS
2596 267 2752 327 COD.
2792 269 3189 330 COLLATUM.

822 372 1054 431 CODEX
1087 374 1631 434 VERCELLENSIS.

427 465 519 523 15.
561 481 708 523 eum.
742 464 849 523 Sed
878 482 979 524 nec

427 538 674 594 Herodes
702 555 715 592 :
749 553 835 594 re-

426 609 551 665 misi
584 611 729 665 enim

430 682 448 713 ¹
479 696 577 736 vos
606 681 674 736 ad
702 680 873 747 illum,

427 761 483 808 et
511 767 639 808 ecce
670 752 808 808 nihil

428 822 649 892 dignum
677 839 828 879 mor-

428 902 487 966 te
516 903 728 966 gestum

429 964 537 1020 1ϐ.’
560 976 644 1022 est
676 967 775 1021 illi.
810 964 987 1021 Casti-

429 1046 612 1106 gatum
644 1052 774 1106 ergo

428 1107 579 1163 illum
602 1107 787 1163 dimit-

429 1189 561 1234 tam.
598 1181 617 1210 ‘

430 1251 521 1305 18.
565 1249 959 1307 Exclamabant

430 1330 610 1377 autem
644 1329 729 1375 t0-

428 1400 516 1446 tus
544 1393 799 1462 populus,

427 1462 672 1520 dicentes
697 1480 711 1521 :
745 1464 872 1521 Tol-

429 1534 480 1589 le
506 1534 671 1601 hunc,
701 1535 783 1590 di-

427 1607 586 1661 mitte
614 1616 795 1662 autem

429 1677 588 1731 nobis
617 1678 821 1733 Barab-

430 1748 520 1804 19.
564 1750 695 1812 han.
728 1750 819 1819 qui
848 1765 907 1807 e-

424 1827 517 1890 rat
533 1859 547 1882 ,
584 1828 807 1890 propter

424 1889 753 1947 seditionem

426 1961 698 2029 quandam

427 2030 625 2087 factam
654 2034 706 2088 in

426 2104 530 2157 civi
539 2112 729 2169 tatem.

1270 484 1401 540 ergo
1429 469 1583 525 illum

1266 540 1561 597 dimittam.

1264 611 1357 668 25.
1397 612 1499 680 Qui
1536 614 1716 669 immi-

1266 683 1468 739 nebant
1500 700 1595 741 vo-

1265 754 1419 809 cibus
1450 771 1601 826 mag-

1269 827 1373 890 nis,
1402 829 1678 897 postulan-

1268 905 1351 970 tes
1378 914 1391 951 :
1424 900 1679 970 cruciﬁge
1710 900 1776 954 ilo

1268 968 1379 1023 lum
1407 986 1420 1025 :
1452 980 1506 1025 et
1537 972 1556 1002 ⁸
1583 968 1728 1026 inva-

1270 1040 1549 1096 lescebant

1270 1126 1430 1167 voces
1456 1113 1577 1168 illo—

1270 1198 1411 1237 rum.

1267 1253 1359 1307 24.
1403 1255 1471 1309 Et
1497 1254 1706 1313 Pilatus
1732 1257 1827 1314 de—

1267 1326 1439 1380 crevit
1467 1327 1561 1381 lie-

1268 1396 1313 1450 ri
1340 1398 1359 1427 ⁷
1392 1397 1705 1467 petitionem

1266 1466 1376 1523 25.‘
1394 1466 1640 1525 illorum.
1675 1472 1767 1526 Di-

1267 1538 1415 1594 misit
1436 1549 1615 1597 autem

1266 1625 1393 1686 eum
1418 1653 1431 1676 ,
1464 1614 1747 1686 quiiprop-

1271 1690 1354 1735 ter
1379 1681 1612 1739 homici;

1267 1752 1415 1808 dium
1438 1794 1453 1819 ,
1486 1762 1541 1811 et
1566 1770 1652 1812 se.

1268 1824 1529 1880 ditionem

1270 1896 1554 1967 coniectus

1269 1978 1387 2022 erat
1418 1968 1471 2023 ili
1496 1984 1617 2024 car-

1271 2053 1451 2094 cerem
1477 2057 1492 2105 ;
1525 2039 1710 2097 Jesum

1269 2119 1450 2166 autem
1484 2122 1591 2167 tra-

2571 382 2804 439 CODEX
2842 384 3295 444 VERONENSIS.

2134 476 2224 531 15.
2267 476 2375 532 Sed
2407 491 2583 547 neque

2134 547 2377 604 Herodes
2404 565 2416 601 :
2447 563 2571 604 nam

2134 619 2258 674 misi
2289 635 2385 676 vos
2406 620 2474 675 ad

2135 690 2305 756 illum,
2340 700 2393 746 et
2414 705 2542 748 ecce

2136 761 2267 816 nihil
2291 762 2510 833 dignum

2135 843 2309 889 morte
2341 845 2519 889 actum

2136 905 2224 959 16.
2250 914 2332 961 est
2360 906 2460 960 illi.
2486 907 2685 962 Emen-

2136 976 2276 1029 (labo
2307 992 2438 1047 ergo

2134 1062 2283 1113 eum,
2308 1058 2361 1103 et
2383 1048 2470 1102 di-

2135 1120 2367 1174 mittam.

2137 1191 2225 1244 17.
2258 1190 2492 1246 Necesse
2518 1201 2696 1247 autem

2139 1262 2325 1316 habuit
2349 1261 2627 1317 dimittere

2138 1333 2244 1387 illis
2270 1375 2285 1399 ,
2318 1334 2612 1389 secundum

2136 1405 2620 1474 consuetudinem,

2138 1492 2325 1531 unum.

2140 1548 2228 1604 18.
2282 1548 2619 1603 Exclamavit

2138 1628 2316 1674 autem
2344 1620 2503 1676 simul

2143 1691 2394 1748 universa
2431 1692 2585 1747 turba
2610 1734 2625 1760 ,

2140 1762 2326 1820 dicens
2354 1782 2368 1820 :
2401 1762 2557 1818 Tolle

2140 1834 2285 1889 hunc
2301 1879 2314 1903 ,
2344 1844 2397 1891 et
2420 1834 2501 1889 di-

2143 1905 2298 1961 mitte
2330 1906 2487 1962 nobis

2140 1977 2442 2035 Barabbam
2473 1993 2488 2033 :

2142 2048 2231 2104 l9.
2273 2052 2362 2120 qui
2395 2059 2541 2117 erat,

2143 2132 2363 2190 propter
2400 2121 2544 2176 sedi-

2971 478 3189 534 invenio
3222 480 3273 535 in

2970 565 3056 604 eo.
3085 550 3389 620 Corripiam

2972 636 3102 693 ergo
3131 623 3276 678 illum
3304 664 3320 690 ,

2973 702 3028 747 et
3048 693 3337 748 dimittam.

2968 764 3060 820 25.
3104 764 3185 819 Ad
3214 765 3292 820 illi
3321 765 3403 820 in-

2968 836 3188 891 stabant
3214 837 3360 892 voci-

2970 907 3070 962 bus
3099 909 3305 977 magnis
3330 952 3345 973 ,

2972 979 3332 1048 postulantes,

2969 1059 3024 1105 ut
3050 1051 3330 1120 cruciﬁge—

2968 1130 3118 1175 retur
3142 1139 3155 1175 :
3184 1130 3238 1176 et
3267 1124 3415 1176 inva-

2971 1192 3251 1248 lescebant
3281 1210 3375 1250 vo-

2973 1278 3063 1319 CGS
3092 1280 3305 1319 eorum.

2972 1337 3065 1390 21.
3107 1336 3170 1390 Et
3201 1336 3405 1391 Pilatus
3429 1334 3585 1405 adju-

2975 1407 3176 1461 dicavit
3208 1408 3325 1463 tieri
3359 1423 3449 1477 pe-

2973 1478 3216 1533 titionem
3255 1481 3515 1548 ipsorum.

2973 1548 3066 1606 ‘25.
3108 1549 3324 1606 Dimisit
3345 1560 3526 1605 autem

2974 1619 3077 1674 illis
3099 1635 3221 1675 eum
3251 1663 3266 1687 ,

2973 1693 3062 1761 qui
3100 1702 3319 1761 prapter

2974 1762 3322 1820 homicidium
3349 1805 3363 1831 ,
3388 1773 3443 1818 et

2974 1834 3296 1891 seditionem

2976 1907 3177 1961 missus
3205 1906 3381 1962 fuerat

2976 1978 3028 2032 in
3061 1993 3331 2034 carcerem
3354 1994 3370 2042 ;

2977 2049 3160 2105 Jesum
3192 2064 3325 2105 vero

2978 2121 3197 2176 tradidit
3226 2136 3320 2177 vo-

3625 270 3732 328 τοι

429 2174 450 2257 ξ
476 2175 760 2244 coniectus

429 2261 482 2299 in
510 2260 809 2317 carcerem,

1268 2180 1412 2266 didit
1432 2184 1622 2239 volun-

1270 2261 1367 2307 tati
1400 2261 1661 2311 ipsorum.

469 2318 550 2395 uia
583 2317 808 2395 homici-
1265 2323 1356 2378 26.
1400 2317 1506 2395 Et,
1540 2341 1661 2382 cum
1702 2325 1870 2383 dedu-

467 2388 576 2443 ium
607 2389 744 2446 fece-
1267 2407 1458 2466 cerent
1487 2388 1609 2453 eum
1636 2439 1653 2466 ,

428 2468 535 2514 rat.
1269 2464 1547 2525 Simonem

426 2530 519 2606 2ο.
562 2532 769 2589 Rursus
798 2546 977 2595 autem
1269 2540 1539 2606 quendam

430 2603 635 2682 Pilatus
661 2606 748 2660 ad-
1269 2603 1577 2682 Cyreneum

426 2673 642 2730 locutus
676 2689 759 2732 est
1272 2673 1577 2739 venientem

426 2744 529 2827 eis,
544 2746 749 2827 .volens
1271 2766 1299 2827 ει
1337 2755 1454 2827 villa
1482 2755 1673 2827 adpre~

427 2814 705 2890 dimittere
1276 2814 1573 2882 hendentes
1600 2868 1615 2890 ,

424 2885 516 2963 21.
561 2886 771 2963 Jesum.
804 2891 906 2958 Qui
941 2908 1063 2963 pro-
1274 2885 1632 2963 inposuerunt

424 2956 759 3027 clamabant,
828 2956 843 2958 ⁷
941 2956 954 2963 ’
1274 2956 1349 3019 illi
1384 2982 1600 3025 crucem

429 3027 469 3108 ξ
480 3028 727 3108 dicentes
753 3051 768 3091 :
1270 3035 1414 3108 (erre
1447 3051 1568 3108 post

428 3098 699 3187 Eruejtige
776 3177 811 3187 Α
859 3175 870 3187 ⁸
914 3186 919 3187 γ
1274 3098 1617 3187 _27.’Jesum.
1652 3115 1857 3187 Seque-

1274 3178 1430 3234 batur
1455 3193 1634 3240 autem

1273 3264 1405 3325 eum
1426 3253 1503 3325 (a)
1534 3258 1677 3312 mul-

1274 3323 1445 3377 titudo
1468 3326 1549 3380 in-

1270 3408 1405 3468 gens
1436 3411 1604 3468 popu-

1274 3466 1308 3519 li
1335 3465 1400 3537 ῒ,
1431 3465 1484 3523 et
1508 3465 1703 3527 mulie-

428 3170 522 3245 22.
552 3170 739 3245 illum.
770 3175 874 3245 Qui
908 3186 1011 3233 ter-

429 3241 508 3296 tio
534 3242 672 3298 dixit
700 3247 767 3301 ad

426 3312 545 3367 illos
570 3333 582 3365 :
618 3315 755 3384 Quid

427 3386 572 3439 enim
601 3390 727 3442 mali

422 3454 554 3510 fecit
583 3459 602 3488 ⁵
632 3459 756 3514 hic?
788 3462 871 3517 ni-

430 3528 504 3581 hil
540 3529 759 3608 tligmtm
1270 3528 1395 3591 rum
1417 3582 1431 3605 ,
1459 3558 1596 3608 quae

428 3600 621 3681 mortis
660 3603 736 3681 in:
1269 3600 1601 3681 plangebant

425 3672 547 3743 veni
582 3673 630 3725 in
666 3674 783 3730 illo.
1268 3672 1351 3743 se,
1382 3672 1435 3737 evt
1465 3684 1673 3742 lamen-

425 3738 761 3812 Casﬁgatum
1269 3738 1475 3809 tabant.

2141 2192 2344 2263 tionem
2374 2208 2546 2263 quan-
2975 2192 3165 2247 luntati
3192 2207 3285 2248 eo-

2140 2262 2262 2317 dam
2295 2262 2490 2319 iactant
2975 2280 3117 2319 rum.

2142 2334 2195 2388 in
2223 2335 2443 2392 civitate
2468 2377 2483 2402 ,
2973 2334 3065 2391 26.
3101 2336 3205 2401 Et,
3237 2350 3359 2391 cum
3382 2334 3484 2389 du-

2139 2415 2192 2461 et
2223 2406 2575 2463 homicidium
2602 2450 2616 2471 ,
2975 2416 3163 2463 cerent
3183 2423 3306 2464 eum
3333 2450 3348 2474 ,

2139 2478 2340 2533 missus
2367 2480 2421 2534 in
2448 2494 2567 2535 car-
2722 2492 2733 2507 ‘
2977 2478 3255 2535 Simonem

2137 2564 2337 2605 cerem.
2974 2551 3262 2617 quemdam

2138 2621 2231 2678 20.
2265 2621 2466 2677 lterum
2495 2640 2594 2679 au-
2973 2619 3342 2693 Cyrenensem

2140 2701 2246 2748 tem
2275 2694 2479 2749 Pilatus
2974 2693 3282 2749 venientem

2137 2764 2350 2820 locutus
2379 2774 2462 2821 est
2974 2764 3042 2820 de
3061 2766 3190 2821 villa
3219 2764 3314 2820 ad-

2139 2836 2205 2890 ad
2239 2836 2396 2902 illos,
2431 2855 2523 2893 vo-

2140 2907 2256 2962 lens
2284 2909 2555 2965 dimittere

2137 2979 2229 3032 21.
2272 2980 2478 3035 Jesum.
2506 2982 2588 3036 Ad

2976 2837 3381 2905 prehenderunt
3404 2877 3419 2903 ,

2973 2918 3026 2963 et
3055 2908 3330 2979 imposue-

2972 2989 3100 3035 runt
3124 2981 3203 3035 illi

2140 3050 2219 3105 illi
2243 3053 2450 3107 succla-
2973 3066 3190 3107 crucem
3222 3067 3345 3121 por—

2140 3123 2359 3177 mabant
2379 3166 2395 3191 ,
2426 3123 2611 3179 dicen-
2975 3136 3088 3179 tare
3119 3133 3240 3193 post

2144 3203 2225 3265 tes
2250 3212 2263 3247 :
2294 3196 2559 3265 Cruciﬁge
2971 3195 3178 3251 Jesum.

2140 3264 2312 3320 illum.
2504 3264 2513 3265 ί
2971 3267 3063 3321 27.
3106 3265 3444 3334 Sequebatur

2139 3335 2234 3389 22.
2277 3335 2367 3393 Ille
2396 3346 2575 3393 autem

2142 3409 2303 3461 tertio
2333 3409 2466 3463 dixit

2141 3479 2206 3533 ad
2241 3479 2361 3534 illos
2386 3498 2398 3533 :
2433 3480 2570 3547 Quid

2143 3550 2287 3605 enim
2321 3552 2445 3606 mali

2144 3621 2271 3676 fecit
2301 3623 2447 3679 ἱειθῖ

2142 3694 2341 3747 nullam
2369 3696 2514 3750 enim

2140 3778 2354 3820 causam
2388 3766 2579 3821 mortis

2972 3346 3155 3392 autem
3183 3338 3331 3393 illum

2975 3407 3054 3482 (a)
3083 3408 3375 3482 multitudo

2974 3481 3153 3551 populi
3179 3481 3238 3551 ἦ,
3273 3491 3327 3534 et

2968 3553 3286 3614 mulierum,

2973 3638 3110 3693 quae
3142 3625 3361 3693 plange-

2975 3697 3127 3760 bant,
3150 3704 3205 3747 et
3231 3695 3307 3748 la-

2975 3766 3307 3821 mentabant.

1783 3872 2017 3931 CODEX
2056 3877 2449 3937 BRIXIANUS.

426 3948 532 4004 Sed
588 3966 765 4032 neque
794 3954 1080 4032 .llerodes.
1141 3975 1263 4014 nam
1322 3961 1532 4017 remisit
1562 3978 1684 4019 eum
1721 3966 1786 4020 ad
1821 3983 1941 4032 nos.
1971 3979 2026 4024 et

418 4035 551 4095 ecce
597 4022 731 4077 nihil
777 4023 999 4094 dignum
1044 4037 1220 4085 morte
1276 4041 1453 4087 actum
1489 4044 1572 4089 est
1611 4036 1678 4091 ab
1709 4051 1795 4092 eo.
1831 4022 2025 4095 Emen;

419 4090 562 4165 dabo
610 4108 742 4165 ergo
791 4090 941 4150 illum
991 4109 1045 4152 et
1096 4100 1383 4156 dimittam.
1430 4090 1665 4161 Necesse
1704 4090 2027 4165 :idieiifiii-

418 4161 581 4239 bebat
636 4161 914 4239 dimittere
957 4170 1056 4224 eis.
1113 4186 1211 4239 per
1249 4172 1392 4228 diem
1442 4174 1636 4232 festum
1683 4161 1881 4235 unum.
1914 4161 2024 4237 ἐξα

420 4233 679 4308 elamavit
727 4247 908 4293 autem
968 4233 1127 4296 simul
1180 4244 1428 4300 universa
1480 4233 1770 4304 multitudo
1804 4233 2023 4308 'dicéié.

423 4303 575 4392 Tolle
622 4306 893 4392 hune-bet
940 4310 1155 4367 dimitte
1202 4303 1712 4392 npbisﬂarabban.
1766 4303 2026 4392 (ιώ-⁷ὲῖἇὶ

419 4379 992 4455 propterseditionem
1046 4385 1332 4455 quamdam
1365 4386 1558 4444 factam
1590 4392 1646 4447 in
1697 4379 1938 4449 civitate.
1966 4406 2021 4451 et

419 4448 773 4522 homicidium
807 4452 858 4507 in
888 4448 1110 4510 carcere
1142 4458 1361 4512 missus.
1396 4460 1588 4516 iterum
1614 4474 1795 4519 autem
1819 4448 2021 4522 Pilatus

418 4518 635 4593 locutus
665 4533 745 4576 est
776 4524 841 4577 ad
874 4540 989 4579 eos.
1046 4528 1235 4581 volens
1289 4530 1565 4588 dimittere
1602 4518 2021 4593 JesuinPIAtiIli

419 4590 1015 4671 clamabantdieentes.
1042 4597 1309 4671 Crutcitige
1358 4602 1532 4659 illum.
1563 4590 1655 4662 ille
1677 4590 1880 4664 autem.
1905 4590 2024 4665 iter-'-

424 4662 499 4715 tio
523 4662 659 4717 dixit
688 4664 754 4719 ad
788 4666 935 4720 illos.
969 4668 1106 4736 Quid
1137 4662 1282 4725 enim
1315 4675 1443 4728 mali
1471 4674 1599 4731 fecit
1646 4662 1795 4734 iste;
1820 4662 2022 4735 minim

416 4746 634 4789 causam
664 4736 855 4791 mortis
884 4738 1099 4795 invenio
1127 4741 1177 4795 in
1209 4743 1356 4798 illum
1388 4745 1697 4805 Emendans
1718 4766 1846 4822 ergo
1874 4753 2022 4807 illum

2131 3972 2418 4046 dimittam.
2453 3974 2523 4030 At
2568 3975 2643 4029 illi
2690 3976 2966 4031 instabant
3003 3976 3228 4031 vocibus
3273 3979 3485 4045 magnis
3550 3986 3742 4046 postu—

2132 4044 2308 4099 lantes
2358 4047 2872 4113 utcruciﬁgeretur.
2900 4056 2955 4103 et
3004 4044 3407 4103 invalescebant
3458 4044 3622 4103 voces
3644 4064 3745 4103 eoo

2131 4130 2251 4169 rum
2276 4126 2331 4188 et
2360 4117 2742 4173 Sacerdotum.
2779 4119 2983 4173 Pilatus
3023 4129 3202 4174 autem
3252 4119 3589 4188 adjudicnvit
3618 4121 3737 4175 lieri

2132 4187 2447 4261 petitionem
2480 4204 2687 4261 eorum.
2724 4192 2938 4245 Dimisit
2967 4199 3147 4245 autem
3174 4191 3253 4245 eis
3276 4187 3430 4245 illum
3453 4193 3541 4261 qui
3569 4207 3741 4260 prop-

2132 4266 2215 4312 ter
2246 4257 2622 4315 homicidium.
2650 4270 2705 4315 et
2742 4260 3065 4317 seditionem
3097 4261 3296 4317 missus
3336 4257 3514 4317 fuerat
3536 4257 3590 4317 in
3612 4257 3740 4317 car.

2131 4343 2333 4384 cerent.
2386 4347 2545 4400 quem
2581 4333 2853 4399 petebant.
2884 4332 3067 4388 Jesutn
3098 4348 3228 4388 vero
3279 4333 3503 4388 tradidit
3541 4334 3741 4387 volun-

2129 4402 2223 4473 tati
2270 4416 2483 4457 eorum.
2537 4405 2754 4459 Etcum
2785 4404 3051 4459 ducerent
3088 4420 3210 4458 eum
3252 4403 3741 4473 adprehenderunt

2130 4472 2407 4547 Simonem
2437 4476 2706 4542 quendam
2732 4474 3123 4547 Cyrenensem.
3146 4472 3456 4531 venientem
3486 4477 3552 4530 de
3581 4476 3735 4529 villa.

2129 4551 2185 4597 et
2227 4542 2582 4616 inposuerunt
2612 4547 2686 4600 illi
2729 4542 2944 4601 erucem
2976 4555 3195 4616 portare
3227 4558 3348 4615 post
3372 4546 3582 4602 Jesum.
3631 4547 3739 4602 Se-

2130 4614 2401 4690 quebatur
2428 4627 2607 4690 autem
2636 4618 2788 4673 illum
2821 4616 2895 4690 (a)
2923 4614 3425 4688 mitltitudo’poliuli
3444 4618 3505 4689 1-.
3527 4627 3581 4673 et
3614 4635 3739 4674 Inu~

2132 4685 2296 4741 lieres
2325 4703 2465 4758 quae
2494 4685 2839 4759 plangebant.
2865 4685 2916 4745 et
2940 4685 3484 4745 latnentaba‘nt‘eum.

1713 4844 1942 4900 CODEX
1987 4845 2456 4903 CORBEIENSIS.

609 4923 876 5001 piceutes
899 4945 914 4982 :
942 4929 1208 5001 (Irucilige
1239 4932 1410 4988 illum.

487 4992 580 5079 25.
609 4993 878 5079 Voluntati
912 5016 1120 5079 eorum.
1144 4992 1520 5079 Susceperunt
1540 5023 1670 5079 ergo
1696 5009 1915 5077 Jesum;
1946 5021 2020 5077 et,

423 5074 649 5134 portans
674 5067 776 5123 sibi
808 5086 1051 5139 erucem,
1077 5067 1400 5132 ducebatur.

2199 4942 2290 4998 26.
2319 4942 2405 5008 Et,
2438 4958 2562 4997 cum
2593 4942 2857 4999 ducerent
2877 4960 3020 4999 eum.

2199 5014 2292 5070 27.
2320 5016 2340 5045 ⁸
2376 5014 2656 5070 Multitudo
2686 5016 2866 5086 populi
2890 5015 2956 5087 οξ,
2982 5029 3033 5071 et
3058 5017 3367 5073 mulierttm.

1647 5174 2047 5232 VARIANTES
2086 5173 2493 5231 LECTIONES.

480 5252 494 5329 ς
690 5255 1037 5329 et_1llnt._illtini
1062 5258 1119 5307 ad
1138 5274 1243 5329 vos.
1272 5261 1424 5329 Vulg.
1452 5277 1539 5315 vos
1562 5266 1620 5316 ad
1648 5267 1801 5317 illum.

473 5315 494 5389 ξ
530 5314 671 5365 Deest
694 5327 820 5389 tiens.
847 5318 923 5389 l7,
945 5331 1084 5389 quem
1107 5320 1177 5371 sic
1200 5314 1504 5389 habenthul.
1528 5314 1574 5379 et
1598 5314 2021 5381 funifENecesse

417 5378 1004 5458 illnlfﬂlfl‘fl‘qimiltere
1029 5383 1107 5458 eis
1131 5398 1217 5458 per
1239 5387 1371 5436 diem
1395 5378 1572 5441 festum
1599 5378 1783 5451 {unum

413 5436 635 5489 Necesse
657 5448 824 5489 autem
850 5442 1077 5499 habebat.
1116 5436 1215 5496 etc.

477 5500 499 5580 ξ
533 5500 639 5580 (int.
664 5505 1054 5580 elt'dlntmiiss‘us
1077 5505 1241 5580 fuerat
1268 5511 1334 5559 in.
1372 5512 1516 5580 Vulg.
1544 5523 1711 5567 erat...
1737 5520 1915 5568 missus
1948 5521 2019 5569 in.

477 5561 498 5593 ⁸
532 5566 649 5615 Mm.
675 5563 939 5617 dicentes:
969 5568 1214 5635 Crucitige
1241 5586 1374 5625 eum.

2194 5268 2215 5333 ξ
2251 5268 2355 5317 Gut.
2380 5270 2473 5333 iste
2508 5270 2717 5333 homo...
2737 5271 2921 5319 inveni.
2952 5270 3274 5333 l'ulg.istr...
3304 5274 3517 5323 invenio.

2194 5329 2214 5359 ⁸
2250 5332 2372 5380 Mm.
2396 5330 2764 5382 invalescebant
2786 5334 3008 5383 vocibus.
3040 5329 3186 5398 Vulg.
3237 5333 3604 5386 invalescebant
3644 5352 3734 5387 vo-

2127 5404 2230 5526 ce?
2249 5454 2359 5526 Eat:
2380 5455 2666 5526 Pglitiones.
2709 5456 2858 5520 Vulg.
2885 5460 3195 5521 petitionem.

2192 5516 2213 5548 ⁸
2242 5518 2300 5567 Et
2322 5516 2390 5568 ita
2413 5518 2521 5569 Gal.
2545 5526 2589 5571 et
2607 5523 2728 5571 Mm.

1050 5744 1057 5751 ο
1214 5734 1219 5745 ,
1748 5683 2113 5754 BLANCHJNI
2150 5687 2378 5750 NOTAE.
2520 5746 2525 5751 .

486 5748 658 5834 (alita
692 5748 747 5820 ei
778 5767 901 5823 cod.
951 5769 1108 5827 Cant.
1142 5754 1328 5838 πδῆοὸέ
1380 5766 1521 5833 λαηῦ.
1569 5754 1804 5837 Vercell.
1830 5747 2106 5837 trittititudo
2162 5784 2339 5855 ingens
2372 5756 2567 5854 yiopuii.
