2027 3099
188 119 242 148 725

377 176 495 205 CODEX
515 175 789 205 VERCELLENSIS.

191 225 232 253 eis
244 223 323 252 Jesus
336 232 343 251 :
357 223 441 252 Veni-

190 266 219 288 te
232 281 239 292 ,
255 259 400 295 sequimini

189 296 219 324 ni
231 303 274 323 me
285 304 292 327 ;
308 300 335 322 et
347 295 387 323 fa-

189 332 260 360 ciam
273 339 320 358 vos
336 336 364 358 ttt
379 330 440 359 sitis

190 368 343 403 piscatores
356 366 407 403 ho:

191 402 238 431 18.
260 403 373 430 minum.
390 402 424 430 Et

190 439 294 471 statim,
311 438 392 466 relic-

189 475 227 502 tis
240 476 279 509 (α)
294 474 421 502 omnibus
433 473 466 508 τ.

191 512 281 538 secuti
294 514 357 537 sunt

192 553 267 573 eum.

191 581 237 608 19.
259 581 295 608 Et
309 580 419 616 paulum
436 580 474 615 (ὁ)
489 584 552 615 pro—

211 624 303 644 ressus
319 616 339 651 1'
352 637 359 648 .
370 617 410 644 vi.

214 653 233 679 it
248 651 379 679 Jacobum

194 686 348 715 Zebaedaei
361 708 369 721 ,

191 727 220 750 et
231 723 373 751 Johannen

191 758 305 786 fratrem
321 760 352 786 il-

194 794 248 822 lius
263 800 290 821 et
303 795 379 829 ipsos

195 830 223 857 iu
238 830 365 857 navicula

194 866 351 893 reﬁcientes

195 901 242 941 2t).
263 903 346 929 retias
360 910 367 935 ;
383 905 412 929 et
424 907 487 936 pro—

195 941 269 964 tinus
285 944 367 964 voca-

195 973 234 999 vit
248 979 306 1000 eos.
323 972 366 1005 Et,
382 980 426 1000 re-

194 1007 260 1035 licto
275 1008 354 1035 Patre

195 1050 247 1071 suo
261 1042 421 1072 Zebaedaco

195 1079 224 1106 in
240 1080 352 1106 navicu-

197 1115 222 1141 la
234 1122 296 1142 cum
313 1123 387 1143 nter-

197 1151 335 1178 cennariis
348 1171 356 1183 ,
372 1158 415 1178 se-

195 1186 253 1213 cuti
267 1191 330 1214 sunt
341 1194 413 1213 eum.

196 1220 243 1248 21.
267 1222 298 1248 Et
310 1222 347 1256 (c)
363 1221 477 1257 ingressi

197 1262 261 1285 sunt
274 1257 295 1293 1-
310 1258 337 1285 in
353 1258 406 1285 Ca-

198 1293 349 1328 pltarnatttn
364 1301 372 1326 ;

198 1327 227 1356 et
237 1330 329 1355 statim
346 1330 354 1343 ι
369 1327 431 1356 sab-

199 1363 270 1391 batis
287 1364 372 1391 intra-

198 1399 237 1426 vit
251 1400 278 1426 in
293 1400 380 1436 Syna-

216 1442 267 1469 oga
279 1455 286 1465 .
302 1442 330 1463 et
343 1436 424 1462 doce-

217 1468 245 1498 ΞΖ
266 1471 312 1498 bat
327 1471 402 1499 illus.
415 1468 450 1498 Et
461 1474 519 1499 stu-

200 1506 300 1541 pebant
312 1507 339 1534 in

610 241 618 248 ι
659 243 666 250 .
707 242 715 249 ο
757 242 763 249 ι
805 242 812 249 ι
853 242 860 249 ο
900 243 907 249 .
948 244 954 250 .

612 311 620 319 ο
660 314 668 321 .
709 313 715 319 α
757 313 764 321 ι
804 313 811 320 ι
851 315 859 323 ι
901 314 908 321 ο
949 315 955 322 .

612 348 620 355 ι
661 351 668 357 .
709 349 716 355 .
756 349 764 357 s
804 349 811 357 ο
852 351 860 358 θ
901 349 908 356 υ
949 350 956 357 ρ

612 419 620 426 ο
661 422 668 429 .
708 420 715 427 ι
757 421 764 429 .
805 421 811 428 ι
853 422 860 429 ι
901 421 908 428 ι
949 422 956 429 .

613 491 620 498 α
662 494 668 501 ,
710 491 716 497 -
758 493 764 499 ι
806 492 812 499 1
853 491 862 501 α
901 491 909 499 ο
948 491 957 500 ο

613 705 621 713 ι
663 709 669 716 .
711 706 717 712 ι
760 707 766 713 .
807 707 813 713 Ι
855 707 862 714 .
903 707 910 713 ι
951 706 958 714 ο

615 776 622 784 ι
663 781 670 788 ,
712 777 718 784 ι
761 778 765 783 -
807 778 814 785 ι
854 779 862 786 υ
902 777 910 784 -
950 778 958 786 ο

616 812 623 819 ι
663 814 671 823 η
711 812 718 819 -
757 813 765 821 ο
807 813 814 819 ο
855 813 862 821 ο
904 814 910 820 ι
952 815 958 821 .

617 848 623 854 .
664 853 670 858 ,
713 848 718 854 .
759 849 767 857 .
807 848 814 855 ο
855 849 863 856 ι
904 849 910 855 ι
952 849 958 855 .

617 884 622 889 .
664 888 671 894 _
712 883 719 890 .
759 885 767 893 .
807 883 815 891 .
855 885 862 892 .
902 884 910 891 ι
952 885 958 891 -

617 1026 624 1032 ι
666 1030 671 1036 ,
713 1026 719 1032 .
761 1028 767 1034 .
807 1027 815 1035 .
856 1028 862 1034 .
903 1026 910 1033 ο
951 1027 957 1034 ι

617 1062 624 1068 .
666 1066 672 1073 ,
712 1060 720 1067 ο
761 1062 769 1070 ο
808 1061 815 1068 ι
855 1063 863 1070 .
904 1062 910 1068 ι
951 1063 959 1071 .

618 1097 624 1104 ι
665 1102 672 1109 ,
713 1096 720 1104 ο
761 1099 769 1106 θ
809 1097 816 1104 ι
857 1099 864 1106 .
905 1096 912 1105 ι
952 1099 959 1106 ι

617 1134 624 1140 ι
664 1135 672 1144 ,
713 1133 720 1140 ο
761 1134 768 1141 .
809 1133 816 1140 -
856 1136 864 1143 ι
905 1133 912 1140 ο
952 1135 959 1142 ο

617 1170 623 1176 .
665 1172 672 1178 .
713 1169 720 1175 υ
761 1169 768 1176 .
810 1169 816 1175 ι
856 1170 863 1178 ι
905 1169 912 1176 υ
952 1170 960 1179 .

617 1205 625 1212 .
666 1209 672 1216 ,
714 1204 722 1211 ι
761 1205 769 1212 .
809 1203 816 1211 .
857 1206 864 1213 ι
905 1204 913 1212 ο
954 1207 961 1214 η

617 1239 625 1248 ο
666 1245 673 1251 ,
713 1240 720 1248 α
762 1241 768 1247 ι
809 1240 817 1248 ι
857 1242 865 1250 ο
906 1241 913 1248 ι
954 1243 961 1249 .

618 1276 625 1283 ο
666 1279 673 1286 ,
713 1276 720 1283 ο
762 1276 768 1284 ι
809 1275 816 1282 ο
856 1277 865 1285 .
905 1275 913 1284 ι
954 1278 961 1285 ι

618 1347 627 1355 ο
666 1350 673 1357 .
714 1348 720 1355 ι
763 1348 769 1354 .
810 1347 817 1354 ι
857 1350 865 1357 ,
906 1346 913 1354 ο
954 1349 961 1357 ο

618 1382 625 1390 ο
668 1386 674 1392 .
715 1382 722 1390 ο
763 1383 770 1390 ο
811 1383 818 1390 ι
859 1383 866 1391 ι
906 1382 914 1390 ο
954 1384 961 1392 ι

619 1418 626 1426 ι
667 1421 674 1428 .
715 1419 722 1427 .
763 1419 769 1425 ι
811 1419 817 1425 .
859 1418 866 1426 ι
908 1419 913 1424 .
955 1420 961 1427 ι

669 1492 674 1498 .
717 1491 723 1497 .
763 1490 771 1498 ι
811 1489 818 1496 α
859 1490 866 1496 .
906 1488 914 1495 ι
955 1491 961 1498 ,

202 1633 208 1640 ι
250 1634 256 1640 .
299 1634 305 1642 ι
347 1634 353 1640 -
395 1635 402 1641 .
443 1635 450 1642 .
490 1634 497 1642 ι
537 1632 545 1640 ο
573 1633 581 1642 ι
621 1633 628 1640 ι
668 1634 676 1641 ο
717 1633 723 1640 ο
763 1632 771 1640 ι
812 1632 818 1638 ι
860 1633 866 1639 ι
907 1630 914 1638 ι
956 1634 962 1640 .

202 1705 209 1712 ι
250 1705 258 1712 ι
299 1707 305 1713 ι
347 1707 352 1713 ι
393 1706 400 1713 α
441 1706 448 1713 ο
487 1706 496 1714 α
537 1706 543 1713 ι
573 1705 581 1713 ο
619 1702 628 1713 ι
668 1706 674 1712 .
715 1705 725 1712 ι
766 1704 772 1712 ο
812 1704 819 1712 ο
860 1705 867 1712 .
908 1704 915 1710 ι
956 1705 962 1712 .

203 1777 210 1783 .
249 1776 257 1784 ο
298 1778 304 1784 ι
345 1777 352 1785 ι
394 1778 400 1785 ο
442 1779 448 1785 ι
490 1778 497 1785 ο
538 1778 544 1784 .
572 1777 579 1784 ι
620 1776 627 1783 -
667 1777 673 1784 ι
715 1778 722 1785 ,
763 1777 769 1783 -
810 1777 817 1784 ο
858 1777 866 1784 Ι
906 1774 914 1783 ι
955 1776 962 1784 ι

441 117 577 148 EUSEBII
596 115 768 146 VERCELL.
789 116 1016 147 EVANGELIUM
1036 116 1107 146 CUM
1127 116 1242 146 VARIIS
1260 116 1338 146 COD.
1358 115 1557 147 COLLATUM.

1791 113 1846 143 724

1261 176 1379 204 CODEX
1398 176 1513 204 VERON
1518 175 1628 204 ENSIS.

1046 223 1089 249 17.
1106 222 1139 249 Et
1152 223 1190 250 ait
1205 222 1258 251 illis
1269 223 1347 251 Jesus
1360 232 1367 249 :
1460 223 1531 250 sicut
1545 224 1556 239 ³
1569 222 1690 250 Scribae.

1045 258 1141 286 Venite
1154 263 1214 292 post
1459 258 1505 285 25.
1528 259 1591 285 Erat
1600 264 1691 286 autem

1045 301 1089 321 me
1100 302 1107 326 ;
1117 299 1144 321 et
1156 293 1196 321 [ει-
1465 294 1475 309 ³
1487 295 1512 321 in
1525 294 1565 330 (Δ)
1578 294 1665 329 Syna-

1045 329 1114 356 ciatn
1128 337 1176 357 vos
1190 330 1230 364 pi-
1464 337 1533 365 goga
1546 330 1566 365 1~
1582 330 1663 357 homo
1673 349 1682 363 ,

1046 371 1170 393 scatores
1184 366 1232 392 lto-
1464 368 1509 400 qui
1527 365 1645 392 habebat

1047 400 1092 428 18.
1113 401 1224 428 initium.
1242 400 1275 428 Et
1466 401 1592 436 spiritum
1607 402 1657 428 im-

1045 436 1189 463 conl‘estim
1200 457 1207 470 ,
1225 444 1267 463 re-
1467 437 1596 464 mttttdunt
1608 445 1616 469 ;
1630 441 1658 464 et

1046 471 1118 499 lictis
1132 471 1173 507 (α)
1187 472 1273 500 οηιηί-
1465 472 1510 499 24.
1531 471 1671 500 Clamabat
1681 492 1688 506 ,
1703 470 1746 499 di-

1046 507 1097 534 bus
1107 507 1138 543 1-,
1153 507 1239 536 secuti
1466 515 1532 535 cens
1550 518 1556 536 :
1571 507 1640 541 Quid

1047 548 1111 570 sunt
1125 544 1212 571 illum.
1467 544 1559 574 nobis,
1576 547 1605 570 et
1620 542 1670 571 tibi

1466 579 1532 608 Jesu
1548 578 1687 607 Nazarene
1695 577 1708 604 2

1467 615 1566 642 venisti
1580 622 1640 649 per-

1468 651 1533 678 dere
1547 650 1615 677 nos?

1470 686 1505 722 (ε)
1521 686 1533 702 λ
1546 686 1608 714 Scio
1622 690 1648 713 te
1659 685 1680 721 1-
1690 706 1697 718 ,

1468 722 1514 756 qui
1530 722 1583 754 sis,
1599 722 1715 750 Sanctus

1468 757 1514 785 25.
1537 757 1596 784 Dei.
1611 757 1646 784 Et
1661 756 1698 793 (ί)
1713 756 1764 784 iut-

1468 793 1604 829 peravit1-
1617 793 1675 826 illi,

1468 833 1496 856 et
1514 829 1583 856 dixit
1604 838 1611 855 :
1627 828 1678 856 0m

1469 870 1604 895 mtttcsce,
1622 869 1649 891 ct

1470 901 1480 914 '
1495 901 1537 927 cxi
1554 901 1587 927 de
1608 900 1657 927 h0-

1471 936 1559 967 mine,
1576 936 1614 971 (g)
1625 935 1721 969 spirite

1473 973 1612 998 imtnunde
1626 972 1656 1006 ’ξπ

1472 1007 1517 1034 26.
1541 1008 1574 1034 Et
1586 1006 1723 1034 concussit

1048 578 1093 606 i9.
1116 578 1150 606 Et
1164 578 1201 614 (ὁ)
1214 585 1341 614 progres-

1048 621 1094 641 sus
1107 614 1127 649 1-
1143 615 1286 649 pusillum,

1047 650 1117 676 vidit
1134 649 1265 677 Jacobum

1048 685 1197 719 Zebetlaei,

1049 724 1077 749 et
1091 721 1236 748 Johannen

1049 757 1160 784 fratrem
1173 757 1232 791 ejus

1050 797 1077 820 et
1090 793 1161 826 ipsos
1177 792 1205 820 in

1050 828 1176 855 nauicula
1190 849 1198 861 ,

1051 869 1237 898 conponentes

1051 899 1097 926 20.
1118 901 1218 932 retias;
1234 903 1263 928 et

1051 940 1159 962 VOCﬂVil
1173 942 1230 963 eos.

1050 970 1092 997 Ad
1108 970 1160 1002 illi,
1177 978 1221 999 re—

1050 1005 1115 1033 licto
1130 1006 1210 1034 Patre

1051 1048 1100 1068 suo
1116 1040 1202 1069 Zebe-
1472 1050 1533 1069 eunt
1550 1044 1661 1077 spiritus

1049 1076 1119 1104 daeo
1132 1084 1194 1104 cum
1472 1076 1636 1111 immundus,
1651 1083 1678 1105 et

1050 1113 1248 1141 mercennariis
1256 1134 1264 1147 ,
1468 1115 1587 1140 clamans
1599 1121 1665 1142 voce

1051 1148 1138 1176 secuti
1151 1154 1217 1176 sunt
1469 1158 1578 1185 magna,
1595 1151 1661 1177 exiit

1051 1191 1125 1211 eum.
1471 1186 1505 1213 ab
1524 1193 1567 1213 eo.

1051 1219 1100 1246 21.
1118 1220 1153 1248 Et
1169 1219 1208 1256 (c)
1222 1220 1320 1249 introi-
1470 1220 1515 1248 27.
1537 1221 1703 1248 Mirabantur

1051 1262 1133 1292 erunt
1145 1257 1165 1292 1-
1471 1262 1560 1284 autem
1570 1264 1674 1290 omnes,

1050 1290 1244 1326 Capharuaum
1471 1297 1497 1319 et
1509 1292 1549 1328 (It)
1565 1293 1677 1328 conqui-

1051 1328 1164 1363 sabbato
1179 1336 1186 1355 :
1202 1332 1230 1357 et
1471 1328 1567 1355 rebant
1587 1328 1624 1363 τ,

1051 1362 1198 1392 confestim
1473 1363 1484 1378 ‘
1503 1371 1575 1398 quae
1586 1362 1658 1392 esset

1051 1398 1189 1433 ingressus
1472 1398 1597 1426 doctrina
1609 1401 1660 1427 ista

1052 1433 1079 1460 in
1091 1434 1179 1470 Syna—
1473 1441 1534 1462 cum
1549 1441 1627 1468 pote-

1051 1477 1146 1504 gogant
1157 1490 1165 1502 ,
1179 1470 1229 1497 do-

1052 1505 1131 1532 cebat
1146 1506 1217 1533 illos.

1051 1540 1098 1567 22.
1121 1541 1153 1568 Et
1167 1547 1261 1576 stupe-

1053 1576 1118 1603 bant
1128 1585 1211 1611 super

1472 1471 1561 1498 state?
1572 1476 1599 1498 et
1611 1471 1673 1506 quia

1471 1506 1612 1540 spiritibus
1625 1509 1676 1534 im-

1471 1542 1578 1569 mundis
1592 1543 1676 1578 impe-

1469 1582 1522 1610 rat,
1537 1582 1564 1605 et
1583 1578 1617 1649 (ὶέ
1629 1578 1677 1605 ob-

1471 1614 1584 1641 audiunt
1596 1624 1604 1629 -

1052 1612 1176 1639 doctrina
1193 1613 1268 1648 ejus;
1471 1612 1604 1645 audiunt-1

1052 1652 1110 1674 erat
1118 1649 1190 1676 enim
1471 1657 1544 1677 eum.

1052 1683 1171 1716 docens,
1185 1684 1255 1711 sicut
1469 1685 1516 1712 28.
1539 1684 1572 1712 Et
1592 1685 1626 1721 (j)
1641 1685 1709 1713 eliit
1724 1684 1745 1720 τ

1054 1724 1214 1753 potestatem
1471 1728 1569 1748 rumor.
1578 1722 1622 1748 hic

1053 1754 1157 1783 habens
1167 1775 1174 1789 ,
1190 1763 1244 1784 non
1471 1756 1572 1791 ubique
1585 1757 1660 1784 circa

857 1814 974 1843 CODE‘X
993 1813 1190 1843 BRIXIANUS.

199 1862 239 1890 eis
252 1862 330 1891 Jesus
342 1863 438 1898 Venite
448 1867 509 1898 post
518 1866 605 1890 me.et
616 1862 712 1890 faciam.
719 1869 768 1889 vos
780 1862 838 1889 ﬁeri
846 1862 994 1898 piscat0res

199 1898 351 1925 hominum.
372 1897 406 1925 Et
427 1897 550 1933 protinus
573 1897 676 1925 relictis
696 1898 798 1925 retibus
816 1897 882 1925 suis.
907 1898 994 1933 secuti

199 1938 263 1960 sunt
278 1941 350 1962 eum.
366 1934 399 1961 Et
414 1932 574 1968 progressus
589 1934 650 1961 inde
671 1933 808 1967 pusillum.
828 1933 894 1960 \iilit
917 1932 995 1960 Jaco-

199 1969 262 1996 buttt
273 1968 406 1996 Zebedaei
417 1973 445 1996 et
460 1968 610 1996 Joltunnem
626 1968 737 1996 fratrem
751 1968 818 2003 ejus.
844 1973 871 1996 et
884 1968 957 2003 ipsos
969 1969 996 1996 in

200 2005 272 2031 navi.
302 2007 498 2034 componentes
522 2004 599 2031 retia.
614 2008 642 2031 et
670 2005 761 2031 statim
792 2004 900 2031 vocavit
923 2004 995 2031 illus.

199 2039 234 2068 Et
249 2039 345 2067 relicto
358 2040 438 2068 Patre
454 2048 502 2066 suo
509 2039 648 2067 lebedaeo
663 2039 690 2066 in
706 2040 768 2066 navi
782 2047 843 2066 cunt
861 2047 1000 2066 mercena-

199 2075 247 2102 riis
259 2076 343 2103 seculi
364 2081 427 2112 sunt
440 2084 513 2102 eutn.
535 2076 568 2103 Et
581 2075 618 2112 (c)
636 2074 751 2110 ingressi
768 2074 865 2112 sunt_1-
879 2074 999 2109 Caphar-

199 2119 281 2138 nautn
297 2117 323 2139 et
337 2111 466 2139 continuo
486 2110 616 2139 sabbatis.
631 2111 768 2145 ingressus
788 2111 814 2138 in
830 2110 999 2146 Synagogam

198 2146 278 2174 Jesus
293 2147 408 2175 uincebat
429 2155 487 2174 eos.
515 2148 548 2174 lﬂt
571 2146 716 2181 stupebant
737 2153 819 2181 super
846 2147 998 2174 doctrinam

199 2183 269 2218 ejus.
294 2189 353 2211 erat
371 2184 443 2210 enitn
459 2182 561 2210 docens
581 2189 640 2209 eos.
655 2182 731 2217 quasi
750 2186 927 2218 potestatein
947 2181 998 2208 ha-

199 2190 269 2218 ejus.
294 2190 353 2211 erat
371 2191 443 2210 emtn
459 2190 561 2210 docens
581 2190 640 2209 eos.
655 2190 731 2217 quast
775 2190 917 2210 otesmtem
947 2190 998 2208 na-

198 2220 278 2248 bens.
299 2224 394 2247 etnon
407 2219 477 2247 sicut
492 2218 604 2247 Scribae
628 2225 733 2247 eorum.
749 2190 783 2245 Et
796 2223 855 2245 erat
869 2218 895 2245 in
911 2216 1011 2254 Syna-'

1048 1869 1115 1897 goga
1124 1869 1229 1889 corum.
1241 1861 1323 1889 homo
1336 1862 1383 1897 qui
1393 1861 1509 1890 habebat
1521 1862 1660 1897 spiritum.
1672 1862 1855 1890 immundum.

1049 1897 1242 1924 etexclamavit
1252 1897 1357 1925 dicens.
1368 1898 1436 1931 Quid
1446 1898 1524 1925 nobis
1535 1903 1563 1925 ct
1575 1898 1623 1925 tibi
1634 1898 1697 1925 Jesu
1704 1898 1856 1926 Nazarene.

1049 1907 1242 1924 etexctamavtt
1252 1907 1357 1925 (.IICCHS.
1368 1907 1408 1931 QII
1420 1907 1436 1924 (Ι
1446 1907 1524 1925 nonis
1535 1907 1563 1925 Cl
1575 1907 1623 1925 ιιυι
1634 1907 1697 1925 JCSII
1704 1907 1856 1926 tvazarene.

1049 1934 1147 1960 veniin
1167 1933 1281 1968 perdere
1306 1941 1365 1960 nos.
1384 1907 1420 1969 (ei
1441 1933 1504 1960 Scio
1520 1938 1545 1961 te
1566 1934 1586 1969 1-
1601 1935 1645 1968 qui
1671 1935 1710 1961 sis
1738 1934 1858 1962 Sanctus

1052 1969 1109 1995 Dei.
1126 1969 1159 1996 Et
1178 1969 1360 1996 comminatus
1379 1975 1421 1996 est
1442 1969 1467 1997 ei
1480 1970 1559 1997 Jesus
1569 1970 1674 1997 dicens.
1691 1970 1857 1997 Obtnutesce

1051 2008 1078 2031 et
1092 2005 1136 2032 cxi
1151 2004 1184 2031 ab
1195 2012 1237 2032 eo.
1252 2004 1285 2031 Et
1298 2005 1454 2040 discerpens
1470 2013 1531 2032 cum
1560 2006 1670 2040 spiritus
1697 2006 1855 2032 inmundus.

1050 2044 1078 2067 et
1091 2040 1247 2068 exclamans
1262 2048 1328 2068 voce
1344 2048 1440 2076 magna
1454 2041 1581 2068 discessit
1599 2042 1633 2067 ab
1651 2049 1695 2069 eo.
1716 2041 1751 2068 Et
1764 2041 1856 2068 mirati

1051 2081 1114 2112 sunt
1135 2084 1241 2103 omnes.
1267 2076 1303 2103 ila
1318 2080 1348 2103 ut
1369 2078 1561 2112 conquirerent
1587 2076 1657 2104 inter
1671 2084 1701 2105 se
1719 2076 1853 2104 dicentes.

1050 2111 1184 2146 Quidnam
1207 2116 1250 2140 est
1275 2111 1336 2139 hoc.
1360 2111 1436 2147 quae
1449 2112 1570 2139 doctrina
1595 2111 1663 2139 haec
1685 2119 1767 2139 nova.
1790 2113 1854 2147 quia

1050 2155 1112 2175 cum
1134 2153 1278 2181 poteSIate.
1294 2152 1321 2176 et
1345 2148 1486 2183 spiritibus
1512 2148 1649 2175 inmundis
1674 2148 1798 2182 imperat.
1826 2152 1855 2175 et

1050 2183 1199 2211 oboediunt
1210 2185 1245 2212 ei.
1261 2184 1295 2221 (j)
1308 2184 1380 2212 Exiit
1392 2184 1411 2220 1-
1428 2188 1517 2211 autetn
1532 2191 1626 2211 rumor
1640 2184 1701 2219 ejus
1711 2184 1812 2211 statim.
1826 2184 1854 2211 in

842 2274 958 2303 CODEX
977 2274 1211 2304 CORBEIENSIS.

233 2324 278 2351 18.
292 2322 427 2358 protinus,
439 2322 541 2350 relictis
554 2322 691 2350 omnibus.

230 2359 276 2387 19.
291 2364 319 2387 et
333 2360 405 2393 ipsos
426 2358 452 2385 in
465 2358 586 2393 navicula
597 2362 721 2393 aptantes
736 2358 813 2386 retia.

231 2395 278 2422 24.
293 2391 356 2423 Scio
370 2400 408 2427 te,
422 2394 482 2428 quis
497 2393 534 2421 sis
554 2391 586 2429 1-,
605 2391 723 2429 Sanctus
737 2394 795 2421 Dei.

230 2430 276 2457 27.
297 2430 383 2458 Mirati
395 2433 458 2457 sunt
470 2428 575 2462 omnes,
590 2433 617 2456 et
626 2428 833 2464 conquirebant,
849 2436 918 2465 quae
932 2437 993 2457 nam

1052 2327 1125 2358 esset
1137 2322 1203 2350 haec
1221 2322 1342 2350 doctrina
1358 2322 1518 2358 potestatis?
1531 2327 1559 2350 et
1572 2323 1700 2358 quoniam
1711 2315 1854 2358 spiritibus

1049 2357 1193 2386 immundis
1221 2359 1344 2394 imperat.

1049 2394 1129 2457 “28.
1151 2395 1184 2422 Et
1194 2394 1259 2422 exiit
1275 2403 1368 2423 rumor
1379 2396 1429 2423 iste
1453 2394 1480 2423 in
1502 2402 1611 2422 omnem
1637 2395 1776 2430 regionem
1795 2395 1852 2423 Ga-

1061 2438 1155 2457 taeae.

820 2474 1018 2505 VARIANTES
1036 2475 1238 2505 LECTIONES.

227 2524 235 2539 ⁸
255 2523 308 2549 σαι.
325 2523 582 2559 sabbgto‘ingressus.
593 2522 683 2559 recenti
695 2528 782 2552 manu,
800 2522 918 2548 sabbatis.
931 2523 990 2548 Mm.

193 2556 372 2610 introgressus.
387 2552 460 2586 Vulg.
471 2552 580 2590 sabbatis
592 2555 729 2591 iogresaus.
770 2585 775 2590 .

224 2587 235 2618 ξ
273 2589 307 2610 at.
321 2585 433 2618 Scribae,
447 2588 473 2609 et
484 2585 612 2618 Pharisaei
636 2584 708 2618 Vulg.
722 2585 834 2618 Scribae.

192 2654 205 2673 ἲ
224 2617 247 2673 ἔῃ
252 2618 312 2642 Mm.
325 2617 350 2642 in
366 2616 496 2647 Synagoga
509 2616 666 2648 Judaeorum.
683 2616 756 2650 Vulg.
769 2617 794 2641 iu
806 2616 936 2649 Synagoga
949 2623 993 2642 eo—

207 2655 223 2673 u
250 2667 256 2673 .

1078 2522 1089 2538 ⁸
1106 2525 1136 2547 Et
1147 2522 1182 2548 ita
1194 2525 1254 2548 Mm.

1077 2554 1160 2586 (Gut.
1174 2558 1197 2579 et
1214 2556 1274 2580 Mm.
1286 2555 1328 2580 exi
1348 2555 1380 2580 ab
1399 2555 1509 2586 homine,
1529 2555 1630 2586 spiritus
1648 2554 1785 2586 immunde,
1799 2559 1849 2581 etc.

1050 2585 1123 2618 vulg.
1138 2587 1179 2610 exi
1190 2585 1224 2609 de
1238 2587 1344 2611 homine.

1080 2617 1160 2649 οςσαι.
1172 2622 1195 2642 et
1209 2618 1266 2641 Mm.
1277 2618 1346 2647 Quae
1356 2621 1422 2642 est...
1433 2617 1491 2648 quia
1504 2618 1528 2642 in
1539 2620 1663 2649 potestate
1674 2620 1699 2641 et
1711 2618 1850 2648 spiritibus.

1050 2648 1122 2681 Vulg.
1136 2650 1290 2678 Quaenam...
1303 2650 1360 2681 quia
1377 2649 1402 2673 in
1414 2652 1535 2681 potestate
1547 2649 1621 2674 etiam
1633 2649 1770 2680 spiritibus.

864 2688 1052 2718 BLANCHINI
1067 2690 1184 2718 NOTAE.

228 2736 268 2771 (α)
280 2736 315 2764 Et
325 2736 360 2763 ita
371 2736 433 2764 cod.
445 2735 523 2764 Cant.
538 2737 632 2765 πάντα.
645 2750 681 2756 -
702 2736 741 2771 (b)
752 2735 817 2772 Post
838 2744 998 2771 progressus.
1014 2736 1092 2764 deest
1105 2737 1175 2768 inde,
1190 2737 1271 2764 etiam
1284 2737 1310 2764 in
1323 2737 1384 2765 cod.
1401 2736 1479 2765 Cant.
1496 2752 1533 2758 —
1549 2736 1587 2772 (c)
1598 2737 1640 2772 illa
1651 2741 1679 2764 et
1693 2737 1754 2764 eod.
1767 2736 1848 2765 Cant.

191 2773 394 2810 ﬂumineo-toro.
405 2786 438 2792 —-
452 2771 492 2810 (ά)
507 2773 569 2810 Post
584 2773 734 2810 Synagoga,
756 2771 832 2810 deest
845 2773 1040 2810 eorum,_etia_nt
1052 2773 1083 2810 in
1094 2773 1154 2799 cod.
1168 2773 1292 2810 Δ(ὲκηινρ-
1303 2772 1338 2808 (ε)
1352 2772 1392 2810 ita
1407 2777 1434 2800 et
1444 2776 1502 2800 tex.
1518 2773 1565 2800 Gr.
1575 2771 1739 2810 ἀδάμας-ε

1745 2773 1767 2808 f)
1785 2773 1851 2801 Post

190 2807 337 2842 impertiuit,
357 2808 433 2835 deest
445 2807 534 2837 Iesus.
553 2808 579 2835 in
597 2808 659 2835 cod.
675 2814 782 2842 quoque
805 2807 883 2834 Cant.
895 2821 930 2827 -—
945 2807 984 2843 (g)
1000 2807 1109 2835 Addunt
1133 2808 1221 2842 spirits
1241 2808 1388 2840 immunda,
1410 2809 1510 2843 pariter
1529 2809 1610 2836 codd.
1631 2808 1711 2836 Goth.
1727 2815 1753 2836 et
1767 2808 1847 2837 Cant.

189 2845 294 2882 ςενιῦμᾳ
305 2844 459 2882 δοεάθαρτυγλ
471 2858 508 2882 _—
520 2843 559 2879 (It)
583 2844 655 2882 Post_
673 2844 867 2882 conquirebat,
881 2843 957 2871 deest
983 2845 1105 2879 quidnam
1124 2849 1160 2871 est
1180 2845 1252 2872 hoc?
1271 2845 1355 2872 etiam
1373 2845 1399 2872 in
1419 2844 1480 2872 cod.
1502 2844 1580 2873 Cant.
1599 2859 1634 2865 —
1659 2844 1693 2879 (ἱ)
1713 2844 1780 2873 Tox.
1797 2844 1835 2874 Gr

192 2878 413 2912 omneowtvf—
430 2878 463 2916 (i)
474 2878 511 2906 lla
523 2885 550 2906 et
564 2884 618 2907 tes.
635 2879 791 2916 ατο-ἐξῆλθε.
