2027 3099
142 161 193 189 729

662 157 887 187 EVANGELIUM
906 157 1092 188 SECUNDUM
1113 156 1268 186 MARCUM.

316 218 434 247 CODEX
453 215 728 247 VERCELLENSIS.

139 267 183 294 ubi
203 271 262 294 erat
276 266 353 294 .lesus
365 274 372 299 ;

139 307 166 330 et
180 302 221 338 (η)
238 302 349 330 dimise-

139 344 201 365 runl
216 339 236 372 -ῖ
250 345 311 372 gra-

143 378 256 405 mttnm,
275 373 319 400 tibi

144 409 308 444 puralyticus

143 444 289 472 decumbe-

142 480 197 507 bat.

143 517 170 543 5.
191 515 257 543 Cum
273 516 385 550 vidisset

142 557 231 579 autem
244 551 257 578 .l
262 558 323 579 esus

142 586 221 615 ﬁdem
234 587 293 613 illo-

142 631 213 655 rum,
231 623 265 649 ait
280 630 325 658 pa-

140 658 255 694 ralytico
268 657 285 685 :'
293 657 337 686 Fi-

142 693 172 728 li,
186 693 333 722 remittun-

141 734 187 757 tur
200 730 247 757 tibi
263 736 327 765 pec-

138 769 200 792 cata
215 770 270 793 tua.

138 800 166 828 6.
190 800 276 828 Erant
291 805 383 828 autem

141 836 254 871 quidam
270 844 302 864 ex

137 871 241 900 scribis
255 872 291 899 ibi

137 907 279 940 sedentes,
295 912 323 935 et

135 943 292 978 cogitantes

136 979 165 1006 in
182 979 313 1006 cordibus

135 1014 208 1048 suis,
221 1014 259 1049 (b)
273 1014 365 1042 dicen-

135 1050 164 1077 7.
189 1054 231 1077 tes
244 1049 265 1085 -ι-
280 1058 287 1077 :
303 1049 373 1083 Quid
387 1050 430 1078 llic

134 1085 180 1113 sic
198 1085 339 1120 loquitur?

134 1120 334 1156 blasphemat.-

134 1156 208 1191 Quis
223 1161 313 1191 potest

134 1192 284 1221 remittere

134 1233 264 1263 peccata,
281 1228 333 1256 nisi

136 1271 214 1291 unus
228 1264 317 1292 Deus?

137 1299 227 1350 ἓςρξξξ
242 1298 359 1350 l‘lﬁ‘fﬁ'
371 1307 471 1335 ⁰⁰ε¹¹⁰“

137 1335 228 1371 visset
242 1335 263 1371 -ι-
272 1335 352 1363 Jesus

136 1370 167 1398 in
184 1369 226 1406 (ιι)
239 1369 359 1406 "spiritu
371 1370 402 1407 ἦ,
416 1372 487 1407 quod

138 1407 298 1441 cogitarent

138 1442 214 1469 intra
229 1449 270 1476 se,
286 1442 327 1470 di-

138 1477 182 1505 xit
195 1477 250 1505 illis
266 1486 273 1505 :
285 1478 355 1512 Quid

139 1513 211 1554 haec
222 1514 297 1554 cogi-

140 1554 207 1577 ιίιιις
221 1557 248 1576 ιη
266 1557 327 1577 cor-

139 1583 224 1612 dibus
237 1585 358 1613 vestris?

140 1620 172 1648 9.
192 1619 262 1653 Quid
276 1625 318 1648 est
331 1621 393 1649 laci-

138 1655 196 1683 lius
210 1656 323 1684 dicere?

139 1690 241 1727 Surge,
255 1696 283 1720 ct
294 1692 344 1720 tol-

137 1727 168 1754 le
181 1727 336 1762 grabaltum

138 1767 229 1797 tuum,
244 1768 271 1791 et
285 1771 331 1791 va-

138 1797 177 1826 de
189 1798 281 1827 domui
299 1804 342 1827 tu-

137 1841 174 1862 ae
190 1843 196 1860 :
213 1840 259 1862 aut
270 1835 343 1864 dice-

140 1870 196 1897 re?
212 1870 319 1898 Remit-

141 1911 237 1933 tunlur
251 1907 298 1934 libi

140 1948 254 1977 peccata
270 1947 327 1970 tua.

141 2059 189 2086 ubi
206 2063 264 2087 erat
276 2059 365 2087 Jesus.
380 2064 408 2088 et
420 2059 625 2095 patefacientes.
644 2060 828 2088 submiserunt
849 2060 944 2094 graba~

146 2100 216 2132 tum.
229 2096 325 2132 inquo
340 2095 504 2132 paralyticus
517 2096 633 2131 iacebat.
647 2095 714 2132 Cutn
728 2096 840 2132 vidisset
855 2101 945 2122 autem

142 2130 224 2157 Jesus
237 2130 317 2158 [idem
330 2130 450 2159 illorum.
468 2132 504 2159 ait
519 2130 667 2166 paralytico
682 2131 733 2158 Fili
756 2131 866 2158 dimissa
883 2136 946 2157 sum

143 2166 192 2202 tibi
209 2172 316 2201 peccata
329 2172 383 2194 tua.
397 2167 481 2194 Erant
494 2173 583 2195 autem
601 2167 666 2195 illic.
679 2168 786 2202 quidam
799 2167 833 2193 de
844 2166 946 2194 Scribis

143 2201 272 2230 sedentes
288 2207 316 2229 et
327 2202 476 2238 cogitantes
491 2204 516 2230 in
536 2203 665 2230 cordibus
679 2201 745 2230 suis.
762 2202 830 2236 Quid
846 2202 888 2229 hic
908 2202 947 2229 sic

476 2239 542 2272 Quis
557 2244 645 2273 potest
660 2238 800 2266 dimittere
823 2243 943 2273 peccata.

145 2273 210 2310 nisi
241 2274 315 2301 solus
339 2274 422 2302 Deus.
446 2274 523 2308 Quod
548 2275 649 2301 statim.
672 2282 840 2310 cognoscens
865 2274 944 2302 Jesus

142 2308 242 2345 8_|)irilu
257 2317 316 2336 suo.
333 2310 405 2344 quod
419 2310 455 2337 ita
468 2311 619 2345 cogitarent
644 2308 717 2337 intra
735 2318 775 2337 se.
787 2310 852 2337 dicit
877 2311 941 2337 illis.

144 2343 215 2380 Quid
231 2345 281 2372 ista
297 2343 421 2380 cogitatis
441 2346 467 2372 in
478 2343 605 2373 cordibus
616 2346 723 2373 vestris.

146 2379 200 2407 lius
225 2380 317 2409 dicere
337 2379 501 2416 iparalytico.
538 2381 713 2409 Dimittuntur
749 2379 796 2409 tibi
833 2387 942 2416 peccata

146 2420 203 2444 tua.
227 2421 274 2444 aut
295 2416 386 2445 dicere
412 2417 499 2453 Surge
524 2417 588 2445 tolle
601 2417 743 2453 grabatum
755 2421 829 2454 tuum
842 2423 870 2445 et
886 2425 944 2445 am—

144 2237 265 2271 loqnitur
281 2237 460 2271 blasphemat.

559 265 603 305 l_(l.
626 264 761 305 Utautem
773 263 843 292 scia-
871 303 880 309 .

559 302 603 332 tis,
621 300 682 335 quin
698 308 747 334 po-

559 341 683 363 testatem
702 337 747 362 ha-

560 373 604 399 bet
618 372 702 398 Filius
716 371 764 399 lto-

559 409 639 434 minis
653 415 735 441 super

558 448 660 471 terram
671 450 715 470 re-

558 478 681 506 mittendi

559 519 679 549 peccata,
699 514 726 550 ('
738 514 776 542 ait

560 550 707 585 paralytico
723 551 745 583 :)

559 587 602 613 ll.
625 585 685 613 Τιὺί
699 585 759 613 dico
776 592 855 614 :sur-

560 630 603 685 ge,
618 622 679 648 tolle
695 629 755 656 gra—

580 661 664 685 attum
679 662 721 684 lu-

580 661 664 685 attum
679 662 721 684 lu-

561 701 605 720 um
615 713 622 724 .
637 697 665 720 et
674 692 743 720 vade

560 728 652 756 domui
668 733 741 756 tuae.

560 764 604 791 ης
625 764 658 791 Et
673 763 719 791 ille
732 763 837 792 confes-

560 799 607 827 tim
622 806 749 834 surgens.

558 835 666 863 sublato
679 842 740 869 gra-

558 871 633 898 batto
644 870 655 886 ³
664 877 768 898 coram,

558 906 695 940 omnibus,

559 942 642 975 abiit;
660 941 697 969 ita
717 946 745 969 ut

560 982 701 1012 stuperent

560 1021 665 1045 omnes,
682 1018 709 1040 ct
723 1013 774 1040 llO-

561 1049 736 1076 nurilicarent

562 1085 656 1117 Deum,
672 1084 763 1111 dicen-

560 1125 611 1152 tes.
628 1127 775 1154 numquam

559 1156 649 1183 taliter
662 1155 744 1184 vidis-

559 1199 589 1219 SC
603 1199 643 1219 se.

561 1228 605 1255 l5.
622 1227 655 1254 Et
667 1226 732 1254 exiit
746 1226 842 1254 iterum

560 1262 640 1291 Jesus
652 1262 686 1289 ad
702 1269 787 1295 mare,

560 1304 586 1326 cl
599 1298 688 1325 omnis
704 1302 762 1325 lur-

560 1334 594 1361 ba
608 1333 737 1361 convenit

560 1369 594 1397 ad
609 1376 683 1400 eum,
699 1373 727 1396 ct
739 1368 787 1397 do-

561 1405 639 1433 cebat
655 1405 728 1432 illos.
745 1408 764 1434 ο

561 1441 604 1468 Η.
622 1441 655 1468 Ει
666 1441 796 1475 praeteri-

560 1484 620 1509 ens,
636 1477 703 1504 vidit
717 1475 752 1512 (Ῑ)
770 1476 780 1491 ⁸
791 1476 837 1504 ιιει-

560 1513 658 1541 cobum
670 1511 690 1547 ἰ-
705 1513 805 1547 Alphe-

561 1548 580 1581 i,
595 1548 734 1576 sedentem

560 1584 593 1612 ad
611 1584 758 1616 teloneum,

561 1625 589 1648 et
601 1620 640 1647 ait
653 1620 708 1646 illi:
724 1619 773 1648 Se-

580 1663 644 1683 uere
659 1662 713 1683 me.

559 1691 592 1719 Et
605 1698 765 1725 exsurgens,

559 1732 669 1755 secutus
683 1732 727 1754 est

559 1771 634 1791 eum.

561 1799 605 1827 15.
621 1799 654 1826 Et
669 1797 768 1826 factum
782 1804 834 1832 est,

560 1834 599 1871 (9)
613 1834 785 1871 discumben-

561 1870 632 1898 libus
646 1871 686 1897 eis
701 1870 722 1905 -ὶ-
736 1871 762 1898 in

561 1906 644 1934 domo
659 1905 728 1933 illius
738 1926 746 1938 ,

563 1941 638 1970 multi
650 1941 733 1977 publi-

1738 159 1792 186 750

1205 214 1321 247 CODEX
1342 215 1571 246 VERONENSIS.

990 264 1034 292 ubi
1048 268 1125 296 erat;

989 304 1018 328 et
1027 300 1066 335 (α)
1083 307 1156 327 sum-

990 337 1121 363 miserant
1131 335 1152 371 -ι-

989 371 1160 406 grabbatum,

990 407 1017 435 in
1026 414 1080 442 quo

991 442 1156 484 paralyticus

988 479 1105 514 jacebat.

991 516 1018 542 5.
1030 513 1098 541 Cum
1111 513 1194 542 vidis-

990 555 1034 577 set
1046 554 1136 577 autem

990 585 1069 613 Jesus
1082 585 1161 613 [idem

992 621 1111 653 illorum,

991 657 1029 698 ait
1045 657 1151 698 Pars!!!-

991 693 1064 720 tico:
1079 692 1142 725 Fili,

992 728 1105 756 remissa

991 768 1054 791 sunt
1071 764 1117 792 tibi

992 805 1115 834 peccata.

992 835 1018 862 6.
1036 835 1120 863 Erant
1133 839 1223 864 autem

993 870 1030 898 ibi
1042 871 1153 906 quidam

994 906 1028 934 de
1043 907 1145 935 Scribis

995 942 1132 976 sedentes,
1148 949 1175 971 ct

994 978 1145 1013 cogitantes

996 1013 1022 1040 lll
1036 1014 1165 1042 cordibus

996 1049 1172 1100 asellas“-

996 1089 1090 1112 centcs
1101 1089 1122 1121 ’ζ’
1133 1095 1139 1112 ;

997 1121 1024 1147 7.
1039 1121 1090 1157 Hic
1101 1121 1227 1157 blasphe-

996 1161 1062 1183 ntat.
1076 1156 1143 1190 Quis

996 1196 1087 1226 potest
1099 1192 1190 1220 dimit-

997 1232 1054 1255 tere
1070 1233 1191 1262 peccata,

996 1263 1047 1290 nisi
1063 1264 1138 1290 solus

995 1299 1030 1334 8.7
1041 1298 1112 1326 Deus
1125 1299 1137 1326 ?
1151 1299 1210 1334 Quo

995 1333 1035 1397 Sc)
1052 1333 1190 1375 cognito-i-

1012 1377 1074 1397 esus
1088 1379 1113 1397 m
1129 1370 1169 1397 (di
1183 1378 1190 1397 ε

1012 1377 1078 1407 esus
1088 1372 1113 1397 in
1129 1370 1237 1407 (d)_spi-

996 1405 1050 1433 rittt
1065 1405 1096 1441 1‘,
1117 1405 1181 1441 quid

992 1442 1148 1476 cogitarent

996 1477 1067 1504 intra
1083 1484 1123 1511 se,
1139 1477 1181 1506 di-

996 1512 1035 1540 xit
1049 1513 1102 1540 illis
1116 1522 1122 1540 :
1134 1513 1204 1548 Quid

996 1549 1122 1583 cogitatis
1135 1550 1164 1577 in

995 1584 1124 1612 cordibus
1139 1592 1187 1613 ve-

996 1619 1023 1647 9.
1039 1621 1125 1648 stris?
1139 1620 1210 1655 Quid

996 1660 1038 1683 est
1052 1656 1177 1684 facilius?

996 1690 1088 1719 dicere
1104 1692 1155 1719 Pa-

996 1727 1110 1763 ralytico
1121 1735 1128 1754 :
1139 1727 1193 1755 Re—

995 1763 1077 1790 missa
1093 1767 1158 1790 sunt

996 1803 1105 1833 peccata
1117 1803 1161 1826 tua
1174 1806 1182 1825 :

995 1839 1042 1862 aut
1053 1835 1145 1862 dicere
1155 1835 1167 1861 ‘2

995 1870 1093 1905 Surge,
1108 1875 1136 1897 et
1150 1877 1207 1897 am-

996 1906 1041 1934 10.
1058 1906 1130 1933 bula.
1147 1905 1183 1933 Ut

996 1941 1100 1975 sciatis,
1115 1948 1183 1977 quo-

807 2009 924 2039 CODEX
942 2009 1140 2039 BRIXIANUS.

999 2059 1070 2086 bula.
1085 2059 1120 2087 Ut
1134 2065 1223 2087 autem
1238 2059 1339 2087 sciatis.
1364 2059 1424 2094 quia
1443 2054 1799 2095 potestatem‘habetFilius

999 2094 1117 2123 hmninis
1125 2103 1206 2130 super
1219 2100 1289 2123 terra
1298 2092 1450 2122 dimittendi
1461 2098 1580 2129 peccata.
1591 2093 1627 2119 ait
1640 2092 1801 2130 paralytico.

998 2130 1057 2158 Tibi
1069 2131 1130 2158 dico
1140 2127 1220 2166 surge
1233 2131 1297 2158 tolle
1307 2132 1446 2166 grabatum
1455 2127 1528 2157 tuum
1537 2134 1563 2156 et
1571 2129 1637 2166 vade
1653 2128 1678 2154 in
1689 2127 1799 2166 domum

999 2170 1071 2194 tuam
1096 2166 1128 2194 Et
1152 2161 1244 2194 slavtim
1268 2161 1321 2193 ille'
1337 2166 1465 2194 surrexit.
1489 2169 1516 2192 et
1543 2163 1650 2190 sublato
1676 2161 1800 2198 grabato.

999 2202 1066 2230 abiit
1079 2210 1171 2230 coram
1197 2202 1333 2230 omnibus.
1351 2201 1387 2228 ita
1415 2207 1443 2227 ut
1466 2200 1669 2237 admirarentur
1695 2203 1801 2237 omnes.

999 2240 1250 2275 Etitouoriligarent
1281 2238 1364 2264 Deum
1378 2237 1512 2275 dicentes.
1528 2234 1594 2275 Quia
1605 2240 1751 2268 numquam
1764 2234 1803 2275 sic

996 2274 1123 2301 vidimus.
1152 2274 1187 2301 Et
1213 2279 1339 2308 egressus
1368 2276 1411 2299 est
1436 2272 1534 2308 iterum
1558 2272 1638 2308 juxta
1654 2274 1751 2308 ,m_are.
1775 2272 1803 2295 et

997 2311 1087 2337 omnis
1102 2309 1190 2337 turba.
1200 2303 1325 2336 ve'niebat
1335 2308 1367 2334 ad
1384 2314 1445 2334 eum
1462 2311 1489 2334 et
1497 2303 1676 2334 docebateos.
1686 2303 1803 2338 Etprac-

999 2346 1099 2372 leriens
1110 2345 1177 2372 vidit
1187 2344 1269 2371 Levin
1281 2343 1389 2377 Alphei.
1407 2342 1548 2371 sedentem
1570 2341 1603 2368 ad
1630 2340 1799 2377 tlteloneun_t.

998 2386 1025 2409 et
1039 2383 1077 2408 ait
1089 2381 1136 2408 illi.
1153 2374 1339 2416 Sequererme.
1349 2379 1382 2416 Et
1390 2386 1504 2416 surgens
1516 2381 1674 2416 s‘equtusest
1686 2382 1760 2402 eum.

998 2418 1096 2445 tactum
1118 2421 1169 2445 cst.
1190 2409 1252 2445 cum
1267 2409 1451 2443 discumberet
1474 2415 1501 2442 in
1517 2409 1627 2441 domum
1638 2412 1707 2446 ejus.
1723 2409 1800 2437 multi

790 2475 907 2504 CODEX
921 2474 1158 2504 CORBEIENSIS.

1038 2522 1082 2550 15.
1104 2522 1204 2550 factum
1215 2525 1258 2549 est
1272 2518 1506 2548 discumbentibus
1518 2516 1571 2544 illis
1585 2515 1612 2544 in
1623 2515 1704 2544 domo
1710 2514 1777 2550 ejus.
1785 2533 1804 2541 ..

184 2523 229 2550 12.
263 2523 413 2559 Numquam
426 2523 515 2551 taliter
529 2523 656 2551 vidimus.

184 2560 229 2587 M.
252 2559 317 2587 vidit
330 2559 461 2588 Jacobum
478 2559 586 2594 Alphei.

181 2666 189 2700 ξ
208 2664 261 2700 ραι.
273 2663 476 2700 ερὶιιὶιιῃδεῃοξο,
489 2664 555 2700 quia.
571 2662 644 2694 Vulg.
657 2662 745 2694 spiritu
753 2668 808 2695 suo,
820 2663 886 2694 quia.

179 2696 190 2711 ¹
208 2696 261 2720 Gat.
274 2693 332 2720 tunc
343 2695 385 2719 ait.
402 2693 474 2726 Vulg.
487 2693 530 2720 ait.

181 2727 191 2743 ³
209 2728 268 2752 Mm.
289 2732 370 2751 coram
382 2725 494 2751 omnibus
510 2726 581 2757 tulit,
595 2725 627 2751 ita
647 2729 681 2751 ut.
703 2725 777 2758 Vulg.
793 2725 853 2751 abiit
868 2731 949 2750 coram

741 2345 809 2380 Quid
821 2350 863 2374 est
876 2346 941 2373 laci-

1409 264 1482 292 niam
1499 269 1617 300 potesta-

1411 305 1464 328 tem
1479 300 1561 329 habet

1411 336 1494 364 Filius
1507 336 1558 365 ho-

1410 372 1492 400 minis
1504 379 1548 400 re-

1409 408 1534 436 mittendi

1410 448 1541 478 peccata;

1410 478 1460 514 (ait
1475 487 1553 515 para-

1410 515 1454 543 Η.
1472 516 1553 552 lytico
1568 515 1589 552 :)
1605 515 1670 543 Sur-

1410 558 1455 586 ge,
1469 551 1534 579 tolle

1411 587 1563 621 grabaltum

1412 627 1497 656 tuum,
1512 628 1539 651 et

1402 657 1478 687 'vade
1492 659 1519 687 in

1411 694 1522 723 domum

1413 730 1456 758 12.
1471 735 1554 759 luam.
1570 729 1630 766 [pse

1412 772 1502 795 autem
1515 774 1575 794 ευπ-

1413 809 1490 837 gens,
1507 807 1549 830 tu-

1413 838 1443 865 Iit
1456 845 1518 873 gra—

1414 873 1517 902 battum
1537 881 1584 902 co—

1415 916 1472 937 ram
1487 908 1624 941 omnibus,

1415 949 1442 973 et
1456 945 1538 978 abiit;
1555 945 1593 973 ita

1417 985 1461 1014 ut,
1476 981 1618 1012 mirantes,

1417 1017 1629 1044 lionoriticarent

1418 1052 1457 1088 (ε)
1474 1052 1557 1079 Deum
1568 1050 1608 1086 1-;

1417 1088 1543 1122 quoniam

1418 1123 1509 1151 taliter
1522 1130 1577 1150 non

1419 1159 1482 1186 talia
1499 1158 1633 1186 viderant.

1417 1195 1464 1223 15.
1484 1195 1518 1222 Et
1536 1193 1603 1222 exiit

1418 1230 1516 1258 iterum
1530 1236 1609 1258 secus

1417 1273 1504 1300 mare,
1517 1271 1626 1293 omnes-

1416 1309 1469 1335 que
1488 1302 1567 1329 turba
1581 1300 1673 1328 venie-

1417 1337 1463 1365 bat
1474 1337 1508 1364 ad
1521 1344 1595 1369 cum,

1416 1377 1443 1400 et
1455 1372 1572 1400 ducebat

1416 1408 1459 1435 14.
1481 1416 1539 1436 cos.
1561 1407 1596 1436 Et
1610 1413 1671 1435 cum

1416 1444 1588 1479 praeteriret,

1417 1479 1485 1507 vidit
1500 1480 1537 1515 (ί)
1553 1479 1598 1507 Ja-

1416 1516 1513 1552 cobum
1522 1515 1542 1551 ’ᾗ
1552 1550 1558 1552 Α
1638 1549 1641 1552 ι

1415 1550 1497 1584 Alfei,
1512 1550 1609 1579 seden—

1417 1593 1471 1615 tem
1486 1587 1520 1614 ad
1536 1592 1575 1614 te-

1415 1623 1536 1656 loueum,
1551 1626 1579 1649 et

1415 1658 1452 1686 ait
1465 1658 1503 1685 illi
1519 1666 1525 1684 :
1542 1657 1645 1692 Seque-

1417 1701 1447 1722 re
1461 1701 1515 1721 me.
1532 1693 1566 1720 Et

1417 1736 1531 1764 surgens
1539 1749 1547 1761 ,
1564 1734 1641 1755 secu-

1417 1769 1461 1792 tus
1476 1768 1519 1791 est.
1531 1771 1605 1791 eum.

1419 1800 1462 1828 15.
1484 1801 1517 1827 Et
1531 1799 1630 1827 factum

1416 1840 1468 1869 est.
1482 1835 1522 1872 (9)
1536 1834 1591 1872 dis-

1416 1870 1607 1898 cumhentibus

1418 1906 1472 1933 illis
1485 1906 1505 1942 ἰ·
1522 1907 1548 1933 in
1564 1906 1613 1934 do-

1419 1949 1473 1975 mo,
1489 1942 1565 1970 multi

999 2559 1089 2593 mulli,
1104 2558 1151 2593 qui
1164 2557 1185 2593 -ι-
1197 2561 1225 2585 et
1236 2557 1322 2584 secuti
1336 2558 1414 2583 erant
1423 2561 1497 2582 eum.
1520 2591 1530 2597 Α

770 2615 969 2645 VARIANTES
988 2614 1193 2644 LECTlONES.

999 2661 1120 2692 omnibus,
1133 2662 1166 2687 ita
1177 2665 1212 2687 ut.

1034 2693 1046 2709 ι
1062 2694 1117 2719 ϐαι.
1128 2696 1150 2719 et
1160 2694 1221 2719 Mm.
1234 2692 1312 2717 Levin
1323 2691 1421 2723 Alphei.

816 2767 999 2796 BLANCHlNl
1017 2766 1134 2795 NOTE.

186 2819 226 2852 (a,
239 2817 317 2845 Deest
329 2816 523 2851 patefacienles.
534 2816 561 2843 in
574 2815 689 2843 Vercell.
704 2814 803 2843 Veron.
816 2820 843 2843 et
857 2814 919 2852 cod.
932 2814 1010 2842 Cant.
1023 2813 1112 2852 —_j_(l1)
1127 2812 1208 2852 Addit
1221 2812 1344 2852 dicentes,
1361 2811 1443 2838 etiam
1454 2810 1516 2852 cod.
1538 2809 1616 2852 (lant.
1637 2809 1761 2852 λέγε-πίε.
1774 2824 1808 2829 -

149 2845 402 2889 (είληιθζςοςὶιὶιοζ
424 2852 505 2889 deest
514 2845 612 2885 statim,
640 2852 666 2889 iu
682 2851 743 2889 cod.
765 2851 974 2889 quoque_Cant.
987 2845 1151 2889 -_(d)_'Post
1166 2849 1270 2889 spiritu,
1287 2847 1445 2889 deqstauq,
1455 2846 1588 2889 nctiamin
1603 2845 1757 2889 c_od.'Cant.
1772 2860 1807 2889 Γ

148 2880 184 2925 (ei
199 2880 370 2926 Dost’Delmt,
387 2880 464 2922 deest
477 2880 611 2926 dicentes;
625 2887 708 2916 etiam
736 2887 761 2915 in
774 2880 848 2915 'cod'.
876 2885 956 2915 Cant.
971 2901 1006 2907 -
1026 2880 1108 2921 (σιω
1125 2880 1224 2912 etcod.
1236 2883 1315 2912 Cant.
1331 2882 1391 2912 Lat.
1407 2886 1435 2909 et
1453 2881 1501 2911 Gr.
1529 2882 1657 2914 Ἰάκωϐον.
1673 2896 1707 2903 —
1719 2880 1759 2917 (ο)
1771 2880 1809 2909 lta

149 2931 175 2954 ct
192 2926 253 2955 cod.
273 2925 350 2954 Cant.
380 2925 563 2960 κατακειμένων
577 2925 668 2953 αὐτῶν.
