4054 6198
312 306 418 366 761

718 425 946 484 CODEX
986 423 1521 484 VERCELLENSIS.

1148 519 1311 576 rudes
1341 521 1485 575 enim

1151 593 1378 647 timebat
1403 591 1497 647 Jo-

1151 663 1369 719 ltanuen
1392 706 1405 723 .
1436 664 1542 719 sci-

1151 750 1248 789 ens
1274 776 1289 797 ,
1324 736 1474 789 illum

1152 808 1326 861 virum
1350 806 1471 877 jus-

1153 887 1295 946 tum,
1328 888 1383 932 et
1408 893 1568 933 sanc-

309 531 619 589 operantur

310 595 412 651 15.
454 595 508 648 in
539 609 628 649 eo.
661 590 769 649 Alii
795 605 893 647 au-

309 674 425 722 tem
457 666 710 720 dicebant
735 681 749 718 :

309 736 453 805 Quia
477 736 663 791 Helias

308 820 424 865 est.
458 809 562 862 Alii
591 812 777 862 autem
804 826 818 863 :

306 881 450 950 Quia
480 880 721 950 Pmpbe-

310 960 373 1006 ta
402 962 506 1007 est.

310 1024 406 1079 16.
449 1022 583 1078 Cum
615 1021 860 1079 audisset

309 1105 497 1151 autem
533 1093 699 1147 llero-

309 1167 438 1231 des.
466 1165 639 1220 dixit:
668 1164 842 1233 Quem

310 1252 420 1308 ego
454 1236 695 1293 decolla-

309 1310 390 1375 vi,
421 1308 495 1381 (ὁ)
533 1310 620 1381 hic
645 1318 730 1365 est
754 1308 796 1381 ἰ-
822 1310 839 1340 ¹
868 1308 962 1365 Jo-

310 1380 527 1435 hannes
551 1397 565 1433 :
602 1380 689 1436 hic

309 1466 341 1506 a
376 1453 608 1507 mortuis
638 1466 724 1506 re-

312 1523 407 1577 17.
449 1524 707 1578 surrexit.
736 1522 856 1594 Ipse

309 1596 460 1651 enim
493 1594 667 1649 Hero-

308 1665 443 1732 des,
476 1666 699 1721 mittens
716 1706 732 1732 ,

307 1737 546 1793 detinuit
570 1736 664 1791 Jo-

306 1807 530 1863 banuen
556 1849 570 1874 ,
603 1819 660 1864 et

306 1881 383 1952 (c)
420 1880 665 1951 alligavit
690 1896 814 1936 eum
835 1920 850 1949 ,

304 1961 364 2008 et
393 1952 541 2007 misit
566 1952 620 2006 in

1152 960 1300 1017 tum,
1334 960 1387 1004 et
1414 966 1541 1004 cus-

1151 1021 1394 1075 todiebat
1422 1037 1566 1076 eum.

1149 1092 1248 1160 Et,
1279 1106 1400 1147 cum
1429 1092 1612 1148 audis-

1151 1177 1233 1220 set
1260 1180 1381 1219 eum
1405 1205 1420 1230 ,
1452 1164 1592 1219 mul-

1151 1245 1201 1290 ta
1230 1234 1492 1301 faciebat,
1521 1244 1577 1291 et

1151 1307 1386 1362 libenter
1410 1322 1533 1362 cuin

1150 1378 1425 1435 audiebat.

1149 1449 1239 1504 21.
1284 1452 1358 1521 (g)
1389 1450 1484 1507 Die
1507 1461 1685 1509 autem
1713 1465 1808 1521 op-

1152 1532 1387 1593 portuno
1408 1521 1479 1593 'l‘,

1152 1592 1396 1649 Herodes
1426 1592 1527 1649 na-

1154 1665 1244 1718 tali
1276 1680 1375 1718 suo
1403 1679 1493 1720 ce-

1152 1750 1274 1789 nam
1308 1735 1440 1791 fecit

1152 1806 1436 1878 Magistra-

1155 1877 1295 1933 tihus
1321 1920 1336 1946 ,
1367 1890 1421 1934 et
1448 1879 1567 1934 Tri-

1152 1950 1342 2013 bunis,
1376 1961 1430 2007 et
1456 1950 1574 2006 Pri-

307 2038 592 2094 carcerem
621 2023 663 2094 -ι-
1151 2022 1255 2094 niis
1283 2021 1516 2094 Galilae-

304 2105 535 2165 propter
562 2091 668 2151 He-
1148 2091 1241 2165 22.
1275 2110 1359 2149 ae.
1384 2092 1519 2149 Cum

302 2164 590 2222 rodiadam
1152 2164 1414 2220 intrasset

1148 2242 1328 2290 autem
1361 2236 1467 2292 lilia

1151 2306 1324 2373 ipsius
1353 2308 1520 2363 itero-

1148 2377 1350 2443 diadis,
1384 2390 1437 2434 et
1462 2380 1571 2435 sal-

1151 2458 1350 2516 tasset,
1379 2462 1431 2505 et
1462 2453 1576 2520 pla-

1147 2524 1353 2577 cuisset
1381 2522 1488 2577 lle-

1147 2593 1264 2647 rodi
1292 2636 1307 2658 ,
1340 2604 1392 2649 et
1420 2594 1661 2651 discum-

1147 2664 1398 2720 bentibus
1414 2707 1429 2731 ,

1145 2736 1283 2791 dixit
1317 2737 1425 2793 [lex

1148 2807 1360 2878 puellae
1389 2827 1402 2863 :
1440 2810 1538 2864 Pe—

1148 2888 1200 2934 te
1228 2896 1343 2945 me,
1372 2880 1516 2951 quod

1144 2952 1258 3019 vis;
1292 2963 1339 3005 et
1373 2953 1515 3008 dabo

1140 3022 1232 3080 25.
1268 3023 1372 3095 tibi
1402 3040 1416 3077 :
1452 3035 1506 3079 et
1527 3024 1679 3095 jura-

300 2252 371 2292 nx
381 2252 533 2291 orem
566 2236 693 2292 Phi-

298 2308 441 2379 lippi
464 2308 647 2364 fratris

302 2382 393 2464 sui
414 2421 431 2448 ,
462 2381 606 2464 quod
634 2395 774 2451 nup-

306 2462 478 2507 sisset
504 2466 649 2507 eam.

305 2523 398 2579 18.
446 2523 667 2579 Dicebat
692 2523 836 2580 enim

305 2593 588 2651 Iohannes

304 2665 511 2738 Herodi
546 2682 560 2719 ε
590 2666 669 2738 (ά)
696 2665 832 2736 Quia
859 2667 901 2738 τι

303 2752 417 2792 non
449 2737 577 2793 licet
604 2748 655 2794 te

304 2808 515 2865 habere
544 2824 677 2865 uxo-

303 2896 422 2936 rem
459 2880 641 2935 fratris

306 2951 399 3008 19.
441 2951 539 3038 tui.
563 2953 584 2984 ²
608 2951 849 3038 .llerodi-

303 3038 367 3079 as
394 3034 574 3079 autem
606 3034 687 3080 in-

306 3094 607 3151 sidiabatur
1144 3095 1216 3150 vit
1242 3094 1320 3150 illi
1351 3098 1489 3151 mul-

306 3169 394 3231 ei;
425 3175 481 3221 et
507 3166 804 3237 quaerebat
1142 3177 1255 3221 tum
1288 3183 1300 3218 :
1332 3167 1619 3233 Quoniam,

310 3237 618 3296 interficere
1147 3238 1448 3309 quodcum-

1149 3326 1255 3379 que
1283 3326 1369 3364 me
1402 3311 1577 3381 petie-

306 3323 433 3364 eum
450 3352 466 3376 ,
496 3320 552 3365 et
577 3327 683 3366 non

1153 3382 1259 3449 ris,
1285 3380 1426 3437 dabo
1455 3382 1519 3437 ti-

305 3380 399 3438 20.
443 3390 671 3455 poterat.
705 3381 811 3440 ilc-

1377 309 1828 370 EVANGELIUM
1864 308 2231 369 SECUNDUM
2272 308 2585 367 MARCUM.

3522 309 3630 366 762

2446 423 2681 483 CODEX
2713 425 3169 484 VEBONENSIS.
3614 418 3635 429 ί

2015 537 2103 578 eo.
2854 537 2916 578 re
2932 565 2947 590 ,
2980 533 3034 579 et
3068 520 3201 576 non'

2018 594 2107 648 15.
2147 592 2254 648 Alii
2285 601 2466 649 autem
2854 594 2945 649 20.
2991 601 3220 662 poterat.
3254 592 3360 650 lle-

2015 665 2269 720 dicebant
2300 684 2311 718 :
2856 665 3018 721 rodes
3048 677 3230 721 autem

2014 736 2170 804 Quod
2204 736 2388 791 Helias
2856 737 3087 792 timebat
3124 736 3219 793 Jo-

2016 818 2120 865 est.
2151 809 2255 863 Alii
2857 808 3072 863 haunen
3093 850 3107 871 ,
3141 808 3356 876 sciens,

2017 896 2147 934 vero
2174 898 2186 932 :
2220 879 2295 952 (a)
2327 878 2472 951 quod
2858 879 3010 952 illum
3042 882 3217 935 virum

2017 967 2160 1023 unus
2183 952 2222 1022 1-
2247 967 2315 1007 ex
2851 951 3056 1023 justum
3078 993 3095 1020 ,
3122 962 3176 1023 et
3215 965 3342 1023 san-

2016 1021 2328 1094 Prophetis.
2854 1021 3001 1077 etttm
3021 1064 3036 1088 ,
3061 1034 3115 1078 et
3142 1022 3215 1094 (ε)
3240 1021 3336 1077 ad-

2857 1095 3109 1149 servabat
3135 1096 3177 1166 1-

2856 1182 3002 1220 eutn.
3032 1166 3099 1220 Et
3119 1181 3215 1219 att-

2856 1237 3013 1291 diens
3053 1237 3204 1291 illum
3225 1278 3240 1302 ,

2859 1309 2928 1379 (f)
2962 1308 3085 1377 quia
3114 1310 3282 1364 multa

2859 1380 3121 1447 faciebat,
3149 1388 3204 1435 et

2860 1451 3092 1507 libenter
3119 1466 3242 1507 eum

2860 1522 3133 1578 audiebat.

2861 1594 2951 1650 21.
2999 1595 3076 1667 (9)
3109 1594 3269 1667 Facta
3297 1602 3479 1667 autem

2859 1665 3165 1736 opportuna
3194 1666 3283 1722 die
3310 1665 3374 1737 τ,

2862 1737 3103 1793 Ilerodcs
3144 1754 3243 1792 na-

2858 1810 2950 1864 tali
2981 1826 3081 1863 suo
3104 1824 3193 1866 ce-

2858 1896 2982 1935 nam
3014 1882 3139 1937 fecit

2859 1951 3198 2019 Principibus
3213 1993 3229 2018 ,

2858 2034 2911 2078 et
2938 2023 3193 2079 Tribunis
3217 2065 3231 2088 ,

2857 2104 2912 2149 et
2941 2096 3138 2151 Primis
3164 2093 3273 2151 Ga-

2859 2166 3037 2223 lileae.

2854 2238 2948 2293 22.
2991 2238 3089 2307 Ει,
3123 2252 3249 2293 cum
3287 2237 3366 2291 irt-

2857 2318 3054 2393 trasset
3074 2318 3087 2375 (
3099 2307 3152 2393 Ii)
3187 2309 3292 2363 tilia
3319 2310 3357 2380 -ξ-

2856 2381 3180 2436 Herodiadis
3205 2421 3220 2447 ,

2855 2464 2906 2508 et
2940 2453 3195 2508 saltasset
3216 2493 3232 2519 ,

2854 2535 2908 2577 et
2938 2525 3238 2595 placuisset

2858 2594 3057 2651 Herodi
3076 2639 3091 2664 ,
3121 2604 3176 2651 et
3202 2594 3286 2649 his
3304 2636 3318 2662 ,

2854 2668 2946 2737 qui
2979 2667 3138 2722 simul
3171 2682 3256 2722 rc-

2854 2740 3181 2795 cumbebant
3200 2780 3215 2804 ,

2855 2812 2990 2866 dixit
3022 2811 3137 2865 Rex

2856 2882 3071 2953 puellae
3100 2900 3112 2935 :
3150 2882 3279 2937 Pete

2853 2970 2883 3009 a
2916 2969 3005 3009 me
3026 2996 3040 3018 ,
3072 2953 3215 3023 quod

2853 3026 2973 3093 vis;
3002 3036 3058 3080 et
3085 3026 3224 3080 dabo

2850 3097 2943 3151 23.
2987 3096 3083 3152 tibi
3115 3117 3127 3151 :
3162 3107 3214 3153 et
3241 3096 3391 3167 jura-

2851 3170 2929 3224 vit
2953 3169 3029 3224 illi
3061 3185 3179 3224 ntu-

2849 3240 2969 3295 licri
2996 3257 3009 3293 :
3040 3239 3201 3307 Quia,

2849 3311 3228 3382 quodcumque

2842 3382 3085 3452 petieris,
3130 3382 3271 3438 dabo

2020 1094 2108 1149 16.
2152 1096 2305 1164 Quod
2335 1103 2394 1151 ut

2018 1166 2228 1221 audivit
2267 1167 2373 1223 lle-

2017 1238 2210 1305 rodes,
2248 1240 2322 1293 ait
2348 1258 2360 1292 :

2016 1308 2188 1375 Quem
2216 1325 2319 1379 ego

2017 1380 2280 1436 decollavi
2299 1424 2314 1449 ,

2016 1450 2095 1579 Sb)
2129 1455 2243 1522 ipse
2273 1461 2356 1508 est
2376 1453 2414 1524 1-

2053 1524 2294 1579 ultaunes
2328 1542 2342 1578 :
2378 1526 2406 1577 ll

2053 1524 2294 1580 ultaunes
2328 1542 2342 1578 :
2378 1524 2465 1580 hic

2015 1598 2259 1650 surrexit
2284 1612 2312 1650 a
2347 1611 2452 1651 mor
2469 1597 2592 1651 tuis.

2021 1668 2109 1723 17.
2151 1668 2272 1737 Ipse
2303 1667 2545 1723 llerodes

2022 1739 2168 1793 misit
2191 1782 2203 1800 ,
2240 1747 2294 1792 et
2319 1751 2385 1794 te-

2021 1809 2137 1864 nuit
2162 1810 2365 1865 Johan-

2022 1898 2158 1955 μου.
2191 1895 2243 1936 ει
2273 1881 2342 1955 (ε)
2368 1882 2445 1936 at—

2020 1953 2243 2022 Iigaturu
2279 1953 2339 2007 ilé

2021 2025 2129 2078 lttttt
2164 2025 2311 2080 misit

2019 2097 2072 2150 in
2105 2112 2380 2152 carcerem
2414 2097 2455 2168 -ζο

2017 2181 2241 2238 propter
2265 2168 2436 2223 Hero-

2017 2239 2214 2295 diaden
2245 2256 2468 2294 uxtirent

2018 2311 2201 2365 fratris
2232 2313 2313 2367 sui
2344 2310 2472 2365 Plii-

2017 2382 2149 2452 lippi
2170 2424 2185 2447 ,
2211 2384 2333 2454 quia

2015 2454 2253 2509 dttxerat
2279 2469 2397 2510 eam

2017 2541 2265 2580 UXOI'Cllt.

2016 2599 2106 2650 18.
2154 2597 2377 2652 Dicebat
2401 2596 2545 2652 enim

2014 2669 2292 2724 Jultattttes
2325 2670 2429 2723 lle-

2013 2740 2132 2795 rodi
2157 2758 2170 2795 :
2202 2741 2283 2809 (d)
2308 2741 2443 2810 Quia
2464 2740 2505 2811 ’ί-

2012 2828 2121 2866 non
2150 2812 2278 2867 licet

2013 2884 2111 2939 tibi
2152 2884 2354 2940 habere

2013 2972 2244 3011 uxorem
2285 2955 2396 3012 fra—

2013 3028 2113 3083 tris
2143 3030 2240 3084 tui.

2014 3101 2104 3155 19.
2146 3099 2409 3156 Herodias
2443 3112 2539 3154 au-

2013 3182 2119 3227 tem
2147 3172 2374 3226 insidia-

2008 3244 2166 3297 batur
2195 3243 2246 3298 ei
2262 3260 2277 3309 ;

2006 3323 2061 3367 ct
2084 3314 2380 3384 quaerebat

2004 3400 2129 3440 eum
2161 3386 2373 3442 occide-

1637 3522 1870 3580 CODEX
1902 3523 2293 3582 BRIXIANUS.

312 3664 538 3720 virtutes
570 3664 623 3719 in
656 3663 770 3720 illo.
799 3665 909 3721 Alii
934 3675 1116 3722 autem
1143 3665 1396 3722 dicebant
1421 3665 1555 3734 Quia
1590 3666 1773 3722 llelias
1800 3677 1907 3732 est,

308 3736 423 3809 Alii
446 3751 581 3809 vero
611 3735 883 3809 dicebant.
926 3737 1061 3804 Quia
1111 3737 1377 3808 Propheta
1426 3748 1527 3793 est.
1573 3740 1726 3809 quasi
1772 3754 1910 3793 unus

306 3822 372 3881 ex
404 3806 712 3881 Propltetis.
739 3807 859 3877 Quo
881 3810 1066 3863 audito
1096 3806 1337 3864 llerodes
1361 3806 1605 3864 dicebat.
1627 3812 1797 3877 Quem
1812 3827 1912 3881 ego

308 3878 595 3934 decollavi.
628 3879 932 3935 .lobanuen.
970 3883 1084 3950 ipce
1125 3882 1420 3936 resurrexit
1450 3897 1479 3934 a
1511 3886 1756 3936 mortuis.
1794 3878 1911 3951 Ipse

307 3952 451 4005 enim
487 3951 753 4006 Herodes.
799 3953 945 4026 tttisit
983 3964 1036 4007 et
1079 3954 1248 4007 tenuit
1277 3952 1559 4026 loltrttttten
1602 3962 1657 4026 et
1689 3954 1760 4026 (ι’)
1791 3955 1913 4009 alli-

308 4026 450 4091 gavit
481 4038 627 4077 cum.
661 4032 716 4076 et
742 4023 906 4095 inrisit
936 4024 987 4077 in
1029 4039 1251 4095 carcere
1381 4034 1601 4094 propter
1643 4023 1907 4080 Herodia-

308 4095 454 4148 dent.
482 4109 708 4149 υΧιιΙὋιιΙ
738 4094 994 4163 Philippi.
1027 4094 1209 4149 fratris
1232 4094 1337 4150 sui.
1363 4097 1483 4164 quia
1515 4096 1743 4150 duxerat
1770 4113 1908 4151 eam.

308 4165 533 4219 Dicebat
561 4166 706 4220 enim
732 4165 1010 4222 Joliaunes
1038 4166 1260 4220 Herodi.
1288 4166 1402 4221 Non
1432 4168 1553 4221 licet
1583 4170 1680 4221 tibi
1711 4168 1913 4224 habere

307 4250 532 4291 uxorein
577 4237 765 4292 fratris
822 4240 917 4292 tui.
969 4239 1233 4294 llcrodias
1289 4250 1490 4292 autem.
1554 4239 1913 4293 insidiibatur

305 4307 405 4364 illi.
438 4318 494 4364 et
524 4308 735 4365 volebat
758 4325 882 4366 eum
913 4310 1187 4367 occidere.
1223 4321 1277 4365 et
1319 4324 1425 4365 nOu
1472 4320 1702 4380 poterat.
1737 4310 1909 4366 Hero-

2018 3667 2116 3724 des
2158 3668 2323 3723 euim.
2360 3667 2641 3723 metuabat
2680 3664 3004 3721 Johannem.
3056 3660 3237 3715 sciens
3276 3672 3401 3714 cum
3447 3656 3618 3713 virum

2012 3740 2242 3810 justum.
2277 3749 2332 3795 et
2362 3750 2630 3794 sanctum.
2666 3749 2719 3792 et
2748 3734 3093 3810 custodiebat
3131 3747 3275 3786 curti.
3296 3739 3363 3810 _e_t
3389 3728 3621 3810 audietis

2021 3800 2143 3866 cum
2191 3812 2357 3865 multa
2406 3810 2657 3865 faciebat.
2705 3819 2759 3863 ct
2804 3808 3038 3861 libenter
3087 3820 3210 3861 eum
3260 3800 3496 3856 videbat.
3552 3800 3621 3856 Et

2020 3899 2143 3938 cum
2186 3883 2302 3938 dies
2360 3892 2663 3955 Oportuntts
2707 3879 3029 3955 accidisset.
3084 3872 3622 3955 Herodes-tempore

2023 3956 2218 4009 natalis
2247 3955 2349 4008 sui.
2385 3944 2575 4008 cenant
2618 3952 2742 4007 fecit
2775 3950 3140 4020 Principibus.
3174 3959 3227 4002 et
3259 3944 3535 3999 'l‘riltunis.
3568 3954 3621 3999 et

2022 4027 2221 4081 Promis
2253 4025 2514 4081 Galileae.

2094 4099 2159 4152 Et
2189 4114 2307 4152 cum
2342 4097 2620 4151 introisset
2644 4097 2723 4167 (It)
2758 4095 2866 4148 filia
2898 4088 3312 4167 fllerodiadis.
3343 4096 3398 4143 et
3429 4087 3626 4167 saltas-

2020 4182 2124 4223 sct.
2157 4180 2211 4223 et
2243 4170 2531 4235 placuisset
2565 4158 2783 4221 Herodi.
2806 4176 2869 4240 et
2902 4158 2983 4240 bis
3024 4165 3112 4233 qui
3154 4162 3315 4215 simul
3360 4174 3489 4240 eunt
3526 4158 3620 4211 illo

2022 4232 2431 4296 recumbebat“.
2466 4241 2536 4294 ait
2556 4240 2672 4293 Rex
2694 4239 2923 4311 puellae.
2951 4232 3078 4311 l’et’e
3108 4232 3410 4311 antequod
3446 4232 3623 4311 vis..et

2020 4313 2161 4367 dabo
2194 4315 2312 4369 tibi.
2345 4321 2402 4367 et
2433 4312 2632 4382 iuravit
2662 4311 2758 4364 illi.
2780 4308 2913 4376 Quia
2935 4306 3236 4377 quidqttida
3258 4319 3343 4357 nte
3368 4306 3609 4371 petieris.

1593 4451 1828 4507 CODEX
1866 4451 2339 4510 CORBEIENSIS.

381 4566 468 4624 l5.
506 4565 611 4621 Alii
640 4573 820 4622 autem
850 4564 1141 4621 dicebant:
1175 4564 1331 4633 Quod
1375 4564 1560 4622 Helias
1594 4567 1765 4622 venit.
1800 4566 1907 4623 Alii

307 4652 479 4695 vero:
513 4637 667 4707 Quod
700 4653 838 4695 unus
867 4639 936 4695 de
965 4636 1275 4708 Prophetis.

2084 4569 2177 4622 25.
2216 4576 2270 4623 et
2304 4566 2515 4638 juravit
2555 4565 2574 4597 ⁸
2612 4564 2689 4620 illi
2730 4563 2896 4619 multa
2945 4578 2957 4615 :
3004 4560 3137 4630 Quia
3168 4559 3209 4631 ’ζ’
3239 4556 3619 4629 quodcumque

2012 4640 2238 4710 petieris
2265 4680 2279 4704 ,
2321 4647 2428 4693 etc.

1515 4776 1912 4834 VARIANTES
1949 4775 2354 4835 LECTIONES.

372 4894 978 4971 {afutulohanneszbim
1017 4894 1457 4971 Yalgtloa‘nnem,‘
1475 4895 1613 4971 hic."
1668 4970 1671 4971 ν
1726 4957 1752 4971 ν

372 4960 391 4991 ’
428 4958 536 5010 Gal.
559 4958 803 5010 Herodias
830 4966 994 5011 autem
1033 4957 1373 5012 insidiabatur.
1406 4961 1527 5009 Mm.
1568 4957 1783 5008 Herodis
1816 4970 1904 5007 au-

2013 4903 2130 4960 tem.
2168 4894 2315 4960 Vulg.
2343 4895 2587 4948 Herodias
2606 4903 2769 4947 autem
2792 4894 3130 4947 insidiabatur.

2076 4958 2097 4991 ³
2131 4961 2190 5010 El
2213 4958 2285 5010 itii
2304 4960 2411 5011 Gut.

997 5107 1287 5149 LECTIONES
1310 5106 1517 5150 CODICIS
1548 5106 1957 5148 VINDEBOXENSIS
1987 5109 2259 5148 ABEUNTES
2287 5109 2352 5148 AB
2375 5108 2621 5147 EDITIONB
2650 5107 2915 5147 \‘ULGA'I'A.

308 5210 383 5266 15.
423 5211 563 5272 Quod
601 5209 774 5260 llclias
806 5220 901 5261 est.
940 5210 1037 5259 Alii
1073 5218 1241 5260 autem
1275 5210 1506 5260 dicebant
1546 5224 1558 5259 :
1605 5208 1751 5269 Quasi
1782 5223 1908 5260 unus

306 5291 370 5326 ex
400 5274 680 5337 Prophetis.
750 5273 826 5323 16.
871 5274 1028 5333 Quem
1077 5285 1173 5333 ego
1218 5272 1455 5337 decollari
1500 5273 1586 5337 hic,
1645 5281 1722 5322 est
1756 5273 1905 5321 Joan-

306 5335 531 5388 nes;hic
563 5351 590 5386 a
632 5338 855 5385 mortuis.
924 5336 1000 5384 17.
1032 5336 1260 5397 μνεία...
1310 5343 1362 5385 ct
1395 5335 1614 5397 alligavit
1660 5349 1802 5394 eum,
1856 5342 1909 5385 et

305 5401 436 5452 misit
482 5401 530 5450 in
584 5411 857 5450 carcerem.
923 5396 1059 5448 Ibid.
1121 5397 1285 5462 deest,
1346 5396 1734 5460 quia’duxerat
1779 5411 1906 5457 eam,

2016 5210 2092 5261 19.
2121 5216 2174 5260 et
2196 5210 2471 5259 quaerebat
2496 5209 2725 5257 occidere
2750 5220 2881 5255 eum.
2947 5206 3028 5256 20.
3058 5206 3241 5268 justum
3268 5219 3400 5266 esse,
3430 5214 3481 5255 et
3507 5218 3621 5255 san-

2013 5281 2207 5322 etum...
2226 5273 2283 5322 Et
2303 5273 2510 5320 audiens
2528 5285 2661 5319 eum.
2728 5269 2806 5317 21.
2836 5270 3010 5319 natalis
3030 5269 3258 5330 Herodis,
3282 5269 3397 5319 fet-it
3416 5281 3619 5317 coenant

2014 5335 2324 5396 Principibus
2346 5335 2468 5389 suis,
2519 5341 2587 5381 et.
2654 5332 2732 5396 22.
2780 5332 3218 5396 recunitu-ntibns,
3253 5334 3374 5381 dixit
3403 5330 3618 5396 puellae.

2014 5397 2094 5447 23.
2123 5394 2374 5459 ρι]υτειγίι
2394 5396 2466 5446 illi
2488 5400 2635 5445 multa
2665 5408 2675 5444 :
2705 5394 2843 5455 Quod
2879 5394 3115 5459 quidquid
3149 5408 3229 5444 me
3252 5394 3473 5458 petieris.

1635 5503 2002 5561 BLANClllNl
2040 5503 2272 5560 NOTAE}.

382 5628 461 5699 (a)
494 5629 636 5685 Ante
666 5628 804 5699 quod
833 5645 989 5693 unus,
1014 5628 1163 5685 deest
1191 5625 1454 5699 Propheta
1482 5635 1583 5691 est,
1614 5627 1774 5699 etiam
1819 5626 1871 5680 in
1902 5624 2023 5699 rod.
2050 5623 2365 5699 Cauta—(lt)
2398 5623 2600 5699 vernn.
2634 5624 2826 5699 “addit,
2856 5624 2976 5699 ipse
2996 5631 3068 5675 es!
3093 5638 3110 5699 ς
3156 5620 3499 5699 Vercell._/tic
3523 5632 3617 5699 est.

310 5692 469 5771 Ειῖιὲι
501 5712 610 5756 lex.
634 5692 902 5771 (Merito;
928 5704 1087 5771 Eqrtv.
1116 5716 1178 5771 ex
1206 5692 1632 5771 Matllt‘teof—(c)
1652 5698 1721 5751 lla
1743 5711 1790 5750 et
1819 5696 1939 5750 cod.
1962 5696 2118 5771 Cant.
2147 5692 2495 5771 {Sacruficov
2517 5702 2603 5751 mi.
2622 5695 2802 5771 5’6an
2822 5698 2893 5758 εἰς
2915 5700 3004 5771 τῂν
3030 5692 3428 5771 eiulatum-fw)
3459 5694 3621 5771 Addit

327 5763 451 5843 inin,
477 5773 638 5843 etiam
666 5762 775 5827 tea.
803 5773 898 5827 Gr.
923 5762 1171 5840 ast—(a)
1188 5773 1317 5825 'l‘ex.
1349 5767 1443 5825 Gr.
1474 5762 1654 5843 baltei,
1684 5767 2126 5843 auvs‘rri‘ost.—:([)
2155 5768 2406 5843 abundat
2434 5766 2743 5843 quiq—((1)!
2760 5766 2893 5822 Tex.
2925 5766 3018 5843 Gr.
3036 5762 3333 5843 illillltl‘gtai.
3356 5762 3622 5839 pellaei-mc

349 5789 451 5837 tua,
477 5789 638 5829 etlam
666 5789 775 5827 tex.
803 5789 898 5827 ur.
923 5789 1171 5840 Ofb—(ﬂ
1202 5789 1317 5825 rex.
1349 5789 1443 5825 ιη’.
1475 5789 1654 5831 llllllel,
1684 5789 2126 5843 συνετηρει.--υ)
2158 5789 2406 5822 Attunuut
2434 5789 2743 5851 (μεως-ψ),
2768 5789 2893 5822 lex.
2925 5789 3018 5821 ur.
3052 5789 3177 5833 Itum
3195 5789 3230 5821 t.
3249 5789 3363 5835 καςε

310 5789 460 5912 (cod.
485 5842 641 5901 Catil.
671 5856 772 5915 pro
796 5846 994 5915 καῌηυ
1025 5847 1175 5915 ponit
1199 5843 1284 5914 δέ)
1314 5844 1507 5918 ἡμέρας
1537 5838 1970 5913 adﬂigam—th)
2002 5839 2129 5895 Post
2155 5836 2298 5906 'ﬁliu,
2354 5839 2506 5895 ilees’t
2557 5841 2749 5905 maius,
2781 5843 2943 5896 etiam
2973 5839 3024 5895 itt
3052 5836 3175 5896 (ἰθύ.
3206 5838 3363 5897 Cant.
