4010 6194
387 156 486 217 ’171
919 160 1192 222 EUSEBll
1230 147 1574 220 vsaeaLL.
1617 143 2069 221 EVANGELIUM
2109 157 2253 219 cum
2291 143 2522 217 vanus
2557 145 2714 217 cup.
2755 153 3156 217 comarum.

2527 273 2755 335 CODEX
2783 273 3242 334 VERONENSIS.

791 279 1026 340 CODEX
1066 279 1628 340 VERCELLENSIS.

1234 385 1344 431 tem
1375 376 1591 430 illorum

1235 449 1395 517 longe
1423 457 1506 502 est
1529 462 1558 500 a

1235 521 1288 572 7.
1333 534 1438 572 me.
1476 519 1622 573 Vane
1647 532 1744 572 au-

1235 601 1340 645 tem
1375 590 1565 644 colunt

1234 677 1319 716 me
1347 703 1361 725 ,
1394 661 1597 717 docen-

1237 742 1318 787 tes
1349 734 1558 787 doctri-

1232 819 1331 859 nas
1353 848 1363 864 ,
1388 814 1442 858 Ct
1466 820 1621 860 man-

1231 876 1357 930 data
1386 875 1564 930 homi-

1233 963 1360 1000 num
1383 963 1415 1012 ;-

1232 1019 1287 1074 8.
1333 1018 1673 1085 baptizantes

1231 1103 1424 1143 urceus
1448 1129 1462 1152 ,
1488 1099 1540 1142 et
1572 1101 1664 1143 ca-

1229 1161 1360 1215 lices
1383 1201 1395 1217 .
1432 1167 1490 1214 et
1517 1159 1623 1212 alia

1226 1231 1395 1302 multa
1425 1230 1506 1302 (It)
1531 1231 1614 1285 his
1644 1231 1721 1285 si-

1229 1301 1379 1357 milia
1405 1344 1419 1368 ,
1448 1317 1588 1371 quae

1230 1375 1407 1429 tacitis
1426 1415 1438 1437 ,
1471 1372 1633 1428 dere-

1231 1445 1361 1500 licto
1384 1444 1609 1499 manda-

1233 1527 1286 1570 to
1320 1517 1447 1581 Dei,
1483 1528 1676 1571 tenen-

1229 1596 1311 1643 tes
1335 1589 1580 1642 traditio-

1229 1675 1350 1714 nem
1386 1658 1667 1714 hominum
1699 1657 1761 1728 δι’.

1226 1730 1279 1784 9.
1327 1730 1392 1783 Et
1420 1730 1557 1783 dixit
1581 1729 1688 1783 illis
1716 1747 1730 1782 ι
1764 1729 1863 1784 Be-

1229 1817 1296 1856 ne
1319 1802 1540 1854 inritum

1230 1871 1405 1927 facitis
1439 1886 1593 1940 prae-

399 378 745 433 traditionem

396 451 672 504 seuiorum
701 467 714 504 :

392 523 446 576 4.
489 531 544 575 et
560 562 577 594 ,ί
615 537 646 576 a
678 523 793 594 {oro
823 519 903 594 (a)
925 535 1050 577 cum

394 593 736 663 venerint-1‘,

395 665 496 718 nisi
533 665 775 732 baptiza-

396 734 437 788 ti
464 734 691 804 l'uerint,
729 752 833 792 non

396 806 607 862 edunt:

396 887 452 933 et
490 879 595 932 alia
629 879 797 934 multa

395 957 520 1004 sunt
545 951 681 1013 illis,
715 964 854 1020 quae

395 1031 726 1090 acceperunt

395 1093 590 1146 tradita
615 1134 628 1160 ,
665 1093 793 1163 bap-

397 1165 587 1218 tismos
609 1164 740 1217 cali-

396 1247 517 1289 cmn
537 1276 550 1298 ,
581 1245 633 1288 et
665 1250 757 1289 ur-

397 1319 644 1368 ceorum;
669 1315 726 1360 et

396 1376 750 1431 eaceaborum
769 1420 785 1443 ,

397 1458 448 1500 et
475 1448 758 1502 lectorum.

397 1519 452 1572 5.
498 1518 564 1573 Et
593 1521 828 1574 interro-

396 1604 756 1658 ga....nt

398 1677 520 1715 eum
554 1662 744 1716 Phari-

396 1735 507 1787 saei
527 1775 540 1796 ,
571 1744 625 1787 et
646 1732 796 1789 Scri—

394 1801 520 1868 bae,
542 1804 727 1860 dicen-

398 1883 480 1928 tes
510 1893 521 1928 :
547 1875 726 1941 Quare

395 1945 653 2015 discipuli
1229 1952 1449 2015 ceptum
1481 1943 1576 2015 Dei
1606 1985 1620 2009 ,

399 2019 476 2072 tui
505 2013 610 2073 nun
641 2033 730 2074 se-
1231 2023 1290 2070 ut
1314 2013 1563 2070 traditio-

395 2100 644 2158 quuntur
670 2105 755 2145 se-
1231 2091 1624 2158 nemvestram

393 2156 632 2216 eundum
1231 2161 1319 2213 10.
1362 2156 1424 2228 (ἱ)
1457 2157 1706 2229 statuatis
1721 2156 1784 2227 1-.
1812 2157 1958 2229 Moy-

394 2232 744 2288 traditioncm
1228 2245 1318 2285 ses
1340 2227 1486 2283 enim
1510 2227 1598 2282 di-

1228 2302 1306 2355 xit
1337 2317 1349 2353 :
1387 2299 1616 2355 Honori-

1231 2372 1329 2428 [ica
1361 2383 1570 2442 patrem

1234 2453 1382 2498 tuum
1412 2485 1426 2508 ,
1452 2453 1506 2498 et
1539 2458 1652 2498 ma-

399 2306 702 2368 seniorum,

396 2377 492 2430 sed
516 2375 746 2430 immun-

397 2446 484 2502 dis
507 2447 757 2502 manibus

398 2519 566 2572 edunt
597 2534 787 2586 panem
817 2519 838 2572 ?
1233 2525 1371 2570 trem
1406 2527 1576 2570 tuam.

396 2589 450 2644 6.
494 2591 574 2644 Ad
605 2591 698 2645 illc
722 2604 944 2660 respon-
1232 2588 1300 2660 Et
1331 2605 1342 2639 :
1375 2586 1477 2660 Qui
1503 2587 1668 2660 male-

397 2660 532 2715 dens
555 2703 568 2727 ,
601 2662 739 2716 dixit
766 2680 780 2716 :
815 2656 828 2660 ⁷
1230 2658 1429 2714 dixerit
1459 2656 1528 2730 (j)
1555 2665 1762 2727 patrem
1794 2657 1856 2729 κιο,

397 2731 547 2811 Bene
565 2733 800 2811 prophe-
1230 2738 1323 2784 aut
1347 2739 1574 2811 matrem
1601 2770 1615 2795 ,

1233 2803 1397 2855 morti
1427 2803 1596 2855 morio

1233 2884 1380 2925 atur.

1229 2944 1318 2998 11.
1365 2941 1471 2995 Vos
1503 2950 1686 2996 autem
1713 2941 1795 2996 di-

1227 3014 1349 3068 citis
1385 3032 1395 3066 :
1427 3012 1522 3068 Si'
1557 3012 1710 3068 dixe-

1229 3085 1298 3139 rit
1325 3085 1487 3138 homo
1513 3099 1611 3154 pa-

1232 3157 1302 3210 tri
1328 3171 1451 3220 suo,
1479 3163 1572 3209 aut
1596 3170 1712 3210 ma-

1231 3227 1298 3282 tri
1335 3245 1348 3282 :
1379 3227 1591 3282 Donum
1619 3268 1632 3292 ,

403 2803 535 2857 tavit
564 2803 753 2858 Eseias

398 2874 468 2928 de
491 2875 644 2928 vobis
671 2872 747 2929 si—

401 2946 690 2999 mulatori-

403 3017 533 3089 bus,
560 3014 632 3089 (e)
661 3016 750 3085 qui
767 3015 852 3089 di-

398 3093 476 3141 xit
497 3087 538 3158 -ι-
569 3087 581 3141 ὲ
611 3087 846 3157 Populus

398 3159 670 3232 labiisme
700 3159 766 3232 (Ι)
794 3158 874 3212 di-

399 3230 517 3302 ligit
545 3229 609 3302 1-,
642 3229 738 3285 cor
770 3244 866 3284 au-

2099 373 2448 428 traditionem

2098 449 2375 499 seniorum
2413 463 2425 498 :

2097 516 2153 570 4.
2197 525 2281 581 et,
2313 532 2342 570 a
2373 518 2490 570 foro

2097 586 2174 658 (a)
2200 603 2319 641 cum
2351 603 2443 643 ve-

2098 659 2281 712 nerint
2311 658 2375 728 1‘,

2097 729 2203 783 nisi
2233 730 2407 796 bapti-

2098 811 2311 866 zcutur,
2339 801 2516 855 cibum

2098 888 2206 926 non
2239 873 2498 940 capiunt:

2098 952 2153 997 et
2183 945 2286 997 alia
2320 945 2488 998 multa

2097 1023 2255 1080 sunt,
2293 1014 2367 1087 (ὑ)
2401 1030 2541 1086 qUae

2097 1093 2430 1154 acceperunt

2099 1167 2286 1212 tenere
2308 1158 2365 1225 -ίκ

2098 1237 2157 1282 ut
2185 1229 2463 1297 baptizent

2096 1299 2328 1364 calices,
2356 1310 2412 1354 et

2097 1381 2316 1438 urceus,
2355 1380 2410 1424 et

2098 1452 2413 1497 aerameuta
2435 1485 2447 1508 ,

2099 1524 2152 1566 et
2182 1515 2372 1568 lectos.

2097 1585 2151 1639 5.
2198 1585 2263 1638 Et
2291 1584 2699 1654 interrogabant

2098 1671 2220 1710 euut
2257 1656 2532 1711 Pharisaei
2560 1697 2575 1722 ,

2097 1737 2154 1781 et
2187 1727 2412 1783 Scribae
2439 1747 2452 1779 :

2097 1797 2275 1864 Quare
2298 1799 2410 1854 dis-

2102 1869 2213 1939 pnli
2241 1870 2315 1923 tui

2101 1955 2209 1995 non
2242 1941 2433 1994 ambu-

2102 2011 2218 2066 lant
2249 2012 2552 2068 secundum

2099 2084 2450 2138 traditionem

2101 2155 2403 2221 seniorum,

2099 2227 2195 2281 sed
2221 2227 2292 2296 (ε)
2320 2228 2371 2280 in
2389 2257 2405 2267 ρ

2098 2297 2224 2354 lotis
2256 2297 2290 2368 ᾖ·
2320 2299 2493 2354 mani-

2100 2370 2202 2425 bus
2227 2371 2398 2426 edunt

2099 2455 2295 2510 panem
2327 2442 2350 2495 ?

2098 2512 2154 2566 6.
2198 2511 2282 2568 Ad
2311 2514 2402 2569 ille
2425 2523 2510 2568 re-

2099 2586 2423 2654 spondens,

2097 2655 2235 2710 dixit
2259 2674 2272 2712 :
2298 2655 2378 2728 (ά)
2401 2655 2546 2722 Quo-

2100 2729 2247 2782 niam
2279 2729 2321 2799 ’ξ-
2350 2728 2490 2783 bene

2099 2800 2453 2867 prophetavit

2100 2870 2288 2927 Eseias
2311 2870 2380 2925 de

2099 2942 2254 2996 vobis
2287 2942 2463 3010 hypo-

2099 2959 2254 2996 VODIS
2287 2959 2319 2996 n
2366 2959 2463 3010 po-

2099 3015 2252 3086 ςτίιίε
2277 3055 2290 3086 ,
2327 2959 2408 3086 {ei
2433 3012 2524 3086 ςμεί

2099 3084 2240 3138 dixit
2264 3084 2304 3155 τ
2337 3083 2352 3138 ξ
2385 3083 2553 3138 Plebs

2102 3155 2242 3210 haec
2273 3155 2432 3209 labiis

2100 3242 2189 3281 me
2219 3226 2298 3297 (Ῑ)
2325 3227 2448 3280 dili-

1728 3317 1960 3375 CODEX
1999 3319 2280 3378 BRIXIAN
2290 3319 2395 3376 US.

2932 371 3010 440 git
3032 370 3095 441 -l-,
3128 386 3225 424 cor
3252 385 3347 424 au-

2934 451 3043 497 tem
3077 457 3266 496 eorum

2936 513 3098 584 longe
3124 523 3208 567 est

2936 586 2988 638 7.
3009 583 3050 639 a7
3069 600 3174 639 me.
3202 583 3336 640 Siue

2933 671 3098 711 causa
3122 666 3300 711 autem

2935 743 3021 783 me
3048 728 3268 791 colunt,

2931 799 3193 854 docentes
3224 799 3324 854 do-

2930 873 3137 942 ctrinas
3158 911 3172 934 ,
3205 869 3283 942 (g)
3319 869 3476 940 prae-

2929 951 3084 1012 cepta
3110 941 3152 1012 1'
3185 941 3361 996 humi-

2931 1014 2985 1068 8.
3029 1029 3176 1068 num.
3213 1013 3428 1084 Baptis-

2932 1087 3080 1151 mOs,
3107 1087 3374 1150 catinum,

2931 1165 2985 1210 et
3011 1157 3274 1211 orciolum
3297 1198 3312 1219 ,

2931 1235 2986 1281 et
3017 1228 3120 1282 alia
3142 1226 3340 1283 similia

2933 1299 3101 1370 multa
3133 1300 3214 1370 (h)
3243 1299 3341 1352 hu-

2926 1369 3165 1438 jusmod’i
3193 1371 3320 1425 faci-

2936 1443 3026 1506 tis,
3064 1443 3260 1497 relicto

2934 1517 3229 1583 praecepto
3255 1511 3346 1567 Dei
3371 1554 3386 1578 ,

2935 1591 3190 1640 tenentes
3223 1584 3390 1639 tradi-

2937 1656 3115 1710 tiones
3144 1656 3321 1710 homi-

2933 1726 2987 1800 9.
3033 1743 3159 1800 Itum
3289 1723 3354 1782 Et

2935 1797 3154 1853 dicebat
3185 1797 3294 1855 illis
3322 1816 3334 1853 :

2935 1868 3084 1924 Bene
3115 1871 3326 1926 irritum

2938 1941 3117 1996 facitis
3144 1958 3300 1997 man-

2938 2011 3123 2067 datum
3157 2014 3288 2082 Dei,

2937 2092 2997 2138 ut
3024 2085 3374 2141 traditionem

2937 2165 3174 2231 vestram
3207 2159 3274 2231 (ἰ)
3299 2165 3413 2212 sta-

2939 2227 3187 2300 tuatis-la
3218 2227 3225 2231 ⁷
3255 2227 3259 2228 “
3455 2295 3476 2300 Α

2938 2299 3029 2372 to.
3072 2298 3286 2372 Meyses
3311 2298 3490 2356 autem

2938 2369 3118 2425 dixit:

2941 2441 3162 2497 Honora
3192 2452 3403 2513 patrem

2943 2522 3118 2579 tuum,
3149 2525 3206 2570 et
3233 2529 3345 2569 ma-

2945 2594 3082 2640 trem
3102 2594 3275 2641 tuam.

2949 2657 3010 2710 Et
3044 2673 3057 2711 :
3087 2657 3189 2726 Qui
3217 2672 3329 2710 ma-

2941 2726 3198 2802 ledixerit
3221 2729 3298 2802 (j)
3321 2731 3416 2800 pa-

2941 2808 3082 2854 trem
3115 2801 3178 2871 f,
3210 2801 3307 2855 aut

2939 2881 3195 2938 matrem,
3229 2871 3394 2929 morti

2941 2942 3230 3001 moriatur.

3593 141 3716 209 ’7³12

2944 3014 3031 3068 11.
3072 3013 3184 3069 Vos
3213 3021 3393 3071 autem
3413 3012 3603 3072 dicitis
3634 3033 3648 3069 :

2942 3086 2999 3141 Si
3036 3085 3244 3142 dixerit

2943 3158 3108 3212 homo
3150 3158 3291 3227 patri
3321 3200 3336 3225 ,

2941 3235 3037 3284 aut
3059 3230 3217 3284 matri
3247 3248 3261 3284 :

393 3414 745 3476 traditionem
774 3413 1074 3468 seniorum.
1099 3411 1464 3468 etredeuntes
1486 3427 1516 3467 a
1545 3412 1663 3468 foro
1694 3414 1794 3466 nisi
1822 3415 1999 3484 liaptio

399 3494 614 3542 zentur.
637 3493 746 3540 non
765 3485 1078 3541 comedunt.
1097 3496 1150 3539 et
1175 3485 1280 3539 alia
1302 3485 1470 3538 multa
1499 3495 1784 3556 suntquae
1807 3487 2000 3541 tradita

398 3569 524 3613 sunt
562 3559 672 3612 illis
704 3573 944 3612 servare.
974 3557 1297 3626 baptismate
1325 3557 1577 3610 calicum.
1608 3567 1658 3611 et
1689 3572 2000 3612 urceorum.

396 3643 450 3685 et
473 3632 903 3685 erameuinrum.
923 3639 976 3682 et
998 3628 1281 3683 lectorum.
1300 3627 1506 3682 Deinde
1531 3629 2006 3694 interrogaverunt

400 3718 524 3756 eum
550 3702 848 3755 Pharisaei.
867 3697 1180 3756 etSci-ihae.
1200 3699 1380 3765 Quare
1403 3699 1660 3769 discipuli
1690 3700 1763 3754 tui
1785 3718 1890 3754 non
1917 3717 2000 3755 sc-

397 3783 636 3843 quuntur
665 3773 1012 3826 traditionem
1067 3773 1367 3826 seniorum.
1393 3771 1510 3843 sed
1546 3773 1614 3840 (ε)
1666 3789 1769 3824 non
1809 3775 1930 3826 lotis
1959 3772 1998 3843 -ξ-

400 3842 650 3899 manibus
707 3843 1034 3897 manducauit
1108 3857 1326 3912 panem.
1376 3842 1446 3895 At
1505 3844 1595 3896 ille
1638 3842 1993 3910 respondens.

399 3915 536 3970 dixit
563 3917 665 3969 eis.
694 3916 838 3969 Bene
894 3913 1469 3986 prOphetavitiEsaias
1499 3913 1582 3986 de
1615 3917 1784 3986 vobis.
1833 3916 2001 3986 hypo-

2113 3424 2486 3490 causaautem
2516 3430 2602 3471 me
2648 3415 2853 3472 colunt.
2887 3415 3148 3475 docentes
3170 3419 3449 3476 doctrinas
3475 3425 3532 3477 et
3561 3434 3726 3490 prae-

2106 3498 2264 3556 cepta
2291 3487 2592 3542 hominum.

2181 3560 2568 3630 ltelinquentes
2617 3560 2760 3614 enim
2808 3561 3120 3617 mandatum
3169 3562 3265 3616 Dei
3310 3563 3622 3618 eliservatis
3655 3578 3720 3617 ea

2106 3646 2245 3699 quae
2268 3632 2337 3685 ab
2384 3633 2692 3688 hominibus
2727 3645 2850 3686 sunt
2882 3634 3097 3688 tradita.
3149 3634 3471 3702 baptismate
3523 3651 3722 3688 urceo—

2104 3717 2246 3756 rum.
2275 3713 2328 3756 et
2349 3705 2598 3757 calicum.
2629 3715 2684 3758 et
2707 3706 2807 3758 alia
2859 3705 2940 3758 his
2967 3705 3169 3760 similia
3222 3707 3387 3760 multa
3424 3708 3620 3760 lac-itis.
3657 3709 3718 3759 Et

2107 3773 2322 3828 tiiCehat
2351 3774 2478 3830 illis.
2509 3776 2655 3830 Bene
2699 3776 2916 3830 inritum
2963 3776 3139 3830 facitis
3169 3778 3477 3831 mandalutlt
3511 3778 3608 3831 Dei
3662 3787 3722 3832 ut

2111 3845 2453 3920 trzulitionem
2486 3856 2720 3900 vestram
2777 3845 2843 3917 (ἱ)
2889 3849 3138 3902 statuatis
3305 3850 3518 3920 Moyses
3568 3852 3718 3902 enim

2108 3917 2512 3989 dixit.llonora
2548 3928 2754 3986 patrem
2788 3928 2961 3974 tuum.
2992 3931 3046 3973 et
3069 3917 3297 3974 matrem
3322 3917 3490 3974 tuam.
3529 3921 3595 3974 Et
3621 3920 3716 3989 qui

398 3988 566 4041 eritis.
597 3989 735 4041 sicut
787 3983 1045 4041 scrilitum
1099 3996 1200 4040 est.
1245 3985 1482 4052 Populus
1534 3983 1639 4038 hic.
1703 3983 1884 4039 labiis'
1917 4004 2002 4040 me
2109 3983 2633 4052 maledixeritpairi.
2666 3992 3160 4046 autmatri.morte
3189 3992 3595 4046 moriatur.Vus
3617 3983 3720 4046 au-

401 4058 652 4114 honorat.
689 4073 783 4113 cor
813 4064 990 4110 autem
1023 4070 1232 4110 eorum.
1289 4056 1446 4125 longe
1495 4065 1578 4108 est
1624 4071 1653 4108 a
1708 4071 1814 4110 me.
1872 4057 2002 4112 Siue
2114 4069 2220 4111 tem
2251 4060 2450 4113 dicitis.
2473 4059 2529 4114 Si
2551 4061 2746 4116 dixerit
2779 4063 3119 4133 homo.patri
3151 4074 3244 4117 aut
3265 4063 3713 4118 matri.Corban.

1693 4145 1926 4200 CODEX
1965 4146 2446 4205 CORBEIENSIS.

468 4241 522 4296 4.
558 4250 632 4308 et,
666 4257 693 4294 a
713 4240 832 4296 foro
861 4255 983 4295 eum
1008 4238 1275 4300 venerint,
1303 4236 1408 4292 nisi
1429 4236 1794 4306 haptizentur,
1822 4237 2002 4294 cibum

404 4330 511 4370 non
543 4314 833 4380 accipiunt.

556 4386 732 4452 Quare
759 4381 1006 4451 discipuli
1037 4381 1111 4436 tui
1149 4397 1256 4435 non
1307 4386 1608 4450 sequuntur
1654 4381 2000 4436 traditionem

403 4451 700 4519 seniorum,
732 4457 826 4510 sed
859 4469 966 4508 non
991 4454 1115 4508 lotis
1151 4452 1399 4507 manibus
1423 4451 1750 4506 rnanduca‘nt
1771 4455 2001 4523 panem?

476 4530 529 4583 6.
562 4528 628 4582 de
673 4527 823 4582 vobis
872 4525 1202 4594 hypocritis,
1249 4523 1476 4579 dicens:
1530 4523 1766 4593 Populus
1819 4526 2000 4578 autem

405 4599 633 4657 labiis...
669 4613 762 4653 cor
788 4605 968 4652 autem
993 4605 1184 4651 eorum
1212 4594 1370 4667 longe
1395 4595 1553 4651 abest
1579 4607 1607 4650 α
1635 4599 1741 4651 me.

467 4795 484 4826 ί
522 4791 628 4842 Gal.
654 4788 874 4853 proderit
900 4783 1049 4850 Vulg.
1076 4782 1326 4848 profuerit.

2181 4241 2230 4294 7.
2269 4240 2626 4317 Vaneautem
2655 4244 2839 4317 colunt
2891 4259 2976 4300 me
3002 4289 3015 4311 ,
3075 4245 3334 4303 docentes
3384 4247 3670 4304 doctrinas
3697 4293 3714 4317 ,

2105 4323 2397 4386 praecepta
2429 4314 2708 4370 hominum
2742 4359 2755 4380 ,
2793 4316 3126 4386 baptizautes
3157 4333 3368 4382 urceus,
3403 4330 3458 4375 et
3489 4314 3711 4375 calices;

2177 4385 2230 4439 8.
2257 4394 2311 4438 et
2336 4385 2439 4440 alia
2470 4387 2689 4462 similia,
2719 4385 3046 4462 quaemulta
3082 4391 3254 4444 facitis
3279 4434 3293 4458 ,
3326 4391 3715 4462 derelinquen—

2108 4461 2188 4508 tes
2235 4467 2582 4527 praeceptum
2636 4461 2846 4513 Domini
2881 4502 2895 4524 ,
2931 4469 3178 4518 tenentes
3206 4461 3573 4520 traditionem
3612 4465 3712 4518 ho-

2105 4527 2332 4580 minum.

1625 4599 1741 4682 ‘me.
2175 4598 2228 4652 9.
2262 4606 2319 4652 ut
2338 4599 2685 4657 traditionem
2713 4611 2949 4659 vestram
2978 4605 3251 4664 statuatis.

1625 4688 2022 4748 VARIANTES
2060 4689 2469 4751 LECTIONES.

1115 4879 1410 4922 LECTIOHES
1435 4880 1638 4922 CODICIS
1668 4869 2082 4922 VINDEBONENSIS
2102 4878 2373 4921 ABEUNTES
2402 4878 2468 4919 AB
2490 4876 2745 4919 EDITIONE
2765 4880 3038 4922 VULG‘ATA.

2108 4960 2305 5027 calices,
2333 4967 2384 5009 et
2399 4958 2685 5027 aliasimilia
2700 4999 2712 5020 ,
2746 4973 2875 5024 quae
2895 4959 3051 5027 facitis
3072 4943 3346 5027 compit't'ia,
3367 4962 3714 5027 relinquentes

2107 5024 2385 5073 mandatum
2420 5023 2534 5080 Dei,
2562 5023 2794 5072 tenentes
2826 5024 3119 5074 traditiones
3153 5023 3418 5074 lioininum.
3483 5023 3535 5076 9'.
3572 5027 3712 5078 Bene

400 4967 714 5018 traditionem
737 4965 1053 5016 Judaeorum.
1120 4960 1168 5008 »1.
1198 4967 1268 5022 et,
1304 4973 1331 5008 a
1364 4957 1468 5008 foro
1495 4973 1603 5009 cum
1625 4961 1884 5016 venerint,
1911 4961 2003 5009 nisi

403 5033 728 5093 baptiZentur,
742 5031 903 5078 cibum
923 5040 1018 5093 non
1038 5021 1289 5093 capiunt...
1313 5023 1575 5093 baptismos
1592 5021 1816 5093 calicum.
1851 5091 1856 5093 _
1881 5022 2005 5093 5._et

401 5084 625 5155 Sci‘ibae,
652 5084 913 5155 dicentes;
944 5084 1109 5149 Quare
1133 5085 1353 5155 discipuli
1376 5084 1447 5155 tui
1474 5097 1568 5155 non
1592 5089 1825 5155 secuntur
1849 5084 2002 5155 tradi-

403 5144 624 5206 tionem:
673 5153 722 5202 6.
750 5154 822 5201 Ad
849 5147 932 5200 ille
957 5144 1286 5213 Fes‘pondens',
1307 5148 1515 5213 dixit...
1532 5145 1758 5196 Esaias...
1778 5144 1840 5192 de
1860 5147 2001 5197 vobis

405 5219 695 5282 hypocritis,
734 5223 787 5264 et
809 5214 971 5264 dixit:
1010 5211 1240 5276 Populus.
1305 5211 1353 5259 8.
1381 5211 1695 5272 Baptizantes
1724 5220 1920 5257 urceos.
1949 5217 2003 5259 et

2107 5086 2307 5132 inritum
2350 5084 2505 5133 facitis

2544 5093 2858 5146 praeceptum
2898 5084 3014 5146 Dei,
3052 5095 3105 5134 ut
3149 5089 3461 5138 traditionem
3499 5099 3714 5138 vestram

2106 5149 2348 5197 statuatis.
2415 5147 2491 5196 10.
2518 5145 2603 5196 aut
2623 5148 2785 5198 matri.
2856 5148 2930 5198 11.
2957 5145 3208 5200 sidixerit
3233 5151 3376 5200 homo
3405 5152 3532 5214 patri
3559 5165 3713 5202 suo...

1767 5291 2133 5348 BLANCHINI
2174 5292 2311 5348 ΝΟΤ
2324 5293 2407 5347 ΑΞ.

477 5398 551 5470 (a)
585 5396 747 5452 Addit
773 5409 891 5448 cum
917 5391 1187 5470 venerint,‘
1209 5389 1376 5470 etiam
1410 5386 1713 5470 cod.ﬂCa.nt.
1745 5383 1865 5442 ὅταν
1887 5385 2300 5470 namque
2327 5391 2456 5467 vero
2479 5384 2661 5448 habet,
2686 5395 2741 5470 ,οι
2765 5387 3054 5470 redeuntes.
3086 5419 3155 5470 τ-
3184 5386 3258 5461 (b)
3291 5377 3366 5470 Ita
3391 5397 3447 5470 e_t
3473 5397 3586 5444 tes.
3615 5388 3709 5470 Gr.

404 5469 438 5530 ἃ
463 5456 747 5548 τξαξέ).αϐο;ς
775 5473 1100 5548 κρατεῐνλῖ-
1122 5461 1279 5533 (c)lta
1306 5466 1362 5548 et
1377 5472 1488 5548 Lex.
1521 5458 1596 5548 Gl:
1618 5461 1870 5546 ὰνὶτὶτοις.
1899 5489 1971 5548 :—\
2000 5457 2080 5548 (.d)
2109 5456 2264 5538 Addit
2288 5459 2548 5548 quoniam;
2585 5457 2787 5525 pariter
2815 5472 2924 5541 tex.
2953 5458 3049 5541 Gr.
3083 5456 3285 5548 61;?4-
3306 5458 3380 5530 (ε)
3409 5460 3708 5548 Ιιιξξιίιέοίί.

405 5528 562 5598 Cani.
592 5546 676 5597 καὶ
698 5528 852 5596 simi).
887 5535 1029 5610 ——(f)
1053 5528 1208 5589 lta'e't
1230 5531 1355 5610 cod.
1377 5529 1536 5610 flant.
1563 5533 1869 5610 Ῠάίγαπᾷηέ-
1899 5529 1972 5597 t’g)
1995 5528 2138 5610 ante
2171 5535 2482 5610 praecepit},
2512 5528 2678 5610 deest
2706 5539 2772 5592 et,
2796 5530 3021 5610 ‘ite‘miu
3055 5539 3171 5610 lex.
3195 5532 3293 5587 Gr.
3317 5528 3398 5572 ⁷-
3425 5533 3516 5610 (lii
3552 5530 3710 5610 iuxta

403 5597 648 5667 ordinem
672 5611 790 5667 cod.
816 5597 1220 5664 Gentii-omit“
1245 5603 1403 5662 πολλὰ
1440 5597 1630 5658 ποιείτὲ
1650 5643 1663 5668 ,
1710 5597 1919 5672 ἀφέντες
1948 5603 2039 5658 τήν
2067 5600 2289 5657 ἐντολήν.
2317 5626 2388 5636 -
2412 5597 2475 5670 (ι)
2525 5597 2600 5653 lta
2632 5608 2686 5654 et
2716 5597 2838 5656 cod.
2865 5597 3018 5658 Cant.
3075 5608 3320 5665 στήσητε.
3348 5633 3413 5645 -
3558 5603 3631 5657 Ιιει
3659 5610 3712 5658 ει

407 5691 517 5742 tex.
559 5683 650 5739 Gr.
687 5685 909 5757 πᾱΐὲρα.
