4010 6194
486 309 591 368 783

889 419 1122 477 CODEX
1164 418 1715 477 VERCELLENSIS.

1330 517 1420 571 51.
1455 530 1536 570 se.
1565 515 1636 569 Et
1663 514 1844 585 coepit

1329 586 1531 641 docere
1563 587 1708 651 illos,

1330 658 1454 723 quia
1483 668 1703 727 oportet

1328 728 1524 783 Filium
1557 729 1731 783 homi-

1329 800 1414 854 nis
1440 801 1608 855 miilta
1644 816 1735 869 pa-

1331 871 1369 924 ti
1389 912 1403 936 ,
1437 881 1493 926 et
1521 872 1783 940 reproba—

1329 942 1374 996 ri
1401 958 1429 996 a
1459 942 1707 998 Seniori-

1329 1012 1452 1079 bus,
1480 1023 1536 1069 et
1561 1029 1589 1067 a
1616 1014 1770 1068 Priu-

1329 1085 1563 1154 cipibus,
1588 1092 1645 1141 et
1670 1084 1817 1142 Scri-

489 519 641 571 clare
663 515 868 578 omnia,

487 589 581 643 26.
625 588 691 642 Et
716 587 922 642 dimisit
942 588 1004 642 il-

486 661 597 714 lum
628 660 679 712 in
714 659 938 714 domum

487 746 667 796 suam,
695 730 885 786 dicens
921 749 932 782 :

494 802 640 857 Vade
658 802 808 855 domi

487 882 619 944 aput
647 881 699 927 tc
720 915 733 935 ,
764 881 814 944 et
841 888 907 928 ne

492 943 547 999 in
580 943 811 999 munici-

494 1017 583 1085 pio
604 1015 804 1081 intres,

488 1103 590 1143 nec
622 1087 873 1158 cuiquam

493 1160 664 1214 dicas.
731 1154 747 1158 ⁷
1328 1154 1434 1222 bis,
1465 1165 1519 1210 et
1542 1156 1743 1223 occidi,

490 1231 585 1284 27.
612 1229 822 1284 Etexiit
843 1228 1001 1284 Jesus
1030 1243 1153 1285 cum
1178 1228 1256 1284 di-
1329 1236 1387 1282 et
1421 1236 1543 1297 post
1574 1227 1724 1283 terti-

493 1301 722 1368 scipulis
1332 1314 1421 1353 um
1450 1299 1594 1353 diem
1629 1315 1718 1354 re-

493 1372 608 1438 s_uis
644 1370 719 1443 (a)
746 1372 811 1443 in
828 1370 961 1443 Cae-

489 1442 706 1497 saream
728 1445 769 1512 -ι-
800 1442 1006 1513 Philip-

491 1514 578 1579 pi;
607 1522 662 1567 et
692 1514 931 1570 initine-

490 1599 553 1638 re
580 1585 817 1639 interro-

489 1670 554 1725 ga
564 1656 655 1710 bat
684 1656 851 1711 disci-

491 1726 649 1794 pulos
681 1741 810 1781 suos
826 1769 841 1790 ,

491 1794 566 1869 (b)
594 1798 780 1853 dicens
810 1798 887 1869 1-:
911 1796 1084 1865 Quem

493 1884 581 1922 me
603 1869 794 1923 dicunt

1332 1370 1422 1425 5‘2.
1453 1385 1698 1440 surgere.
1725 1372 1792 1426 Et

1335 1442 1513 1509 palam
1549 1443 1776 1498 verbum

1334 1514 1675 1583 loquebatur.

1336 1585 1402 1638 Et
1430 1583 1739 1652 adprehen-

1334 1655 1691 1715 densPeirus

1334 1740 1458 1781 etim
1482 1766 1496 1790 ,
1524 1727 1707 1796 coepit

1334 1796 1626 1867 obiurgare

1330 1882 1478 1928 eum,
1510 1868 1727 1923 dicens:

1330 1939 1582 2003 Domine,
1619 1940 1846 2009 propiti—

1330 2025 1395 2064 us
1421 2020 1572 2075 esto;
1611 2026 1735 2066 nam

1331 2080 1436 2136 hoc
1465 2097 1574 2135 non
1606 2084 1733 2136 erit.

1329 2152 1418 2208 55.
1452 2152 1557 2220 Qui
1585 2168 1813 2209 conver-

1332 2238 1444 2290 sus,
1479 2234 1534 2278 ut
1564 2224 1705 2279 vidit

1332 2295 1632 2365 discipulos

1332 2380 1482 2433 suos,
1512 2366 1697 2438 objur-

1333 2439 1484 2504 gavit

1334 2508 1580 2576 Petrum,
1610 2509 1796 2565 dicens
1819 2528 1830 2562 :

1334 2579 1487 2651 Vade
1510 2591 1633 2651 post
1664 2597 1751 2636 me

1338 2652 1354 2682 ⁸
1379 2650 1617 2724 νδδῐθηε,
1650 2667 1786 2724 quo-

491 1955 614 1994 esse
644 1938 941 1995 homines?

490 2010 581 2067 28.
617 2011 695 2066 Ad
726 2011 803 2066 illi
832 2026 1063 2083 respon-

491 2083 689 2138 derunt
711 2083 784 2142 ei.
809 2082 894 2138 di-

491 2164 681 2209 centes
714 2170 728 2206 :
758 2152 961 2209 Johan-

488 2240 596 2280 iien
622 2223 838 2294 Baptis-

490 2304 600 2350 tam
624 2311 638 2360 ;
672 2296 761 2350 alii
790 2305 968 2353 autem

490 2366 714 2433 Helian;
745 2367 834 2422 alii

490 2453 623 2494 vero
653 2439 808 2509 quasi

490 2525 661 2564 unum
694 2525 759 2565 ex
791 2510 926 2567 Pro-

488 2582 583 2636 29.
614 2580 816 2651 phetis.
848 2582 970 2654 Ipse
990 2597 1083 2639 au-

490 2662 598 2708 tem
630 2655 864 2708 interro-

490 2724 654 2792 gabat
680 2723 807 2778 illos
834 2742 849 2778 :
1334 2723 1480 2777 niam
1505 2739 1615 2778 non

488 2794 600 2849 Vos
630 2803 814 2849 autem
1333 2795 1482 2863 sapis
1505 2809 1628 2863 qua:

492 2880 654 2936 quem
684 2880 772 2919 me
797 2864 881 2918 di-
1334 2864 1430 2918 Dei
1454 2872 1602 2929 sunt,
1626 2866 1720 2920 sed

491 2937 615 2990 citis
645 2936 806 2989 esse?
1334 2949 1476 3003 quae
1504 2945 1631 2990 sunt

495 3006 566 3061 Et
590 3006 931 3075 respondens
1333 3004 1641 3060 hominum.

492 3077 710 3143 Petrus,
743 3077 877 3131 dicit
1332 3077 1423 3131 δι.
1460 3077 1547 3144 Et,
1582 3085 1883 3133 convocata

488 3149 540 3203 ei
569 3148 681 3204 :Tii
706 3164 767 3203 es
789 3146 1064 3203 Christus.
1336 3147 1490 3203 turba
1518 3162 1639 3203 cum

490 3220 581 3304 59.
616 3220 682 3274 Et
708 3220 966 3302 olijurga—
1333 3217 1615 3304 discipulis
1635 3234 1726 3304 su-I

488 3300 565 3345 vit
596 3306 715 3356 eos,
746 3306 814 3345 ne
846 3300 935 3347 cui

1332 3290 1397 3364 is,
1427 3287 1509 3364 (d)
1540 3289 1677 3345 dixit
1705 3292 1743 3363 δι’
1774 3310 1786 3347 :
1814 3292 1870 3349 Si
1902 3293 2023 3364 quis

494 3363 746 3420 dicerent
772 3362 839 3418 de

1332 3363 1351 3391 ’
1385 3361 1499 3417 vult
1526 3364 1676 3433 sequi

1040 303 1319 365 EUSEBll
1359 304 1699 363 VERCELL.
1751 301 2209 362 EVANGELIUM
2237 302 2381 361 CUM
2414 299 2646 359 VARllS
2684 296 2842 357 COD.
2877 286 3378 355 COLLATUM.

3776 287 3845 345 τα

2637 412 2869 472 CODEX
2907 406 3199 468 VERON
3208 404 3317 461 EN
3324 402 3469 461 SIS.

3060 524 3168 579 cui
3207 522 3500 578 dicerent

3060 597 3172 651 51.
3203 594 3288 649 de
3318 593 3451 647 illo.
3495 590 3569 645 Et

3058 667 3283 735 coepit
3313 664 3546 735 docere

3059 734 3245 802 illos,
3282 734 3581 807 quoniam

3059 806 3332 881 oportet
3363 806 3584 881 Filium

2201 526 2261 566 re
2287 509 2491 573 omnia,

2198 583 2288 637 26.
2325 581 2390 636 Et
2416 580 2623 636 dimisit

2200 652 2351 708 illum
2383 652 2436 707 iii

2201 724 2423 779 domum
2453 738 2630 791 suam,
2657 722 2843 780 dicens
2871 739 2884 776 :

2207 794 2358 851 Vade
2391 797 2444 849 in
2469 795 2562 850 do-

2200 883 2352 951 ιηυῐῐξ
2376 876 2520 922 luam
2553 885 2566 933 ;
3053 876 3349 937 hominis
3379 878 3583 933 omnia

2201 951 2279 1022 (Ρι,
2311 955 2365 1025 8}
3052 953 3214 1025 pati,
3249 960 3315 1007 et
3330 964 3563 1025 repro-

2205 1020 2448 1093 _i“_"l90.
3050 1020 3201 1080 iiari
3235 1038 3273 1078 a
3323 1020 3552 1079 Senio-

2205 1090 2481 1164 introieris
2508 1122 2522 1143 .
3047 1096 3261 1159 ribus,
3296 1103 3362 1150 et
3397 1108 3433 1148 a

2201 1151 2407 1207 nemini
2429 1151 2513 1206 (Ιὶ-
3050 1151 3332 1223 summis
3363 1165 3584 1220 Sacer-

2202 1222 2373 1279 xeris.

2200 1295 2291 1348 27.
2326 1294 2394 1349 Et
2424 1293 2696 1363 profectus

2201 1376 2287 1421 est
2310 1365 2495 1430 Jesus,
2518 1375 2575 1421 et

2203 1436 2455 1508 discipuli
2476 1437 2594 1507 ejus

3049 1238 3347 1301 dotibus,
3387 1244 3452 1292 et

3053 1309 3298 1375 occidi,
3333 1316 3399 1363 et
3433 1314 3572 1377 post

3050 1390 3193 1437 tres
3217 1379 3360 1435 dies
3393 1394 3599 1435 resur-

2204 1468 2455 1521 UIBUIIPUII
2476 1468 2594 1507 qua
3046 1468 3235 1521 gere.

2204 1508 2280 1580 (a)
2311 1526 2363 1592 in
2392 1510 2621 1592 gae-sa:
3046 1524 3162 1580 52.
3205 1523 3287 1578 Et
3322 1520 3529 1592 palam
3557 1533 3677 1576 ver-

2202 1580 2366 1665 reaflf
2389 1582 2622 1665 Philippi
2647 1601 2662 1650 ;
3041 1596 3203 1651 bum
3236 1580 3467 1665 loque-

2208 1661 2263 1724 et
2295 1655 2665 1724 interrogabat
3042 1667 3269 1722 batur.

2209 1722 2665 1793 tliscipulossuos

2210 1792 2261 1846 in
2294 1792 2404 1867 via,
2436 1794 2513 1867 (b)
2536 1796 2620 1851 di-

2203 1878 2335 1919 cens
2354 1866 2392 1937 -;~
2425 1866 2635 1935 :Quem

2208 1951 2295 1991 nie
2322 1937 2514 1993 dicunt

2204 2006 2453 2064 homines
2479 2010 2640 2066 esse?

2200 2076 2293 2151 28.
2324 2078 2747 2151 Responderunt

2203 2147 2306 2213 illi,
2336 2147 2583 2208 dicentes
2611 2169 2626 2207 :

2202 2218 2492 2279 Johanuen

2202 2291 2501 2361 Baptistain
2535 2314 2551 2361 ;

2203 2362 2294 2417 alii
2322 2364 2527 2433 Eliam;

2203 2435 2295 2489 alii
2324 2452 2454 2493 vero

2206 2509 2359 2577 quasi
2393 2525 2560 2566 unum

2204 2593 2275 2652 es
2300 2579 2617 2652 Prophetis.

2202 2650 2292 2706 29.
2314 2650 2467 2708 Tunc
2496 2654 2631 2710 dicit

2203 2722 2313 2779 illis
2337 2740 2349 2775 :
2381 2724 2493 2780 Vos
2518 2741 2647 2782 vero

2205 2808 2368 2861 quem
2394 2812 2481 2850 me
2511 2796 2596 2851 di-

2203 2863 2326 2919 citis
2355 2869 2513 2923 esse?

2206 2934 2275 3007 Et
2304 2939 2643 3007 reSpondens

2204 3005 2421 3073 Petrus,
2452 3010 2525 3065 ait
2550 3014 2599 3066 ei
2639 3029 2651 3064 :

2204 3076 2285 3131 Tu
2312 3093 2370 3133 es
2399 3080 2648 3137 Christus

2208 3146 2378 3222 gestis
2393 3149 2465 3222 (ε)
2496 3152 2665 3207 Filius

2207 3218 2299 3272 Dei
2326 3218 2455 3293 vivi'
2471 3222 2532 3293 δε.

2204 3292 2295 3347 50.
2325 3291 2391 3346 Ει
2417 3291 2779 3352 comminatus

2202 3374 2286 3420 est
2314 3362 2415 3433 eis,
2449 3381 2517 3422 ne

3040 1738 3252 1805 Quem
3284 1735 3630 1805 suscipiens

3042 1810 3304 1874 Petrus,
3337 1807 3542 1875 coepit

3044 1882 3411 1951 increpare,
3448 1878 3543 1951 di-

3042 1967 3199 2007 cens
3230 1949 3245 2005 ἐ
3286 1949 3572 2008 Domine.

3042 2023 3357 2094 pmpitius
3393 2028 3525 2077 esto
3550 2036 3566 2085 ;

3041 2110 3182 2149 nam
3222 2095 3344 2149 hoc
3371 2108 3494 2147 non

3038 2166 3140 2221 55.
3178 2166 3329 2221 erit.
3375 2164 3467 2219 Ad
3495 2162 3591 2218 ille

3041 2251 3410 2302 conversus,

3044 2309 3266 2365 videns
3300 2307 3490 2363 disci-

3043 2380 3222 2451 pulos
3255 2394 3432 2445 suos,

3045 2452 3311 2507 commi-

3041 2531 3221 2577 natus
3250 2530 3350 2578 est
3381 2521 3495 2577 Pe-

3041 2603 3157 2660 tro,
3196 2594 3417 2649 dicens
3444 2608 3461 2650 :

3040 2665 3206 2721 Vade
3231 2674 3406 2721 retro

3042 2751 3132 2791 me
3167 2738 3457 2801 Satanas,

3035 2809 3316 2878 quoniam
3347 2822 3468 2863 non

3038 2879 3194 2949 sapis
3223 2895 3323 2943 ea,
3360 2892 3514 2950 quae

3039 2948 3141 3005 Dei
3171 2959 3346 3015 sunt,
3380 2948 3489 3005 sed

3041 3037 3184 3089 quae
3219 3030 3365 3077 sunt
3388 3018 3694 3076 hominum.

3042 3093 3131 3148 54.
3166 3093 3244 3149 Et
3266 3136 3281 3161 ,
3318 3098 3633 3149 convocata

3043 3164 3204 3220 turba
3239 3180 3379 3221 cum

3043 3234 3344 3305 discipulis
3367 3237 3511 3301 suis,

3039 3306 3301 3380 (didixii
3322 3310 3366 3380 λι-
3402 3327 3415 3363 ε
3442 3308 3502 3363 Si

3045 3376 3166 3448 quis
3195 3376 3515 3451 vult'sequi
3541 3376 3614 3449 (ρ)
3644 3378 3749 3446 p053

1817 3498 2055 3557 CODEX
2092 3496 2483 3558 BRIXIANUS.

494 3617 675 3674 omnia
730 3616 896 3672 clare.
938 3614 1008 3671 Et
1047 3614 1256 3672 dimisit
1291 3630 1414 3670 cum
1458 3616 1512 3671 in
1559 3615 1779 3671 domum
1822 3631 1976 3671 suam
2024 3614 2108 3671 di-

494 3706 644 3745 cens.
695 3688 845 3743 Vade
898 3688 953 3742 in
985 3688 1207 3745 domum
1261 3697 1429 3742 tuam.
1463 3698 1517 3742 et
1572 3687 1619 3743 si
1654 3689 1706 3743 in
1767 3689 1989 3743 castella
2021 3687 2106 3742 iii-

496 3761 712 3816 troicris
768 3760 971 3814 nemini
1016 3759 1241 3814 dixeris.
1287 3757 1358 3812 Et
1413 3757 1688 3828 profectus
1730 3770 1814 3814 est
1861 3760 2019 3816 Jesus
2051 3767 2108 3814 et

494 3831 749 3899 discipuli
788 3833 924 3899 ejus.
977 3831 1028 3884 in
1061 3832 1285 3885 castella
1315 3829 1619 3885 Caesareae
1650 3831 1912 3899 Philippi.
1952 3838 2009 3885 et
2049 3828 2102 3886 in

493 3904 577 3957 via
605 3903 973 3971 interrogabat
1000 3901 1299 3971 discipulos
1322 3915 1451 3956 suos
1470 3901 1658 3956 dicens
1683 3903 1783 3956 eis.
1812 3902 1984 3969 Quem
2015 3918 2102 3957 me

492 3973 685 4029 dicunt
709 3988 829 4027 esse
862 3972 1131 4027 homines.
1165 3973 1243 4027 [lli
1276 3983 1454 4027 autem
1484 3974 1889 4041 responderunt
1914 3973 2102 4028 dicen-

497 4057 599 4101 tes.
645 4044 945 4099 Johannem
996 4043 1317 4113 Baptislam.
1359 4043 1449 4096 alii
1496 4054 1676 4097 autem
1728 4043 1960 4098 lleliani.
2008 4044 2102 4098 alii

499 4132 629 4171 vero
656 4117 809 4183 quasi
846 4130 1009 4168 unum
1037 4129 1106 4169 ex
1138 4113 1451 4184 Prophetis.
1481 4113 1632 4168 Tunc
1660 4114 1791 4168 dicit
1818 4114 2100 4184 discipulis

505 4188 637 4241 suis.
674 4186 783 4240 Vos
834 4202 963 4240 vero
1001 4200 1163 4255 quem
1215 4200 1304 4240 me
1350 4185 1532 4255 dicitis
1562 4201 1705 4239 esse.
1740 4186 2098 4255 ReSpondens

499 4268 679 4312 autem
710 4258 901 4312 Petrus
931 4254 1104 4312 ait’ei.
1140 4256 1218 4311 Tu
1247 4272 1306 4311 es
1332 4254 1603 4310 Christus.
1636 4256 1705 4311 Et
1735 4254 2098 4312 comminatus

498 4338 583 4385 est
604 4330 702 4385 eis.
734 4345 802 4385 ne
829 4329 917 4385 cui
948 4328 1195 4385 dicereut
1221 4327 1288 4385 de
1313 4327 1426 4384 illo.
1460 4328 1523 4382 Et
1550 4328 1730 4399 coepit
1758 4328 1959 4384 docere
1978 4343 2093 4385 eos.

2209 3618 2465 3699 quoniam
2498 3622 2970 3699 o~p0r_tet__Filium
3002 3625 3244 3686 hominis
3272 3632 3455 3687 multa
3490 3626 3618 3699 pati.
3643 3630 3693 3678 el
3725 3632 3793 3699 τες

2210 3689 2424 3757 probari
2456 3705 2486 3745 a
2516 3692 2863 3751 Senioribus.
2893 3709 2946 3752 et
2970 3714 3002 3753 a
3029 3704 3261 3759 summis
3311 3687 3715 3759 Sacerdotibus.
3744 3687 3797 3759 Et

2208 3760 2528 3841 ab_Scribis.
2574 3775 2627 3818 et
2655 3768 2855 3841 occidi.
2891 3781 2945 3823 et
2973 3783 3095 3841 post
3124 3781 3237 3829 tres
3269 3758 3407 3832 dies
3431 3758 3789 3840 resurgere-Ei

2210 3832 2392 3907 palam
2416 3835 2641 3907 verbum
2674 3832 3023 3907 loquebatui'.

2285 3903 2351 3957 Et
2377 3903 2794 3971 adprehendens
2809 3925 2935 3988 eum
2950 3914 3356 3988 Petrus.coepit
3368 3919 3648 3984 increpare
3666 3916 3786 3982 eun}-

2209 3972 2370 4058 Jesus
2403 3990 2722 4058 conversus.
2748 3992 2803 4058 et
2847 3983 3040 4040 videns
3070 3972 3380 4058 discipulo-sv
3408 3972 3539 4044 suos
3558 4026 3572 4048 ,
3593 3972 3785 4037 commi-

2210 4053 2371 4125 natus
2398 4055 2482 4101 est
2511 4048 2695 4125 Petro.
2729 4052 2939 4125 dicens.
2974 4058 3125 4114 Vade
3148 4048 3300 4117 retro
3322 4076 3414 4116 me
3438 4060 3651 4115 Satana.
3673 4058 3784 4125 (ΙΨ

2207 4118 2352 4197 niam
2386 4132 2501 4202 noti
2514 4121 2796 4202 intellegis
2822 4142 2960 4202 quae
2992 4129 3084 4185 Dei
3103 4142 3250 4187 sunt.
3281 4133 3383 4189 sed
3409 4145 3550 4202 quae
3574 4131 3685 4202 ξςιηι
3703 4118 3782 4202 "9'

2208 4189 2432 4271 utilium:
2458 4189 2852 4271 Ethconvocaia'
2869 4198 2933 4271 ad
2958 4214 3018 4254 se
3032 4203 3189 4260 turba
3215 4218 3339 4260 cum
3370 4189 3646 4271 discipulis
3666 4189 3773 4247 suis-

2206 4256 2344 4313 dixit
2372 4260 2473 4317 eis.
2518 4262 2576 4319 Si
2607 4266 2728 4335 quis
2762 4269 2878 4325 vult
2912 4270 2984 4343 (e)
3017 4256 3141 4344 post

1790 4469 2026 4529 CODEX
2064 4473 2542 4541 CORBEIENSIS.

564 4567 654 4621 27.
691 4566 757 4621 Et
782 4566 1058 4633 profectus
1086 4576 1170 4621 est
1197 4566 1356 4623 .lesus
1386 4568 1439 4622 in
1464 4566 1734 4624 Caesarea
1764 4564 2026 4638 Philippi.

569 4638 660 4693 52.
716 4638 887 4705 Quem
935 4638 1237 4709 suscipiens
1296 4638 1529 4707 Petrus,
1580 4639 1762 4710 coepit
1813 4640 2102 4712 obiurgare

500 4726 644 4767 eum.

2279 4575 2395 4667 5ξὲ
2414 4579 2500 4646 Et,
2533 4595 2830 4667 convocata
2849 4590 3020 4667 _turba
3050 4607 3173 4650 cum
3203 4594 3488 4667 discipulis
3514 4590 3643 4667 suis,
3669 4580 3763 4667 nil}

2207 4645 2426 4775 Sgllgitiis
2464 4645 2588 4722 post
2640 4673 2727 4714 me
2774 4661 2889 4717 vult
2929 4645 3641 4742 sequi—,mabn'e‘éausevsibi
3660 4697 3673 4723 ,
3716 4655 3762 4706 ει

1752 4824 2148 4887 VABIANTES
2184 4830 2591 4896 LECTIONES.

556 4938 581 5005 '_
612 4936 719 4985 Gal.
758 4934 1021 5005 Satanas...
1056 4932 1147 4983 sed
1177 4944 1306 4997 quae
1354 4934 1617 4984 hominum.
1653 4936 1800 5002 Vulg.
1847 4938 2085 4993 Satana...

493 4999 583 5051 sed
606 5011 736 5061 quae
759 5004 872 5048 sunt
890 4998 1155 5048 hominum.

2256 4952 2276 4980 ²
2312 4951 2420 5006 Gal.
2446 4957 2546 5008 vult
2566 4967 2675 5023 post
2696 4974 2778 5013 me
2802 4967 2994 5030 venire,
3018 4969 3246 5036 deneget
3266 4986 3323 5026 se
3346 4976 3513 5039 ipsum.

1185 5095 1473 5137 LECTIONES
1498 5097 1703 5140 CODICIS
1730 5100 2145 5147 VINDEDONENSIS
2170 5108 2443 5154 ABEUNTES
2464 5114 2530 5152 AB
2559 5114 2810 5159 EDITIONE
2835 5120 3105 5167 VULGA'I‘A.

494 5199 631 5248 clare
664 5193 847 5255 omnia.
910 5192 990 5242 26.
1016 5193 1080 5244 Et
1101 5193 1339 5243 dimisit...
1387 5198 1573 5246 nemini
1614 5198 1802 5248 dixeris
1853 5202 1903 5249 in
1965 5205 2087 5255 vico.

493 5260 574 5310 27.
610 5260 672 5310 Et
706 5254 955 5320 profectus
998 5263 1075 5305 est
1116 5256 1297 5317 Jesus,
1340 5265 1393 5307 ct
1425 5258 1649 5320 discipuli
1678 5261 1784 5322 ejus
1818 5263 1868 5311 in
1914 5254 2093 5317 Caesa-

494 5336 633 5367 ream
656 5319 928 5367 Philippi...
955 5317 1138 5367 Diceris
1164 5331 1175 5367 :
1205 5318 1363 5367 Ouem
1396 5334 1476 5367 me
1496 5322 1667 5367 dicunt
1700 5325 1922 5367 hominm
1946 5330 2093 5367 ρςςρθ

494 5336 633 5372 ream
656 5321 928 5430 Philipﬂi...
955 5321 1177 5390 Dicens_:_
1205 5321 1363 5376 Quem
1396 5322 1667 5397 medicum
1700 5321 1922 5375 homines
1946 5330 2093 5379 esse?

622 5390 674 5433 et
700 5382 778 5430 alii
850 5381 1073 5453 ehem...
1100 5380 1340 5453 allanei‘O
1361 5395 1500 5453 quasi
1542 5397 1787 5453 uuunicx
1816 5389 2094 5453 Prophetis.

493 5448 572 5498 ‘29.
587 5459 734 5509 quem
747 5457 826 5493 me
838 5443 1003 5494 dicitis
1021 5455 1134 5493 esse
1147 5442 1172 5493 ‘I
1190 5441 1589 5505 Etrespondens.
1658 5449 1714 5497 51
1730 5441 2099 5505 docere'illos...

910 5207 990 5242 ιο.
1017 5207 1080 5279 ut
1101 5207 1339 5243 dimisit...
1387 5208 1573 5270 nemini
1614 5207 1903 5271 dixeris-in
1965 5207 2087 5255 vico.
2196 5207 2345 5279 multa
2396 5212 2556 5270 pati...
2593 5221 2647 5263 et
2693 5215 3003 5282 Principibus
3048 5224 3383 5278 Sacerdotum.
3415 5233 3477 5277 et.
3521 5219 3592 5274 52.
3618 5215 3746 5274 Quem

854 5256 1297 5334 gntusnestgesti‘s,
1318 5265 1393 5334 “ct
1425 5258 1784 5334 (lisciiiuli_e)us
1816 5276 1868 5334 in
1914 5263 2093 5334 Caesa:
2195 5272 2474 5334 susctpiens
2506 5274 2745 5328 Petrus...
2795 5284 2961 5334 coepit
2984 5285 3272 5334 increpare-
3302 5296 3354 5334 et
3384 5294 3598 5334 revocare
3639 5283 3746 5334 θυω-

955 5317 1177 5383 Diceus;
1205 5318 1363 5376 Quem
1396 5334 1476 5370 me
1496 5317 1667 5373 dicunt
1700 5317 1922 5375 homines
1946 5330 2093 5379 esse?
2197 5331 2278 5378 55.
2322 5317 2385 5383 At

2434 5285 2478 5352 is
2494 5283 2745 5352 Petrus...
2795 5284 2961 5346 coepit
2984 5285 3273 5352 increpare,
3302 5296 3355 5340 et
3384 5294 3598 5340 revocare
3639 5283 3746 5352 929;

2433 5334 2514 5406 ille
2559 5334 2903 5406 fomentis":
2952 5334 3074 5397 vade
3102 5334 3616 5403 irretro’me-Salanasi
3653 5334 3741 5406 (ΙΨ

2201 5405 2299 5442 non
2345 5399 2492 5458 sapis.
2558 5398 2639 5451 54.
2683 5402 2807 5456 dixit
2855 5423 2868 5458 :
2910 5409 2953 5458 si
3015 5396 3559 5478 quisi-vultuposi‘iue
3596 5396 3741 5462 έθφηθ

1845 5556 2216 5617 BLANCHINI
2243 5562 2475 5623 NOTAE.

526 5715 536 5726 .
570 5643 646 5715 (a)
688 5643 765 5727 lta
787 5651 852 5727 et.
872 5642 997 5698 cod.
1021 5643 1183 5726 flant.
1210 5645 1282 5707 εἰς
1322 5648 1650 5729 Κᾳισᾴρειαν.
1680 5678 1753 5692 —
1779 5649 1853 5721 (b)
1882 5650 2010 5727 Post
2040 5655 2234 5724 dicens,
2288 5659 2440 5717 deest
2475 5664 2569 5733 eis,
2598 5669 2760 5724 etiam
2788 5670 2842 5727 in
2870 5675 2993 5730 cod.
3037 5677 3194 5735 Cant.
3226 5708 3295 5720 -—
3318 5680 3394 5753 (ε)
3444 5672 3654 5739 Additur
3677 5656 3750 5713 Fl‘

498 5715 598 5766 lius
631 5713 727 5766 Dei
754 5730 880 5766 vivi.
920 5724 1121 5766 iiariter
1143 5731 1194 5766 in
1228 5722 1575 5766 versiomlms
1600 5721 1722 5766 Svr-
1753 5730 1803 5766 m
1838 5722 1986 5766 Dore.
2019 5740 2083 5766 ον
2141 5726 2392 5766 Mani...“
2422 5765 2426 5766 ν
2533 5736 2612 5766 ui
2646 5739 2769 5766 n--.
2812 5744 2936 5766 4:4.
3011 5748 3033 5766 μ
3139 5762 3149 5766 ,
3226 5754 3235 5764 .
3384 5755 3417 5766 _.
3568 5744 3612 5766 ι-
3649 5725 3744 5766 md.

526 5715 536 5726 .
583 5713 588 5715 -
718 5716 729 5727 .
790 5715 800 5726 .
842 5716 852 5727 .
1021 5715 1033 5726 .
1144 5717 1153 5725 .
1339 5716 1372 5741 ,ο
1455 5720 1465 5729 .
1491 5713 1500 5725 ι
1788 5713 1797 5721 ν
1838 5713 1845 5718 ν
1924 5726 1929 5727 κ
2220 5713 2233 5724 ι
2334 5713 2440 5717 ""
2478 5713 2569 5733 νη
2602 5713 2760 5724 ν’······
2788 5713 2842 5727 ⁸-⁸
2871 5713 2993 5730 υυιιο
3039 5713 3147 5734 va"
3181 5718 3194 5732 ο
3226 5713 3295 5720 —
3536 5713 3648 5730 ““““”

521 5713 851 5819 4:1.01'1'3:
867 5721 1723 5819 i.revinctae?!tessa-
1753 5730 1807 5778 ει
1835 5722 1990 5781 Pcrs-
2019 5740 2087 5783 ex
2140 5726 2489 5790 Mamma—
2530 5736 2613 5811 (ά)
2643 5739 2774 5799 post
2802 5744 2956 5815 άίπέι,
3000 5713 3173 5807 deest“
3319 5713 3533 5811 *ἕξεθ’ὲῖ
3568 5744 3612 5799 in
3649 5725 3745 5788 οοά·

498 5782 651 5837 Caiit.
680 5809 750 5824 -ι-
771 5784 843 5853 (e)
872 5784 945 5838 Ita
980 5794 1037 5841 et
1068 5785 1290 5842 tcx.Gr.
1323 5789 1490 5845 ὀπίσω
1517 5813 1636 5864 μου.
