  <div class='ocr_page' id='page_1' title='image "/cluster/home/n/w/nwhite01/storage/ocr_20150623/12/hvd.32044096580410/398.png"; bbox 0 0 4010 6194; ppageno 0'>
   <div class='ocr_carea' id='block_1_1' title="bbox 218 272 359 334">
    <p class='ocr_par' dir='ltr' id='par_1_1' title="bbox 218 272 359 334">
     <span class='ocr_line' id='line_1_1' title="bbox 218 272 359 334; baseline 0.043 -5"><span class='ocrx_word' id='word_1_1' title='bbox 218 272 359 334; x_wconf 76' lang='lat'><strong>785</strong></span> 
     </span>
    </p>
   </div>
   <div class='ocr_carea' id='block_1_2' title="bbox 229 489 715 561">
    <p class='ocr_par' dir='ltr' id='par_1_2' title="bbox 229 489 715 561">
     <span class='ocr_line' id='line_1_2' title="bbox 229 489 715 561; baseline 0.01 -18"><span class='ocrx_word' id='word_1_2' title='bbox 229 503 365 556; x_wconf 89' lang='lat' dir='ltr'><strong>me,</strong></span> <span class='ocrx_word' id='word_1_3' title='bbox 406 489 643 561; x_wconf 76' lang='lat' dir='ltr'><strong>abneget</strong></span> <span class='ocrx_word' id='word_1_4' title='bbox 708 499 715 504; x_wconf 86' lang='lat'>&#39;</span> 
     </span>
    </p>
   </div>
   <div class='ocr_carea' id='block_1_3' title="bbox 220 562 626 630">
    <p class='ocr_par' dir='ltr' id='par_1_3' title="bbox 220 562 626 630">
     <span class='ocr_line' id='line_1_3' title="bbox 220 562 626 630; baseline 0.005 -15"><span class='ocrx_word' id='word_1_5' title='bbox 220 574 292 615; x_wconf 88' lang='lat' dir='ltr'><strong>se</strong></span> <span class='ocrx_word' id='word_1_6' title='bbox 325 562 541 630; x_wconf 89' lang='lat' dir='ltr'><strong>ipsum,</strong></span> <span class='ocrx_word' id='word_1_7' title='bbox 571 570 626 617; x_wconf 88' lang='lat' dir='ltr'><strong>et</strong></span> 
     </span>
    </p>
   </div>
   <div class='ocr_carea' id='block_1_4' title="bbox 222 632 653 689">
    <p class='ocr_par' dir='ltr' id='par_1_4' title="bbox 222 632 653 689">
     <span class='ocr_line' id='line_1_4' title="bbox 222 632 653 689; baseline 0.012 -4"><span class='ocrx_word' id='word_1_8' title='bbox 222 632 411 686; x_wconf 80' lang='lat' dir='ltr'><strong>tollat</strong></span> <span class='ocrx_word' id='word_1_9' title='bbox 436 647 653 689; x_wconf 89' lang='lat' dir='ltr'><strong>crucem</strong></span> 
     </span>
    </p>
   </div>
   <div class='ocr_carea' id='block_1_5' title="bbox 222 712 624 769">
    <p class='ocr_par' dir='ltr' id='par_1_5' title="bbox 222 712 624 769">
     <span class='ocr_line' id='line_1_5' title="bbox 222 712 624 769; baseline 0.01 -12"><span class='ocrx_word' id='word_1_10' title='bbox 222 718 431 769; x_wconf 87' lang='lat' dir='ltr'><strong>suam,</strong></span> <span class='ocrx_word' id='word_1_11' title='bbox 457 712 513 760; x_wconf 89' lang='lat' dir='ltr'><strong>et</strong></span> <span class='ocrx_word' id='word_1_12' title='bbox 539 720 624 761; x_wconf 84' lang='lat' dir='ltr'><strong>se-</strong></span> 
     </span>
    </p>
   </div>
   <div class='ocr_carea' id='block_1_6' title="bbox 223 785 577 842">
    <p class='ocr_par' dir='ltr' id='par_1_6' title="bbox 223 785 577 842">
     <span class='ocr_line' id='line_1_6' title="bbox 223 785 577 842; baseline 0.014 -14"><span class='ocrx_word' id='word_1_13' title='bbox 223 785 451 842; x_wconf 86' lang='lat' dir='ltr'><strong>quatur</strong></span> <span class='ocrx_word' id='word_1_14' title='bbox 471 791 577 833; x_wconf 89' lang='lat' dir='ltr'><strong>me.</strong></span> 
     </span>
    </p>
   </div>
   <div class='ocr_carea' id='block_1_7' title="bbox 222 845 797 918">
    <p class='ocr_par' dir='ltr' id='par_1_7' title="bbox 222 845 797 918">
     <span class='ocr_line' id='line_1_7' title="bbox 222 845 797 918; baseline 0.007 -18"><span class='ocrx_word' id='word_1_15' title='bbox 222 845 332 901; x_wconf 79' lang='grc'><strong>55.</strong></span> <span class='ocrx_word' id='word_1_16' title='bbox 371 846 623 918; x_wconf 77' lang='lat' dir='ltr'><strong>Quisque</strong></span> <span class='ocrx_word' id='word_1_17' title='bbox 648 849 797 906; x_wconf 89' lang='lat' dir='ltr'><strong>enim</strong></span> 
     </span>
    </p>
   </div>
   <div class='ocr_carea' id='block_1_8' title="bbox 222 918 638 975">
    <p class='ocr_par' dir='ltr' id='par_1_8' title="bbox 222 918 638 975">
     <span class='ocr_line' id='line_1_8' title="bbox 222 918 638 975; baseline 0.012 -4"><span class='ocrx_word' id='word_1_18' title='bbox 222 918 325 971; x_wconf 81' lang='grc' dir='ltr'><strong>νοΙ</strong></span> <span class='ocrx_word' id='word_1_19' title='bbox 338 920 490 973; x_wconf 88' lang='lat' dir='ltr'><strong>uerit</strong></span> <span class='ocrx_word' id='word_1_20' title='bbox 520 921 638 975; x_wconf 88' lang='lat' dir='ltr'><strong>ani-</strong></span> 
     </span>
    </p>
   </div>
   <div class='ocr_carea' id='block_1_9' title="bbox 223 1004 590 1045">
    <p class='ocr_par' dir='ltr' id='par_1_9' title="bbox 223 1004 590 1045">
     <span class='ocr_line' id='line_1_9' title="bbox 223 1004 590 1045; baseline 0.005 -1"><span class='ocrx_word' id='word_1_21' title='bbox 223 1004 393 1044; x_wconf 88' lang='lat' dir='ltr'><strong>mam</strong></span> <span class='ocrx_word' id='word_1_22' title='bbox 437 1006 590 1045; x_wconf 84' lang='lat' dir='ltr'><strong>suam</strong></span> 
     </span>
    </p>
   </div>
   <div class='ocr_carea' id='block_1_10' title="bbox 226 1060 636 1133">
    <p class='ocr_par' dir='ltr' id='par_1_10' title="bbox 226 1060 636 1133">
     <span class='ocr_line' id='line_1_10' title="bbox 226 1060 636 1133; baseline 0.012 -21"><span class='ocrx_word' id='word_1_23' title='bbox 226 1060 488 1133; x_wconf 77' lang='lat' dir='ltr'><strong>salvare,</strong></span> <span class='ocrx_word' id='word_1_24' title='bbox 513 1077 636 1133; x_wconf 84' lang='lat' dir='ltr'><strong>per-</strong></span> 
     </span>
    </p>
   </div>
   <div class='ocr_carea' id='block_1_11' title="bbox 225 1132 661 1205">
    <p class='ocr_par' dir='ltr' id='par_1_11' title="bbox 225 1132 661 1205">
     <span class='ocr_line' id='line_1_11' title="bbox 225 1132 661 1205; baseline 0.009 -20"><span class='ocrx_word' id='word_1_25' title='bbox 225 1132 331 1186; x_wconf 88' lang='lat' dir='ltr'><strong>det</strong></span> <span class='ocrx_word' id='word_1_26' title='bbox 368 1148 495 1188; x_wconf 85' lang='lat' dir='ltr'><strong>eam</strong></span> <span class='ocrx_word' id='word_1_27' title='bbox 518 1132 536 1199; x_wconf 66' lang='grc' dir='ltr'>ξ</span> <span class='ocrx_word' id='word_1_28' title='bbox 569 1134 661 1205; x_wconf 89' lang='lat' dir='ltr'><strong>qui</strong></span> 
     </span>
    </p>
   </div>
   <div class='ocr_carea' id='block_1_12' title="bbox 224 1214 581 1273">
    <p class='ocr_par' dir='ltr' id='par_1_12' title="bbox 224 1214 581 1273">
     <span class='ocr_line' id='line_1_12' title="bbox 224 1214 581 1273; baseline 0.008 -17"><span class='ocrx_word' id='word_1_29' title='bbox 224 1214 436 1258; x_wconf 88' lang='lat' dir='ltr'><strong>autem</strong></span> <span class='ocrx_word' id='word_1_30' title='bbox 455 1219 581 1273; x_wconf 90' lang='lat' dir='ltr'><strong>per-</strong></span> 
     </span>
    </p>
   </div>
   <div class='ocr_carea' id='block_1_13' title="bbox 226 1275 591 1331">
    <p class='ocr_par' dir='ltr' id='par_1_13' title="bbox 226 1275 591 1331">
     <span class='ocr_line' id='line_1_13' title="bbox 226 1275 591 1331; baseline 0.008 -3"><span class='ocrx_word' id='word_1_31' title='bbox 226 1275 453 1331; x_wconf 87' lang='lat' dir='ltr'><strong>diderit</strong></span> <span class='ocrx_word' id='word_1_32' title='bbox 473 1277 591 1331; x_wconf 85' lang='lat' dir='ltr'><strong>ani-</strong></span> 
     </span>
    </p>
   </div>
   <div class='ocr_carea' id='block_1_14' title="bbox 230 1346 764 1420">
    <p class='ocr_par' dir='ltr' id='par_1_14' title="bbox 230 1346 764 1420">
     <span class='ocr_line' id='line_1_14' title="bbox 230 1346 764 1420; baseline 0.007 -19"><span class='ocrx_word' id='word_1_33' title='bbox 230 1362 397 1401; x_wconf 89' lang='lat' dir='ltr'><strong>mam</strong></span> <span class='ocrx_word' id='word_1_34' title='bbox 432 1346 513 1420; x_wconf 67' lang='lat' dir='ltr'><strong>(lt)</strong></span> <span class='ocrx_word' id='word_1_35' title='bbox 544 1362 696 1404; x_wconf 84' lang='lat' dir='ltr'><strong>suam</strong></span> <span class='ocrx_word' id='word_1_36' title='bbox 726 1348 764 1420; x_wconf 68' lang='grc' dir='ltr'><strong>-ι-</strong></span> 
     </span>
    </p>
   </div>
   <div class='ocr_carea' id='block_1_15' title="bbox 227 1419 631 1475">
    <p class='ocr_par' dir='ltr' id='par_1_15' title="bbox 227 1419 631 1475">
     <span class='ocr_line' id='line_1_15' title="bbox 227 1419 631 1475; baseline 0.005 -2"><span class='ocrx_word' id='word_1_37' title='bbox 227 1432 296 1473; x_wconf 86' lang='lat' dir='ltr'><strong>ea</strong></span> <span class='ocrx_word' id='word_1_38' title='bbox 308 1433 418 1473; x_wconf 89' lang='lat' dir='ltr'><strong>usa</strong></span> <span class='ocrx_word' id='word_1_39' title='bbox 452 1419 631 1475; x_wconf 87' lang='lat' dir='ltr'><strong>Evan-</strong></span> 
     </span>
    </p>
   </div>
   <div class='ocr_carea' id='block_1_16' title="bbox 227 1491 544 1559">
    <p class='ocr_par' dir='ltr' id='par_1_16' title="bbox 227 1491 544 1559">
     <span class='ocr_line' id='line_1_16' title="bbox 227 1491 544 1559; baseline 0.006 -16"><span class='ocrx_word' id='word_1_40' title='bbox 227 1492 399 1559; x_wconf 80' lang='lat' dir='ltr'><strong>gelii,</strong></span> <span class='ocrx_word' id='word_1_41' title='bbox 432 1491 544 1545; x_wconf 84' lang='lat' dir='ltr'><strong>sal-</strong></span> 
     </span>
    </p>
   </div>
   <div class='ocr_carea' id='block_1_17' title="bbox 228 1562 584 1617">
    <p class='ocr_par' dir='ltr' id='par_1_17' title="bbox 228 1562 584 1617">
     <span class='ocr_line' id='line_1_17' title="bbox 228 1562 584 1617; baseline 0.006 -2"><span class='ocrx_word' id='word_1_42' title='bbox 228 1562 400 1616; x_wconf 78' lang='lat' dir='ltr'><strong>vabit</strong></span> <span class='ocrx_word' id='word_1_43' title='bbox 438 1576 584 1617; x_wconf 90' lang='lat' dir='ltr'><strong>eam.</strong></span> 
     </span>
    </p>
   </div>
   <div class='ocr_carea' id='block_1_18' title="bbox 228 1633 850 1705">
    <p class='ocr_par' dir='ltr' id='par_1_18' title="bbox 228 1633 850 1705">
     <span class='ocr_line' id='line_1_18' title="bbox 228 1633 850 1705; baseline 0.008 -18"><span class='ocrx_word' id='word_1_44' title='bbox 228 1633 331 1705; x_wconf 83' lang='grc'><strong>56.</strong></span> <span class='ocrx_word' id='word_1_45' title='bbox 367 1633 515 1705; x_wconf 90' lang='lat' dir='ltr'><strong>Quid</strong></span> <span class='ocrx_word' id='word_1_46' title='bbox 546 1634 691 1690; x_wconf 91' lang='lat' dir='ltr'><strong>enim</strong></span> <span class='ocrx_word' id='word_1_47' title='bbox 722 1648 850 1705; x_wconf 84' lang='lat' dir='ltr'><strong>pro-</strong></span> 
     </span>
    </p>
   </div>
   <div class='ocr_carea' id='block_1_19' title="bbox 229 1703 633 1772">
    <p class='ocr_par' dir='ltr' id='par_1_19' title="bbox 229 1703 633 1772">
     <span class='ocr_line' id='line_1_19' title="bbox 229 1703 633 1772; baseline 0.01 -15"><span class='ocrx_word' id='word_1_48' title='bbox 229 1704 369 1759; x_wconf 88' lang='lat' dir='ltr'><strong>dest</strong></span> <span class='ocrx_word' id='word_1_49' title='bbox 401 1703 633 1772; x_wconf 84' lang='lat' dir='ltr'><strong>homini,</strong></span> 
     </span>
    </p>
   </div>
   <div class='ocr_carea' id='block_1_20' title="bbox 230 1777 570 1831">
    <p class='ocr_par' dir='ltr' id='par_1_20' title="bbox 230 1777 570 1831">
     <span class='ocr_line' id='line_1_20' title="bbox 230 1777 570 1831; baseline 0.003 -1"><span class='ocrx_word' id='word_1_50' title='bbox 230 1777 281 1830; x_wconf 89' lang='lat' dir='ltr'><strong>si</strong></span> <span class='ocrx_word' id='word_1_51' title='bbox 311 1777 570 1831; x_wconf 86' lang='lat' dir='ltr'><strong>lucratus</strong></span> 
     </span>
    </p>
   </div>
   <div class='ocr_carea' id='block_1_21' title="bbox 229 1846 661 1904">
    <p class='ocr_par' dir='ltr' id='par_1_21' title="bbox 229 1846 661 1904">
     <span class='ocr_line' id='line_1_21' title="bbox 229 1846 661 1904; baseline 0.007 -3"><span class='ocrx_word' id='word_1_52' title='bbox 229 1846 417 1902; x_wconf 81' lang='lat' dir='ltr'><strong>fuerit</strong></span> <span class='ocrx_word' id='word_1_53' title='bbox 445 1849 462 1878; x_wconf 84' lang='grc'>¹</span> <span class='ocrx_word' id='word_1_54' title='bbox 489 1856 661 1904; x_wconf 91' lang='lat' dir='ltr'><strong>totum</strong></span> 
     </span>
    </p>
   </div>
   <div class='ocr_carea' id='block_1_22' title="bbox 231 1918 643 1986">
    <p class='ocr_par' dir='ltr' id='par_1_22' title="bbox 231 1918 643 1986">
     <span class='ocr_line' id='line_1_22' title="bbox 231 1918 643 1986; baseline 0.007 -13"><span class='ocrx_word' id='word_1_55' title='bbox 231 1918 556 1986; x_wconf 69' lang='lat' dir='ltr'><strong>saeculum,</strong></span> <span class='ocrx_word' id='word_1_56' title='bbox 587 1928 643 1976; x_wconf 90' lang='lat' dir='ltr'><strong>et</strong></span> 
     </span>
    </p>
   </div>
   <div class='ocr_carea' id='block_1_23' title="bbox 227 1992 562 2060">
    <p class='ocr_par' dir='ltr' id='par_1_23' title="bbox 227 1992 562 2060">
     <span class='ocr_line' id='line_1_23' title="bbox 227 1992 562 2060; baseline 0.009 -17"><span class='ocrx_word' id='word_1_57' title='bbox 227 1992 562 2060; x_wconf 86' lang='lat' dir='ltr'><strong>jacturatus</strong></span> 
     </span>
    </p>
   </div>
   <div class='ocr_carea' id='block_1_24' title="bbox 229 2061 552 2117">
    <p class='ocr_par' dir='ltr' id='par_1_24' title="bbox 229 2061 552 2117">
     <span class='ocr_line' id='line_1_24' title="bbox 229 2061 552 2117; baseline 0 0"><span class='ocrx_word' id='word_1_58' title='bbox 229 2061 414 2117; x_wconf 78' lang='lat' dir='ltr'><strong>fuerit</strong></span> <span class='ocrx_word' id='word_1_59' title='bbox 436 2062 552 2117; x_wconf 91' lang='lat' dir='ltr'><strong>ani-</strong></span> 
     </span>
    </p>
   </div>
   <div class='ocr_carea' id='block_1_25' title="bbox 232 2133 639 2189">
    <p class='ocr_par' dir='ltr' id='par_1_25' title="bbox 232 2133 639 2189">
     <span class='ocr_line' id='line_1_25' title="bbox 232 2133 639 2189; baseline -0.002 -1"><span class='ocrx_word' id='word_1_60' title='bbox 232 2148 398 2188; x_wconf 88' lang='lat' dir='ltr'><strong>mam</strong></span> <span class='ocrx_word' id='word_1_61' title='bbox 431 2149 586 2189; x_wconf 89' lang='lat' dir='ltr'><strong>suam</strong></span> <span class='ocrx_word' id='word_1_62' title='bbox 615 2133 639 2187; x_wconf 68' lang='grc' dir='ltr'><em>ἲ</em></span> 
     </span>
    </p>
   </div>
   <div class='ocr_carea' id='block_1_26' title="bbox 232 2206 672 2275">
    <p class='ocr_par' dir='ltr' id='par_1_26' title="bbox 232 2206 672 2275">
     <span class='ocr_line' id='line_1_26' title="bbox 232 2206 672 2275; baseline -0.002 -14"><span class='ocrx_word' id='word_1_63' title='bbox 232 2206 336 2261; x_wconf 82' lang='grc'><strong>57.</strong></span> <span class='ocrx_word' id='word_1_64' title='bbox 374 2206 485 2261; x_wconf 82' lang='lat' dir='ltr'><strong>Aut</strong></span> <span class='ocrx_word' id='word_1_65' title='bbox 509 2220 672 2275; x_wconf 87' lang='lat' dir='ltr'><strong>quam</strong></span> 
     </span>
    </p>
   </div>
   <div class='ocr_carea' id='block_1_27' title="bbox 234 2275 601 2332">
    <p class='ocr_par' dir='ltr' id='par_1_27' title="bbox 234 2275 601 2332">
     <span class='ocr_line' id='line_1_27' title="bbox 234 2275 601 2332; baseline -0.003 0"><span class='ocrx_word' id='word_1_66' title='bbox 234 2275 406 2332; x_wconf 87' lang='lat' dir='ltr'><strong>dabit</strong></span> <span class='ocrx_word' id='word_1_67' title='bbox 437 2277 601 2331; x_wconf 86' lang='lat' dir='ltr'><strong>homo</strong></span> 
     </span>
    </p>
   </div>
   <div class='ocr_carea' id='block_1_28' title="bbox 240 2348 675 2421">
    <p class='ocr_par' dir='ltr' id='par_1_28' title="bbox 240 2348 675 2421">
     <span class='ocr_line' id='line_1_28' title="bbox 240 2348 675 2421; baseline 0 -18"><span class='ocrx_word' id='word_1_68' title='bbox 240 2348 328 2421; x_wconf 90' lang='lat' dir='ltr'><strong>(b)</strong></span> <span class='ocrx_word' id='word_1_69' title='bbox 362 2356 675 2403; x_wconf 85' lang='lat' dir='ltr'><strong>commuta-</strong></span> 
     </span>
    </p>
   </div>
   <div class='ocr_carea' id='block_1_29' title="bbox 235 2421 662 2490">
    <p class='ocr_par' dir='ltr' id='par_1_29' title="bbox 235 2421 662 2490">
     <span class='ocr_line' id='line_1_29' title="bbox 235 2421 662 2490; baseline 0.005 -17"><span class='ocrx_word' id='word_1_70' title='bbox 235 2422 463 2474; x_wconf 83' lang='lat' dir='ltr'><strong>tionem</strong></span> <span class='ocrx_word' id='word_1_71' title='bbox 494 2421 532 2490; x_wconf 50' lang='grc' dir='ltr'><strong>ᾧ</strong></span> <span class='ocrx_word' id='word_1_72' title='bbox 563 2436 662 2490; x_wconf 92' lang='lat' dir='ltr'><strong>pro</strong></span> 
     </span>
    </p>
   </div>
   <div class='ocr_carea' id='block_1_30' title="bbox 235 2491 760 2561">
    <p class='ocr_par' dir='ltr' id='par_1_30' title="bbox 235 2491 760 2561">
     <span class='ocr_line' id='line_1_30' title="bbox 235 2491 760 2561; baseline -0.004 -16"><span class='ocrx_word' id='word_1_73' title='bbox 235 2491 379 2561; x_wconf 76' lang='lat' dir='ltr'><strong>(sic)</strong></span> <span class='ocrx_word' id='word_1_74' title='bbox 405 2493 643 2546; x_wconf 84' lang='lat' dir='ltr'><strong>animam</strong></span> <span class='ocrx_word' id='word_1_75' title='bbox 670 2504 760 2544; x_wconf 93' lang='lat' dir='ltr'><strong>su-</strong></span> 
     </span>
    </p>
   </div>
   <div class='ocr_carea' id='block_1_31' title="bbox 235 2563 691 2643">
    <p class='ocr_par' dir='ltr' id='par_1_31' title="bbox 235 2563 691 2643">
     <span class='ocr_line' id='line_1_31' title="bbox 235 2563 691 2643; baseline -0.004 -23"><span class='ocrx_word' id='word_1_76' title='bbox 235 2564 343 2620; x_wconf 82' lang='grc'>58.</span> <span class='ocrx_word' id='word_1_77' title='bbox 373 2564 505 2643; x_wconf 67' lang='lat' dir='ltr'><strong>ant?</strong></span> <span class='ocrx_word' id='word_1_78' title='bbox 534 2563 691 2632; x_wconf 88' lang='lat' dir='ltr'><strong>Quis-</strong></span> 
     </span>
    </p>
   </div>
   <div class='ocr_carea' id='block_1_32' title="bbox 240 2649 527 2705">
    <p class='ocr_par' dir='ltr' id='par_1_32' title="bbox 240 2649 527 2705">
     <span class='ocr_line' id='line_1_32' title="bbox 240 2649 527 2705; baseline 0 -18"><span class='ocrx_word' id='word_1_79' title='bbox 240 2649 363 2705; x_wconf 85' lang='lat' dir='ltr'><strong>que</strong></span> <span class='ocrx_word' id='word_1_80' title='bbox 378 2649 527 2705; x_wconf 10' lang='lat' dir='ltr'><strong>gentm</strong></span> 
     </span>
    </p>
   </div>
   <div class='ocr_carea' id='block_1_33' title="bbox 244 2704 660 2761">
    <p class='ocr_par' dir='ltr' id='par_1_33' title="bbox 244 2704 660 2761">
     <span class='ocr_line' id='line_1_33' title="bbox 244 2704 660 2761; baseline 0 0"><span class='ocrx_word' id='word_1_81' title='bbox 244 2704 519 2761; x_wconf 68' lang='lat' dir='ltr'><strong>Confusus</strong></span> <span class='ocrx_word' id='word_1_82' title='bbox 545 2705 660 2761; x_wconf 88' lang='lat' dir='ltr'><strong>l&#39;ue-</strong></span> 
     </span>
    </p>
   </div>
   <div class='ocr_carea' id='block_1_34' title="bbox 247 2777 679 2843">
    <p class='ocr_par' dir='ltr' id='par_1_34' title="bbox 247 2777 679 2843">
     <span class='ocr_line' id='line_1_34' title="bbox 247 2777 679 2843; baseline 0 -10"><span class='ocrx_word' id='word_1_83' title='bbox 247 2777 327 2833; x_wconf 86' lang='lat' dir='ltr'><strong>rit</strong></span> <span class='ocrx_word' id='word_1_84' title='bbox 354 2791 464 2843; x_wconf 89' lang='lat' dir='ltr'><strong>me,</strong></span> <span class='ocrx_word' id='word_1_85' title='bbox 482 2788 537 2831; x_wconf 90' lang='lat' dir='ltr'><strong>et</strong></span> <span class='ocrx_word' id='word_1_86' title='bbox 566 2792 679 2833; x_wconf 82' lang='lat' dir='ltr'><strong>me-</strong></span> 
     </span>
    </p>
   </div>
   <div class='ocr_carea' id='block_1_35' title="bbox 251 2847 560 2904">
    <p class='ocr_par' dir='ltr' id='par_1_35' title="bbox 251 2847 560 2904">
     <span class='ocr_line' id='line_1_35' title="bbox 251 2847 560 2904; baseline 0 0"><span class='ocrx_word' id='word_1_87' title='bbox 251 2864 285 2904; x_wconf 90' lang='lat' dir='ltr'><strong>a</strong></span> <span class='ocrx_word' id='word_1_88' title='bbox 310 2847 478 2903; x_wconf 87' lang='lat' dir='ltr'><strong>verba</strong></span> <span class='ocrx_word' id='word_1_89' title='bbox 506 2849 560 2904; x_wconf 93' lang='lat' dir='ltr'><strong>in</strong></span> 
     </span>
    </p>
   </div>
   <div class='ocr_carea' id='block_1_36' title="bbox 252 2919 575 2991">
    <p class='ocr_par' dir='ltr' id='par_1_36' title="bbox 252 2919 575 2991">
     <span class='ocr_line' id='line_1_36' title="bbox 252 2919 575 2991; baseline 0 -18"><span class='ocrx_word' id='word_1_90' title='bbox 252 2919 575 2991; x_wconf 86' lang='lat' dir='ltr'><strong>generatio-</strong></span> 
     </span>
    </p>
   </div>
   <div class='ocr_carea' id='block_1_37' title="bbox 253 2991 624 3060">
    <p class='ocr_par' dir='ltr' id='par_1_37' title="bbox 253 2991 624 3060">
     <span class='ocr_line' id='line_1_37' title="bbox 253 2991 624 3060; baseline 0.003 -14"><span class='ocrx_word' id='word_1_91' title='bbox 253 3007 329 3046; x_wconf 90' lang='lat' dir='ltr'><strong>ne</strong></span> <span class='ocrx_word' id='word_1_92' title='bbox 356 2991 624 3060; x_wconf 90' lang='lat' dir='ltr'><strong>adultera,</strong></span> 
     </span>
    </p>
   </div>
   <div class='ocr_carea' id='block_1_38' title="bbox 257 3064 608 3132">
    <p class='ocr_par' dir='ltr' id='par_1_38' title="bbox 257 3064 608 3132">
     <span class='ocr_line' id='line_1_38' title="bbox 257 3064 608 3132; baseline -0.003 -14"><span class='ocrx_word' id='word_1_93' title='bbox 257 3073 313 3119; x_wconf 90' lang='lat' dir='ltr'><strong>et</strong></span> <span class='ocrx_word' id='word_1_94' title='bbox 344 3064 608 3132; x_wconf 84' lang='lat' dir='ltr'><strong>peccatri-</strong></span> 
     </span>
    </p>
   </div>
   <div class='ocr_carea' id='block_1_39' title="bbox 260 3132 753 3217">
    <p class='ocr_par' dir='ltr' id='par_1_39' title="bbox 260 3132 753 3217">
     <span class='ocr_line' id='line_1_39' title="bbox 260 3132 753 3217; baseline 0.004 -28"><span class='ocrx_word' id='word_1_95' title='bbox 260 3149 348 3217; x_wconf 70' lang='lat' dir='ltr'><strong>ce,</strong></span> <span class='ocrx_word' id='word_1_96' title='bbox 370 3143 427 3215; x_wconf 78' lang='lat' dir='ltr'><strong>et</strong></span> <span class='ocrx_word' id='word_1_97' title='bbox 454 3133 624 3190; x_wconf 89' lang='lat' dir='ltr'><strong>Filius</strong></span> <span class='ocrx_word' id='word_1_98' title='bbox 653 3132 753 3191; x_wconf 83' lang='lat' dir='ltr'><strong>lto-</strong></span> 
     </span>
    </p>
   </div>
   <div class='ocr_carea' id='block_1_40' title="bbox 263 3220 593 3263">
    <p class='ocr_par' dir='ltr' id='par_1_40' title="bbox 263 3220 593 3263">
     <span class='ocr_line' id='line_1_40' title="bbox 263 3220 593 3263; baseline 0.009 -2"><span class='ocrx_word' id='word_1_99' title='bbox 263 3222 430 3261; x_wconf 81' lang='lat' dir='ltr'><strong>mmlS</strong></span> <span class='ocrx_word' id='word_1_100' title='bbox 459 3220 593 3263; x_wconf 71' lang='lat' dir='ltr'><strong>COH‘</strong></span> 
     </span>
    </p>
   </div>
   <div class='ocr_carea' id='block_1_41' title="bbox 260 3277 451 3333">
    <p class='ocr_par' dir='ltr' id='par_1_41' title="bbox 260 3277 451 3333">
     <span class='ocr_line' id='line_1_41' title="bbox 260 3277 451 3333; baseline 0.016 -3"><span class='ocrx_word' id='word_1_101' title='bbox 260 3277 451 3333; x_wconf 72' lang='lat' dir='ltr'><strong>tundet</strong></span> 
     </span>
    </p>
   </div>
   <div class='ocr_carea' id='block_1_42' title="bbox 263 3362 408 3416">
    <p class='ocr_par' dir='ltr' id='par_1_42' title="bbox 263 3362 408 3416">
     <span class='ocr_line' id='line_1_42' title="bbox 263 3362 408 3416; baseline 0 -12"><span class='ocrx_word' id='word_1_102' title='bbox 263 3362 408 3416; x_wconf 86' lang='lat' dir='ltr'><strong>eum,</strong></span> 
     </span>
    </p>
   </div>
   <div class='ocr_carea' id='block_1_43' title="bbox 1291 282 2511 347">
    <p class='ocr_par' dir='ltr' id='par_1_43' title="bbox 1291 282 2511 347">
     <span class='ocr_line' id='line_1_43' title="bbox 1291 282 2511 347; baseline 0.005 -9"><span class='ocrx_word' id='word_1_103' title='bbox 1291 282 1744 342; x_wconf 83' lang='lat' dir='ltr'><strong>EVANGELIUM</strong></span> <span class='ocrx_word' id='word_1_104' title='bbox 1780 283 2154 344; x_wconf 80' lang='lat' dir='ltr'><strong>SECUNDUM</strong></span> <span class='ocrx_word' id='word_1_105' title='bbox 2195 287 2511 347; x_wconf 80' lang='lat' dir='ltr'><strong>MARCUM.</strong></span> 
     </span>
    </p>
   </div>
   <div class='ocr_carea' id='block_1_44' title="bbox 645 395 1457 459">
    <p class='ocr_par' dir='ltr' id='par_1_44' title="bbox 645 395 1457 459">
     <span class='ocr_line' id='line_1_44' title="bbox 645 395 1457 459; baseline 0.004 -5"><span class='ocrx_word' id='word_1_106' title='bbox 645 395 875 455; x_wconf 78' lang='lat' dir='ltr'><strong>CODEX</strong></span> <span class='ocrx_word' id='word_1_107' title='bbox 918 396 1457 459; x_wconf 79' lang='lat' dir='ltr'><strong>VERCELLENSIS.</strong></span> 
     </span>
    </p>
   </div>
   <div class='ocr_carea' id='block_1_45' title="bbox 1089 494 1453 550">
    <p class='ocr_par' dir='ltr' id='par_1_45' title="bbox 1089 494 1453 550">
     <span class='ocr_line' id='line_1_45' title="bbox 1089 494 1453 550; baseline -0.003 0"><span class='ocrx_word' id='word_1_108' title='bbox 1089 510 1210 550; x_wconf 90' lang='lat' dir='ltr'><strong>cum</strong></span> <span class='ocrx_word' id='word_1_109' title='bbox 1242 494 1453 550; x_wconf 84' lang='lat' dir='ltr'><strong>venerit</strong></span> 
     </span>
    </p>
   </div>
   <div class='ocr_carea' id='block_1_46' title="bbox 1090 566 1473 635">
    <p class='ocr_par' dir='ltr' id='par_1_46' title="bbox 1090 566 1473 635">
     <span class='ocr_line' id='line_1_46' title="bbox 1090 566 1473 635; baseline 0.005 -16"><span class='ocrx_word' id='word_1_110' title='bbox 1090 568 1142 621; x_wconf 94' lang='lat' dir='ltr'><strong>in</strong></span> <span class='ocrx_word' id='word_1_111' title='bbox 1172 567 1344 635; x_wconf 82' lang='lat' dir='ltr'><strong>gloria</strong></span> <span class='ocrx_word' id='word_1_112' title='bbox 1368 566 1473 621; x_wconf 90' lang='lat' dir='ltr'><strong>Pa-</strong></span> 
     </span>
    </p>
   </div>
   <div class='ocr_carea' id='block_1_47' title="bbox 1090 638 1453 692">
    <p class='ocr_par' dir='ltr' id='par_1_47' title="bbox 1090 638 1453 692">
     <span class='ocr_line' id='line_1_47' title="bbox 1090 638 1453 692; baseline -0.003 -1"><span class='ocrx_word' id='word_1_113' title='bbox 1090 639 1186 692; x_wconf 86' lang='lat' dir='ltr'><strong>tris</strong></span> <span class='ocrx_word' id='word_1_114' title='bbox 1218 638 1300 692; x_wconf 86' lang='lat' dir='ltr'><strong>sui</strong></span> <span class='ocrx_word' id='word_1_115' title='bbox 1330 653 1453 691; x_wconf 90' lang='lat' dir='ltr'><strong>cum</strong></span> 
     </span>
    </p>
   </div>
   <div class='ocr_carea' id='block_1_48' title="bbox 1090 710 1492 779">
    <p class='ocr_par' dir='ltr' id='par_1_48' title="bbox 1090 710 1492 779">
     <span class='ocr_line' id='line_1_48' title="bbox 1090 710 1492 779; baseline -0.005 -16"><span class='ocrx_word' id='word_1_116' title='bbox 1090 710 1311 779; x_wconf 80' lang='lat' dir='ltr'><strong>Angelis</strong></span> <span class='ocrx_word' id='word_1_117' title='bbox 1336 723 1492 763; x_wconf 86' lang='lat' dir='ltr'><strong>sanc-</strong></span> 
     </span>
    </p>
   </div>
   <div class='ocr_carea' id='block_1_49' title="bbox 1087 780 1638 837">
    <p class='ocr_par' dir='ltr' id='par_1_49' title="bbox 1087 780 1638 837">
     <span class='ocr_line' id='line_1_49' title="bbox 1087 780 1638 837; baseline -0.002 -1"><span class='ocrx_word' id='word_1_118' title='bbox 1087 780 1177 836; x_wconf 91' lang='grc'><strong>59.</strong></span> <span class='ocrx_word' id='word_1_119' title='bbox 1212 780 1301 836; x_wconf 88' lang='lat' dir='ltr'><strong>tis.</strong></span> <span class='ocrx_word' id='word_1_120' title='bbox 1327 780 1394 836; x_wconf 87' lang='lat' dir='ltr'><strong>Et</strong></span> <span class='ocrx_word' id='word_1_121' title='bbox 1421 780 1638 837; x_wconf 88' lang='lat' dir='ltr'><strong>dicebat</strong></span> 
     </span>
    </p>
   </div>
   <div class='ocr_carea' id='block_1_50' title="bbox 1088 852 1244 907">
    <p class='ocr_par' dir='ltr' id='par_1_50' title="bbox 1088 852 1244 907">
     <span class='ocr_line' id='line_1_50' title="bbox 1088 852 1244 907; baseline -0.019 0"><span class='ocrx_word' id='word_1_122' title='bbox 1088 852 1197 907; x_wconf 85' lang='lat' dir='ltr'><strong>illis</strong></span> <span class='ocrx_word' id='word_1_123' title='bbox 1232 869 1244 904; x_wconf 92' lang='lat'>:</span> 
     </span>
    </p>
   </div>
   <div class='ocr_carea' id='block_1_51' title="bbox 1088 922 1534 979">
    <p class='ocr_par' dir='ltr' id='par_1_51' title="bbox 1088 922 1534 979">
     <span class='ocr_line' id='line_1_51' title="bbox 1088 922 1534 979; baseline 0.002 -2"><span class='ocrx_word' id='word_1_124' title='bbox 1088 922 1261 978; x_wconf 83' lang='lat' dir='ltr'><strong>Amen</strong></span> <span class='ocrx_word' id='word_1_125' title='bbox 1289 922 1412 978; x_wconf 91' lang='lat' dir='ltr'><strong>dico</strong></span> <span class='ocrx_word' id='word_1_126' title='bbox 1438 939 1534 979; x_wconf 90' lang='lat' dir='ltr'><strong>vo-</strong></span> 
     </span>
    </p>
   </div>
   <div class='ocr_carea' id='block_1_52' title="bbox 1088 994 1513 1065">
    <p class='ocr_par' dir='ltr' id='par_1_52' title="bbox 1088 994 1513 1065">
     <span class='ocr_line' id='line_1_52' title="bbox 1088 994 1513 1065; baseline 0.007 -18"><span class='ocrx_word' id='word_1_127' title='bbox 1088 994 1197 1065; x_wconf 84' lang='lat' dir='ltr'><strong>bis,</strong></span> <span class='ocrx_word' id='word_1_128' title='bbox 1232 996 1354 1065; x_wconf 87' lang='lat' dir='ltr'><strong>quia</strong></span> <span class='ocrx_word' id='word_1_129' title='bbox 1384 1005 1513 1051; x_wconf 91' lang='lat' dir='ltr'><strong>sunt</strong></span> 
     </span>
    </p>
   </div>
   <div class='ocr_carea' id='block_1_53' title="bbox 1088 1064 1417 1134">
    <p class='ocr_par' dir='ltr' id='par_1_53' title="bbox 1088 1064 1417 1134">
     <span class='ocr_line' id='line_1_53' title="bbox 1088 1064 1417 1134; baseline 0.006 -15"><span class='ocrx_word' id='word_1_130' title='bbox 1088 1064 1306 1134; x_wconf 79' lang='lat' dir='ltr'><strong>quidam</strong></span> <span class='ocrx_word' id='word_1_131' title='bbox 1330 1066 1417 1121; x_wconf 92' lang='lat' dir='ltr'><strong>hic</strong></span> 
     </span>
    </p>
   </div>
   <div class='ocr_carea' id='block_1_54' title="bbox 1087 1138 1545 1208">
    <p class='ocr_par' dir='ltr' id='par_1_54' title="bbox 1087 1138 1545 1208">
     <span class='ocr_line' id='line_1_54' title="bbox 1087 1138 1545 1208; baseline 0 -17"><span class='ocrx_word' id='word_1_132' title='bbox 1087 1145 1299 1192; x_wconf 81' lang='lat' dir='ltr'><strong>stantes</strong></span> <span class='ocrx_word' id='word_1_133' title='bbox 1325 1138 1404 1208; x_wconf 76' lang='grc' dir='ltr'><strong>(ά)</strong></span> <span class='ocrx_word' id='word_1_134' title='bbox 1434 1152 1545 1191; x_wconf 82' lang='lat' dir='ltr'><strong>me-</strong></span> 
     </span>
    </p>
   </div>
   <div class='ocr_carea' id='block_1_55' title="bbox 1088 1209 1553 1278">
    <p class='ocr_par' dir='ltr' id='par_1_55' title="bbox 1088 1209 1553 1278">
     <span class='ocr_line' id='line_1_55' title="bbox 1088 1209 1553 1278; baseline 0.004 -15"><span class='ocrx_word' id='word_1_135' title='bbox 1088 1223 1213 1263; x_wconf 89' lang='lat' dir='ltr'><strong>cum</strong></span> <span class='ocrx_word' id='word_1_136' title='bbox 1241 1209 1299 1276; x_wconf 54' lang='grc' dir='ltr'><strong>οἴ,</strong></span> <span class='ocrx_word' id='word_1_137' title='bbox 1323 1210 1414 1278; x_wconf 89' lang='lat' dir='ltr'><strong>qui</strong></span> <span class='ocrx_word' id='word_1_138' title='bbox 1443 1223 1553 1265; x_wconf 88' lang='lat' dir='ltr'><strong>non</strong></span> 
     </span>
    </p>
   </div>
   <div class='ocr_carea' id='block_1_56' title="bbox 1087 1279 1382 1349">
    <p class='ocr_par' dir='ltr' id='par_1_56' title="bbox 1087 1279 1382 1349">
     <span class='ocr_line' id='line_1_56' title="bbox 1087 1279 1382 1349; baseline 0.007 -16"><span class='ocrx_word' id='word_1_139' title='bbox 1087 1279 1382 1349; x_wconf 75' lang='lat' dir='ltr'><strong>gustabunt</strong></span> 
     </span>
    </p>
   </div>
   <div class='ocr_carea' id='block_1_57' title="bbox 1089 1351 1474 1414">
    <p class='ocr_par' dir='ltr' id='par_1_57' title="bbox 1089 1351 1474 1414">
     <span class='ocr_line' id='line_1_57' title="bbox 1089 1351 1474 1414; baseline 0.008 -9"><span class='ocrx_word' id='word_1_140' title='bbox 1089 1360 1344 1414; x_wconf 91' lang='lat' dir='ltr'><strong>mortem,</strong></span> <span class='ocrx_word' id='word_1_141' title='bbox 1375 1351 1474 1408; x_wconf 86' lang='lat' dir='ltr'><strong>do-</strong></span> 
     </span>
    </p>
   </div>
   <div class='ocr_carea' id='block_1_58' title="bbox 1089 1422 1441 1477">
    <p class='ocr_par' dir='ltr' id='par_1_58' title="bbox 1089 1422 1441 1477">
     <span class='ocr_line' id='line_1_58' title="bbox 1089 1422 1441 1477; baseline 0 0"><span class='ocrx_word' id='word_1_142' title='bbox 1089 1437 1189 1477; x_wconf 88' lang='lat' dir='ltr'><strong>nec</strong></span> <span class='ocrx_word' id='word_1_143' title='bbox 1217 1422 1441 1477; x_wconf 86' lang='lat' dir='ltr'><strong>videant</strong></span> 
     </span>
    </p>
   </div>
   <div class='ocr_carea' id='block_1_59' title="bbox 1089 1495 1434 1564">
    <p class='ocr_par' dir='ltr' id='par_1_59' title="bbox 1089 1495 1434 1564">
     <span class='ocr_line' id='line_1_59' title="bbox 1089 1495 1434 1564; baseline 0.003 -17"><span class='ocrx_word' id='word_1_144' title='bbox 1089 1508 1315 1564; x_wconf 87' lang='lat' dir='ltr'><strong>regnum</strong></span> <span class='ocrx_word' id='word_1_145' title='bbox 1340 1495 1434 1548; x_wconf 86' lang='lat' dir='ltr'><strong>Dei</strong></span> 
     </span>
    </p>
   </div>
   <div class='ocr_carea' id='block_1_60' title="bbox 1088 1567 1398 1620">
    <p class='ocr_par' dir='ltr' id='par_1_60' title="bbox 1088 1567 1398 1620">
     <span class='ocr_line' id='line_1_60' title="bbox 1088 1567 1398 1620; baseline 0.003 -2"><span class='ocrx_word' id='word_1_146' title='bbox 1088 1567 1398 1620; x_wconf 86' lang='lat' dir='ltr'><strong>venientem</strong></span> 
     </span>
    </p>
   </div>
   <div class='ocr_carea' id='block_1_61' title="bbox 1089 1636 1450 1691">
    <p class='ocr_par' dir='ltr' id='par_1_61' title="bbox 1089 1636 1450 1691">
     <span class='ocr_line' id='line_1_61' title="bbox 1089 1636 1450 1691; baseline -0.006 0"><span class='ocrx_word' id='word_1_147' title='bbox 1089 1636 1144 1691; x_wconf 89' lang='lat' dir='ltr'><strong>in</strong></span> <span class='ocrx_word' id='word_1_148' title='bbox 1172 1636 1450 1691; x_wconf 85' lang='lat' dir='ltr'><strong>virtutem.</strong></span> 
     </span>
    </p>
   </div>
   <div class='ocr_carea' id='block_1_62' title="bbox 1281 1705 1637 1763">
    <p class='ocr_par' dir='ltr' id='par_1_62' title="bbox 1281 1705 1637 1763">
     <span class='ocr_line' id='line_1_62' title="bbox 1281 1705 1637 1763; baseline -0.006 -1"><span class='ocrx_word' id='word_1_149' title='bbox 1281 1706 1511 1763; x_wconf 80' lang='lat' dir='ltr'><strong>CAPUT</strong></span> <span class='ocrx_word' id='word_1_150' title='bbox 1544 1705 1637 1761; x_wconf 77' lang='lat' dir='ltr'><strong>IX.</strong></span> 
     </span>
    </p>
   </div>
   <div class='ocr_carea' id='block_1_63' title="bbox 1092 1778 1647 1849">
    <p class='ocr_par' dir='ltr' id='par_1_63' title="bbox 1092 1778 1647 1849">
     <span class='ocr_line' id='line_1_63' title="bbox 1092 1778 1647 1849; baseline 0 -16"><span class='ocrx_word' id='word_1_151' title='bbox 1092 1780 1141 1833; x_wconf 76' lang='grc'>1.</span> <span class='ocrx_word' id='word_1_152' title='bbox 1169 1778 1239 1834; x_wconf 89' lang='lat' dir='ltr'><strong>Et</strong></span> <span class='ocrx_word' id='word_1_153' title='bbox 1260 1790 1386 1849; x_wconf 89' lang='lat' dir='ltr'><strong>post</strong></span> <span class='ocrx_word' id='word_1_154' title='bbox 1408 1780 1525 1834; x_wconf 89' lang='lat' dir='ltr'><strong>dies</strong></span> <span class='ocrx_word' id='word_1_155' title='bbox 1553 1794 1647 1835; x_wconf 83' lang='lat' dir='ltr'><strong>sex</strong></span> 
     </span>
    </p>
   </div>
   <div class='ocr_carea' id='block_1_64' title="bbox 1089 1850 1386 1920">
    <p class='ocr_par' dir='ltr' id='par_1_64' title="bbox 1089 1850 1386 1920">
     <span class='ocr_line' id='line_1_64' title="bbox 1089 1850 1386 1920; baseline 0.007 -16"><span class='ocrx_word' id='word_1_156' title='bbox 1089 1852 1111 1881; x_wconf 82' lang='grc'>¹</span> <span class='ocrx_word' id='word_1_157' title='bbox 1129 1850 1386 1920; x_wconf 84' lang='lat' dir='ltr'><strong>adsump—</strong></span> 
     </span>
    </p>
   </div>
   <div class='ocr_carea' id='block_1_65' title="bbox 1090 1921 1616 1988">
    <p class='ocr_par' dir='ltr' id='par_1_65' title="bbox 1090 1921 1616 1988">
     <span class='ocr_line' id='line_1_65' title="bbox 1090 1921 1616 1988; baseline 0 -12"><span class='ocrx_word' id='word_1_158' title='bbox 1090 1922 1161 1976; x_wconf 90' lang='lat' dir='ltr'><strong>sit</strong></span> <span class='ocrx_word' id='word_1_159' title='bbox 1188 1922 1215 1977; x_wconf 86' lang='lat' dir='ltr'><strong>.l</strong></span> <span class='ocrx_word' id='word_1_160' title='bbox 1224 1937 1348 1978; x_wconf 90' lang='lat' dir='ltr'><strong>esus</strong></span> <span class='ocrx_word' id='word_1_161' title='bbox 1371 1921 1616 1988; x_wconf 85' lang='lat' dir='ltr'><strong>Petrum,</strong></span> 
     </span>
    </p>
   </div>
   <div class='ocr_carea' id='block_1_66' title="bbox 1089 1993 1446 2059">
    <p class='ocr_par' dir='ltr' id='par_1_66' title="bbox 1089 1993 1446 2059">
     <span class='ocr_line' id='line_1_66' title="bbox 1089 1993 1446 2059; baseline -0.006 -10"><span class='ocrx_word' id='word_1_162' title='bbox 1089 2001 1143 2049; x_wconf 88' lang='lat' dir='ltr'><strong>et</strong></span> <span class='ocrx_word' id='word_1_163' title='bbox 1162 1993 1446 2059; x_wconf 87' lang='lat' dir='ltr'><strong>Jacobum,</strong></span> 
     </span>
    </p>
   </div>
   <div class='ocr_carea' id='block_1_67' title="bbox 1095 2064 1485 2129">
    <p class='ocr_par' dir='ltr' id='par_1_67' title="bbox 1095 2064 1485 2129">
     <span class='ocr_line' id='line_1_67' title="bbox 1095 2064 1485 2129; baseline 0 -10"><span class='ocrx_word' id='word_1_164' title='bbox 1095 2078 1150 2119; x_wconf 88' lang='lat' dir='ltr'><strong>et</strong></span> <span class='ocrx_word' id='word_1_165' title='bbox 1177 2064 1485 2129; x_wconf 82' lang='lat' dir='ltr'><strong>Joltannen,</strong></span> 
     </span>
    </p>
   </div>
   <div class='ocr_carea' id='block_1_68' title="bbox 1094 2135 1477 2192">
    <p class='ocr_par' dir='ltr' id='par_1_68' title="bbox 1094 2135 1477 2192">
     <span class='ocr_line' id='line_1_68' title="bbox 1094 2135 1477 2192; baseline 0.003 -1"><span class='ocrx_word' id='word_1_166' title='bbox 1094 2145 1146 2191; x_wconf 91' lang='lat' dir='ltr'><strong>et</strong></span> <span class='ocrx_word' id='word_1_167' title='bbox 1178 2135 1333 2190; x_wconf 84' lang='lat' dir='ltr'><strong>duxit</strong></span> <span class='ocrx_word' id='word_1_168' title='bbox 1356 2136 1477 2192; x_wconf 92' lang='lat' dir='ltr'><strong>illos</strong></span> 
     </span>
    </p>
   </div>
   <div class='ocr_carea' id='block_1_69' title="bbox 1097 2207 1421 2262">
    <p class='ocr_par' dir='ltr' id='par_1_69' title="bbox 1097 2207 1421 2262">
     <span class='ocr_line' id='line_1_69' title="bbox 1097 2207 1421 2262; baseline 0.006 -2"><span class='ocrx_word' id='word_1_169' title='bbox 1097 2207 1150 2261; x_wconf 89' lang='lat' dir='ltr'><strong>in</strong></span> <span class='ocrx_word' id='word_1_170' title='bbox 1181 2216 1421 2262; x_wconf 87' lang='lat' dir='ltr'><strong>montem</strong></span> 
     </span>
    </p>
   </div>
   <div class='ocr_carea' id='block_1_70' title="bbox 1096 2278 1494 2334">
    <p class='ocr_par' dir='ltr' id='par_1_70' title="bbox 1096 2278 1494 2334">
     <span class='ocr_line' id='line_1_70' title="bbox 1096 2278 1494 2334; baseline 0.005 -2"><span class='ocrx_word' id='word_1_171' title='bbox 1096 2278 1262 2333; x_wconf 90' lang='lat' dir='ltr'><strong>altum</strong></span> <span class='ocrx_word' id='word_1_172' title='bbox 1293 2287 1313 2317; x_wconf 79' lang='grc'>³</span> <span class='ocrx_word' id='word_1_173' title='bbox 1342 2294 1494 2334; x_wconf 89' lang='lat' dir='ltr'><strong>seor-</strong></span> 
     </span>
    </p>
   </div>
   <div class='ocr_carea' id='block_1_71' title="bbox 1096 2351 1505 2417">
    <p class='ocr_par' dir='ltr' id='par_1_71' title="bbox 1096 2351 1505 2417">
     <span class='ocr_line' id='line_1_71' title="bbox 1096 2351 1505 2417; baseline 0.005 -13"><span class='ocrx_word' id='word_1_174' title='bbox 1096 2363 1215 2405; x_wconf 89' lang='lat' dir='ltr'><strong>sum</strong></span> <span class='ocrx_word' id='word_1_175' title='bbox 1240 2351 1413 2417; x_wconf 90' lang='lat' dir='ltr'><strong>solus,</strong></span> <span class='ocrx_word' id='word_1_176' title='bbox 1449 2360 1505 2406; x_wconf 91' lang='lat' dir='ltr'><strong>et</strong></span> 
     </span>
    </p>
   </div>
   <div class='ocr_carea' id='block_1_72' title="bbox 1098 2422 1383 2492">
    <p class='ocr_par' dir='ltr' id='par_1_72' title="bbox 1098 2422 1383 2492">
     <span class='ocr_line' id='line_1_72' title="bbox 1098 2422 1383 2492; baseline 0.007 -18"><span class='ocrx_word' id='word_1_177' title='bbox 1098 2422 1383 2492; x_wconf 81' lang='lat' dir='ltr'><strong>transﬁgu-</strong></span> 
     </span>
    </p>
   </div>
   <div class='ocr_carea' id='block_1_73' title="bbox 1098 2493 1425 2548">
    <p class='ocr_par' dir='ltr' id='par_1_73' title="bbox 1098 2493 1425 2548">
     <span class='ocr_line' id='line_1_73' title="bbox 1098 2493 1425 2548; baseline 0.003 -1"><span class='ocrx_word' id='word_1_178' title='bbox 1098 2502 1247 2548; x_wconf 85' lang='lat' dir='ltr'><strong>ratus</strong></span> <span class='ocrx_word' id='word_1_179' title='bbox 1268 2504 1350 2548; x_wconf 92' lang='lat' dir='ltr'><strong>est</strong></span> <span class='ocrx_word' id='word_1_180' title='bbox 1372 2493 1425 2548; x_wconf 92' lang='lat' dir='ltr'><strong>in</strong></span> 
     </span>
    </p>
   </div>
   <div class='ocr_carea' id='block_1_74' title="bbox 1095 2573 1395 2635">
    <p class='ocr_par' dir='ltr' id='par_1_74' title="bbox 1095 2573 1395 2635">
     <span class='ocr_line' id='line_1_74' title="bbox 1095 2573 1395 2635; baseline -0.003 -16"><span class='ocrx_word' id='word_1_181' title='bbox 1095 2573 1395 2635; x_wconf 88' lang='lat' dir='ltr'><strong>conspectu</strong></span> 
     </span>
    </p>
   </div>
   <div class='ocr_carea' id='block_1_75' title="bbox 1095 2642 1323 2691">
    <p class='ocr_par' dir='ltr' id='par_1_75' title="bbox 1095 2642 1323 2691">
     <span class='ocr_line' id='line_1_75' title="bbox 1095 2642 1323 2691; baseline -0.013 0"><span class='ocrx_word' id='word_1_182' title='bbox 1095 2642 1323 2691; x_wconf 77' lang='lat' dir='ltr'><strong>eorum.‘</strong></span> 
     </span>
    </p>
   </div>
   <div class='ocr_carea' id='block_1_76' title="bbox 1094 2706 1571 2763">
    <p class='ocr_par' dir='ltr' id='par_1_76' title="bbox 1094 2706 1571 2763">
     <span class='ocr_line' id='line_1_76' title="bbox 1094 2706 1571 2763; baseline 0.002 -3"><span class='ocrx_word' id='word_1_183' title='bbox 1094 2706 1150 2761; x_wconf 75' lang='lat'><strong>2.</strong></span> <span class='ocrx_word' id='word_1_184' title='bbox 1184 2707 1253 2761; x_wconf 87' lang='lat' dir='ltr'><strong>Et</strong></span> <span class='ocrx_word' id='word_1_185' title='bbox 1274 2707 1571 2763; x_wconf 89' lang='lat' dir='ltr'><strong>vestimen-</strong></span> 
     </span>
    </p>
   </div>
   <div class='ocr_carea' id='block_1_77' title="bbox 1094 2777 1467 2847">
    <p class='ocr_par' dir='ltr' id='par_1_77' title="bbox 1094 2777 1467 2847">
     <span class='ocr_line' id='line_1_77' title="bbox 1094 2777 1467 2847; baseline 0 -15"><span class='ocrx_word' id='word_1_186' title='bbox 1094 2788 1145 2832; x_wconf 90' lang='lat' dir='ltr'><strong>ta</strong></span> <span class='ocrx_word' id='word_1_187' title='bbox 1177 2778 1295 2847; x_wconf 90' lang='lat' dir='ltr'><strong>ejus</strong></span> <span class='ocrx_word' id='word_1_188' title='bbox 1327 2777 1467 2833; x_wconf 80' lang='lat' dir='ltr'><strong>facta</strong></span> 
     </span>
    </p>
   </div>
   <div class='ocr_carea' id='block_1_78' title="bbox 1092 2848 1454 2920">
    <p class='ocr_par' dir='ltr' id='par_1_78' title="bbox 1092 2848 1454 2920">
     <span class='ocr_line' id='line_1_78' title="bbox 1092 2848 1454 2920; baseline -0.008 -15"><span class='ocrx_word' id='word_1_189' title='bbox 1092 2860 1219 2905; x_wconf 92' lang='lat' dir='ltr'><strong>sunt</strong></span> <span class='ocrx_word' id='word_1_190' title='bbox 1243 2848 1454 2920; x_wconf 79' lang='lat' dir='ltr'><strong>fulgen—</strong></span> 
     </span>
    </p>
   </div>
   <div class='ocr_carea' id='block_1_79' title="bbox 1094 2920 1497 2987">
    <p class='ocr_par' dir='ltr' id='par_1_79' title="bbox 1094 2920 1497 2987">
     <span class='ocr_line' id='line_1_79' title="bbox 1094 2920 1497 2987; baseline 0.005 -13"><span class='ocrx_word' id='word_1_191' title='bbox 1094 2921 1190 2987; x_wconf 90' lang='lat' dir='ltr'><strong>tia,</strong></span> <span class='ocrx_word' id='word_1_192' title='bbox 1213 2920 1233 2951; x_wconf 69' lang='grc'><strong><em>⁸</em></strong></span> <span class='ocrx_word' id='word_1_193' title='bbox 1264 2920 1497 2976; x_wconf 89' lang='lat' dir='ltr'><strong>candida</strong></span> 
     </span>
    </p>
   </div>
   <div class='ocr_carea' id='block_1_80' title="bbox 1091 2992 1425 3057">
    <p class='ocr_par' dir='ltr' id='par_1_80' title="bbox 1091 2992 1425 3057">
     <span class='ocr_line' id='line_1_80' title="bbox 1091 2992 1425 3057; baseline -0.003 -11"><span class='ocrx_word' id='word_1_194' title='bbox 1091 2992 1273 3057; x_wconf 87' lang='lat' dir='ltr'><strong>valde,</strong></span> <span class='ocrx_word' id='word_1_195' title='bbox 1301 3002 1425 3046; x_wconf 89' lang='lat' dir='ltr'><strong>tau-</strong></span> 
     </span>
    </p>
   </div>
   <div class='ocr_carea' id='block_1_81' title="bbox 1091 3063 1584 3132">
    <p class='ocr_par' dir='ltr' id='par_1_81' title="bbox 1091 3063 1584 3132">
     <span class='ocr_line' id='line_1_81' title="bbox 1091 3063 1584 3132; baseline -0.004 -12"><span class='ocrx_word' id='word_1_196' title='bbox 1091 3065 1149 3120; x_wconf 83' lang='grc'><strong>5.</strong></span> <span class='ocrx_word' id='word_1_197' title='bbox 1176 3080 1338 3132; x_wconf 91' lang='lat' dir='ltr'><strong>quam</strong></span> <span class='ocrx_word' id='word_1_198' title='bbox 1368 3065 1483 3118; x_wconf 78' lang='lat' dir='ltr'><strong>nix.</strong></span> <span class='ocrx_word' id='word_1_199' title='bbox 1519 3063 1584 3118; x_wconf 88' lang='lat' dir='ltr'><strong>Et</strong></span> 
     </span>
    </p>
   </div>
   <div class='ocr_carea' id='block_1_82' title="bbox 1096 3135 1502 3191">
    <p class='ocr_par' dir='ltr' id='par_1_82' title="bbox 1096 3135 1502 3191">
     <span class='ocr_line' id='line_1_82' title="bbox 1096 3135 1502 3191; baseline 0 -3"><span class='ocrx_word' id='word_1_200' title='bbox 1096 3135 1248 3189; x_wconf 90' lang='lat' dir='ltr'><strong>visus</strong></span> <span class='ocrx_word' id='word_1_201' title='bbox 1268 3152 1318 3191; x_wconf 91' lang='lat' dir='ltr'><strong>e.</strong></span> <span class='ocrx_word' id='word_1_202' title='bbox 1351 3176 1363 3188; x_wconf 94' lang='lat'><strong>.</strong></span> <span class='ocrx_word' id='word_1_203' title='bbox 1394 3175 1407 3189; x_wconf 92' lang='lat'><strong>.</strong></span> <span class='ocrx_word' id='word_1_204' title='bbox 1436 3175 1450 3189; x_wconf 94' lang='lat'><strong>.</strong></span> <span class='ocrx_word' id='word_1_205' title='bbox 1491 3178 1502 3188; x_wconf 94' lang='lat'><strong>.</strong></span> 
     </span>
    </p>
   </div>
   <div class='ocr_carea' id='block_1_83' title="bbox 1097 3206 1458 3273">
    <p class='ocr_par' dir='ltr' id='par_1_83' title="bbox 1097 3206 1458 3273">
     <span class='ocr_line' id='line_1_83' title="bbox 1097 3206 1458 3273; baseline 0.006 -13"><span class='ocrx_word' id='word_1_206' title='bbox 1097 3206 1305 3273; x_wconf 84' lang='lat' dir='ltr'><strong>Helias,</strong></span> <span class='ocrx_word' id='word_1_207' title='bbox 1334 3222 1458 3262; x_wconf 91' lang='lat' dir='ltr'><strong>cum</strong></span> 
     </span>
    </p>
   </div>
   <div class='ocr_carea' id='block_1_84' title="bbox 1095 3277 1538 3350">
    <p class='ocr_par' dir='ltr' id='par_1_84' title="bbox 1095 3277 1538 3350">
     <span class='ocr_line' id='line_1_84' title="bbox 1095 3277 1538 3350; baseline 0.011 -19"><span class='ocrx_word' id='word_1_208' title='bbox 1095 3277 1294 3350; x_wconf 79' lang='lat' dir='ltr'><strong>Moysi;</strong></span> <span class='ocrx_word' id='word_1_209' title='bbox 1319 3288 1375 3334; x_wconf 89' lang='lat' dir='ltr'><strong>et</strong></span> <span class='ocrx_word' id='word_1_210' title='bbox 1409 3294 1538 3335; x_wconf 88' lang='lat' dir='ltr'><strong>con-</strong></span> 
     </span>
    </p>
   </div>
   <div class='ocr_carea' id='block_1_85' title="bbox 1096 3349 1398 3419">
    <p class='ocr_par' dir='ltr' id='par_1_85' title="bbox 1096 3349 1398 3419">
     <span class='ocr_line' id='line_1_85' title="bbox 1096 3349 1398 3419; baseline 0.007 -16"><span class='ocrx_word' id='word_1_211' title='bbox 1096 3349 1398 3419; x_wconf 86' lang='lat' dir='ltr'><strong>loqueban-</strong></span> 
     </span>
    </p>
   </div>
   <div class='ocr_carea' id='block_1_86' title="bbox 2386 406 3125 468">
    <p class='ocr_par' dir='ltr' id='par_1_86' title="bbox 2386 406 3125 468">
     <span class='ocr_line' id='line_1_86' title="bbox 2386 406 3125 468; baseline 0.007 -5"><span class='ocrx_word' id='word_1_212' title='bbox 2386 406 2622 465; x_wconf 81' lang='lat' dir='ltr'><strong>CODEX</strong></span> <span class='ocrx_word' id='word_1_213' title='bbox 2669 408 3125 468; x_wconf 85' lang='lat' dir='ltr'><strong>VERONENSIS.</strong></span> 
     </span>
    </p>
   </div>
   <div class='ocr_carea' id='block_1_87' title="bbox 1955 500 3206 571">
    <p class='ocr_par' dir='ltr' id='par_1_87' title="bbox 1955 500 3206 571">
     <span class='ocr_line' id='line_1_87' title="bbox 1955 500 3206 571; baseline 0.004 -15"><span class='ocrx_word' id='word_1_214' title='bbox 1955 515 2043 556; x_wconf 91' lang='lat' dir='ltr'><strong>me</strong></span> <span class='ocrx_word' id='word_1_215' title='bbox 2062 500 2105 571; x_wconf 71' lang='grc' dir='ltr'><strong>-ι-</strong></span> <span class='ocrx_word' id='word_1_216' title='bbox 2136 541 2151 567; x_wconf 89' lang='grc'><strong><em>,</em></strong></span> <span class='ocrx_word' id='word_1_217' title='bbox 2174 500 2408 571; x_wconf 88' lang='lat' dir='ltr'><strong>deneget</strong></span> <span class='ocrx_word' id='word_1_218' title='bbox 2788 522 2934 570; x_wconf 89' lang='lat' dir='ltr'><strong>eum,</strong></span> <span class='ocrx_word' id='word_1_219' title='bbox 2963 522 3083 561; x_wconf 91' lang='lat' dir='ltr'><strong>cum</strong></span> <span class='ocrx_word' id='word_1_220' title='bbox 3114 520 3206 561; x_wconf 80' lang='lat' dir='ltr'><strong>ve-</strong></span> 
     </span>
    </p>
   </div>
   <div class='ocr_carea' id='block_1_88' title="bbox 1954 573 3271 647">
    <p class='ocr_par' dir='ltr' id='par_1_88' title="bbox 1954 573 3271 647">
     <span class='ocr_line' id='line_1_88' title="bbox 1954 573 3271 647; baseline 0.004 -21"><span class='ocrx_word' id='word_1_221' title='bbox 1954 586 2043 636; x_wconf 90' lang='lat' dir='ltr'><strong>se;</strong></span> <span class='ocrx_word' id='word_1_222' title='bbox 2077 581 2133 626; x_wconf 91' lang='lat' dir='ltr'><strong>et</strong></span> <span class='ocrx_word' id='word_1_223' title='bbox 2163 573 2358 628; x_wconf 92' lang='lat' dir='ltr'><strong>tollens</strong></span> <span class='ocrx_word' id='word_1_224' title='bbox 2791 579 2933 632; x_wconf 90' lang='lat' dir='ltr'><strong>nerit</strong></span> <span class='ocrx_word' id='word_1_225' title='bbox 2960 578 3011 632; x_wconf 90' lang='lat' dir='ltr'><strong>in</strong></span> <span class='ocrx_word' id='word_1_226' title='bbox 3038 578 3271 647; x_wconf 89' lang='lat' dir='ltr'><strong>gloriam</strong></span> 
     </span>
    </p>
   </div>
   <div class='ocr_carea' id='block_1_89' title="bbox 1954 649 3221 712">
    <p class='ocr_par' dir='ltr' id='par_1_89' title="bbox 1954 649 3221 712">
     <span class='ocr_line' id='line_1_89' title="bbox 1954 649 3221 712; baseline 0.002 -14"><span class='ocrx_word' id='word_1_227' title='bbox 1954 658 2170 698; x_wconf 90' lang='lat' dir='ltr'><strong>crucem</strong></span> <span class='ocrx_word' id='word_1_228' title='bbox 2201 660 2373 712; x_wconf 85' lang='lat' dir='ltr'><strong>suam,</strong></span> <span class='ocrx_word' id='word_1_229' title='bbox 2791 649 2971 704; x_wconf 86' lang='lat' dir='ltr'><strong>Patris</strong></span> <span class='ocrx_word' id='word_1_230' title='bbox 2990 650 3072 703; x_wconf 91' lang='lat' dir='ltr'><strong>sui</strong></span> <span class='ocrx_word' id='word_1_231' title='bbox 3098 664 3221 702; x_wconf 90' lang='lat' dir='ltr'><strong>cum</strong></span> 
     </span>
    </p>
   </div>
   <div class='ocr_carea' id='block_1_90' title="bbox 1955 720 3266 791">
    <p class='ocr_par' dir='ltr' id='par_1_90' title="bbox 1955 720 3266 791">
     <span class='ocr_line' id='line_1_90' title="bbox 1955 720 3266 791; baseline 0.005 -24"><span class='ocrx_word' id='word_1_232' title='bbox 1955 725 2217 791; x_wconf 72' lang='lat' dir='ltr'><strong>sequatur</strong></span> <span class='ocrx_word' id='word_1_233' title='bbox 2242 731 2347 791; x_wconf 85' lang='lat' dir='ltr'><strong>me.</strong></span> <span class='ocrx_word' id='word_1_234' title='bbox 2791 720 3013 791; x_wconf 77' lang='lat' dir='ltr'><strong>Angelis</strong></span> <span class='ocrx_word' id='word_1_235' title='bbox 3046 720 3266 774; x_wconf 89' lang='lat' dir='ltr'><strong>sanctis.</strong></span> 
     </span>
    </p>
   </div>
   <div class='ocr_carea' id='block_1_91' title="bbox 1956 786 3415 853">
    <p class='ocr_par' dir='ltr' id='par_1_91' title="bbox 1956 786 3415 853">
     <span class='ocr_line' id='line_1_91' title="bbox 1956 786 3415 853; baseline 0.003 -13"><span class='ocrx_word' id='word_1_236' title='bbox 1956 786 2046 841; x_wconf 79' lang='grc'><strong>55.</strong></span> <span class='ocrx_word' id='word_1_237' title='bbox 2077 786 2177 853; x_wconf 85' lang='lat' dir='ltr'><strong>Qui</strong></span> <span class='ocrx_word' id='word_1_238' title='bbox 2201 788 2343 842; x_wconf 89' lang='lat' dir='ltr'><strong>enim</strong></span> <span class='ocrx_word' id='word_1_239' title='bbox 2373 801 2466 844; x_wconf 85' lang='lat' dir='ltr'><strong>v0-</strong></span> <span class='ocrx_word' id='word_1_240' title='bbox 2792 786 2902 847; x_wconf 62' lang='grc' dir='ltr'><strong>59Ϊ</strong></span> <span class='ocrx_word' id='word_1_241' title='bbox 2934 792 2999 845; x_wconf 86' lang='grc' dir='ltr'><strong>Ει</strong></span> <span class='ocrx_word' id='word_1_242' title='bbox 3025 791 3235 845; x_wconf 87' lang='lat' dir='ltr'><strong>dicebat</strong></span> <span class='ocrx_word' id='word_1_243' title='bbox 3270 789 3415 847; x_wconf 89' lang='lat' dir='ltr'><strong>illis:</strong></span> 
     </span>
    </p>
   </div>
   <div class='ocr_carea' id='block_1_92' title="bbox 1956 856 3242 917">
    <p class='ocr_par' dir='ltr' id='par_1_92' title="bbox 1956 856 3242 917">
     <span class='ocr_line' id='line_1_92' title="bbox 1956 856 3242 917; baseline 0.003 -7"><span class='ocrx_word' id='word_1_244' title='bbox 1956 856 2117 911; x_wconf 89' lang='lat' dir='ltr'><strong>luerit</strong></span> <span class='ocrx_word' id='word_1_245' title='bbox 2141 858 2377 913; x_wconf 88' lang='lat' dir='ltr'><strong>animam</strong></span> <span class='ocrx_word' id='word_1_246' title='bbox 2794 863 2965 917; x_wconf 84' lang='lat' dir='ltr'><strong>Amen</strong></span> <span class='ocrx_word' id='word_1_247' title='bbox 2994 862 3117 916; x_wconf 90' lang='lat' dir='ltr'><strong>dico</strong></span> <span class='ocrx_word' id='word_1_248' title='bbox 3144 878 3242 915; x_wconf 90' lang='lat' dir='ltr'><strong>vo-</strong></span> 
     </span>
    </p>
   </div>
   <div class='ocr_carea' id='block_1_93' title="bbox 1956 929 3238 1000">
    <p class='ocr_par' dir='ltr' id='par_1_93' title="bbox 1956 929 3238 1000">
     <span class='ocr_line' id='line_1_93' title="bbox 1956 929 3238 1000; baseline 0.003 -17"><span class='ocrx_word' id='word_1_249' title='bbox 1956 942 2112 1000; x_wconf 81' lang='lat' dir='ltr'><strong>suam</strong></span> <span class='ocrx_word' id='word_1_250' title='bbox 2140 929 2344 983; x_wconf 87' lang='lat' dir='ltr'><strong>salvam</strong></span> <span class='ocrx_word' id='word_1_251' title='bbox 2794 934 2899 999; x_wconf 87' lang='lat' dir='ltr'><strong>bis,</strong></span> <span class='ocrx_word' id='word_1_252' title='bbox 2930 933 3070 1000; x_wconf 83' lang='lat' dir='ltr'><strong>quod</strong></span> <span class='ocrx_word' id='word_1_253' title='bbox 3112 942 3238 987; x_wconf 89' lang='lat' dir='ltr'><strong>sunt</strong></span> 
     </span>
    </p>
   </div>
   <div class='ocr_carea' id='block_1_94' title="bbox 1956 998 3105 1075">
    <p class='ocr_par' dir='ltr' id='par_1_94' title="bbox 1956 998 3105 1075">
     <span class='ocr_line' id='line_1_94' title="bbox 1956 998 3105 1075; baseline 0.005 -22"><span class='ocrx_word' id='word_1_254' title='bbox 1956 998 2158 1065; x_wconf 82' lang='lat' dir='ltr'><strong>facere,</strong></span> <span class='ocrx_word' id='word_1_255' title='bbox 2193 1005 2381 1075; x_wconf 81' lang='lat' dir='ltr'><strong>perdet</strong></span> <span class='ocrx_word' id='word_1_256' title='bbox 2796 998 3015 1075; x_wconf 84' lang='lat' dir='ltr'><strong>quidam</strong></span> <span class='ocrx_word' id='word_1_257' title='bbox 3038 1004 3105 1059; x_wconf 88' lang='lat' dir='ltr'><strong>de</strong></span> 
     </span>
    </p>
   </div>
   <div class='ocr_carea' id='block_1_95' title="bbox 1956 1074 3280 1141">
    <p class='ocr_par' dir='ltr' id='par_1_95' title="bbox 1956 1074 3280 1141">
     <span class='ocr_line' id='line_1_95' title="bbox 1956 1074 3280 1141; baseline 0.004 -15"><span class='ocrx_word' id='word_1_258' title='bbox 1956 1086 2105 1137; x_wconf 86' lang='lat' dir='ltr'><strong>eam;</strong></span> <span class='ocrx_word' id='word_1_259' title='bbox 2135 1074 2225 1141; x_wconf 89' lang='lat' dir='ltr'><strong>qui</strong></span> <span class='ocrx_word' id='word_1_260' title='bbox 2797 1074 3280 1131; x_wconf 84' lang='lat' dir='ltr'><strong>circumstantibus</strong></span> 
     </span>
    </p>
   </div>
   <div class='ocr_carea' id='block_1_96' title="bbox 1956 1144 3204 1217">
    <p class='ocr_par' dir='ltr' id='par_1_96' title="bbox 1956 1144 3204 1217">
     <span class='ocr_line' id='line_1_96' title="bbox 1956 1144 3204 1217; baseline 0.013 -22"><span class='ocrx_word' id='word_1_261' title='bbox 1956 1154 2135 1217; x_wconf 79' lang='lat' dir='ltr'><strong>autem</strong></span> <span class='ocrx_word' id='word_1_262' title='bbox 2160 1144 2342 1212; x_wconf 88' lang='lat' dir='ltr'><strong>perdi-</strong></span> <span class='ocrx_word' id='word_1_263' title='bbox 2796 1146 2879 1217; x_wconf 82' lang='grc' dir='ltr'><strong>(ά)</strong></span> <span class='ocrx_word' id='word_1_264' title='bbox 2907 1162 3117 1202; x_wconf 90' lang='lat' dir='ltr'><strong>mecum</strong></span> <span class='ocrx_word' id='word_1_265' title='bbox 3146 1146 3204 1216; x_wconf 61' lang='lat'><strong>&#39;3“.</strong></span> 
     </span>
    </p>
   </div>
   <div class='ocr_carea' id='block_1_97' title="bbox 1958 1213 3159 1289">
    <p class='ocr_par' dir='ltr' id='par_1_97' title="bbox 1958 1213 3159 1289">
     <span class='ocr_line' id='line_1_97' title="bbox 1958 1213 3159 1289; baseline 0.002 -21"><span class='ocrx_word' id='word_1_266' title='bbox 1958 1213 2103 1289; x_wconf 82' lang='lat' dir='ltr'><strong>derit</strong></span> <span class='ocrx_word' id='word_1_267' title='bbox 2128 1216 2361 1289; x_wconf 88' lang='lat' dir='ltr'><strong>animam</strong></span> <span class='ocrx_word' id='word_1_268' title='bbox 2792 1213 2887 1289; x_wconf 82' lang='lat' dir='ltr'><strong>qui</strong></span> <span class='ocrx_word' id='word_1_269' title='bbox 2923 1234 3030 1272; x_wconf 92' lang='lat' dir='ltr'><strong>non</strong></span> <span class='ocrx_word' id='word_1_270' title='bbox 3060 1233 3159 1287; x_wconf 87' lang='lat' dir='ltr'><strong>gu-</strong></span> 
     </span>
    </p>
   </div>
   <div class='ocr_carea' id='block_1_98' title="bbox 1958 1284 3206 1357">
    <p class='ocr_par' dir='ltr' id='par_1_98' title="bbox 1958 1284 3206 1357">
     <span class='ocr_line' id='line_1_98' title="bbox 1958 1284 3206 1357; baseline 0.003 -20"><span class='ocrx_word' id='word_1_271' title='bbox 1958 1284 2036 1357; x_wconf 89' lang='lat' dir='ltr'><strong>(a)</strong></span> <span class='ocrx_word' id='word_1_272' title='bbox 2062 1299 2215 1339; x_wconf 90' lang='lat' dir='ltr'><strong>suam</strong></span> <span class='ocrx_word' id='word_1_273' title='bbox 2246 1287 2283 1356; x_wconf 69' lang='grc' dir='ltr'><strong>-ξο</strong></span> <span class='ocrx_word' id='word_1_274' title='bbox 2320 1300 2445 1357; x_wconf 90' lang='lat' dir='ltr'><strong>pro—</strong></span> <span class='ocrx_word' id='word_1_275' title='bbox 2802 1284 3023 1344; x_wconf 80' lang='lat' dir='ltr'><strong>stabunt</strong></span> <span class='ocrx_word' id='word_1_276' title='bbox 3060 1284 3206 1342; x_wconf 80' lang='lat' dir='ltr'><strong>mor-</strong></span> 
     </span>
    </p>
   </div>
   <div class='ocr_carea' id='block_1_99' title="bbox 1959 1357 3145 1425">
    <p class='ocr_par' dir='ltr' id='par_1_99' title="bbox 1959 1357 3145 1425">
     <span class='ocr_line' id='line_1_99' title="bbox 1959 1357 3145 1425; baseline 0.004 -16"><span class='ocrx_word' id='word_1_277' title='bbox 1959 1366 2083 1424; x_wconf 89' lang='lat' dir='ltr'><strong>pter</strong></span> <span class='ocrx_word' id='word_1_278' title='bbox 2106 1357 2281 1410; x_wconf 84' lang='lat' dir='ltr'><strong>Evan-</strong></span> <span class='ocrx_word' id='word_1_279' title='bbox 2804 1369 2934 1425; x_wconf 90' lang='lat' dir='ltr'><strong>tem,</strong></span> <span class='ocrx_word' id='word_1_280' title='bbox 2970 1359 3145 1413; x_wconf 87' lang='lat' dir='ltr'><strong>donec</strong></span> 
     </span>
    </p>
   </div>
   <div class='ocr_carea' id='block_1_100' title="bbox 1958 1427 3273 1500">
    <p class='ocr_par' dir='ltr' id='par_1_100' title="bbox 1958 1427 3273 1500">
     <span class='ocr_line' id='line_1_100' title="bbox 1958 1427 3273 1500; baseline 0.004 -20"><span class='ocrx_word' id='word_1_281' title='bbox 1958 1427 2186 1500; x_wconf 84' lang='lat' dir='ltr'><strong>gelium,</strong></span> <span class='ocrx_word' id='word_1_282' title='bbox 2217 1429 2319 1483; x_wconf 89' lang='lat' dir='ltr'><strong>sal-</strong></span> <span class='ocrx_word' id='word_1_283' title='bbox 2806 1431 3027 1486; x_wconf 90' lang='lat' dir='ltr'><strong>videant</strong></span> <span class='ocrx_word' id='word_1_284' title='bbox 3047 1445 3273 1500; x_wconf 88' lang='lat' dir='ltr'><strong>regnum</strong></span> 
     </span>
    </p>
   </div>
   <div class='ocr_carea' id='block_1_101' title="bbox 1958 1498 3145 1557">
    <p class='ocr_par' dir='ltr' id='par_1_101' title="bbox 1958 1498 3145 1557">
     <span class='ocr_line' id='line_1_101' title="bbox 1958 1498 3145 1557; baseline 0.003 -6"><span class='ocrx_word' id='word_1_285' title='bbox 1958 1513 2080 1552; x_wconf 91' lang='lat' dir='ltr'><strong>vam</strong></span> <span class='ocrx_word' id='word_1_286' title='bbox 2114 1498 2275 1555; x_wconf 83' lang='lat' dir='ltr'><strong>laciet</strong></span> <span class='ocrx_word' id='word_1_287' title='bbox 2802 1502 2899 1557; x_wconf 89' lang='lat' dir='ltr'><strong>Dei</strong></span> <span class='ocrx_word' id='word_1_288' title='bbox 2923 1498 3145 1557; x_wconf 82' lang='lat' dir='ltr'><strong>veniens</strong></span> 
     </span>
    </p>
   </div>
   <div class='ocr_carea' id='block_1_102' title="bbox 1960 1573 3169 1628">
    <p class='ocr_par' dir='ltr' id='par_1_102' title="bbox 1960 1573 3169 1628">
     <span class='ocr_line' id='line_1_102' title="bbox 1960 1573 3169 1628; baseline 0.001 -5"><span class='ocrx_word' id='word_1_289' title='bbox 1960 1584 2102 1625; x_wconf 89' lang='lat' dir='ltr'><strong>eam.</strong></span> <span class='ocrx_word' id='word_1_290' title='bbox 2802 1573 2855 1627; x_wconf 92' lang='lat' dir='ltr'><strong>in</strong></span> <span class='ocrx_word' id='word_1_291' title='bbox 2887 1574 3169 1628; x_wconf 90' lang='lat' dir='ltr'><strong>virlutem.</strong></span> 
     </span>
    </p>
   </div>
   <div class='ocr_carea' id='block_1_103' title="bbox 1960 1640 3360 1708">
    <p class='ocr_par' dir='ltr' id='par_1_103' title="bbox 1960 1640 3360 1708">
     <span class='ocr_line' id='line_1_103' title="bbox 1960 1640 3360 1708; baseline 0 -13"><span class='ocrx_word' id='word_1_292' title='bbox 1960 1640 2050 1695; x_wconf 76' lang='lat'><strong>&#39;56.</strong></span> <span class='ocrx_word' id='word_1_293' title='bbox 2082 1641 2217 1708; x_wconf 92' lang='lat' dir='ltr'><strong>Quid</strong></span> <span class='ocrx_word' id='word_1_294' title='bbox 2247 1641 2392 1697; x_wconf 85' lang='lat' dir='ltr'><strong>enim</strong></span> <span class='ocrx_word' id='word_1_295' title='bbox 3005 1642 3234 1699; x_wconf 86' lang='lat' dir='ltr'><strong>CAPUT</strong></span> <span class='ocrx_word' id='word_1_296' title='bbox 3267 1641 3360 1696; x_wconf 77' lang='lat' dir='ltr'><strong>lX.</strong></span> 
     </span>
    </p>
   </div>
   <div class='ocr_carea' id='block_1_104' title="bbox 1961 1712 2325 1780">
    <p class='ocr_par' dir='ltr' id='par_1_104' title="bbox 1961 1712 2325 1780">
     <span class='ocr_line' id='line_1_104' title="bbox 1961 1712 2325 1780; baseline 0.008 -15"><span class='ocrx_word' id='word_1_297' title='bbox 1961 1712 2205 1780; x_wconf 89' lang='lat' dir='ltr'><strong>proderit</strong></span> <span class='ocrx_word' id='word_1_298' title='bbox 2228 1712 2325 1768; x_wconf 86' lang='lat' dir='ltr'><strong>ho-</strong></span> 
     </span>
    </p>
   </div>
   <div class='ocr_carea' id='block_1_105' title="bbox 2804 1715 3249 1785">
    <p class='ocr_par' dir='ltr' id='par_1_105' title="bbox 2804 1715 3249 1785">
     <span class='ocr_line' id='line_1_105' title="bbox 2804 1715 3249 1785; baseline 0.002 -15"><span class='ocrx_word' id='word_1_299' title='bbox 2804 1718 2857 1770; x_wconf 84' lang='grc'>1.</span> <span class='ocrx_word' id='word_1_300' title='bbox 2891 1716 2961 1770; x_wconf 83' lang='grc' dir='ltr'><strong>Ει</strong></span> <span class='ocrx_word' id='word_1_301' title='bbox 2983 1722 3109 1785; x_wconf 84' lang='lat' dir='ltr'><strong>post</strong></span> <span class='ocrx_word' id='word_1_302' title='bbox 3130 1715 3249 1771; x_wconf 88' lang='lat' dir='ltr'><strong>dies</strong></span> 
     </span>
    </p>
   </div>
   <div class='ocr_carea' id='block_1_106' title="bbox 1964 1784 2303 1850">
    <p class='ocr_par' dir='ltr' id='par_1_106' title="bbox 1964 1784 2303 1850">
     <span class='ocr_line' id='line_1_106' title="bbox 1964 1784 2303 1850; baseline 0.009 -14"><span class='ocrx_word' id='word_1_303' title='bbox 1964 1784 2120 1850; x_wconf 90' lang='lat' dir='ltr'><strong>mini,</strong></span> <span class='ocrx_word' id='word_1_304' title='bbox 2152 1785 2195 1837; x_wconf 91' lang='lat' dir='ltr'><strong>si</strong></span> <span class='ocrx_word' id='word_1_305' title='bbox 2223 1785 2303 1839; x_wconf 94' lang='lat' dir='ltr'><strong>lu-</strong></span> 
     </span>
    </p>
   </div>
   <div class='ocr_carea' id='block_1_107' title="bbox 2806 1787 3211 1856">
    <p class='ocr_par' dir='ltr' id='par_1_107' title="bbox 2806 1787 3211 1856">
     <span class='ocr_line' id='line_1_107' title="bbox 2806 1787 3211 1856; baseline -0.002 -16"><span class='ocrx_word' id='word_1_306' title='bbox 2806 1804 2879 1841; x_wconf 79' lang='lat' dir='ltr'><strong>vr.</strong></span> <span class='ocrx_word' id='word_1_307' title='bbox 2907 1787 3211 1856; x_wconf 85' lang='lat' dir='ltr'><strong>adsumpsit</strong></span> 
     </span>
    </p>
   </div>
   <div class='ocr_carea' id='block_1_108' title="bbox 2805 1858 3251 1925">
    <p class='ocr_par' dir='ltr' id='par_1_108' title="bbox 2805 1858 3251 1925">
     <span class='ocr_line' id='line_1_108' title="bbox 2805 1858 3251 1925; baseline -0.002 -12"><span class='ocrx_word' id='word_1_308' title='bbox 2805 1858 2964 1913; x_wconf 84' lang='lat' dir='ltr'><strong>Jesus</strong></span> <span class='ocrx_word' id='word_1_309' title='bbox 2996 1859 3214 1912; x_wconf 88' lang='lat' dir='ltr'><strong>Petrum</strong></span> <span class='ocrx_word' id='word_1_310' title='bbox 3234 1896 3251 1925; x_wconf 89' lang='lat'><strong>,</strong></span> 
     </span>
    </p>
   </div>
   <div class='ocr_carea' id='block_1_109' title="bbox 2808 1929 3174 1995">
    <p class='ocr_par' dir='ltr' id='par_1_109' title="bbox 2808 1929 3174 1995">
     <span class='ocr_line' id='line_1_109' title="bbox 2808 1929 3174 1995; baseline -0.011 -11"><span class='ocrx_word' id='word_1_311' title='bbox 2808 1939 2864 1985; x_wconf 86' lang='lat' dir='ltr'><strong>et</strong></span> <span class='ocrx_word' id='word_1_312' title='bbox 2889 1929 3174 1995; x_wconf 83' lang='lat' dir='ltr'><strong>Jacobum,</strong></span> 
     </span>
    </p>
   </div>
   <div class='ocr_carea' id='block_1_110' title="bbox 2806 2000 3208 2065">
    <p class='ocr_par' dir='ltr' id='par_1_110' title="bbox 2806 2000 3208 2065">
     <span class='ocr_line' id='line_1_110' title="bbox 2806 2000 3208 2065; baseline -0.007 -10"><span class='ocrx_word' id='word_1_313' title='bbox 2806 2000 3208 2065; x_wconf 82' lang='lat' dir='ltr'><strong>etJohaunen,</strong></span> 
     </span>
    </p>
   </div>
   <div class='ocr_carea' id='block_1_111' title="bbox 2806 2072 3191 2126">
    <p class='ocr_par' dir='ltr' id='par_1_111' title="bbox 2806 2072 3191 2126">
     <span class='ocr_line' id='line_1_111' title="bbox 2806 2072 3191 2126; baseline -0.01 0"><span class='ocrx_word' id='word_1_314' title='bbox 2806 2082 2862 2126; x_wconf 89' lang='lat' dir='ltr'><strong>et</strong></span> <span class='ocrx_word' id='word_1_315' title='bbox 2886 2072 3045 2125; x_wconf 83' lang='lat' dir='ltr'><strong>duxit</strong></span> <span class='ocrx_word' id='word_1_316' title='bbox 3068 2072 3191 2123; x_wconf 92' lang='lat' dir='ltr'><strong>illos</strong></span> 
     </span>
    </p>
   </div>
   <div class='ocr_carea' id='block_1_112' title="bbox 2805 2144 3128 2197">
    <p class='ocr_par' dir='ltr' id='par_1_112' title="bbox 2805 2144 3128 2197">
     <span class='ocr_line' id='line_1_112' title="bbox 2805 2144 3128 2197; baseline -0.006 0"><span class='ocrx_word' id='word_1_317' title='bbox 2805 2144 2857 2197; x_wconf 90' lang='lat' dir='ltr'><strong>in</strong></span> <span class='ocrx_word' id='word_1_318' title='bbox 2890 2150 3128 2195; x_wconf 90' lang='lat' dir='ltr'><strong>montem</strong></span> 
     </span>
    </p>
   </div>
   <div class='ocr_carea' id='block_1_113' title="bbox 2807 2214 3248 2267">
    <p class='ocr_par' dir='ltr' id='par_1_113' title="bbox 2807 2214 3248 2267">
     <span class='ocr_line' id='line_1_113' title="bbox 2807 2214 3248 2267; baseline 0 0"><span class='ocrx_word' id='word_1_319' title='bbox 2807 2214 3131 2267; x_wconf 90' lang='lat' dir='ltr'><strong>altissimum</strong></span> <span class='ocrx_word' id='word_1_320' title='bbox 3161 2226 3248 2267; x_wconf 86' lang='lat' dir='ltr'><strong>se-</strong></span> 
     </span>
    </p>
   </div>
   <div class='ocr_carea' id='block_1_114' title="bbox 1963 2282 3193 2352">
    <p class='ocr_par' dir='ltr' id='par_1_114' title="bbox 1963 2282 3193 2352">
     <span class='ocr_line' id='line_1_114' title="bbox 1963 2282 3193 2352; baseline -0.001 -16"><span class='ocrx_word' id='word_1_321' title='bbox 1963 2282 2092 2352; x_wconf 86' lang='lat' dir='ltr'><strong>quid</strong></span> <span class='ocrx_word' id='word_1_322' title='bbox 2115 2283 2266 2338; x_wconf 89' lang='lat' dir='ltr'><strong>dabit</strong></span> <span class='ocrx_word' id='word_1_323' title='bbox 2806 2300 2991 2339; x_wconf 90' lang='lat' dir='ltr'><strong>orsum</strong></span> <span class='ocrx_word' id='word_1_324' title='bbox 3017 2284 3193 2348; x_wconf 90' lang='lat' dir='ltr'><strong>solos,</strong></span> 
     </span>
    </p>
   </div>
   <div class='ocr_carea' id='block_1_115' title="bbox 1963 2352 3305 2425">
    <p class='ocr_par' dir='ltr' id='par_1_115' title="bbox 1963 2352 3305 2425">
     <span class='ocr_line' id='line_1_115' title="bbox 1963 2352 3305 2425; baseline 0.001 -19"><span class='ocrx_word' id='word_1_325' title='bbox 1963 2352 2129 2407; x_wconf 83' lang='lat' dir='ltr'><strong>homo</strong></span> <span class='ocrx_word' id='word_1_326' title='bbox 2157 2353 2234 2425; x_wconf 85' lang='lat' dir='ltr'><strong>(b)</strong></span> <span class='ocrx_word' id='word_1_327' title='bbox 2266 2369 2418 2425; x_wconf 89' lang='lat' dir='ltr'><strong>com-</strong></span> <span class='ocrx_word' id='word_1_328' title='bbox 2804 2364 2860 2411; x_wconf 89' lang='lat' dir='ltr'><strong>et</strong></span> <span class='ocrx_word' id='word_1_329' title='bbox 2889 2356 3305 2424; x_wconf 79' lang='lat' dir='ltr'><strong>transﬁguratus</strong></span> 
     </span>
    </p>
   </div>
   <div class='ocr_carea' id='block_1_116' title="bbox 1963 1859 2297 1910">
    <p class='ocr_par' dir='ltr' id='par_1_116' title="bbox 1963 1859 2297 1910">
     <span class='ocr_line' id='line_1_116' title="bbox 1963 1859 2297 1910; baseline 0.009 -3"><span class='ocrx_word' id='word_1_330' title='bbox 1963 1865 2148 1909; x_wconf 85' lang='lat' dir='ltr'><strong>eretur</strong></span> <span class='ocrx_word' id='word_1_331' title='bbox 2175 1859 2297 1910; x_wconf 90' lang='lat' dir='ltr'><strong>uni-</strong></span> 
     </span>
    </p>
   </div>
   <div class='ocr_carea' id='block_1_117' title="bbox 1963 1941 2366 1982">
    <p class='ocr_par' dir='ltr' id='par_1_117' title="bbox 1963 1941 2366 1982">
     <span class='ocr_line' id='line_1_117' title="bbox 1963 1941 2366 1982; baseline 0.007 -3"><span class='ocrx_word' id='word_1_332' title='bbox 1963 1941 2178 1981; x_wconf 86' lang='lat' dir='ltr'><strong>versum</strong></span> <span class='ocrx_word' id='word_1_333' title='bbox 2210 1944 2366 1982; x_wconf 86' lang='lat' dir='ltr'><strong>mun-</strong></span> 
     </span>
    </p>
   </div>
   <div class='ocr_carea' id='block_1_118' title="bbox 1963 1996 2318 2064">
    <p class='ocr_par' dir='ltr' id='par_1_118' title="bbox 1963 1996 2318 2064">
     <span class='ocr_line' id='line_1_118' title="bbox 1963 1996 2318 2064; baseline 0.008 -13"><span class='ocrx_word' id='word_1_334' title='bbox 1963 1996 2117 2064; x_wconf 91' lang='lat' dir='ltr'><strong>dum,</strong></span> <span class='ocrx_word' id='word_1_335' title='bbox 2138 2007 2193 2052; x_wconf 88' lang='lat' dir='ltr'><strong>et</strong></span> <span class='ocrx_word' id='word_1_336' title='bbox 2224 2000 2318 2055; x_wconf 91' lang='lat' dir='ltr'><strong>de-</strong></span> 
     </span>
    </p>
   </div>
   <div class='ocr_carea' id='block_1_119' title="bbox 1966 2069 2280 2125">
    <p class='ocr_par' dir='ltr' id='par_1_119' title="bbox 1966 2069 2280 2125">
     <span class='ocr_line' id='line_1_119' title="bbox 1966 2069 2280 2125; baseline 0.006 -4"><span class='ocrx_word' id='word_1_337' title='bbox 1966 2069 2280 2125; x_wconf 87' lang='lat' dir='ltr'><strong>trimeutum</strong></span> 
     </span>
    </p>
   </div>
   <div class='ocr_carea' id='block_1_120' title="bbox 1963 2141 2371 2195">
    <p class='ocr_par' dir='ltr' id='par_1_120' title="bbox 1963 2141 2371 2195">
     <span class='ocr_line' id='line_1_120' title="bbox 1963 2141 2371 2195; baseline 0.005 -2"><span class='ocrx_word' id='word_1_338' title='bbox 1963 2141 2127 2195; x_wconf 80' lang='lat' dir='ltr'><strong>faciat</strong></span> <span class='ocrx_word' id='word_1_339' title='bbox 2157 2142 2371 2195; x_wconf 87' lang='lat' dir='ltr'><strong>animae</strong></span> 
     </span>
    </p>
   </div>
   <div class='ocr_carea' id='block_1_121' title="bbox 1963 2211 2389 2268">
    <p class='ocr_par' dir='ltr' id='par_1_121' title="bbox 1963 2211 2389 2268">
     <span class='ocr_line' id='line_1_121' title="bbox 1963 2211 2389 2268; baseline 0.005 -4"><span class='ocrx_word' id='word_1_340' title='bbox 1963 2211 2053 2265; x_wconf 87' lang='grc'><strong>57.</strong></span> <span class='ocrx_word' id='word_1_341' title='bbox 2082 2214 2249 2267; x_wconf 87' lang='lat' dir='ltr'><strong>suae?</strong></span> <span class='ocrx_word' id='word_1_342' title='bbox 2281 2213 2389 2268; x_wconf 87' lang='lat' dir='ltr'><strong>Aut</strong></span> 
     </span>
    </p>
   </div>
   <div class='ocr_carea' id='block_1_122' title="bbox 1964 2424 3097 2495">
    <p class='ocr_par' dir='ltr' id='par_1_122' title="bbox 1964 2424 3097 2495">
     <span class='ocr_line' id='line_1_122' title="bbox 1964 2424 3097 2495; baseline 0 -17"><span class='ocrx_word' id='word_1_343' title='bbox 1964 2424 2321 2480; x_wconf 90' lang='lat' dir='ltr'><strong>mutationem</strong></span> <span class='ocrx_word' id='word_1_344' title='bbox 2349 2424 2391 2495; x_wconf 68' lang='grc' dir='ltr'><strong>-ιι</strong></span> <span class='ocrx_word' id='word_1_345' title='bbox 2802 2438 2890 2481; x_wconf 89' lang='lat' dir='ltr'><strong>est</strong></span> <span class='ocrx_word' id='word_1_346' title='bbox 2914 2441 3097 2480; x_wconf 82' lang='lat' dir='ltr'><strong>coram</strong></span> 
     </span>
    </p>
   </div>
   <div class='ocr_carea' id='block_1_123' title="bbox 1962 2495 3272 2567">
    <p class='ocr_par' dir='ltr' id='par_1_123' title="bbox 1962 2495 3272 2567">
     <span class='ocr_line' id='line_1_123' title="bbox 1962 2495 3272 2567; baseline 0.002 -18"><span class='ocrx_word' id='word_1_347' title='bbox 1962 2510 2063 2565; x_wconf 92' lang='lat' dir='ltr'><strong>pro</strong></span> <span class='ocrx_word' id='word_1_348' title='bbox 2092 2498 2270 2551; x_wconf 90' lang='lat' dir='ltr'><strong>anima</strong></span> <span class='ocrx_word' id='word_1_349' title='bbox 2800 2497 2856 2551; x_wconf 76' lang='lat'><strong>2.</strong></span> <span class='ocrx_word' id='word_1_350' title='bbox 2898 2495 3049 2567; x_wconf 88' lang='lat' dir='ltr'><strong>ipsis.</strong></span> <span class='ocrx_word' id='word_1_351' title='bbox 3083 2495 3152 2567; x_wconf 76' lang='lat' dir='ltr'><strong>Et</strong></span> <span class='ocrx_word' id='word_1_352' title='bbox 3181 2510 3272 2551; x_wconf 52' lang='lat' dir='ltr'><strong>ve-</strong></span> 
     </span>
    </p>
   </div>
   <div class='ocr_carea' id='block_1_124' title="bbox 1964 2566 3207 2637">
    <p class='ocr_par' dir='ltr' id='par_1_124' title="bbox 1964 2566 3207 2637">
     <span class='ocr_line' id='line_1_124' title="bbox 1964 2566 3207 2637; baseline 0.003 -18"><span class='ocrx_word' id='word_1_353' title='bbox 1964 2568 2105 2621; x_wconf 84' lang='lat' dir='ltr'><strong>sua?</strong></span> <span class='ocrx_word' id='word_1_354' title='bbox 2800 2566 3059 2623; x_wconf 89' lang='lat' dir='ltr'><strong>stimenta</strong></span> <span class='ocrx_word' id='word_1_355' title='bbox 3086 2566 3207 2637; x_wconf 86' lang='lat' dir='ltr'><strong>ejus</strong></span> 
     </span>
    </p>
   </div>
   <div class='ocr_carea' id='block_1_125' title="bbox 1964 2637 3095 2711">
    <p class='ocr_par' dir='ltr' id='par_1_125' title="bbox 1964 2637 3095 2711">
     <span class='ocr_line' id='line_1_125' title="bbox 1964 2637 3095 2711; baseline -0.001 -19"><span class='ocrx_word' id='word_1_356' title='bbox 1964 2638 2055 2692; x_wconf 82' lang='grc'><strong>58.</strong></span> <span class='ocrx_word' id='word_1_357' title='bbox 2084 2639 2288 2711; x_wconf 75' lang='lat' dir='ltr'><strong>Qui_(c)</strong></span> <span class='ocrx_word' id='word_1_358' title='bbox 2318 2647 2506 2694; x_wconf 84' lang='lat' dir='ltr'><strong>autem</strong></span> <span class='ocrx_word' id='word_1_359' title='bbox 2533 2637 2576 2706; x_wconf 73' lang='grc' dir='ltr'><strong>ἰ·</strong></span> <span class='ocrx_word' id='word_1_360' title='bbox 2802 2639 2946 2711; x_wconf 70' lang='lat' dir='ltr'><strong>facta</strong></span> <span class='ocrx_word' id='word_1_361' title='bbox 2966 2649 3095 2692; x_wconf 88' lang='lat' dir='ltr'><strong>sunt</strong></span> 
     </span>
    </p>
   </div>
   <div class='ocr_carea' id='block_1_126' title="bbox 1962 2709 2339 2767">
    <p class='ocr_par' dir='ltr' id='par_1_126' title="bbox 1962 2709 2339 2767">
     <span class='ocr_line' id='line_1_126' title="bbox 1962 2709 2339 2767; baseline 0.011 -4"><span class='ocrx_word' id='word_1_362' title='bbox 1962 2723 2053 2763; x_wconf 90' lang='lat' dir='ltr'><strong>me</strong></span> <span class='ocrx_word' id='word_1_363' title='bbox 2077 2709 2339 2767; x_wconf 81' lang='lat' dir='ltr'><strong>confusus</strong></span> 
     </span>
    </p>
   </div>
   <div class='ocr_carea' id='block_1_127' title="bbox 2808 2708 3347 2783">
    <p class='ocr_par' dir='ltr' id='par_1_127' title="bbox 2808 2708 3347 2783">
     <span class='ocr_line' id='line_1_127' title="bbox 2808 2708 3347 2783; baseline 0.011 -20"><span class='ocrx_word' id='word_1_364' title='bbox 2808 2710 2879 2783; x_wconf 79' lang='grc' dir='ltr'><strong>(ε)</strong></span> <span class='ocrx_word' id='word_1_365' title='bbox 2910 2708 3195 2783; x_wconf 85' lang='lat' dir='ltr'><strong>splendida</strong></span> <span class='ocrx_word' id='word_1_366' title='bbox 3222 2710 3288 2779; x_wconf 68' lang='grc' dir='ltr'>τ.</span> <span class='ocrx_word' id='word_1_367' title='bbox 3338 2760 3347 2769; x_wconf 92' lang='grc'><strong>.</strong></span> 
     </span>
    </p>
   </div>
   <div class='ocr_carea' id='block_1_128' title="bbox 1965 2779 3029 2845">
    <p class='ocr_par' dir='ltr' id='par_1_128' title="bbox 1965 2779 3029 2845">
     <span class='ocr_line' id='line_1_128' title="bbox 1965 2779 3029 2845; baseline 0 -11"><span class='ocrx_word' id='word_1_368' title='bbox 1965 2779 2166 2845; x_wconf 82' lang='lat' dir='ltr'><strong>fuerit,</strong></span> <span class='ocrx_word' id='word_1_369' title='bbox 2200 2791 2255 2836; x_wconf 88' lang='lat' dir='ltr'><strong>et</strong></span> <span class='ocrx_word' id='word_1_370' title='bbox 2805 2779 2954 2837; x_wconf 81' lang='lat' dir='ltr'><strong>velut</strong></span> <span class='ocrx_word' id='word_1_371' title='bbox 2977 2781 3029 2835; x_wconf 91' lang='lat' dir='ltr'><strong>ni</strong></span> 
     </span>
    </p>
   </div>
   <div class='ocr_carea' id='block_1_129' title="bbox 2805 2783 3255 2849">
    <p class='ocr_par' dir='ltr' id='par_1_129' title="bbox 2805 2783 3255 2849">
     <span class='ocr_line' id='line_1_129' title="bbox 2805 2783 3255 2849; baseline -0.009 -12"><span class='ocrx_word' id='word_1_372' title='bbox 2805 2783 2954 2837; x_wconf 88' lang='lat' dir='ltr'><strong>velut</strong></span> <span class='ocrx_word' id='word_1_373' title='bbox 2977 2783 3093 2847; x_wconf 79' lang='lat' dir='ltr'><strong>nix,</strong></span> <span class='ocrx_word' id='word_1_374' title='bbox 3120 2795 3255 2849; x_wconf 77' lang='lat' dir='ltr'><strong>qua~</strong></span> 
     </span>
    </p>
   </div>
   <div class='ocr_carea' id='block_1_130' title="bbox 1965 2852 3190 2934">
    <p class='ocr_par' dir='ltr' id='par_1_130' title="bbox 1965 2852 3190 2934">
     <span class='ocr_line' id='line_1_130' title="bbox 1965 2852 3190 2934; baseline 0.013 -28"><span class='ocrx_word' id='word_1_375' title='bbox 1965 2868 2085 2934; x_wconf 79' lang='lat' dir='ltr'><strong>mea</strong></span> <span class='ocrx_word' id='word_1_376' title='bbox 2109 2855 2275 2910; x_wconf 86' lang='lat' dir='ltr'><strong>verba</strong></span> <span class='ocrx_word' id='word_1_377' title='bbox 2806 2854 2875 2908; x_wconf 69' lang='lat' dir='ltr'><strong>lia</strong></span> <span class='ocrx_word' id='word_1_378' title='bbox 2907 2852 2979 2923; x_wconf 78' lang='grc' dir='ltr'><strong>(Ῑ)</strong></span> <span class='ocrx_word' id='word_1_379' title='bbox 3004 2852 3127 2934; x_wconf 62' lang='grc' dir='ltr'>(ιυίξ</span> <span class='ocrx_word' id='word_1_380' title='bbox 3152 2852 3190 2922; x_wconf 72' lang='lat' dir='ltr'><strong>&#39;i&#39;</strong></span> 
     </span>
    </p>
   </div>
   <div class='ocr_carea' id='block_1_131' title="bbox 1966 2932 3125 2994">
    <p class='ocr_par' dir='ltr' id='par_1_131' title="bbox 1966 2932 3125 2994">
     <span class='ocr_line' id='line_1_131' title="bbox 1966 2932 3125 2994; baseline -0.001 -17"><span class='ocrx_word' id='word_1_381' title='bbox 1966 2932 2019 2978; x_wconf 85' lang='lat' dir='ltr'><strong>in</strong></span> <span class='ocrx_word' id='word_1_382' title='bbox 2047 2940 2211 2994; x_wconf 89' lang='lat' dir='ltr'><strong>gene-</strong></span> <span class='ocrx_word' id='word_1_383' title='bbox 2809 2940 2916 2979; x_wconf 92' lang='lat' dir='ltr'><strong>non</strong></span> <span class='ocrx_word' id='word_1_384' title='bbox 2944 2932 3125 2993; x_wconf 85' lang='lat' dir='ltr'><strong>potest</strong></span> 
     </span>
    </p>
   </div>
   <div class='ocr_carea' id='block_1_132' title="bbox 1965 2996 3179 3064">
    <p class='ocr_par' dir='ltr' id='par_1_132' title="bbox 1965 2996 3179 3064">
     <span class='ocr_line' id='line_1_132' title="bbox 1965 2996 3179 3064; baseline -0.002 -14"><span class='ocrx_word' id='word_1_385' title='bbox 1965 2998 2133 3051; x_wconf 87' lang='lat' dir='ltr'><strong>ratio—</strong></span> <span class='ocrx_word' id='word_1_386' title='bbox 2808 2996 2985 3050; x_wconf 77' lang='lat' dir='ltr'><strong>facere</strong></span> <span class='ocrx_word' id='word_1_387' title='bbox 3015 3008 3179 3064; x_wconf 88' lang='lat' dir='ltr'><strong>super</strong></span> 
     </span>
    </p>
   </div>
   <div class='ocr_carea' id='block_1_133' title="bbox 2807 3063 3222 3121">
    <p class='ocr_par' dir='ltr' id='par_1_133' title="bbox 2807 3063 3222 3121">
     <span class='ocr_line' id='line_1_133' title="bbox 2807 3063 3222 3121; baseline -0.007 0"><span class='ocrx_word' id='word_1_388' title='bbox 2807 3067 2862 3121; x_wconf 88' lang='grc'><strong>5.</strong></span> <span class='ocrx_word' id='word_1_389' title='bbox 2895 3077 3117 3121; x_wconf 88' lang='lat' dir='ltr'><strong>terram.</strong></span> <span class='ocrx_word' id='word_1_390' title='bbox 3156 3063 3222 3118; x_wconf 85' lang='lat' dir='ltr'><strong>Et</strong></span> 
     </span>
    </p>
   </div>
   <div class='ocr_carea' id='block_1_134' title="bbox 2813 3134 3202 3220">
    <p class='ocr_par' dir='ltr' id='par_1_134' title="bbox 2813 3134 3202 3220">
     <span class='ocr_line' id='line_1_134' title="bbox 2813 3134 3202 3220; baseline -0.005 -29"><span class='ocrx_word' id='word_1_391' title='bbox 2813 3136 3064 3220; x_wconf 71' lang='lat' dir='ltr'><strong>apparuit</strong></span> <span class='ocrx_word' id='word_1_392' title='bbox 3090 3134 3202 3191; x_wconf 86' lang='lat' dir='ltr'><strong>illis</strong></span> 
     </span>
    </p>
   </div>
   <div class='ocr_carea' id='block_1_135' title="bbox 2814 3209 3176 3351">
    <p class='ocr_par' dir='ltr' id='par_1_135' title="bbox 2814 3209 3176 3351">
     <span class='ocr_line' id='line_1_135' title="bbox 2814 3209 3176 3272; baseline -0.006 -9"><span class='ocrx_word' id='word_1_393' title='bbox 2814 3209 3021 3272; x_wconf 84' lang='lat' dir='ltr'><strong>Helias,</strong></span> <span class='ocrx_word' id='word_1_394' title='bbox 3052 3222 3176 3262; x_wconf 92' lang='lat' dir='ltr'><strong>cum</strong></span> 
     </span>
     <span class='ocr_line' id='line_1_136' title="bbox 2814 3279 3157 3351; baseline -0.006 -17"><span class='ocrx_word' id='word_1_395' title='bbox 2814 3279 3068 3351; x_wconf 83' lang='lat' dir='ltr'><strong>Moysen;</strong></span> <span class='ocrx_word' id='word_1_396' title='bbox 3101 3288 3157 3332; x_wconf 89' lang='lat' dir='ltr'><strong>et</strong></span> 
     </span>
    </p>
   </div>
   <div class='ocr_carea' id='block_1_136' title="bbox 2813 3350 3293 3421">
    <p class='ocr_par' dir='ltr' id='par_1_136' title="bbox 2813 3350 3293 3421">
     <span class='ocr_line' id='line_1_137' title="bbox 2813 3350 3293 3421; baseline -0.01 -15"><span class='ocrx_word' id='word_1_397' title='bbox 2813 3350 2971 3406; x_wconf 88' lang='lat' dir='ltr'><strong>erant</strong></span> <span class='ocrx_word' id='word_1_398' title='bbox 3005 3350 3293 3421; x_wconf 89' lang='lat' dir='ltr'><strong>loquentes</strong></span> 
     </span>
    </p>
   </div>
   <div class='ocr_carea' id='block_1_137' title="bbox 1968 3066 2343 3123">
    <p class='ocr_par' dir='ltr' id='par_1_137' title="bbox 1968 3066 2343 3123">
     <span class='ocr_line' id='line_1_138' title="bbox 1968 3066 2343 3123; baseline 0.011 -4"><span class='ocrx_word' id='word_1_399' title='bbox 1968 3082 2037 3121; x_wconf 91' lang='lat' dir='ltr'><strong>ue</strong></span> <span class='ocrx_word' id='word_1_400' title='bbox 2067 3068 2168 3123; x_wconf 87' lang='lat' dir='ltr'><strong>hac</strong></span> <span class='ocrx_word' id='word_1_401' title='bbox 2191 3066 2343 3123; x_wconf 83' lang='lat' dir='ltr'><strong>adul-</strong></span> 
     </span>
    </p>
   </div>
   <div class='ocr_carea' id='block_1_138' title="bbox 1970 3148 2347 3210">
    <p class='ocr_par' dir='ltr' id='par_1_138' title="bbox 1970 3148 2347 3210">
     <span class='ocr_line' id='line_1_139' title="bbox 1970 3148 2347 3210; baseline 0.005 -17"><span class='ocrx_word' id='word_1_402' title='bbox 1970 3148 2104 3203; x_wconf 90' lang='lat' dir='ltr'><strong>tera,</strong></span> <span class='ocrx_word' id='word_1_403' title='bbox 2134 3148 2190 3195; x_wconf 86' lang='lat' dir='ltr'><strong>et</strong></span> <span class='ocrx_word' id='word_1_404' title='bbox 2218 3156 2347 3210; x_wconf 87' lang='lat' dir='ltr'><strong>pee-</strong></span> 
     </span>
    </p>
   </div>
   <div class='ocr_carea' id='block_1_139' title="bbox 1967 3211 2356 3277">
    <p class='ocr_par' dir='ltr' id='par_1_139' title="bbox 1967 3211 2356 3277">
     <span class='ocr_line' id='line_1_140' title="bbox 1967 3211 2356 3277; baseline 0.01 -13"><span class='ocrx_word' id='word_1_405' title='bbox 1967 3211 2193 3277; x_wconf 88' lang='lat' dir='ltr'><strong>catrice,</strong></span> <span class='ocrx_word' id='word_1_406' title='bbox 2229 3223 2356 3268; x_wconf 91' lang='lat' dir='ltr'><strong>tunc</strong></span> 
     </span>
    </p>
   </div>
   <div class='ocr_carea' id='block_1_140' title="bbox 1968 3282 2346 3337">
    <p class='ocr_par' dir='ltr' id='par_1_140' title="bbox 1968 3282 2346 3337">
     <span class='ocr_line' id='line_1_141' title="bbox 1968 3282 2346 3337; baseline 0.003 -1"><span class='ocrx_word' id='word_1_407' title='bbox 1968 3282 2141 3337; x_wconf 87' lang='lat' dir='ltr'><strong>Filius</strong></span> <span class='ocrx_word' id='word_1_408' title='bbox 2171 3282 2346 3337; x_wconf 86' lang='lat' dir='ltr'><strong>homi-</strong></span> 
     </span>
    </p>
   </div>
   <div class='ocr_carea' id='block_1_141' title="bbox 1972 3354 2377 3411">
    <p class='ocr_par' dir='ltr' id='par_1_141' title="bbox 1972 3354 2377 3411">
     <span class='ocr_line' id='line_1_142' title="bbox 1972 3354 2377 3411; baseline 0.005 -5"><span class='ocrx_word' id='word_1_409' title='bbox 1972 3354 2055 3407; x_wconf 90' lang='lat' dir='ltr'><strong>nis</strong></span> <span class='ocrx_word' id='word_1_410' title='bbox 2079 3354 2377 3411; x_wconf 78' lang='lat' dir='ltr'><strong>confundet</strong></span> 
     </span>
    </p>
   </div>
   <div class='ocr_carea' id='block_1_142' title="bbox 3458 293 3562 349">
    <p class='ocr_par' dir='ltr' id='par_1_142' title="bbox 3458 293 3562 349">
     <span class='ocr_line' id='line_1_143' title="bbox 3458 293 3562 349; baseline 0 0"><span class='ocrx_word' id='word_1_411' title='bbox 3458 293 3562 349; x_wconf 76' lang='lat'><strong>786</strong></span> 
     </span>
    </p>
   </div>
   <div class='ocr_carea' id='block_1_143' title="bbox 1585 3488 2261 3548">
    <p class='ocr_par' dir='ltr' id='par_1_143' title="bbox 1585 3488 2261 3548">
     <span class='ocr_line' id='line_1_144' title="bbox 1585 3488 2261 3548; baseline 0 -3"><span class='ocrx_word' id='word_1_412' title='bbox 1585 3488 1820 3545; x_wconf 75' lang='lat' dir='ltr'><strong>CODEX</strong></span> <span class='ocrx_word' id='word_1_413' title='bbox 1860 3488 2233 3548; x_wconf 82' lang='lat' dir='ltr'><strong>BRIXIANUS</strong></span> <span class='ocrx_word' id='word_1_414' title='bbox 2248 3532 2261 3545; x_wconf 93' lang='lat'><strong>.</strong></span> 
     </span>
    </p>
   </div>
   <div class='ocr_carea' id='block_1_144' title="bbox 265 3596 3584 3674">
    <p class='ocr_par' dir='ltr' id='par_1_144' title="bbox 265 3596 3584 3674">
     <span class='ocr_line' id='line_1_145' title="bbox 265 3596 3584 3674; baseline -0.002 -17"><span class='ocrx_word' id='word_1_415' title='bbox 265 3616 355 3659; x_wconf 90' lang='lat' dir='ltr'><strong>me</strong></span> <span class='ocrx_word' id='word_1_416' title='bbox 400 3603 441 3674; x_wconf 65' lang='grc' dir='ltr'><strong>ἰ’</strong></span> <span class='ocrx_word' id='word_1_417' title='bbox 504 3602 677 3673; x_wconf 86' lang='lat' dir='ltr'><strong>sequi.</strong></span> <span class='ocrx_word' id='word_1_418' title='bbox 740 3601 972 3673; x_wconf 79' lang='lat' dir='ltr'><strong>abneget</strong></span> <span class='ocrx_word' id='word_1_419' title='bbox 1028 3600 1383 3674; x_wconf 79' lang='lat' dir='ltr'><strong>semetipsum</strong></span> <span class='ocrx_word' id='word_1_420' title='bbox 1410 3599 1477 3655; x_wconf 78' lang='lat' dir='ltr'><strong>&#39;et</strong></span> <span class='ocrx_word' id='word_1_421' title='bbox 1542 3600 1699 3674; x_wconf 79' lang='lat' dir='ltr'><strong>tollat</strong></span> <span class='ocrx_word' id='word_1_422' title='bbox 1755 3616 1880 3674; x_wconf 89' lang='lat' dir='ltr'><strong>cru-</strong></span> <span class='ocrx_word' id='word_1_423' title='bbox 1982 3618 2103 3657; x_wconf 90' lang='lat' dir='ltr'><strong>cum</strong></span> <span class='ocrx_word' id='word_1_424' title='bbox 2132 3601 2356 3672; x_wconf 84' lang='lat' dir='ltr'><strong>Angelis</strong></span> <span class='ocrx_word' id='word_1_425' title='bbox 2384 3603 2611 3659; x_wconf 87' lang='lat' dir='ltr'><strong>sanctis.</strong></span> <span class='ocrx_word' id='word_1_426' title='bbox 2645 3603 2711 3658; x_wconf 87' lang='lat' dir='ltr'><strong>Et</strong></span> <span class='ocrx_word' id='word_1_427' title='bbox 2734 3601 2951 3657; x_wconf 89' lang='lat' dir='ltr'><strong>dicebat</strong></span> <span class='ocrx_word' id='word_1_428' title='bbox 2976 3599 3102 3674; x_wconf 85' lang='lat' dir='ltr'><strong>illis.</strong></span> <span class='ocrx_word' id='word_1_429' title='bbox 3136 3598 3311 3674; x_wconf 88' lang='lat' dir='ltr'><strong>Amen</strong></span> <span class='ocrx_word' id='word_1_430' title='bbox 3333 3596 3457 3653; x_wconf 89' lang='lat' dir='ltr'><strong>dico</strong></span> <span class='ocrx_word' id='word_1_431' title='bbox 3487 3608 3584 3650; x_wconf 87' lang='lat' dir='ltr'><strong>vo-</strong></span> 
     </span>
    </p>
   </div>
   <div class='ocr_carea' id='block_1_145' title="bbox 264 3671 3588 3744">
    <p class='ocr_par' dir='ltr' id='par_1_145' title="bbox 264 3671 3588 3744">
     <span class='ocr_line' id='line_1_146' title="bbox 264 3671 3588 3744; baseline -0.002 -17"><span class='ocrx_word' id='word_1_432' title='bbox 264 3688 385 3729; x_wconf 90' lang='lat' dir='ltr'><strong>cem</strong></span> <span class='ocrx_word' id='word_1_433' title='bbox 417 3671 597 3729; x_wconf 69' lang='lat' dir='ltr'><strong>suam.</strong></span> <span class='ocrx_word' id='word_1_434' title='bbox 627 3683 684 3729; x_wconf 90' lang='lat' dir='ltr'><strong>et</strong></span> <span class='ocrx_word' id='word_1_435' title='bbox 715 3671 977 3744; x_wconf 79' lang='lat' dir='ltr'><strong>sequatur</strong></span> <span class='ocrx_word' id='word_1_436' title='bbox 1016 3688 1121 3728; x_wconf 90' lang='lat' dir='ltr'><strong>me.</strong></span> <span class='ocrx_word' id='word_1_437' title='bbox 1154 3673 1256 3739; x_wconf 86' lang='lat' dir='ltr'><strong>Qui</strong></span> <span class='ocrx_word' id='word_1_438' title='bbox 1298 3672 1445 3727; x_wconf 88' lang='lat' dir='ltr'><strong>enim</strong></span> <span class='ocrx_word' id='word_1_439' title='bbox 1484 3673 1719 3727; x_wconf 89' lang='lat' dir='ltr'><strong>voluerit</strong></span> <span class='ocrx_word' id='word_1_440' title='bbox 1758 3673 1875 3726; x_wconf 90' lang='lat' dir='ltr'><strong>ani-</strong></span> <span class='ocrx_word' id='word_1_441' title='bbox 1984 3676 2064 3728; x_wconf 86' lang='lat' dir='ltr'><strong>bis</strong></span> <span class='ocrx_word' id='word_1_442' title='bbox 2087 3674 2209 3743; x_wconf 84' lang='lat' dir='ltr'><strong>quia</strong></span> <span class='ocrx_word' id='word_1_443' title='bbox 2229 3671 2369 3729; x_wconf 82' lang='lat' dir='ltr'><strong>sunt</strong></span> <span class='ocrx_word' id='word_1_444' title='bbox 2394 3674 2612 3744; x_wconf 89' lang='lat' dir='ltr'><strong>quidam</strong></span> <span class='ocrx_word' id='word_1_445' title='bbox 2636 3674 2704 3729; x_wconf 90' lang='lat' dir='ltr'><strong>de</strong></span> <span class='ocrx_word' id='word_1_446' title='bbox 2734 3674 2819 3728; x_wconf 87' lang='lat' dir='ltr'><strong>hic</strong></span> <span class='ocrx_word' id='word_1_447' title='bbox 2839 3671 3245 3744; x_wconf 68' lang='lat' dir='ltr'><strong>stantibusqui</strong></span> <span class='ocrx_word' id='word_1_448' title='bbox 3272 3677 3588 3744; x_wconf 84' lang='lat' dir='ltr'><strong>non_gusta-</strong></span> 
     </span>
    </p>
   </div>
   <div class='ocr_carea' id='block_1_146' title="bbox 265 3738 3587 3815">
    <p class='ocr_par' dir='ltr' id='par_1_146' title="bbox 265 3738 3587 3815">
     <span class='ocr_line' id='line_1_147' title="bbox 265 3738 3587 3815; baseline -0.003 -15"><span class='ocrx_word' id='word_1_449' title='bbox 265 3761 409 3800; x_wconf 88' lang='lat' dir='ltr'><strong>mam</strong></span> <span class='ocrx_word' id='word_1_450' title='bbox 434 3762 587 3800; x_wconf 89' lang='lat' dir='ltr'><strong>suam</strong></span> <span class='ocrx_word' id='word_1_451' title='bbox 611 3738 813 3800; x_wconf 81' lang='lat' dir='ltr'><strong>salvam</strong></span> <span class='ocrx_word' id='word_1_452' title='bbox 854 3743 1057 3800; x_wconf 79' lang='lat' dir='ltr'><strong>facere.</strong></span> <span class='ocrx_word' id='word_1_453' title='bbox 1108 3743 1297 3815; x_wconf 88' lang='lat' dir='ltr'><strong>perdet</strong></span> <span class='ocrx_word' id='word_1_454' title='bbox 1342 3745 1644 3815; x_wconf 10' lang='lat' dir='ltr'><strong>eam.riqui</strong></span> <span class='ocrx_word' id='word_1_455' title='bbox 1691 3752 1873 3799; x_wconf 88' lang='lat' dir='ltr'><strong>autem</strong></span> <span class='ocrx_word' id='word_1_456' title='bbox 1984 3738 2118 3799; x_wconf 78' lang='lat' dir='ltr'><strong>bunt</strong></span> <span class='ocrx_word' id='word_1_457' title='bbox 2146 3738 2607 3801; x_wconf 48' lang='lat' dir='ltr'><strong>mortemfdonec</strong></span> <span class='ocrx_word' id='word_1_458' title='bbox 2625 3746 2841 3799; x_wconf 83' lang='lat' dir='ltr'><strong>videant</strong></span> <span class='ocrx_word' id='word_1_459' title='bbox 2870 3758 3105 3815; x_wconf 82' lang='lat' dir='ltr'><strong>regnum</strong></span> <span class='ocrx_word' id='word_1_460' title='bbox 3128 3738 3245 3815; x_wconf 62' lang='lat' dir='ltr'><strong>Dei.</strong></span> <span class='ocrx_word' id='word_1_461' title='bbox 3278 3738 3587 3815; x_wconf 75' lang='lat' dir='ltr'><strong>venientem</strong></span> 
     </span>
    </p>
   </div>
   <div class='ocr_carea' id='block_1_147' title="bbox 267 3812 3591 3887">
    <p class='ocr_par' dir='ltr' id='par_1_147' title="bbox 267 3812 3591 3887">
     <span class='ocr_line' id='line_1_148' title="bbox 267 3812 3591 3887; baseline -0.003 -16"><span class='ocrx_word' id='word_1_462' title='bbox 267 3816 563 3886; x_wconf 80' lang='lat' dir='ltr'><strong>perdiderit</strong></span> <span class='ocrx_word' id='word_1_463' title='bbox 584 3816 820 3870; x_wconf 91' lang='lat' dir='ltr'><strong>animam</strong></span> <span class='ocrx_word' id='word_1_464' title='bbox 852 3831 1006 3870; x_wconf 89' lang='lat' dir='ltr'><strong>suam</strong></span> <span class='ocrx_word' id='word_1_465' title='bbox 1039 3812 1260 3885; x_wconf 87' lang='lat' dir='ltr'><strong>propter</strong></span> <span class='ocrx_word' id='word_1_466' title='bbox 1280 3830 1387 3869; x_wconf 90' lang='lat' dir='ltr'><strong>me.</strong></span> <span class='ocrx_word' id='word_1_467' title='bbox 1414 3824 1469 3887; x_wconf 90' lang='lat' dir='ltr'><strong>et</strong></span> <span class='ocrx_word' id='word_1_468' title='bbox 1499 3812 1872 3885; x_wconf 82' lang='lat' dir='ltr'><strong>Evangelium.</strong></span> <span class='ocrx_word' id='word_1_469' title='bbox 1984 3817 2037 3870; x_wconf 93' lang='lat' dir='ltr'><strong>in</strong></span> <span class='ocrx_word' id='word_1_470' title='bbox 2069 3818 2285 3871; x_wconf 87' lang='lat' dir='ltr'><strong>virtute.</strong></span> <span class='ocrx_word' id='word_1_471' title='bbox 2317 3817 2386 3871; x_wconf 87' lang='lat' dir='ltr'><strong>Et</strong></span> <span class='ocrx_word' id='word_1_472' title='bbox 2416 3826 2541 3887; x_wconf 90' lang='lat' dir='ltr'><strong>post</strong></span> <span class='ocrx_word' id='word_1_473' title='bbox 2566 3817 2685 3873; x_wconf 89' lang='lat' dir='ltr'><strong>dies</strong></span> <span class='ocrx_word' id='word_1_474' title='bbox 2716 3832 2810 3872; x_wconf 83' lang='lat' dir='ltr'><strong>sex</strong></span> <span class='ocrx_word' id='word_1_475' title='bbox 2836 3812 3135 3887; x_wconf 79' lang='lat' dir='ltr'><strong>adsumpsit</strong></span> <span class='ocrx_word' id='word_1_476' title='bbox 3157 3813 3314 3887; x_wconf 89' lang='lat' dir='ltr'><strong>Jesus</strong></span> <span class='ocrx_word' id='word_1_477' title='bbox 3342 3812 3591 3864; x_wconf 84' lang='lat' dir='ltr'><strong>Petrum.</strong></span> 
     </span>
    </p>
   </div>
   <div class='ocr_carea' id='block_1_148' title="bbox 264 3884 3583 3955">
    <p class='ocr_par' dir='ltr' id='par_1_148' title="bbox 264 3884 3583 3955">
     <span class='ocr_line' id='line_1_149' title="bbox 264 3884 3583 3955; baseline -0.002 -14"><span class='ocrx_word' id='word_1_478' title='bbox 264 3884 470 3942; x_wconf 79' lang='lat' dir='ltr'><strong>salvam</strong></span> <span class='ocrx_word' id='word_1_479' title='bbox 494 3888 807 3943; x_wconf 81' lang='lat' dir='ltr'><strong>facieteam.</strong></span> <span class='ocrx_word' id='word_1_480' title='bbox 843 3888 982 3953; x_wconf 87' lang='lat' dir='ltr'><strong>Quid</strong></span> <span class='ocrx_word' id='word_1_481' title='bbox 1010 3884 1154 3943; x_wconf 86' lang='lat' dir='ltr'><strong>enim</strong></span> <span class='ocrx_word' id='word_1_482' title='bbox 1188 3887 1430 3953; x_wconf 89' lang='lat' dir='ltr'><strong>proderit</strong></span> <span class='ocrx_word' id='word_1_483' title='bbox 1458 3884 1679 3940; x_wconf 79' lang='lat' dir='ltr'><strong>homini.</strong></span> <span class='ocrx_word' id='word_1_484' title='bbox 1717 3887 1761 3940; x_wconf 92' lang='lat' dir='ltr'><strong>si</strong></span> <span class='ocrx_word' id='word_1_485' title='bbox 1796 3886 1876 3940; x_wconf 90' lang='lat' dir='ltr'><strong>lu-</strong></span> <span class='ocrx_word' id='word_1_486' title='bbox 1982 3898 2035 3943; x_wconf 92' lang='lat' dir='ltr'><strong>et</strong></span> <span class='ocrx_word' id='word_1_487' title='bbox 2066 3888 2355 3955; x_wconf 87' lang='lat' dir='ltr'><strong>Jacobnm,</strong></span> <span class='ocrx_word' id='word_1_488' title='bbox 2388 3884 2443 3944; x_wconf 77' lang='lat' dir='ltr'><strong>et</strong></span> <span class='ocrx_word' id='word_1_489' title='bbox 2466 3888 2797 3944; x_wconf 84' lang='lat' dir='ltr'><strong>Johannem.</strong></span> <span class='ocrx_word' id='word_1_490' title='bbox 2831 3898 2881 3943; x_wconf 90' lang='lat' dir='ltr'><strong>et</strong></span> <span class='ocrx_word' id='word_1_491' title='bbox 2914 3887 3071 3940; x_wconf 63' lang='lat' dir='ltr'><strong>duiut</strong></span> <span class='ocrx_word' id='word_1_492' title='bbox 3094 3884 3220 3940; x_wconf 89' lang='lat' dir='ltr'><strong>illos</strong></span> <span class='ocrx_word' id='word_1_493' title='bbox 3250 3885 3302 3937; x_wconf 93' lang='lat' dir='ltr'><strong>in</strong></span> <span class='ocrx_word' id='word_1_494' title='bbox 3342 3891 3583 3937; x_wconf 87' lang='lat' dir='ltr'><strong>montem</strong></span> 
     </span>
    </p>
   </div>
   <div class='ocr_carea' id='block_1_149' title="bbox 267 3958 3587 4026">
    <p class='ocr_par' dir='ltr' id='par_1_149' title="bbox 267 3958 3587 4026">
     <span class='ocr_line' id='line_1_150' title="bbox 267 3958 3587 4026; baseline -0.003 -12"><span class='ocrx_word' id='word_1_495' title='bbox 267 3967 453 4014; x_wconf 78' lang='lat' dir='ltr'><strong>eretur</strong></span> <span class='ocrx_word' id='word_1_496' title='bbox 475 3968 644 4015; x_wconf 89' lang='lat' dir='ltr'><strong>totum</strong></span> <span class='ocrx_word' id='word_1_497' title='bbox 667 3959 947 4013; x_wconf 89' lang='lat' dir='ltr'><strong>mundum.</strong></span> <span class='ocrx_word' id='word_1_498' title='bbox 978 3967 1031 4012; x_wconf 89' lang='lat' dir='ltr'><strong>et</strong></span> <span class='ocrx_word' id='word_1_499' title='bbox 1059 3958 1447 4013; x_wconf 87' lang='lat' dir='ltr'><strong>detrimentum</strong></span> <span class='ocrx_word' id='word_1_500' title='bbox 1481 3958 1639 4011; x_wconf 76' lang='lat' dir='ltr'><strong>faciat</strong></span> <span class='ocrx_word' id='word_1_501' title='bbox 1663 3958 1876 4013; x_wconf 82' lang='lat' dir='ltr'><strong>animae</strong></span> <span class='ocrx_word' id='word_1_502' title='bbox 1978 3961 2256 4015; x_wconf 82' lang='lat' dir='ltr'><strong>excelsum</strong></span> <span class='ocrx_word' id='word_1_503' title='bbox 2290 3976 2534 4015; x_wconf 89' lang='lat' dir='ltr'><strong>seorsum</strong></span> <span class='ocrx_word' id='word_1_504' title='bbox 2568 3962 2736 4016; x_wconf 81' lang='lat' dir='ltr'><strong>solos.</strong></span> <span class='ocrx_word' id='word_1_505' title='bbox 2765 3969 2820 4014; x_wconf 89' lang='lat' dir='ltr'><strong>et</strong></span> <span class='ocrx_word' id='word_1_506' title='bbox 2849 3958 3265 4026; x_wconf 80' lang='lat' dir='ltr'><strong>transﬁguratus</strong></span> <span class='ocrx_word' id='word_1_507' title='bbox 3291 3963 3374 4010; x_wconf 71' lang='lat' dir='ltr'><strong>est</strong></span> <span class='ocrx_word' id='word_1_508' title='bbox 3403 3966 3587 4007; x_wconf 86' lang='lat' dir='ltr'><strong>coram</strong></span> 
     </span>
    </p>
   </div>
   <div class='ocr_carea' id='block_1_150' title="bbox 269 4026 3591 4102">
    <p class='ocr_par' dir='ltr' id='par_1_150' title="bbox 269 4026 3591 4102">
     <span class='ocr_line' id='line_1_151' title="bbox 269 4026 3591 4102; baseline -0.002 -17"><span class='ocrx_word' id='word_1_509' title='bbox 269 4046 419 4085; x_wconf 85' lang='lat' dir='ltr'><strong>suae.</strong></span> <span class='ocrx_word' id='word_1_510' title='bbox 447 4032 553 4085; x_wconf 87' lang='lat' dir='ltr'><strong>Aut</strong></span> <span class='ocrx_word' id='word_1_511' title='bbox 579 4030 708 4099; x_wconf 85' lang='lat' dir='ltr'><strong>quid</strong></span> <span class='ocrx_word' id='word_1_512' title='bbox 736 4031 886 4085; x_wconf 84' lang='lat' dir='ltr'><strong>dabit</strong></span> <span class='ocrx_word' id='word_1_513' title='bbox 908 4030 1073 4084; x_wconf 89' lang='lat' dir='ltr'><strong>domo</strong></span> <span class='ocrx_word' id='word_1_514' title='bbox 1098 4029 1173 4101; x_wconf 84' lang='lat' dir='ltr'><strong>(b)</strong></span> <span class='ocrx_word' id='word_1_515' title='bbox 1202 4030 1679 4102; x_wconf 80' lang='lat' dir='ltr'><strong>commutationem</strong></span> <span class='ocrx_word' id='word_1_516' title='bbox 1705 4028 1746 4099; x_wconf 64' lang='grc' dir='ltr'><strong>-ι-</strong></span> <span class='ocrx_word' id='word_1_517' title='bbox 1778 4045 1873 4102; x_wconf 85' lang='lat' dir='ltr'><strong>pro</strong></span> <span class='ocrx_word' id='word_1_518' title='bbox 1980 4031 2135 4102; x_wconf 87' lang='lat' dir='ltr'><strong>ipsis.</strong></span> <span class='ocrx_word' id='word_1_519' title='bbox 2169 4033 2235 4085; x_wconf 82' lang='lat' dir='ltr'><strong>Et</strong></span> <span class='ocrx_word' id='word_1_520' title='bbox 2255 4034 2577 4087; x_wconf 88' lang='lat' dir='ltr'><strong>vestimenta</strong></span> <span class='ocrx_word' id='word_1_521' title='bbox 2612 4033 2731 4102; x_wconf 86' lang='lat' dir='ltr'><strong>ejus</strong></span> <span class='ocrx_word' id='word_1_522' title='bbox 2764 4034 2900 4087; x_wconf 79' lang='lat' dir='ltr'><strong>facta</strong></span> <span class='ocrx_word' id='word_1_523' title='bbox 2934 4038 3063 4102; x_wconf 90' lang='lat' dir='ltr'><strong>sunt</strong></span> <span class='ocrx_word' id='word_1_524' title='bbox 3091 4026 3432 4097; x_wconf 85' lang='lat' dir='ltr'><strong>splendentia</strong></span> <span class='ocrx_word' id='word_1_525' title='bbox 3460 4039 3591 4079; x_wconf 88' lang='lat' dir='ltr'><strong>cau-</strong></span> 
     </span>
    </p>
   </div>
   <div class='ocr_carea' id='block_1_151' title="bbox 269 4100 3589 4171">
    <p class='ocr_par' dir='ltr' id='par_1_151' title="bbox 269 4100 3589 4171">
     <span class='ocr_line' id='line_1_152' title="bbox 269 4100 3589 4171; baseline -0.001 -16"><span class='ocrx_word' id='word_1_526' title='bbox 269 4102 448 4155; x_wconf 82' lang='lat' dir='ltr'><strong>anima</strong></span> <span class='ocrx_word' id='word_1_527' title='bbox 474 4118 591 4156; x_wconf 88' lang='lat' dir='ltr'><strong>sua.</strong></span> <span class='ocrx_word' id='word_1_528' title='bbox 618 4103 718 4169; x_wconf 87' lang='lat' dir='ltr'><strong>Qui</strong></span> <span class='ocrx_word' id='word_1_529' title='bbox 747 4102 892 4155; x_wconf 89' lang='lat' dir='ltr'><strong>enim</strong></span> <span class='ocrx_word' id='word_1_530' title='bbox 918 4118 1003 4155; x_wconf 90' lang='lat' dir='ltr'><strong>me</strong></span> <span class='ocrx_word' id='word_1_531' title='bbox 1025 4105 1281 4155; x_wconf 78' lang='lat' dir='ltr'><strong>confusus</strong></span> <span class='ocrx_word' id='word_1_532' title='bbox 1304 4100 1535 4153; x_wconf 79' lang='lat' dir='ltr'><strong>fueritet</strong></span> <span class='ocrx_word' id='word_1_533' title='bbox 1566 4116 1681 4155; x_wconf 89' lang='lat' dir='ltr'><strong>mea</strong></span> <span class='ocrx_word' id='word_1_534' title='bbox 1712 4101 1872 4156; x_wconf 80' lang='lat' dir='ltr'><strong>verba</strong></span> <span class='ocrx_word' id='word_1_535' title='bbox 1981 4100 2105 4156; x_wconf 87' lang='lat' dir='ltr'><strong>dida</strong></span> <span class='ocrx_word' id='word_1_536' title='bbox 2136 4102 2316 4157; x_wconf 86' lang='lat' dir='ltr'><strong>nimis.</strong></span> <span class='ocrx_word' id='word_1_537' title='bbox 2352 4106 2501 4159; x_wconf 89' lang='lat' dir='ltr'><strong>velut</strong></span> <span class='ocrx_word' id='word_1_538' title='bbox 2532 4100 2654 4158; x_wconf 57' lang='lat' dir='ltr'><strong>nix.</strong></span> <span class='ocrx_word' id='word_1_539' title='bbox 2674 4105 2852 4171; x_wconf 86' lang='lat' dir='ltr'><strong>qualia</strong></span> <span class='ocrx_word' id='word_1_540' title='bbox 2873 4101 3024 4154; x_wconf 83' lang='lat' dir='ltr'><strong>l&#39;ullo.</strong></span> <span class='ocrx_word' id='word_1_541' title='bbox 3061 4108 3456 4171; x_wconf 68' lang='lat' dir='ltr'><strong>superterram</strong></span> <span class='ocrx_word' id='word_1_542' title='bbox 3481 4110 3589 4149; x_wconf 78' lang='lat' dir='ltr'><strong>non</strong></span> 
     </span>
    </p>
   </div>
   <div class='ocr_carea' id='block_1_152' title="bbox 270 4169 3591 4243">
    <p class='ocr_par' dir='ltr' id='par_1_152' title="bbox 270 4169 3591 4243">
     <span class='ocr_line' id='line_1_153' title="bbox 270 4169 3591 4243; baseline -0.002 -17"><span class='ocrx_word' id='word_1_543' title='bbox 270 4174 322 4226; x_wconf 91' lang='lat' dir='ltr'><strong>in</strong></span> <span class='ocrx_word' id='word_1_544' title='bbox 341 4178 691 4242; x_wconf 83' lang='lat' dir='ltr'><strong>generatione</strong></span> <span class='ocrx_word' id='word_1_545' title='bbox 713 4171 816 4227; x_wconf 85' lang='lat' dir='ltr'><strong>ista</strong></span> <span class='ocrx_word' id='word_1_546' title='bbox 837 4172 1078 4227; x_wconf 87' lang='lat' dir='ltr'><strong>adultera</strong></span> <span class='ocrx_word' id='word_1_547' title='bbox 1095 4171 1743 4243; x_wconf 84' lang='lat' dir='ltr'><strong>etpeccatrice.etFilius</strong></span> <span class='ocrx_word' id='word_1_548' title='bbox 1774 4173 1871 4225; x_wconf 82' lang='lat' dir='ltr'><strong>lto-</strong></span> <span class='ocrx_word' id='word_1_549' title='bbox 1984 4184 2165 4242; x_wconf 90' lang='lat' dir='ltr'><strong>potest</strong></span> <span class='ocrx_word' id='word_1_550' title='bbox 2192 4175 2420 4230; x_wconf 87' lang='lat' dir='ltr'><strong>candida</strong></span> <span class='ocrx_word' id='word_1_551' title='bbox 2453 4179 2652 4230; x_wconf 83' lang='lat' dir='ltr'><strong>lacere.</strong></span> <span class='ocrx_word' id='word_1_552' title='bbox 2694 4169 2768 4229; x_wconf 81' lang='lat' dir='ltr'><strong>Et</strong></span> <span class='ocrx_word' id='word_1_553' title='bbox 2813 4172 3060 4243; x_wconf 84' lang='lat' dir='ltr'><strong>apparuit</strong></span> <span class='ocrx_word' id='word_1_554' title='bbox 3102 4172 3185 4226; x_wconf 89' lang='lat' dir='ltr'><strong>eis</strong></span> <span class='ocrx_word' id='word_1_555' title='bbox 3235 4169 3418 4224; x_wconf 89' lang='lat' dir='ltr'><strong>llelias</strong></span> <span class='ocrx_word' id='word_1_556' title='bbox 3466 4178 3591 4221; x_wconf 88' lang='lat' dir='ltr'><strong>cum</strong></span> 
     </span>
    </p>
   </div>
   <div class='ocr_carea' id='block_1_153' title="bbox 273 4242 2879 4317">
    <p class='ocr_par' dir='ltr' id='par_1_153' title="bbox 273 4242 2879 4317">
     <span class='ocr_line' id='line_1_154' title="bbox 273 4242 2879 4317; baseline 0 -18"><span class='ocrx_word' id='word_1_557' title='bbox 273 4246 433 4299; x_wconf 90' lang='lat' dir='ltr'><strong>minis</strong></span> <span class='ocrx_word' id='word_1_558' title='bbox 448 4245 741 4301; x_wconf 80' lang='lat' dir='ltr'><strong>confundet</strong></span> <span class='ocrx_word' id='word_1_559' title='bbox 764 4259 1046 4299; x_wconf 89' lang='lat' dir='ltr'><strong>eum.cum</strong></span> <span class='ocrx_word' id='word_1_560' title='bbox 1063 4244 1273 4299; x_wconf 82' lang='lat' dir='ltr'><strong>venerit</strong></span> <span class='ocrx_word' id='word_1_561' title='bbox 1303 4242 1357 4297; x_wconf 89' lang='lat' dir='ltr'><strong>in</strong></span> <span class='ocrx_word' id='word_1_562' title='bbox 1388 4242 1561 4311; x_wconf 89' lang='lat' dir='ltr'><strong>gloria</strong></span> <span class='ocrx_word' id='word_1_563' title='bbox 1590 4242 1767 4297; x_wconf 81' lang='lat' dir='ltr'><strong>Patris</strong></span> <span class='ocrx_word' id='word_1_564' title='bbox 1788 4245 1871 4297; x_wconf 90' lang='lat' dir='ltr'><strong>sui</strong></span> <span class='ocrx_word' id='word_1_565' title='bbox 1982 4245 2187 4317; x_wconf 84' lang='lat' dir='ltr'><strong>Moyse,</strong></span> <span class='ocrx_word' id='word_1_566' title='bbox 2220 4257 2275 4301; x_wconf 89' lang='lat' dir='ltr'><strong>et</strong></span> <span class='ocrx_word' id='word_1_567' title='bbox 2300 4257 2457 4303; x_wconf 88' lang='lat' dir='ltr'><strong>erant</strong></span> <span class='ocrx_word' id='word_1_568' title='bbox 2484 4242 2879 4317; x_wconf 85' lang='lat' dir='ltr'><strong>conloquentes</strong></span> 
     </span>
    </p>
   </div>
   <div class='ocr_carea' id='block_1_154' title="bbox 1574 4355 2322 4420">
    <p class='ocr_par' dir='ltr' id='par_1_154' title="bbox 1574 4355 2322 4420">
     <span class='ocr_line' id='line_1_155' title="bbox 1574 4355 2322 4420; baseline 0.005 -8"><span class='ocrx_word' id='word_1_569' title='bbox 1574 4355 1810 4414; x_wconf 78' lang='lat' dir='ltr'><strong>CODEX</strong></span> <span class='ocrx_word' id='word_1_570' title='bbox 1848 4356 2322 4420; x_wconf 82' lang='lat' dir='ltr'><strong>CORBEIENSIS.</strong></span> 
     </span>
    </p>
   </div>
   <div class='ocr_carea' id='block_1_155' title="bbox 346 4471 3579 4536">
    <p class='ocr_par' dir='ltr' id='par_1_155' title="bbox 346 4471 3579 4536">
     <span class='ocr_line' id='line_1_156' title="bbox 346 4471 3579 4536; baseline -0.003 -4"><span class='ocrx_word' id='word_1_571' title='bbox 346 4477 437 4532; x_wconf 89' lang='grc'>56.</span> <span class='ocrx_word' id='word_1_572' title='bbox 471 4486 525 4532; x_wconf 90' lang='lat' dir='ltr'><strong>et</strong></span> <span class='ocrx_word' id='word_1_573' title='bbox 554 4476 809 4534; x_wconf 67' lang='lat' dir='ltr'><strong>damnum</strong></span> <span class='ocrx_word' id='word_1_574' title='bbox 840 4476 1000 4530; x_wconf 79' lang='lat' dir='ltr'><strong>faciat</strong></span> <span class='ocrx_word' id='word_1_575' title='bbox 1028 4474 1240 4528; x_wconf 89' lang='lat' dir='ltr'><strong>animae</strong></span> <span class='ocrx_word' id='word_1_576' title='bbox 1271 4471 1436 4526; x_wconf 88' lang='lat' dir='ltr'><strong>suae?</strong></span> <span class='ocrx_word' id='word_1_577' title='bbox 2043 4474 2174 4529; x_wconf 80' lang='lat' dir='ltr'><strong>CAP.</strong></span> <span class='ocrx_word' id='word_1_578' title='bbox 2207 4475 2301 4531; x_wconf 78' lang='lat' dir='ltr'><strong>IX.</strong></span> <span class='ocrx_word' id='word_1_579' title='bbox 2333 4506 2405 4517; x_wconf 92' lang='lat'><strong>—-</strong></span> <span class='ocrx_word' id='word_1_580' title='bbox 2437 4476 2487 4530; x_wconf 88' lang='lat' dir='ltr'><strong>l.</strong></span> <span class='ocrx_word' id='word_1_581' title='bbox 2517 4476 2567 4529; x_wconf 91' lang='lat' dir='ltr'><strong>in</strong></span> <span class='ocrx_word' id='word_1_582' title='bbox 2599 4472 3198 4536; x_wconf 70' lang='lat' dir='ltr'><strong>montemaltissimum</strong></span> <span class='ocrx_word' id='word_1_583' title='bbox 3228 4476 3446 4527; x_wconf 87' lang='lat' dir='ltr'><strong>secreto</strong></span> <span class='ocrx_word' id='word_1_584' title='bbox 3496 4480 3579 4523; x_wconf 79' lang='lat' dir='ltr'><strong>so-</strong></span> 
     </span>
    </p>
   </div>
   <div class='ocr_carea' id='block_1_156' title="bbox 346 4544 2759 4621">
    <p class='ocr_par' dir='ltr' id='par_1_156' title="bbox 346 4544 2759 4621">
     <span class='ocr_line' id='line_1_157' title="bbox 346 4544 2759 4621; baseline -0.001 -19"><span class='ocrx_word' id='word_1_585' title='bbox 346 4549 436 4605; x_wconf 80' lang='grc'>59.</span> <span class='ocrx_word' id='word_1_586' title='bbox 480 4559 608 4605; x_wconf 89' lang='lat' dir='ltr'><strong>sunt</strong></span> <span class='ocrx_word' id='word_1_587' title='bbox 632 4549 850 4621; x_wconf 88' lang='lat' dir='ltr'><strong>quidam</strong></span> <span class='ocrx_word' id='word_1_588' title='bbox 882 4548 970 4603; x_wconf 89' lang='lat' dir='ltr'><strong>hic</strong></span> <span class='ocrx_word' id='word_1_589' title='bbox 1007 4544 1475 4602; x_wconf 86' lang='lat' dir='ltr'><strong>circumstantium</strong></span> <span class='ocrx_word' id='word_1_590' title='bbox 1506 4558 1611 4598; x_wconf 90' lang='lat' dir='ltr'><strong>me.</strong></span> <span class='ocrx_word' id='word_1_591' title='bbox 1973 4546 2078 4611; x_wconf 91' lang='lat' dir='ltr'><strong>lus,</strong></span> <span class='ocrx_word' id='word_1_592' title='bbox 2107 4556 2161 4601; x_wconf 91' lang='lat' dir='ltr'><strong>et</strong></span> <span class='ocrx_word' id='word_1_593' title='bbox 2189 4548 2625 4618; x_wconf 81' lang='lat' dir='ltr'><strong>transﬁguratus,</strong></span> <span class='ocrx_word' id='word_1_594' title='bbox 2656 4556 2759 4601; x_wconf 85' lang='lat' dir='ltr'><strong>etc.</strong></span> 
     </span>
    </p>
   </div>
   <div class='ocr_carea' id='block_1_157' title="bbox 1512 4656 2359 4718">
    <p class='ocr_par' dir='ltr' id='par_1_157' title="bbox 1512 4656 2359 4718">
     <span class='ocr_line' id='line_1_158' title="bbox 1512 4656 2359 4718; baseline 0.004 -5"><span class='ocrx_word' id='word_1_595' title='bbox 1512 4656 1913 4716; x_wconf 78' lang='lat' dir='ltr'><strong>VARIANTES</strong></span> <span class='ocrx_word' id='word_1_596' title='bbox 1952 4658 2359 4718; x_wconf 85' lang='lat' dir='ltr'><strong>LECTIONES.</strong></span> 
     </span>
    </p>
   </div>
   <div class='ocr_carea' id='block_1_158' title="bbox 346 4801 1740 4858">
    <p class='ocr_par' dir='ltr' id='par_1_158' title="bbox 346 4801 1740 4858">
     <span class='ocr_line' id='line_1_159' title="bbox 346 4801 1740 4858; baseline -0.004 -3"><span class='ocrx_word' id='word_1_597' title='bbox 346 4809 363 4838; x_wconf 74' lang='grc' dir='ltr'><strong>ι</strong></span> <span class='ocrx_word' id='word_1_598' title='bbox 404 4806 508 4858; x_wconf 81' lang='lat' dir='ltr'><strong>Gal.</strong></span> <span class='ocrx_word' id='word_1_599' title='bbox 536 4808 817 4856; x_wconf 83' lang='lat' dir='ltr'><strong>universum</strong></span> <span class='ocrx_word' id='word_1_600' title='bbox 854 4804 1104 4854; x_wconf 88' lang='lat' dir='ltr'><strong>mundum.</strong></span> <span class='ocrx_word' id='word_1_601' title='bbox 1143 4801 1288 4858; x_wconf 77' lang='lat' dir='ltr'><strong>Vulq.</strong></span> <span class='ocrx_word' id='word_1_602' title='bbox 1315 4802 1549 4852; x_wconf 87' lang='lat' dir='ltr'><strong>mundum</strong></span> <span class='ocrx_word' id='word_1_603' title='bbox 1586 4808 1740 4851; x_wconf 90' lang='lat' dir='ltr'><strong>totum</strong></span> 
     </span>
    </p>
   </div>
   <div class='ocr_carea' id='block_1_159' title="bbox 343 4862 1885 4933">
    <p class='ocr_par' dir='ltr' id='par_1_159' title="bbox 343 4862 1885 4933">
     <span class='ocr_line' id='line_1_160' title="bbox 343 4862 1885 4933; baseline -0.004 -14"><span class='ocrx_word' id='word_1_604' title='bbox 343 4871 363 4900; x_wconf 84' lang='grc'>¹</span> <span class='ocrx_word' id='word_1_605' title='bbox 398 4869 505 4919; x_wconf 59' lang='grc' dir='ltr'><strong>ϐαι.</strong></span> <span class='ocrx_word' id='word_1_606' title='bbox 553 4869 821 4933; x_wconf 82' lang='lat' dir='ltr'><strong>adsumpsit</strong></span> <span class='ocrx_word' id='word_1_607' title='bbox 866 4868 1085 4918; x_wconf 85' lang='lat' dir='ltr'><strong>Petrum.</strong></span> <span class='ocrx_word' id='word_1_608' title='bbox 1150 4862 1299 4929; x_wconf 72' lang='lat' dir='ltr'><strong>Vulg.</strong></span> <span class='ocrx_word' id='word_1_609' title='bbox 1345 4865 1549 4914; x_wconf 82' lang='lat' dir='ltr'><strong>assumit</strong></span> <span class='ocrx_word' id='word_1_610' title='bbox 1592 4862 1740 4913; x_wconf 85' lang='lat' dir='ltr'><strong>Jesus</strong></span> <span class='ocrx_word' id='word_1_611' title='bbox 1783 4864 1885 4915; x_wconf 86' lang='lat' dir='ltr'><strong>Pe-</strong></span> 
     </span>
    </p>
   </div>
   <div class='ocr_carea' id='block_1_160' title="bbox 281 4940 429 4982">
    <p class='ocr_par' dir='ltr' id='par_1_160' title="bbox 281 4940 429 4982">
     <span class='ocr_line' id='line_1_161' title="bbox 281 4940 429 4982; baseline -0.007 0"><span class='ocrx_word' id='word_1_612' title='bbox 281 4940 429 4982; x_wconf 86' lang='lat' dir='ltr'><strong>trum.</strong></span> 
     </span>
    </p>
   </div>
   <div class='ocr_carea' id='block_1_161' title="bbox 2053 4803 2917 4871">
    <p class='ocr_par' dir='ltr' id='par_1_161' title="bbox 2053 4803 2917 4871">
     <span class='ocr_line' id='line_1_162' title="bbox 2053 4803 2917 4871; baseline 0.002 -18"><span class='ocrx_word' id='word_1_613' title='bbox 2053 4806 2072 4871; x_wconf 49' lang='grc' dir='ltr'><strong>ἓ</strong></span> <span class='ocrx_word' id='word_1_614' title='bbox 2106 4804 2189 4871; x_wconf 59' lang='lat' dir='ltr'><strong>Ita</strong></span> <span class='ocrx_word' id='word_1_615' title='bbox 2211 4805 2320 4856; x_wconf 71' lang='grc' dir='ltr'><strong>ϐαι.</strong></span> <span class='ocrx_word' id='word_1_616' title='bbox 2349 4803 2495 4871; x_wconf 68' lang='lat' dir='ltr'><strong>Vulg.</strong></span> <span class='ocrx_word' id='word_1_617' title='bbox 2518 4818 2745 4871; x_wconf 80' lang='lat' dir='ltr'><strong>seorsum</strong></span> <span class='ocrx_word' id='word_1_618' title='bbox 2763 4806 2917 4871; x_wconf 81' lang='lat' dir='ltr'><strong>solos.</strong></span> 
     </span>
    </p>
   </div>
   <div class='ocr_carea' id='block_1_162' title="bbox 2056 4858 3412 4933">
    <p class='ocr_par' dir='ltr' id='par_1_162' title="bbox 2056 4858 3412 4933">
     <span class='ocr_line' id='line_1_163' title="bbox 2056 4858 3412 4933; baseline -0.007 -15"><span class='ocrx_word' id='word_1_619' title='bbox 2056 4867 2076 4897; x_wconf 68' lang='grc'><strong>⁸</strong></span> <span class='ocrx_word' id='word_1_620' title='bbox 2113 4868 2219 4919; x_wconf 72' lang='lat' dir='ltr'><strong>Gal.</strong></span> <span class='ocrx_word' id='word_1_621' title='bbox 2244 4858 2471 4933; x_wconf 61' lang='lat' dir='ltr'><strong>candida:</strong></span> <span class='ocrx_word' id='word_1_622' title='bbox 2491 4869 2643 4920; x_wconf 84' lang='lat' dir='ltr'><strong>velut.</strong></span> <span class='ocrx_word' id='word_1_623' title='bbox 2675 4867 2821 4932; x_wconf 78' lang='lat' dir='ltr'><strong>Vulg.</strong></span> <span class='ocrx_word' id='word_1_624' title='bbox 2847 4864 3051 4918; x_wconf 82' lang='lat' dir='ltr'><strong>candida</strong></span> <span class='ocrx_word' id='word_1_625' title='bbox 3069 4864 3231 4922; x_wconf 85' lang='lat' dir='ltr'><strong>nimis,</strong></span> <span class='ocrx_word' id='word_1_626' title='bbox 3258 4858 3412 4911; x_wconf 78' lang='lat' dir='ltr'><strong>velut.</strong></span> 
     </span>
    </p>
   </div>
   <div class='ocr_carea' id='block_1_163' title="bbox 955 5038 2911 5087">
    <p class='ocr_par' dir='ltr' id='par_1_163' title="bbox 955 5038 2911 5087">
     <span class='ocr_line' id='line_1_164' title="bbox 955 5038 2911 5087; baseline -0.005 -1"><span class='ocrx_word' id='word_1_627' title='bbox 955 5044 1248 5087; x_wconf 73' lang='lat' dir='ltr'><strong>LECTIONES</strong></span> <span class='ocrx_word' id='word_1_628' title='bbox 1276 5042 1481 5085; x_wconf 81' lang='lat' dir='ltr'><strong>CODICIS</strong></span> <span class='ocrx_word' id='word_1_629' title='bbox 1515 5043 1929 5085; x_wconf 76' lang='lat' dir='ltr'><strong>VINDEBONENSIS</strong></span> <span class='ocrx_word' id='word_1_630' title='bbox 1959 5042 2234 5085; x_wconf 76' lang='lat' dir='ltr'><strong>ABEUNTES</strong></span> <span class='ocrx_word' id='word_1_631' title='bbox 2262 5042 2326 5081; x_wconf 83' lang='lat' dir='ltr'><strong>AB</strong></span> <span class='ocrx_word' id='word_1_632' title='bbox 2357 5039 2606 5081; x_wconf 79' lang='lat' dir='ltr'><strong>EDITIONE</strong></span> <span class='ocrx_word' id='word_1_633' title='bbox 2634 5038 2911 5081; x_wconf 79' lang='lat' dir='ltr'><strong>VULGATA.</strong></span> 
     </span>
    </p>
   </div>
   <div class='ocr_carea' id='block_1_164' title="bbox 283 5133 3598 5213">
    <p class='ocr_par' dir='ltr' id='par_1_164' title="bbox 283 5133 3598 5213">
     <span class='ocr_line' id='line_1_165' title="bbox 283 5133 3598 5213; baseline -0.004 -14"><span class='ocrx_word' id='word_1_634' title='bbox 283 5150 502 5213; x_wconf 81' lang='lat' dir='ltr'><strong>abneget</strong></span> <span class='ocrx_word' id='word_1_635' title='bbox 522 5160 607 5209; x_wconf 85' lang='lat' dir='ltr'><strong>se;</strong></span> <span class='ocrx_word' id='word_1_636' title='bbox 629 5155 681 5198; x_wconf 90' lang='lat' dir='ltr'><strong>et</strong></span> <span class='ocrx_word' id='word_1_637' title='bbox 704 5146 905 5213; x_wconf 78' lang='lat' dir='ltr'><strong>tollens._</strong></span> <span class='ocrx_word' id='word_1_638' title='bbox 967 5147 1047 5213; x_wconf 75' lang='grc'><strong>55.</strong></span> <span class='ocrx_word' id='word_1_639' title='bbox 1074 5146 1283 5213; x_wconf 84' lang='lat' dir='ltr'><strong>animam</strong></span> <span class='ocrx_word' id='word_1_640' title='bbox 1304 5158 1441 5194; x_wconf 88' lang='lat' dir='ltr'><strong>suam</strong></span> <span class='ocrx_word' id='word_1_641' title='bbox 1465 5144 1696 5213; x_wconf 79' lang='lat' dir='ltr'><strong>salvare_,_</strong></span> <span class='ocrx_word' id='word_1_642' title='bbox 1712 5144 1889 5207; x_wconf 88' lang='lat' dir='ltr'><strong>perdet</strong></span> <span class='ocrx_word' id='word_1_643' title='bbox 1993 5157 2109 5213; x_wconf 77' lang='lat' dir='ltr'><strong>cum</strong></span> <span class='ocrx_word' id='word_1_644' title='bbox 2126 5143 2320 5213; x_wconf 80' lang='lat' dir='ltr'><strong>venerit</strong></span> <span class='ocrx_word' id='word_1_645' title='bbox 2354 5142 2404 5189; x_wconf 87' lang='lat' dir='ltr'><strong>in</strong></span> <span class='ocrx_word' id='word_1_646' title='bbox 2428 5140 2659 5213; x_wconf 81' lang='lat' dir='ltr'><strong>gloriam.</strong></span> <span class='ocrx_word' id='word_1_647' title='bbox 2698 5140 2778 5190; x_wconf 83' lang='grc'><strong>59.</strong></span> <span class='ocrx_word' id='word_1_648' title='bbox 2817 5138 2974 5189; x_wconf 84' lang='lat' dir='ltr'><strong>Amen</strong></span> <span class='ocrx_word' id='word_1_649' title='bbox 2997 5136 3106 5187; x_wconf 89' lang='lat' dir='ltr'><strong>dico</strong></span> <span class='ocrx_word' id='word_1_650' title='bbox 3127 5134 3284 5199; x_wconf 81' lang='lat' dir='ltr'><strong>vobis,</strong></span> <span class='ocrx_word' id='word_1_651' title='bbox 3327 5133 3457 5196; x_wconf 84' lang='lat' dir='ltr'><strong>quod</strong></span> <span class='ocrx_word' id='word_1_652' title='bbox 3482 5140 3598 5185; x_wconf 89' lang='lat' dir='ltr'><strong>sunt</strong></span> 
     </span>
    </p>
   </div>
   <div class='ocr_carea' id='block_1_165' title="bbox 286 5206 3250 5275">
    <p class='ocr_par' dir='ltr' id='par_1_165' title="bbox 286 5206 3250 5275">
     <span class='ocr_line' id='line_1_166' title="bbox 286 5206 3250 5275; baseline -0.005 -12"><span class='ocrx_word' id='word_1_653' title='bbox 286 5225 396 5263; x_wconf 84' lang='lat' dir='ltr'><strong>eam</strong></span> <span class='ocrx_word' id='word_1_654' title='bbox 416 5206 706 5275; x_wconf 64' lang='lat' dir='ltr'><strong>quiantem</strong></span> <span class='ocrx_word' id='word_1_655' title='bbox 734 5208 1007 5275; x_wconf 73' lang='lat' dir='ltr'><strong>perdiderit</strong></span> <span class='ocrx_word' id='word_1_656' title='bbox 1040 5221 1148 5257; x_wconf 89' lang='lat' dir='ltr'><strong>eam</strong></span> <span class='ocrx_word' id='word_1_657' title='bbox 1176 5209 1379 5275; x_wconf 88' lang='lat' dir='ltr'><strong>animam</strong></span> <span class='ocrx_word' id='word_1_658' title='bbox 1422 5215 1620 5270; x_wconf 85' lang='lat' dir='ltr'><strong>propter</strong></span> <span class='ocrx_word' id='word_1_659' title='bbox 1655 5206 1890 5275; x_wconf 64' lang='lat' dir='ltr'><strong>Evange—</strong></span> <span class='ocrx_word' id='word_1_660' title='bbox 1993 5206 2603 5275; x_wconf 43' lang='lat' dir='ltr'><strong>quidam&#39;circum-stantes.</strong></span> <span class='ocrx_word' id='word_1_661' title='bbox 2682 5265 2709 5275; x_wconf 27' lang='grc' dir='ltr'><strong>,Δ</strong></span> <span class='ocrx_word' id='word_1_662' title='bbox 2825 5263 2836 5273; x_wconf 45' lang='lat'><em>.</em></span> 
     </span>
    </p>
   </div>
   <div class='ocr_carea' id='block_1_166' title="bbox 284 5258 3593 5333">
    <p class='ocr_par' dir='ltr' id='par_1_166' title="bbox 284 5258 3593 5333">
     <span class='ocr_line' id='line_1_167' title="bbox 284 5258 3593 5333; baseline -0.005 -9"><span class='ocrx_word' id='word_1_663' title='bbox 284 5258 676 5332; x_wconf 45' lang='lat' dir='ltr'><strong>lium,1salvam.</strong></span> <span class='ocrx_word' id='word_1_664' title='bbox 736 5258 823 5321; x_wconf 61' lang='lat'><strong>&#39;56.</strong></span> <span class='ocrx_word' id='word_1_665' title='bbox 858 5273 899 5319; x_wconf 88' lang='lat' dir='ltr'><strong>si</strong></span> <span class='ocrx_word' id='word_1_666' title='bbox 936 5270 1154 5321; x_wconf 87' lang='lat' dir='ltr'><strong>lucretur</strong></span> <span class='ocrx_word' id='word_1_667' title='bbox 1193 5258 1479 5319; x_wconf 69' lang='lat' dir='ltr'><strong>universum</strong></span> <span class='ocrx_word' id='word_1_668' title='bbox 1512 5258 1755 5319; x_wconf 58' lang='lat' dir='ltr'><strong>&#39;muudum</strong></span> <span class='ocrx_word' id='word_1_669' title='bbox 1782 5258 1892 5333; x_wconf 56' lang='grc' dir='ltr'><strong>,νει</strong></span> <span class='ocrx_word' id='word_1_670' title='bbox 2011 5258 2024 5269; x_wconf 85' lang='grc'><strong>’</strong></span> <span class='ocrx_word' id='word_1_671' title='bbox 2054 5267 2171 5333; x_wconf 51' lang='grc' dir='ltr'><strong>βιῳ.</strong></span> <span class='ocrx_word' id='word_1_672' title='bbox 2196 5264 2276 5333; x_wconf 67' lang='lat' dir='ltr'><strong>IX.</strong></span> <span class='ocrx_word' id='word_1_673' title='bbox 2299 5265 2778 5333; x_wconf 27' lang='lat' dir='ltr'><strong>——‘1._assumpsi_t...</strong></span> <span class='ocrx_word' id='word_1_674' title='bbox 2823 5263 2872 5333; x_wconf 78' lang='lat' dir='ltr'><strong>in</strong></span> <span class='ocrx_word' id='word_1_675' title='bbox 2910 5267 3128 5333; x_wconf 81' lang='lat' dir='ltr'><strong>montem</strong></span> <span class='ocrx_word' id='word_1_676' title='bbox 3171 5260 3477 5333; x_wconf 69' lang='lat' dir='ltr'><strong>altissimum.</strong></span> <span class='ocrx_word' id='word_1_677' title='bbox 3543 5258 3593 5307; x_wconf 72' lang='grc' dir='ltr'>Ξ.</span> 
     </span>
    </p>
   </div>
   <div class='ocr_carea' id='block_1_167' title="bbox 283 5320 3601 5391">
    <p class='ocr_par' dir='ltr' id='par_1_167' title="bbox 283 5320 3601 5391">
     <span class='ocr_line' id='line_1_168' title="bbox 283 5320 3601 5391; baseline -0.005 -5"><span class='ocrx_word' id='word_1_678' title='bbox 283 5320 786 5386; x_wconf 71' lang='lat' dir='ltr'><strong>detrimentumfaciat</strong></span> <span class='ocrx_word' id='word_1_679' title='bbox 809 5334 1147 5381; x_wconf 84' lang='lat' dir='ltr'><strong>animaesuae.</strong></span> <span class='ocrx_word' id='word_1_680' title='bbox 1214 5333 1753 5383; x_wconf 80' lang='lat' dir='ltr'><strong>57.commnlationem.</strong></span> <span class='ocrx_word' id='word_1_681' title='bbox 1782 5320 1887 5380; x_wconf 70' lang='lat'><strong>&#39;38.</strong></span> <span class='ocrx_word' id='word_1_682' title='bbox 1994 5328 2307 5391; x_wconf 86' lang='lat' dir='ltr'><strong>splendentia</strong></span> <span class='ocrx_word' id='word_1_683' title='bbox 2332 5328 2493 5391; x_wconf 71' lang='lat' dir='ltr'><strong>nimis,</strong></span> <span class='ocrx_word' id='word_1_684' title='bbox 2524 5320 2756 5391; x_wconf 73' lang='lat' dir='ltr'><strong>candida,</strong></span> <span class='ocrx_word' id='word_1_685' title='bbox 2790 5325 2931 5391; x_wconf 64' lang='lat' dir='ltr'><strong>velut</strong></span> <span class='ocrx_word' id='word_1_686' title='bbox 2951 5326 3056 5390; x_wconf 83' lang='lat' dir='ltr'><strong>nix,</strong></span> <span class='ocrx_word' id='word_1_687' title='bbox 3082 5324 3245 5388; x_wconf 89' lang='lat' dir='ltr'><strong>qualia</strong></span> <span class='ocrx_word' id='word_1_688' title='bbox 3284 5325 3397 5386; x_wconf 87' lang='lat' dir='ltr'><strong>quis</strong></span> <span class='ocrx_word' id='word_1_689' title='bbox 3434 5320 3601 5372; x_wconf 79' lang='lat' dir='ltr'><strong>facere</strong></span> 
     </span>
    </p>
   </div>
   <div class='ocr_carea' id='block_1_168' title="bbox 285 5387 3005 5459">
    <p class='ocr_par' dir='ltr' id='par_1_168' title="bbox 285 5387 3005 5459">
     <span class='ocr_line' id='line_1_169' title="bbox 285 5387 3005 5459; baseline -0.004 -11"><span class='ocrx_word' id='word_1_690' title='bbox 285 5397 382 5459; x_wconf 78' lang='lat' dir='ltr'><strong>Qui</strong></span> <span class='ocrx_word' id='word_1_691' title='bbox 415 5403 582 5449; x_wconf 88' lang='lat' dir='ltr'><strong>autem</strong></span> <span class='ocrx_word' id='word_1_692' title='bbox 613 5410 754 5447; x_wconf 89' lang='lat' dir='ltr'><strong>me...</strong></span> <span class='ocrx_word' id='word_1_693' title='bbox 785 5404 837 5446; x_wconf 88' lang='lat' dir='ltr'><strong>et</strong></span> <span class='ocrx_word' id='word_1_694' title='bbox 874 5407 985 5445; x_wconf 76' lang='lat' dir='ltr'><strong>mea</strong></span> <span class='ocrx_word' id='word_1_695' title='bbox 1008 5394 1157 5445; x_wconf 84' lang='lat' dir='ltr'><strong>verba</strong></span> <span class='ocrx_word' id='word_1_696' title='bbox 1182 5395 1232 5444; x_wconf 93' lang='lat' dir='ltr'><strong>in</strong></span> <span class='ocrx_word' id='word_1_697' title='bbox 1258 5398 1580 5457; x_wconf 85' lang='lat' dir='ltr'><strong>generatione</strong></span> <span class='ocrx_word' id='word_1_698' title='bbox 1606 5394 1889 5444; x_wconf 85' lang='lat' dir='ltr'><strong>adultera...</strong></span> <span class='ocrx_word' id='word_1_699' title='bbox 1996 5387 2094 5441; x_wconf 83' lang='lat' dir='ltr'><strong>non</strong></span> <span class='ocrx_word' id='word_1_700' title='bbox 2120 5397 2300 5454; x_wconf 88' lang='lat' dir='ltr'><strong>potest.</strong></span> <span class='ocrx_word' id='word_1_701' title='bbox 2369 5394 2416 5441; x_wconf 82' lang='grc'><strong>5.</strong></span> <span class='ocrx_word' id='word_1_702' title='bbox 2442 5389 2632 5453; x_wconf 83' lang='lat' dir='ltr'><strong>Helias,</strong></span> <span class='ocrx_word' id='word_1_703' title='bbox 2654 5401 2766 5439; x_wconf 85' lang='lat' dir='ltr'><strong>cum</strong></span> <span class='ocrx_word' id='word_1_704' title='bbox 2789 5387 3005 5452; x_wconf 81' lang='lat' dir='ltr'><strong>Moysen.</strong></span> 
     </span>
    </p>
   </div>
   <div class='ocr_carea' id='block_1_169' title="bbox 1622 5490 2259 5577">
    <p class='ocr_par' dir='ltr' id='par_1_169' title="bbox 1622 5490 2259 5577">
     <span class='ocr_line' id='line_1_170' title="bbox 1622 5490 2259 5577; baseline -0.006 -29"><span class='ocrx_word' id='word_1_705' title='bbox 1622 5491 1990 5550; x_wconf 82' lang='lat' dir='ltr'><strong>BLANCHINI</strong></span> <span class='ocrx_word' id='word_1_706' title='bbox 2030 5490 2259 5577; x_wconf 58' lang='grc' dir='ltr'><strong>ΝΟΤςΕ.</strong></span> 
     </span>
    </p>
   </div>
   <div class='ocr_carea' id='block_1_170' title="bbox 290 5602 3603 5687">
    <p class='ocr_par' dir='ltr' id='par_1_170' title="bbox 290 5602 3603 5687">
     <span class='ocr_line' id='line_1_171' title="bbox 290 5602 3603 5687; baseline -0.002 -20"><span class='ocrx_word' id='word_1_707' title='bbox 290 5630 323 5687; x_wconf 17' lang='grc' dir='ltr'><strong>ῖί</strong></span> <span class='ocrx_word' id='word_1_708' title='bbox 364 5610 605 5687; x_wconf 77' lang='lat' dir='ltr'><strong>(a)_Post</strong></span> <span class='ocrx_word' id='word_1_709' title='bbox 631 5626 799 5687; x_wconf 63' lang='lat' dir='ltr'><strong>suam,</strong></span> <span class='ocrx_word' id='word_1_710' title='bbox 833 5608 986 5663; x_wconf 90' lang='lat' dir='ltr'><strong>deest</strong></span> <span class='ocrx_word' id='word_1_711' title='bbox 1013 5616 1229 5687; x_wconf 67' lang='lat' dir='ltr'><strong>propter</strong></span> <span class='ocrx_word' id='word_1_712' title='bbox 1255 5624 1336 5661; x_wconf 87' lang='lat' dir='ltr'><strong>me</strong></span> <span class='ocrx_word' id='word_1_713' title='bbox 1363 5649 1389 5687; x_wconf 88' lang='lat'><strong>,_</strong></span> <span class='ocrx_word' id='word_1_714' title='bbox 1411 5608 1619 5687; x_wconf 83' lang='lat' dir='ltr'><strong>pariter</strong></span> <span class='ocrx_word' id='word_1_715' title='bbox 1644 5608 1697 5663; x_wconf 93' lang='lat' dir='ltr'><strong>in</strong></span> <span class='ocrx_word' id='word_1_716' title='bbox 1722 5607 2044 5687; x_wconf 22' lang='lat' dir='ltr'><strong>caducam.</strong></span> <span class='ocrx_word' id='word_1_717' title='bbox 2078 5637 2149 5687; x_wconf 64' lang='grc' dir='ltr'><strong>τ-</strong></span> <span class='ocrx_word' id='word_1_718' title='bbox 2282 5605 2373 5687; x_wconf 45' lang='grc' dir='ltr'><strong>Ιιε.</strong></span> <span class='ocrx_word' id='word_1_719' title='bbox 2393 5614 2447 5661; x_wconf 85' lang='lat' dir='ltr'><strong>et</strong></span> <span class='ocrx_word' id='word_1_720' title='bbox 2478 5615 2596 5687; x_wconf 77' lang='lat' dir='ltr'><strong>tex._</strong></span> <span class='ocrx_word' id='word_1_721' title='bbox 2615 5606 2713 5687; x_wconf 76' lang='lat' dir='ltr'><strong>Gr.</strong></span> <span class='ocrx_word' id='word_1_722' title='bbox 2738 5607 3171 5687; x_wconf 48' lang='grc' dir='ltr'><strong>ἀντάλλαγμαΑ-έ.</strong></span> <span class='ocrx_word' id='word_1_723' title='bbox 3189 5602 3262 5677; x_wconf 89' lang='lat' dir='ltr'><strong>(c)</strong></span> <span class='ocrx_word' id='word_1_724' title='bbox 3294 5604 3372 5687; x_wconf 75' lang='lat' dir='ltr'><strong>Ita</strong></span> <span class='ocrx_word' id='word_1_725' title='bbox 3387 5606 3603 5687; x_wconf 49' lang='lat' dir='ltr'><strong>_et._cod.</strong></span> 
     </span>
    </p>
   </div>
   <div class='ocr_carea' id='block_1_171' title="bbox 290 5674 3608 5753">
    <p class='ocr_par' dir='ltr' id='par_1_171' title="bbox 290 5674 3608 5753">
     <span class='ocr_line' id='line_1_172' title="bbox 290 5674 3608 5753; baseline -0.002 -14"><span class='ocrx_word' id='word_1_726' title='bbox 290 5674 595 5753; x_wconf 64' lang='lat' dir='ltr'><strong>Caittat.——</strong></span> <span class='ocrx_word' id='word_1_727' title='bbox 629 5682 712 5753; x_wconf 85' lang='lat' dir='ltr'><strong>(d)</strong></span> <span class='ocrx_word' id='word_1_728' title='bbox 742 5678 819 5753; x_wconf 76' lang='lat' dir='ltr'><strong>Ita</strong></span> <span class='ocrx_word' id='word_1_729' title='bbox 848 5689 902 5734; x_wconf 86' lang='lat' dir='ltr'><strong>et</strong></span> <span class='ocrx_word' id='word_1_730' title='bbox 926 5674 1242 5753; x_wconf 72' lang='lat' dir='ltr'><strong>cod._Cattt.</strong></span> <span class='ocrx_word' id='word_1_731' title='bbox 1277 5681 1389 5753; x_wconf 80' lang='grc' dir='ltr'><strong>μετ’</strong></span> <span class='ocrx_word' id='word_1_732' title='bbox 1414 5674 1559 5747; x_wconf 69' lang='grc' dir='ltr'><strong>ἓμοῦ.</strong></span> <span class='ocrx_word' id='word_1_733' title='bbox 1633 5710 1703 5721; x_wconf 85' lang='lat'><strong>--</strong></span> <span class='ocrx_word' id='word_1_734' title='bbox 1740 5679 1817 5750; x_wconf 86' lang='lat' dir='ltr'><strong>(e)</strong></span> <span class='ocrx_word' id='word_1_735' title='bbox 1848 5680 1977 5736; x_wconf 83' lang='lat' dir='ltr'><strong>Post</strong></span> <span class='ocrx_word' id='word_1_736' title='bbox 2015 5674 2314 5747; x_wconf 67' lang='lat' dir='ltr'><strong>Splendida,</strong></span> <span class='ocrx_word' id='word_1_737' title='bbox 2342 5675 2495 5733; x_wconf 87' lang='lat' dir='ltr'><strong>deest</strong></span> <span class='ocrx_word' id='word_1_738' title='bbox 2543 5680 2718 5745; x_wconf 80' lang='lat' dir='ltr'><strong>nimis,</strong></span> <span class='ocrx_word' id='word_1_739' title='bbox 2756 5680 2919 5735; x_wconf 86' lang='lat' dir='ltr'><strong>etiam</strong></span> <span class='ocrx_word' id='word_1_740' title='bbox 2964 5674 3019 5735; x_wconf 81' lang='lat' dir='ltr'><strong>in</strong></span> <span class='ocrx_word' id='word_1_741' title='bbox 3049 5674 3210 5736; x_wconf 58' lang='lat' dir='ltr'><strong>Gothi</strong></span> <span class='ocrx_word' id='word_1_742' title='bbox 3246 5674 3313 5719; x_wconf 55' lang='lat'><strong>4-</strong></span> <span class='ocrx_word' id='word_1_743' title='bbox 3352 5674 3430 5747; x_wconf 78' lang='lat' dir='ltr'><strong>(f)</strong></span> <span class='ocrx_word' id='word_1_744' title='bbox 3453 5675 3530 5733; x_wconf 79' lang='lat' dir='ltr'><strong>Ita</strong></span> <span class='ocrx_word' id='word_1_745' title='bbox 3552 5685 3608 5734; x_wconf 65' lang='lat' dir='ltr'><strong>et</strong></span> 
     </span>
    </p>
   </div>
   <div class='ocr_carea' id='block_1_172' title="bbox 296 5747 1124 5815">
    <p class='ocr_par' dir='ltr' id='par_1_172' title="bbox 296 5747 1124 5815">
     <span class='ocr_line' id='line_1_173' title="bbox 296 5747 1124 5815; baseline -0.012 -4"><span class='ocrx_word' id='word_1_746' title='bbox 296 5750 417 5811; x_wconf 58' lang='lat' dir='ltr'><strong>eod.</strong></span> <span class='ocrx_word' id='word_1_747' title='bbox 450 5752 602 5808; x_wconf 72' lang='lat' dir='ltr'><strong>Cant.</strong></span> <span class='ocrx_word' id='word_1_748' title='bbox 634 5747 729 5812; x_wconf 57' lang='lat' dir='ltr'><strong>rit.</strong></span> <span class='ocrx_word' id='word_1_749' title='bbox 766 5748 925 5805; x_wconf 68' lang='lat' dir='ltr'><strong>Deest</strong></span> <span class='ocrx_word' id='word_1_750' title='bbox 970 5747 1124 5815; x_wconf 76' lang='lat' dir='ltr'><strong>fullo.</strong></span> 
     </span>
    </p>
   </div>
  </div>
