4010 6194
406 223 505 282 791
980 221 1255 285 EUSEBII
1284 222 1626 281 VERCELL.
1671 221 2125 283 EVANGELIUM
2163 222 2306 282 CUM
2334 221 2561 281 VARllS
2586 220 2744 279 COD.
2774 222 3166 283 COLLATUM.

808 338 1043 398 CODEX
1079 338 1622 397 VERCELLENSIS.
2548 340 2783 399 CODEX
2822 342 3268 403 VERONENSIS
3282 387 3298 399 .

406 460 498 515 25.
544 458 611 514 Et
633 458 881 528 protinus
1248 470 1372 511 eum
1400 474 1413 509 :
1437 456 1617 524 Quare
2122 453 2213 509 23.
2228 452 2316 528 7Et
2335 453 2598 511 continuo
2958 466 3171 513 secreto
3199 460 3256 514 in
3269 466 3415 514 ter-

404 525 738 611 exclatnans
1249 542 1351 609 nos
1379 543 1487 582 non
1518 542 1614 611 ρο·
2124 525 2436 611 exclamans
2467 541 2563 596 pa-
2730 534 2735 541 '
2957 530 3217 611 rogabant
3243 547 3414 611 eum
3441 574 3458 599 ,

404 610 562 674 pater
589 602 771 674 pueri,
1249 600 1454 674 tuimus
1481 598 1625 674 eice-
2127 606 2231 663 ter,
2258 613 2382 674 cum
2413 598 2507 674 la-7
2575 669 2585 674 _
2959 598 3201 657 dicentes
3230 620 3240 655 :
3284 603 3432 657 Cur

407 669 531 730 cum
564 669 723 728 lacri—
1252 685 1315 725 re
1357 670 1521 724 illnt?
2126 670 2326 740 crymis
2359 670 2433 738 (a)
2459 670 2535 723 ait
2559 669 2620 739 τε
2959 686 3059 727 nos
3086 690 3188 726 non
3222 692 3339 740 ρο-

401 748 514 802 mis
544 744 715 799 dixit:
756 744 889 801 Cre-
1250 741 1340 796 28.
1386 741 1454 796 Et
1482 740 1617 797 dixit
1645 742 1726 798 eis
1754 759 1766 795 :
1797 740 1910 798 Hoc
2125 738 2323 807 Credo,
2360 738 2585 797 Domine
2621 759 2632 795 :
2758 746 2761 749 ’
2961 744 3161 800 tuimus
3191 738 3400 801 eicere

405 818 508 879 do,
540 816 806 871 Domine:
838 817 933 872 ad-
1251 827 1422 883 genus
1447 812 1581 869 dae-
2122 811 2317 881 adjuva
2351 812 2526 867 incre—
2959 815 3152 869 illum?

407 889 534 958 juva
560 888 739 943 incre-
1251 884 1421 958 monii
1452 884 1577 939 nul-
2123 883 2407 939 dulitatem
2958 885 3052 958 728.
3094 887 3161 941 Et
3196 888 3340 943 dixit
3372 888 3512 943 illis

405 955 689 1015 dulitatetu
1251 955 1304 1010 la
1330 956 1435 1011 alia
1464 971 1522 1029 re
1549 970 1658 1029 po-_
1704 1028 1709 1029 7
2122 970 2321 1029 meatu.
2542 1024 2591 1029 77
2958 957 3118 1013 Jesns
3145 977 3157 1011 :
3192 959 3304 1015 lloc
3340 974 3465 1029 ge-

401 1046 603 1086 meam.
1254 1036 1359 1081 test
1383 1028 1573 1092 exire,
1608 1026 1713 1081 nisi
2121 1026 2214 1081 24.
2258 1027 2323 1081 Et
2352 1040 2477 1081 cum
2503 1024 2656 1080 vide-
2960 1045 3062 1084 nus
3088 1029 3141 1083 iu
3174 1032 3326 1086 nullo

400 1102 495 1155 24.
536 1103 601 1156 Et
628 1116 750 1155 cum
780 1100 949 1156 vidis:
1249 1097 1305 1152 in
1333 1098 1606 1172 oratione,
2133 1108 2217 1153 ret
2241 1097 2422 1162 Jesus,
2460 1098 2532 1172 (b7)
2560 1098 2705 1168 quod
2960 1110 3139 1172 potest
3164 1103 3357 1171 exire,

401 1182 489 1228 set
516 1172 707 1239 Jesus,
735 1172 810 1243 (ὸ)
842 1173 988 1243 quod
1247 1179 1307 1243 et
1324 1170 1568 1243 jejunio.
2122 1168 2539 1243 concurreret-{'7
2960 1168 3062 1227 nisi
3094 1172 3150 1227 in
3178 1189 3300 1229 ora-

400 1258 697 1299 concurrc—
743 1239 751 1243 ’
792 1239 799 1243 ’
860 1239 875 1243 ’
1246 1240 1335 1296 29.
1383 1241 1451 1295 Et
1481 1239 1607 1296 inde
1630 1254 1820 1311 egres-
2121 1242 2311 1305 turba,
2345 1242 2572 1295 commi-
2962 1244 3231 1310 tionibus,

401 1324 489 1370 ret
513 1315 550 1385 -ίη
577 1314 763 1382 turba,
792 1314 891 1370 ob-
1245 1314 1328 1380 si,
1363 1313 1468 1369 iter
1496 1312 1662 1385 facie—
2121 1321 2285 1385 natus
2306 1320 2391 1367 est
2418 1312 2529 1381 spi-
2962 1324 3017 1369 et
3039 1315 3289 1385 jejuniis.

399 1383 639 1455 jurgavit
1244 1385 1374 1440 bant
1398 1400 1495 1456 per
1524 1383 1632 1438 Ca-
2121 1384 2247 1456 ritui
2275 1384 2510 1438 immun-
2956 1383 3053 1442 29.
3092 1383 3222 1442 Inde
3252 1387 3453 1456 profe-

400 1458 651 1527 spiritum
686 1458 918 1513 immun-
1251 1455 1496 1523 lilaeam,
1532 1465 1586 1509 et
2120 1455 2219 1522 do,
2253 1456 2497 1527 dixitque
2956 1459 3027 1511 cti
3058 1455 3406 1514 transiebant

403 1526 561 1594 dum,
593 1528 809 1584 dicens:
1249 1529 1513 1583 nolebant
2120 1527 2198 1581 illi
2226 1526 2439 1598 :Surde
2956 1529 3007 1582 in
3037 1528 3335 1585 Galilaeam
3353 1573 3368 1598 ,

403 1600 522 1669 Ego
554 1599 647 1655 tibi
676 1600 769 1653 im-
1246 1614 1574 1670 quemquam
2120 1597 2399 1653 immunde
2430 1598 2542 1723 δεῖ·
2959 1616 3059 1656 nec
3086 1602 3346 1657 volebant

403 1686 557 1723 uero.
589 1672 602 1701 ¹
636 1670 806 1723 surde
1250 1671 1340 1723 '50.
1384 1673 1545 1723 scire.
1588 1668 1760 1723 Doce-
2120 1672 2252 1723 rite.
2289 1684 2389 1723 eeo
2418 1669 2453 1722 ti
2498 1669 2512 1722 i
2956 1687 3284 1723 auemnuam

398 1668 557 1742 pero,
589 1672 602 1701 ¹
636 1670 806 1743 surde
1250 1668 1340 1726 30.
1384 1668 1545 1743 scire.
1588 1668 1760 1724 Doce-
2120 1672 2252 1738 rite,
2289 1684 2389 1743 ego
2418 1668 2512 1723 tibi
2956 1687 3284 1743 quemquam

403 1752 460 1798 et
486 1750 636 1797 mute
662 1742 884 1811 spirite;
1250 1742 1343 1797 bat
1370 1742 1516 1797 enim
2119 1742 2400 1811 praecipio
2423 1780 2437 1804 ,
2957 1744 3046 1798 30.
3088 1742 3255 1804 scire.
3294 1744 3478 1801 Doce-

402 1814 489 1869 exi
518 1814 586 1867 ab
614 1813 739 1884 illo,
1248 1814 1547 1884 discipulos
2118 1813 2210 1867 exi
2240 1813 2306 1867 ab
2338 1812 2462 1876 illo,
2957 1814 3047 1869 bat
3072 1826 3253 1872 autem

403 1901 507 1940 nec
537 1883 773 1953 amplius
1248 1883 1409 1948 suos,
1438 1896 1492 1939 et
1517 1884 1665 1956 dice-
2119 1894 2173 1938 et
2195 1898 2325 1938 cave
2343 1925 2357 1949 ,
2383 1898 2452 1956 ne
2957 1885 3254 1956 discipulos
3276 1902 3437 1953 suos,

405 1956 696 2011 intraveris
1249 1956 1343 2011 bat
1368 1958 1477 2013 illis
1509 1974 1520 2011 :
1552 1954 1687 2021 Quia
2118 1956 2360 2011 introeas
2388 1954 2443 2008 in
2956 1966 3012 2011 et
3038 1954 3255 2014 dicebat

402 2031 458 2083 in
486 2044 633 2083 eum.
1250 2028 1420 2085 Filius
1448 2028 1627 2083 bomi-
2119 2042 2265 2082 eum.
2371 2097 2377 2098 7
2954 2028 3061 2083 illis
3091 2048 3103 2083 :
3137 2030 3403 2098 Quoniam

402 2100 495 2155 25.
540 2098 610 2153 Et
635 2098 981 2164 exclamans,
1247 2105 1332 2157 nis
1365 2100 1545 2157 trade-
2113 2099 2205 2153 25.
2249 2097 2577 2153 Exclamans
2952 2098 3123 2155 Filius
3156 2097 3389 2159 hominis

403 2188 527 2226 cum
558 2172 788 2225 multum
1248 2184 1334 2229 tur
1366 2174 1419 2229 in
1451 2186 1566 2226 ma-
2114 2179 2298 2226 autern
2326 2170 2415 2225 ille
2953 2172 3201 2228 tradetur
3232 2175 3286 2229 in

403 2243 717 2299 conlisisset
1243 2262 1348 2303 nus
1377 2246 1655 2302 hominum
1678 2283 1693 2309 ,
2112 2242 2339 2311 spiritus
2371 2242 2472 2296 im-
2948 2244 3197 2300 manibus
3228 2245 3328 2301 ho-

402 2330 527 2370 eum
552 2356 567 2378 ,
596 2314 751 2383 exiit
1245 2328 1300 2374 et
1334 2318 1544 2374 interli-
2112 2314 2377 2382 mundus,
2409 2312 2513 2383 di-7
2947 2315 3183 2383 minum,
3213 2327 3269 2371 et

402 2387 472 2442 ab
499 2400 565 2441 eo
591 2405 603 2441 :
635 2395 690 2441 et
730 2382 841 2439 fac-
1245 2392 1394 2447 cient
1427 2390 1614 2454 illum,
2112 2399 2398 2455 scerpens,
2430 2382 2544 2439 exi-
2945 2385 3202 2443 occident
3230 2403 3391 2451 eum;

402 2468 493 2513 tus
516 2467 630 2524 est,
676 2468 813 2512 tatu-
1246 2472 1301 2518 et
1336 2472 1458 2532 post
1488 2459 1643 2517 terti-
2112 2457 2285 2532 vit_ab
2312 2472 2379 2511 eo
2403 2474 2415 2509 :
2945 2466 3012 2532 et
3029 2459 3244 2514 occisus
3266 2501 3281 2526 ,

402 2546 566 2599 quam
596 2544 743 2585 mor-
1249 2527 1351 2589 um'
1372 2533 1514 2589 diem
1542 2545 1628 2586 re-
2111 2528 2370 2599 etractus
2398 2536 2482 2583 est
2944 2527 3020 2599 (c)
3054 2540 3175 2599 post
3209 2541 3317 2585 tres

402 2598 529 2657 tuus
554 2602 741 2676 ;7a_de_o
1028 2651 1033 2657 .
1245 2606 1336 2661 51.
1377 2613 1586 2676 surget.
1622 2599 1704 2655 Ad
1731 2600 1794 2654 il-
2113 2598 2323 2665 infans,
2358 2600 2507 2676 velut
2948 2598 3065 2655 dies
3089 2603 3127 2672 ’ξ-
3159 2616 3340 2658 resur—

402 2684 462 2727 ut
490 2673 645 2728 multi
689 2671 771 2726 di-
1242 2676 1285 2747 li
1312 2671 1636 2747 ignorabant
2113 2680 2396 2747 mortuus;
2429 2672 2498 2725 ita
2948 2681 3065 2747 get.

402 2754 624 2811 cerent,
653 2757 778 2800 eum
1245 2742 1523 2813 Verbum,
1562 2753 1616 2800 et
2114 2752 2172 2797 nt
2198 2744 2351 2815 multi
2947 2744 3035 2798 51.
3062 2742 3143 2799 Ad
3173 2745 3251 2799 illi
3274 2745 3427 2815 igno-

404 2825 684 2885 mortuum
718 2883 737 2885 _
1251 2819 1517 2873 timebant
2112 2814 2399 2869 crederent
2420 2855 2433 2879 ,
2467 2828 2532 2868 eo
2953 2815 3145 2870 rabant
3172 2814 3400 2872 verbium
3418 2858 3434 2885 ,

404 2884 497 2940 26.
540 2900 680 2941 esse.
709 2883 872 2940 Jesus
900 2896 994 2937 au-
1249 2904 1375 2945 eum
1405 2888 1645 2944 interro-
2112 2885 2257 2954 quod
2287 2894 2532 2940 mortuus
2951 2895 3006 2941 et
3037 2885 3303 2943 timebant

405 2968 517 3009 tem
547 2965 741 3030 tenens
1249 2975 1402 3029 gare.
2114 2966 2279 3030 esset.
2949 2973 3071 3013 eum
3102 2959 3459 3030 interrogare.

404 3042 626 3082 manqu
654 3029 807 3096 ejus,
1246 3027 1337 3087 32.
1381 3033 1448 3086 Et
1468 3038 1737 3085 venerunt
2112 3028 2201 3081 26.
2245 3027 2406 3082 Jesus
2434 3036 2618 3081 autem
2948 3031 3038 3084 32.
3083 3030 3149 3084 Et
3178 3027 3449 3087 venerunt

403 3100 638 3153 elevavit
666 3114 789 3173 eum
808 3140 822 3164 ,
1248 3103 1300 3156 in
1329 3100 1659 3173 Capliarna—
2115 3108 2309 3173 tenens
2332 3114 2560 3173 manum
2950 3101 3395 3171 Cbapbarnaum.

403 3179 459 3224 et
483 3170 740 3225 surrexit.
1247 3190 1357 3229 um.
1391 3170 1458 3230 Et
1495 3187 1617 3227 cum
2113 3171 2264 3238 ejus,
2297 3171 2538 3225 elevavit
2950 3174 3052 3238 Qui
3076 3170 3205 3228 cum

402 3241 495 3295 27.
538 3242 751 3297 Etcum
782 3242 951 3297 intro-
1246 3246 1439 3301 fuisset
1463 3243 1643 3309 domi,
2114 3242 2299 3307 illum,
2330 3253 2384 3296 et
2412 3256 2536 3296 sur-
2949 3245 3097 3299 domi
3139 3255 3354 3311 essent,

402 3313 538 3368 isset
566 3314 746 3386 in7do-
1251 3319 1553 3386 interroga-
1698 3385 1701 3386 7
2114 3312 2294 3386 rexit:
2952 3316 3330 3386 interrogabat

405 3399 552 3438 mum
574 3427 587 3449 ,
615 3384 780 3440 disci—
1250 3387 1341 3443 bat
1369 3383 1492 3441 illos
1522 3404 1534 3439 :
1570 3385 1708 3453 Quid
2122 3384 2214 3437 27.
2257 3383 2393 3438 Cum
2422 3392 2599 3440 autem
2953 3386 3074 3443 illos
3099 3406 3112 3443 τ
3146 3383 3287 3454 Quid

404 3456 517 3523 puli
545 3456 665 3525 ejus
694 3472 782 3512 se-
1250 3460 1302 3512 in
1337 3460 1419 3513 via
1450 3458 1643 3527 dispu-
2115 3455 2399 3510 introisset
2430 3456 2483 3509 in
2954 3459 3007 3511 in
3039 3458 3182 3513 viam
3210 3472 3315 3513 tra-

402 3536 555 3579 creto
577 3528 745 3581 inter-
1248 3529 1337 3585 35.
1383 3529 1613 3585 tabatis?
1641 3528 1723 3585 Ad
1750 3528 1813 3584 il-
2114 3527 2337 3581 domum
2357 3570 2370 3592 ,
2400 3527 2482 3581 di-
2954 3529 3045 3583 33.
3086 3531 3351 3586 ctabatis?
3378 3531 3460 3586 Ad

406 3598 677 3667 rogabant
1249 3601 1285 3655 li
1312 3602 1548 3657 silebant
1584 3620 1595 3655 :
2116 3598 2308 3669 scipuli
2336 3598 2453 3670 ejus
2957 3599 3040 3655 illi
3064 3603 3313 3659 tacebant
3343 3618 3356 3657 :

1731 3738 1965 3793 CODEX
2002 3735 2394 3792 BRIXIANUS.

404 3871 764 3944 Eteontinuo.
784 3872 1096 3944 exclamans
1117 3881 1270 3941 pater
1286 3873 1433 3941 pueri
1455 3887 1577 3928 cum
1596 3871 1833 3929 lacrimis
1848 3875 1978 3930 dixit

2112 3868 2386 3944 potuimus
2416 3866 2595 3923 cicere
2622 3884 2785 3944 eu_in._
2824 3870 2897 3944 Et
2935 3869 3072 3926 dixit
3120 3871 3249 3928 illis.
3299 3872 3412 3929 lloc
3460 3872 3680 3944 genusiu

403 3942 582 3998 Credo
606 3944 832 3999 Domine
855 3943 1050 4011 adjuva
1072 3940 1507 3999 incredulitatem
1532 3958 1730 3998 meam.
1757 3946 1888 3999 Cum
1914 3962 1986 4000 aut

2114 3940 2261 4014 nullo
2290 3948 2468 4008 potest
2491 3942 2703 4014 expelli
2736 3941 2840 4014 nisi
2888 3942 2940 3995 in
2991 3945 3237 3999 oratione
3288 3954 3341 4001 et
3368 3940 3584 4014 jejunio.
3630 3943 3680 3998 Et

403 4024 512 4068 tem
538 4014 761 4069 vidisset
786 4014 965 4068 Jcsus.
985 4015 1109 4082 quia
1137 4016 1416 4069 concurrit
1444 4017 1617 4068 turba.
1649 4019 1986 4071 comminatu:

2112 4010 2239 4082 inde
2274 4012 2501 4079 proiecti
2533 4012 2634 4065 iter
2668 4012 2937 4067 faciebant
2964 4028 3058 4082 per
3083 4010 3454 4071 GalileamIc't
3486 4033 3585 4071 non
3608 4032 3679 4068 vo-

400 4081 2005 4158 estspirituiinmutulo.dicensilli.Surdectmutespiritus
2112 4081 2256 4135 lebat
2306 4085 2838 4158 quglnitunlli__scirc.
2895 4081 3130 4158 Docebat
3178 4099 3357 4141 autem
3415 4088 3679 4158 discipulos

402 4171 503 4224 ego
533 4156 625 4210 tibi
656 4158 954 4227 praecipio.
984 4158 1075 4209 exi
1104 4158 1170 4209 ab
1198 4174 1282 4211 eo.
1318 4164 1372 4211 et
1403 4157 1632 4225 amplius
1665 4174 1730 4213 ne
1760 4153 1998 4215 iniroeas
2110 4166 2257 4227 suos.
2291 4162 2344 4208 et
2369 4153 2584 4227 dicebat
2611 4154 2732 4209 illis.
2763 4156 3028 4221 Quoniam
3063 4157 3230 4213 Filius
3260 4160 3493 4213 hominis
3523 4153 3675 4214 trade-

402 4229 457 4279 in
489 4242 633 4281 eum.
658 4226 724 4281 Et
751 4229 993 4281 clamans
1024 4236 1079 4282 et
1100 4227 1327 4281 multum
1356 4228 1673 4295 discerpens
1695 4246 1837 4284 enm.
1868 4234 1985 4285 exiit

2107 4231 2192 4277 tur
2223 4226 2274 4278 iu
2306 4240 2496 4277 manus
2529 4226 2826 4279 hominum.
2881 4238 2932 4281 et
2987 4230 3237 4283 occident
3272 4247 3417 4285 eum.
3468 4240 3521 4284 et
3564 4232 3679 4285 occi-

398 4297 467 4351 ab
497 4312 581 4351 eo.
616 4307 671 4352 et
698 4297 868 4352 iactus
894 4310 977 4353 est
1007 4300 1145 4353 sicut
1174 4308 1440 4354 mortuus.
1474 4301 1543 4353 ita
1575 4306 1632 4353 ut
1662 4302 1817 4356 multi
1848 4302 1981 4357 dice-

2101 4309 2212 4368 sus.
2245 4297 2403 4368 tertia
2432 4296 2519 4351 die
2548 4307 2812 4366 resurget.
2845 4298 2912 4351 At
2944 4299 3045 4353 illi.
3076 4302 3417 4368 ignorabant.
3455 4302 3550 4356 huc
3580 4318 3677 4356 ver-

401 4376 545 4442 rent.
577 4370 699 4435 quia
733 4381 979 4425 mortuus
1008 4382 1110 4425 est.
1142 4369 1302 4426 Jesus
1345 4380 1529 4426 autem
1559 4380 1749 4429 tenens
1779 4389 1997 4429 manum
2105 4366 2252 4442 btlm.
2283 4376 2337 4421 et
2369 4366 2635 4442 timebant
2669 4385 2792 4423 eum
2834 4366 3196 4442 interrogare.
3242 4374 3307 4427 Et
3338 4374 3484 4427 venit
3524 4375 3569 4427 in
3595 4372 3677 4428 Ca-

400 4439 537 4515 eju_s.
568 4441 968 4515 elevayitenm.
1002 4444 1344 4515 exsurrexit,
2108 4438 2426 4515 pliarnaum.
2479 4439 2547 4493 Et
2597 4439 2817 4515 domum
2882 4438 3157 4512 ingressus
3204 4444 3563 4515 interrogabat
3601 4460 3677 4499 eos

471 4511 687 4587 Etcum
717 4511 994 4587 introisset
1031 4514 1083 4567 in
1125 4515 1368 4587 domum.
1419 4515 1672 4587 discipuli
1725 4517 1862 4587 ejus.
1909 4531 1998 4573 se.
2106 4509 2245 4575 Quid
2277 4510 2330 4563 in
2363 4508 2449 4564 via
2481 4524 2605 4565 cunt
2645 4512 2911 4569 alterutro
2942 4508 3288 4572 iractabatis.
3326 4508 3510 4572 At'illi
3553 4527 3671 4572 tace-

398 4590 551 4639 crcto
582 4583 991 4653 interrogabant
1032 4598 1157 4640 eum
1181 4584 1449 4644 dicentes.
1500 4583 1678 4654 Quare
1720 4583 1842 4644 nos.
1898 4605 2005 4645 non

1618 4732 2034 4799 .VARIANTES
2073 4731 2475 4791 LECTIONES.

394 4912 397 4917 .
465 4871 481 4899 ί
518 4869 623 4920 Gat.
650 4869 809 4920 Surde
829 4877 880 4920 et
903 4874 1039 4919 mute
1064 4868 1280 4931 spiritus,
1299 4868 1390 4918 tibi
1415 4870 1683 4932 praecipio.
1712 4867 1856 4932 Vulg.
1878 4870 2040 4921 Surde
2065 4878 2117 4921 et
2138 4875 2273 4921 mute
2298 4872 2517 4933 spiritus,
2542 4881 2638 4931 ego
2661 4869 2909 4932 praecipio
2937 4869 3046 4921 tibi.
3142 4908 3145 4911 .

1081 5016 1376 5059 LECTIONES
1412 5016 1615 5059 CODlClS
1637 5016 2046 5059 VINDEBONENSIS
2072 5020 2349 5061 ABEUNTES
2389 5021 2452 5060 ΑΒ
2479 5019 2731 5060 EDITIONE
2748 5019 3012 5060 VULGA'I'A.

456 5144 535 5192 23.
554 5144 618 5192 ait
630 5140 1027 5205 gCredo:adjuva
1046 5143 1635 5193 meamincrednlitatem.
1703 5143 1779 5191 2i.
1810 5142 1870 5191 Et
1890 5155 1999 5191 cum
2108 5158 2241 5203 eum,
2267 5146 2495 5195 dicentes
2523 5143 2648 5194 :Cur
2672 5158 2761 5193 nos
2805 5157 2898 5192 non
2925 5145 3171 5205 potuimus
3195 5144 3329 5193 illum
3360 5146 3552 5197 eicere?
3603 5149 3665 5205 28,

393 5207 591 5256 videret
615 5204 777 5268 Jesus,
805 5204 931 5268 quod
954 5214 1276 5268 concurreret
1301 5207 1465 5267 turba,
1507 5207 1830 5255 comminatus
1853 5206 2000 5267 spiri-
2108 5206 2157 5253 in
2194 5209 2511 5257 orationibus.
2579 5206 2657 5255 29.
2698 5206 2818 5255 inde
2868 5204 3090 5268 prefecti,
3143 5208 3443 5257 transiebant
3489 5210 3531 5256 in
3565 5204 3669 5259 Gali-

392 5269 467 5317 tui
506 5266 933 5333 iiiituundo,_dix_it
977 5266 1103 5314 ίΙΙι...
1134 5268 1234 5333 Διὶὺί
1279 5266 1583 5333 praecij»io_...
1612 5272 1695 5333 exi
1722 5270 1781 5318 ab
1818 5266 2001 5333 illo,7et
2104 5268 2289 5333 lanam.
2345 5269 2422 5333 570.
2446 5269 2727 5333 Docebat...
2752 5277 2802 5316 et
2826 5270 3035 5332 occisus,
3059 5266 3163 5331 post
3198 5276 3301 5318 tres
3323 5270 3437 5333 dies
3455 5280 3664 5333 resurget.

394 5307 2001 5391 EXvéfBJéinpieus"introeasineuinfeéivtzi'ciziﬁiiiisl.iis;
2104 5307 2182 5380 51”.
2216 5307 2292 5379 'A'Ei
2342 5307 2779 5379 ίίῆῖῇνιίπηέυεηι
2825 5307 2936 5378 cuii}
2990 5307 3467 5389 ἷιῖι¹ρῖιῖὸέὲιῖἕξἜέἶ
3500 5307 3662 5383 erat;

392 5403 626 5455 cerpens,
673 5390 845 5442 exivit.
913 5391 993 5441 26.
1038 5390 1252 5441 elevavit
1288 5391 1444 5442 illum.
1510 5392 1591 5444 27.
1628 5392 1999 5454 interrogabant
2103 5391 2232 5441 domi
2258 5400 2413 5455 esset,
2440 5394 2779 5453 interrogabat
2802 5392 3113 5452 illos:Quid.
3176 5396 3255 5443 53.
3278 5394 3342 5444 At
3363 5393 3430 5444 illi
3451 5396 3661 5447 tacebant:

1749 5518 2117 5576 BLANCHINI
2154 5521 2384 5579 NOTIE.

390 5653 678 5795 .ﬁpgziwlta
708 5666 763 5714 et
791 5658 915 5715 cdd.
942 5655 1257 5731 Canmi'yu.
1293 5684 1363 5701 -ι-
1402 5656 1480 5729 (b)
1518 5655 1593 5714 Ita
1642 5664 1697 5715 et
1724 5665 1831 5718 tex.
1866 5658 1962 5716 Gr.
2014 5656 2093 5718 ὅτι
2136 5658 2526 5739 ἐπισυντρέχει.
2564 5692 2631 5704 —-
2659 5660 2732 5731 (c)
2784 5660 2861 5719 lta
2892 5669 2949 5721 et
3001 5662 3125 5720 cod.
3171 5661 3329 5721 Cant.
3384 5665 3509 5733 μετὰ
3552 5673 3656 5744 τρεῖς

3691 224 3790 280 782
