4010 6194
313 293 418 355 ’197

707 410 939 474 conEx
983 409 1524 480 YERCELLENsts.

310 503 466 558 turba
498 503 567 558 ad
596 503 660 558 il-
1152 517 1256 573 que
1277 502 1388 572 jam
1417 516 1522 556 non

307 574 445 639 lum,
479 583 553 640 et,
580 575 721 630 sicut
1152 584 1279 627 sunt
1298 576 1427 637 duo,

308 646 507 700 solitus
546 655 684 712 erat,
1151 647 1245 699 sed
1280 659 1385 699 una
1403 658 1492 697 ca-

305 716 509 772 iterum
544 716 643 771 do-
1150 715 1204 770 9.
1242 729 1322 769 ro.
1352 714 1507 782 Quod
1540 730 1626 771 er-

305 788 466 842 cehat
497 787 645 841 illos.
1148 802 1216 856 go
1244 786 1387 840 Deus
1408 801 1537 840 con-

301 859 360 938 _2.
404 859 483 926 (b)
523 857 978 938 Et-l-interroga-
1143 860 1386 938 iuncxit,
1412 859 1515 912 boc

305 929 440 984 baut
467 946 591 984 eum
617 927 629 984 ἑ
661 927 718 985 Si
894 927 906 938 τ
1151 929 1315 982 homo
1347 945 1452 982 non

304 1001 434 1056 licet
461 1001 578 1055 viro
1148 999 1471 1068 disseparet.

1152 1072 1238 1126 10.
1284 1071 1352 1126 Ει
1379 1072 1576 1126 iterum
1595 1069 1689 1137 do-

1151 1144 1221 1196 mi
1251 1142 1486 1210 discipu-

1150 1214 1185 1266 li
1211 1214 1278 1267 de
1303 1213 1405 1268 hoc
1435 1215 1515 1268 in-

1150 1294 1460 1354 lerrogave-

1146 1364 1282 1410 runt
1306 1372 1451 1410 eum.

1149 1427 1237 1482 H.
1283 1426 1351 1480 Et
1379 1426 1455 1480 ait
1484 1424 1592 1480 illis
1625 1442 1636 1479 :
1673 1425 1729 1479 Si

1147 1497 1421 1552 dimiserit

1148 1569 1228 1622 vir
1249 1585 1472 1623 uxorein

1145 1655 1298 1694 suam
1321 1681 1335 1705 ,
1359 1649 1413 1694 et
1443 1639 1540 1693 du-

1147 1711 1287 1765 xerit
1316 1711 1476 1765 aliam
1493 1752 1509 1777 ,

305 1087 533 1127 uxorem
558 1071 641 1125 di-

302 1145 523 1197 mittere
545 1183 558 1203 .
586 1152 764 1212 temp-

303 1224 490 1268 tantes
517 1229 663 1268 eum.

305 1287 362 1341 3.
408 1284 618 1351 Quibus
649 1298 764 1338 res-

300 1357 580 1426 pondens,
604 1354 690 1410 di-

299 1428 386 1482 xit
416 1429 531 1481 eis:

297 1499 445 1564 Quid
477 1497 632 1551 vobis
663 1511 823 1566 prae—

299 1571 451 1638 cepit
474 1569 726 1639 Moyses?

300 1639 361 1694 4.
407 1642 505 1707 Qui
537 1642 791 1694 dixerunt
818 1657 830 1691 :

300 1710 564 1767 Permisit
593 1712 658 1764 li-

297 1783 507 1838 bellum
533 1797 620 1836 re-
1145 1781 1462 1836 moechatur

298 1855 451 1921 pudii
481 1855 620 1908 scri-
1142 1867 1306 1922 super
1331 1868 1472 1908 eam.

299 1926 456 1993 bere,
484 1932 540 1979 et
565 1923 750 1978 dimit—
1143 1924 1232 1979 12.
1257 1924 1342 1982 ,Ει
1365 1924 1407 1976 si
1441 1924 1632 1978 mulier

402 2036 416 2051 .
500 2039 512 2051 .
594 2035 607 2048 .
688 2030 704 2047 .
785 2033 800 2047 .
883 2034 897 2048 .
979 2034 990 2046 .
1140 1995 1455 2049 discesserit

302 2108 317 2121 .
367 2109 380 2121 .
429 2106 442 2119 .
489 2064 502 2121 ζ
548 2107 561 2121 .
611 2108 624 2121 .
668 2079 806 2134 pon-
1141 2080 1169 2119 a
1210 2065 1350 2129 viro,
1383 2073 1440 2118 et
1465 2065 1564 2119 ali-

294 2137 354 2192 5.
403 2179 417 2193 .
465 2154 558 2194 .n.
603 2136 826 2202 .Jestts,
867 2135 942 2190 ait
1140 2139 1476 2206 onnpserit,

300 2209 419 2264 illis
451 2227 464 2262 :
490 2208 572 2263 Ad
595 2208 744 2263 duri-
1138 2208 1465 2262 adulterium

297 2282 430 2335 tiam
464 2280 649 2335 cordis
1138 2280 1434 2334 committit

1137 2365 1302 2420 super
1328 2350 1504 2404 illum.

1139 2421 1409 2476 Similiter
1441 2430 1496 2475 et

1138 2493 1231 2563 qui
1259 2493 1541 2546 dimissam

1137 2578 1166 2618 a
1199 2564 1318 2618 viro
1349 2564 1450 2617 tlu-

1135 2635 1209 2690 cit
1226 2676 1242 2701 ,
1276 2634 1530 2689 moecha-

1136 2716 1244 2760 tur.

1134 2778 1222 2832 15.
1271 2777 1335 2832 Et
1364 2776 1668 2831 oll‘erebant

1133 2852 1181 2904 ei
1218 2850 1457 2903 infantes
1486 2889 1500 2913 ,

1134 2929 1194 2974 ut
1223 2929 1472 2990 tangeret

1136 2992 1284 3045 illos.
1325 2991 1496 3046 Disci-

1139 3063 1248 3132 puli
1282 3073 1468 3118 autem

1138 3133 1258 3204 ejus
1297 3133 1482 3204 objur.

1135 3206 1334 3275 gabant
1361 3219 1456 3260 eos
1478 3245 1493 3268 ,

295 2353 468 2407 vestri
501 2351 680 2420 scrip-

294 2425 371 2476 sit
399 2423 556 2476 vobis
584 2435 744 2491 prae-

292 2503 516 2562 ceptum
546 2495 668 2548 hoc.

291 2565 348 2619 6.
397 2564 480 2619 Ab
499 2564 654 2619 initio
674 2577 769 2616 au-

295 2648 408 2690 tem
441 2645 656 2690 creatu-

291 2721 412 2773 rae,
433 2721 616 2761 mascu

291 2776 430 2842 lum,
461 2787 515 2832 et
539 2778 694 2832 lenii-

291 2863 418 2902 nam
444 2847 570 2903 fecit

292 2921 347 2972 7.
395 2920 411 2950 ί
439 2919 562 2973 illos
585 2919 743 2974 Deus.
779 2919 948 2990 Prop-

292 2999 378 3045 ter
407 2990 510 3045 hoc
541 2991 706 3059 relin-

291 3073 422 3130 quet
453 3063 618 3116 homo

293 3144 502 3201 patrem
532 3147 622 3186 su-

297 3219 408 3268 um,
440 3214 497 3258 et
529 3219 640 3257 tua-

294 3283 434 3329 trem
479 3273 557 3346 (g)
590 3289 741 3329 suam
766 3273 808 3344 -ι-
828 3316 841 3339 ,
1135 3273 1227 3344 qui
1256 3275 1457 3332 odere-

295 3354 352 3400 et
380 3346 399 3376 ²
422 3346 616 3401 adbae-
1137 3349 1285 3402 bant.

293 3416 586 3472 rebituxo-
1133 3419 1222 3474 14.
1266 3417 1420 3485 Quod
1444 3431 1566 3472 cum
1599 3416 1682 3470 vi-

293 3489 327 3540 8
389 3488 432 3541 ri
459 3502 612 3552 suae;
638 3498 694 3544 et
724 3504 781 3543 e-
1131 3491 1306 3545 disset
1332 3489 1492 3544 Jesus
1514 3531 1528 3552 ,

295 3570 422 3613 runt
451 3559 560 3613 duo
1134 3561 1448 3630 indignatus

294 3631 345 3682 in
375 3645 538 3685 carne
569 3647 629 3684 u-
1131 3642 1215 3686 est
1235 3629 1340 3698 ,iet
1361 3634 1437 3684 ait
1460 3629 1570 3686 illis
1598 3647 1612 3684 τ

296 3715 382 3754 nrt.
408 3700 516 3755 lta-
1131 3702 1308 3758 Sinite
1335 3702 1417 3756 in—

1359 293 1804 362 EVANGEIJUM
1845 291 2217 364 SECUNDUM
2258 291 2574 362 MARCUM.

3457 345 3460 349 .
3514 285 3626 352 798

2445 405 2676 474 CODEX
2719 405 3174 478 venomensts.

2857 499 3039 571 Itaque
3061 501 3172 570 jam

2854 587 2960 626 non
2994 581 3124 626 sunt

2853 645 2981 711 duo,
3015 644 3109 698 sed
3143 658 3246 698 una

2852 716 2905 770 9.
2947 729 3094 770 caro.
3131 714 3287 782 Quod

2849 802 2978 856 ergo
3009 787 3147 840 Deus

2016 505 2169 560 turba
2198 505 2239 575 -ι-
2257 503 2322 558 ad

2013 591 2135 632 eum
2163 617 2178 642 ,
2209 577 2352 629 sicut

2013 656 2410 711 consueverat,

2011 719 2096 845 3a)
2131 729 2185 774 et
2214 719 2413 773 iterum
2445 718 2482 788 -ι-

2051 791 2243 844 ocehat
2273 790 2415 843 illos.

2051 791 2243 844 ocehat
2273 790 2415 843 illos.

2011 863 2066 916 2.
2111 862 2186 932 (b)
2213 862 2278 915 Et
2308 860 2344 930 ἦ·
2373 862 2544 926 inter-
2849 859 3196 932 eonjunexit,

2012 928 2278 1000 rogabant
2301 928 2366 985 il-
2849 928 3013 983 homo
3039 944 3144 982 non

2012 1005 2148 1059 lum.
2179 1004 2235 1058 Si
2267 1003 2395 1058 licet
2849 1001 3140 1070 disiungat.

2850 1072 2938 1127 10.
2983 1071 3049 1124 Ει
3075 1071 3125 1124 in
3156 1070 3378 1125 domum

2851 1143 3045 1197 iterum
3069 1142 3233 1196 disci-

2013 1077 2132 1130 viro
2157 1089 2384 1129 uxorem

2011 1161 2166 1202 suam
2205 1147 2388 1212 dimit-

2013 1227 2129 1273 tere
2145 1263 2158 1284 ,
2194 1229 2330 1273 tem-
2850 1213 2959 1284 puli
2981 1213 3099 1280 ejus

2014 1298 2229 1358 ptantes
2261 1304 2405 1343 eum.
2848 1283 2916 1358 de
2946 1285 3136 1338 eodem

2011 1356 2064 1419 3.
2107 1361 2188 1416 Ad
2217 1362 2310 1416 ille
2340 1373 2566 1432 respon-
2849 1356 3324 1425 interrogaverunt

2010 1432 2147 1486 dens
2172 1475 2186 1496 ,
2217 1433 2360 1487 dixit
2846 1442 2992 1481 eum.

2845 1499 2933 1553 11.
2979 1499 3040 1551 Ει
3063 1497 3200 1551 dixit
3231 1495 3291 1550 il-

2011 1503 2093 1558 eis
2125 1523 2137 1556 :
2170 1504 2310 1570 Quid
2343 1517 2438 1557 vo-

2846 1569 2912 1622 lis
2943 1587 2954 1622 :
2985 1570 3239 1634 Quicum-

2010 1574 2094 1646 bis
2119 1574 2399 1646 praecepit

2008 1645 2066 1718 4.
2108 1640 2356 1718 Moyses?
2384 1643 2486 1711 Qui
2845 1655 2950 1718 que
2979 1640 3201 1694 dimise—

2010 1712 2265 1772 dixeru'nt
2296 1735 2306 1770 :
2339 1718 2432 1772 Li-
2844 1712 2917 1765 rit
2937 1726 3161 1766 uxorem

2010 1789 2212 1843 bellum
2228 1788 2440 1854 repudii
2847 1797 3020 1854 suam,
3046 1791 3101 1854 et

2037 1859 2085 1930 c)
2109 1861 2240 1914 dare
2271 1853 2336 1930 1?,
2364 1871 2418 1914 et
2846 1853 3004 1930 aliam
3037 1853 3208 1930 duxe-

2051 1925 2307 2000 i'mittere'.
2847 1925 2918 2000 rit
2943 1966 2957 1990 ,
2990 1925 3204 2000 adulte-_

2846 1996 2984 2049 rium
3014 1997 3268 2050 commit-

2847 2069 2909 2120 tit
2931 2081 3094 2136 super

2846 2139 2933 2192 12.
2976 2153 3117 2192 eam.
3148 2136 3218 2192 Et
3247 2137 3291 2193 si

2847 2210 3044 2263 mulier
3071 2207 3151 2280 (It)
3176 2223 3272 2263 ex-

2846 2281 2919 2334 iet
2938 2295 2968 2334 a
3003 2282 3120 2333 viro
3143 2280 3200 2350 σξη,

2841 2363 2890 2406 el
2919 2351 2983 2424 (ξ)
3007 2352 3176 2424 alium
3209 2352 3250 2421 τ

2843 2423 3122 2491 nupserit,
3166 2435 3318 2475 moe-

2840 2493 3034 2547 chatur
3064 2507 3226 2562 super
3251 2491 3316 2546 il-

2843 2563 2975 2617 lum.
3011 2563 3177 2618 Simi-

2843 2635 2970 2690 liter
2999 2645 3052 2689 et
3082 2635 3172 2702 qui

2843 2707 3122 2761 dimissam
3150 2704 3340 2770 ducit,

2843 2777 3178 2832 moechatur.

2842 2849 2927 2903 15.
2972 2847 3038 2901 Et
3067 2847 3375 2902 offerebant

2839 2921 2918 2975 illi
2944 2933 3145 2988 pueros
3176 2961 3190 2982 ,

2840 3001 2899 3047 ut
2933 2999 3184 3058 tangeret

2839 3078 2954 3119 eos.
2978 3061 3154 3116 Disci-

2840 3135 2952 3205 puli
2983 3145 3164 3187 autem

2839 3220 3138 3262 commina—

2010 2002 2063 2055 5.
2104 2002 2312 2069 Quibus
2334 2015 2560 2071 restion-

2009 2072 2145 2128 dens
2170 2073 2328 2128 Jesus
2353 2113 2369 2138 ,

2009 2145 2082 2198 ait
2109 2144 2214 2198 huc
2248 2163 2260 2198 :
2295 2144 2376 2200 Ad

2007 2216 2265 2269 duritiam
2305 2231 2425 2270 cor-

2007 2286 2092 2340 dis
2121 2287 2289 2340 vestri

2006 2358 2222 2427 scripsit
2248 2371 2404 2426 prae-

2007 2438 2226 2497 ceptum
2262 2430 2392 2482 istut

2005 2499 2087 2624 ¢(1d)
2115 2499 2330 2582 Moyses

2045 2611 2058 2623 .
2079 2571 2160 2624 Ab
2184 2579 2338 2623 Initio

2045 2611 2058 2623 .
2079 2571 2160 2624 Ab
2184 2570 2338 2623 initio

2007 2641 2080 2712 (ε)
2104 2641 2250 2696 enim
2281 2641 2340 2712 τ.

2006 2713 2311 2767 masculum
2331 2754 2345 2774 ,

2003 2791 2060 2836 et
2087 2782 2342 2838 feminam

2006 2853 2134 2926 fecit
2161 2854 2243 2926 (ι)
2266 2853 2408 2926 Deus
2434 2871 2449 2921 ;

2004 2925 2057 2977 7.
2105 2935 2157 2979 et
2189 2925 2427 2995 dixitf:

2005 2996 2238 3064 Pt'oliter
2266 2998 2368 3050 hoc

2005 3067 2276 3134 relinquet
2306 3067 2402 3122 Ιιο-

2003 3153 2094 3192 mo
2128 3150 2334 3208 patrem

2004 3224 2162 3264 suum
2190 3250 2206 3276 ,
2236 3218 2291 3264 et
2315 3225 2429 3264 ma-

2003 3275 2246 3356 treni_(g)
2271 3297 2423 3356 suam
2454 3283 2516 3356 σι’,
2614 3277 2618 3283 ’
2841 3279 3038 3356 bantur
3062 3275 3194 3330 olfe-

2003 3362 2056 3406 et
2083 3348 2404 3408 adhaerebit
2470 3348 2480 3356 ⁷
2508 3348 2516 3356 ’
2841 3348 3103 3402 rentibus.

2841 3419 2930 3473 M.
2971 3419 3118 3484 Quos
3145 3430 3268 3478 cum

2837 3491 3046 3544 videret
3072 3488 3229 3542 Jesus
3247 3529 3262 3553 ,

2841 3560 3059 3629 indigne
3093 3559 3251 3621 tulit,

2841 3645 2894 3688 et
2915 3634 2991 3687 ait
3019 3630 3126 3684 illis
3162 3648 3173 3682 :

2843 3705 3015 3761 Sinite
3047 3717 3171 3772 pue-

2003 3421 2068 3475 ad
2097 3437 2321 3476 uxorem

2004 3493 2057 3547 8.
2101 3507 2286 3558 suam;
2319 3502 2374 3549 et

2003 3571 2163 3618 erunt
2189 3563 2295 3617 duo

2003 3635 2056 3689 in
2081 3650 2244 3690 carne

2006 3721 2134 3759 una.

1614 3790 1847 3848 CODBX
1887 3793 2281 3852 BRIXIANUS.

298 3863 486 3917 turbae
513 3863 577 3917 ad
619 3879 764 3919 eum.
818 3873 871 3919 et
920 3865 1060 3920 sicut
1108 3863 1489 3919 consueuerat.
1546 3867 1741 3920 iterum
1799 3865 1895 3919 do-

292 3935 449 3989 cebat
496 3950 612 3990 eos.
649 3937 713 3989 Et
741 3937 1064 4000 accedentes
1121 3936 1394 3990 Pharisaei
1477 3936 1884 4006 interrogabant

291 4020 436 4060 eum.
476 4007 531 4061 Si
585 4007 709 4062 licet
760 4009 963 4061 ltuntitti
1016 4022 1236 4060 uxorem
1297 4008 1590 4062 dimittere.
1647 4015 1882 4062 tenitan-

293 4085 371 4129 tes
418 4093 567 4130 eum.
605 4083 669 4132 At
703 4079 792 4133 ille
843 4080 1201 4147 respondens.
1234 4079 1370 4132 dixit
1407 4084 1510 4134 eis.
1541 4079 1678 4146 Quid
1733 4080 1884 4133 vobis

294 4149 568 4221 praecepit
632 4149 866 4221 Moyses.
927 4151 1028 4216 Qui
1088 4149 1360 4206 dixerunt.
1411 4150 1621 4220 Moyses
1679 4154 1881 4218 permi-

291 4220 356 4274 sit
411 4221 648 4274 libellum
681 4220 889 4289 repudii
943 4222 1200 4276 scribere.
1238 4231 1292 4274 et
1342 4221 1638 4276 dimittere.
1678 4225 1736 4274 Et
1767 4238 1882 4277 res-

291 4291 532 4360 pondens
583 4290 742 4346 Jesus
786 4293 860 4346 ait
911 4294 1038 4347 illis.
1085 4293 1363 4347 Adversus
1401 4292 1654 4347 duritiam
1700 4295 1878 4348 cordis

293 4361 476 4435 vestri.
511 4365 727 4417 scribsit
759 4364 909 4417 vobis
938 4364 1172 4435 Moyses.
1229 4373 1574 4432 praeceptum
1609 4364 1767 4418 istud.
1799 4364 1880 4420 Ab

290 4430 444 4486 luitio
483 4442 662 4486 autem
695 4445 1000 4490 creaturae.
1028 4430 1340 4488 'maseulum
1370 4430 1438 4488 et
1468 4435 1719 4488 feminam
1757 4437 1882 4492 fecit

294 4502 377 4573 (Γ)
419 4503 558 4558 Deus
609 4503 943 4575 1-.tPr0p1er
994 4507 1096 4560 hoc
1134 4506 1405 4575 relinquet
1453 4507 1614 4559 homo
1671 4518 1876 4576 patrem

291 4589 467 4629 suum.
500 4584 552 4630 et
586 4583 817 4631 matrem
849 4576 926 4648 (g)
960 4592 1112 4633 suam
1152 4576 1214 4648 σι».
1260 4585 1316 4632 et
1359 4577 1677 4632 adhaerebit
1724 4580 1876 4632 uxori

2004 3883 2153 3922 suae.
2186 3881 2237 3943 et
2285 3881 2446 3925 erunt
2494 3871 2600 3926 duo
2647 3871 2699 3927 in
2739 3887 2903 3926 carne
2947 3885 3070 3923 una.
3107 3866 3289 3943 Itaque
3341 3863 3448 3943 gain
3491 3876 3595 3942 non

1993 3949 2118 4013 sunt
2167 3939 2272 3993 duo
2327 3945 2420 3996 sed
2470 3959 2574 3998 una
2625 3959 2774 3998 raro.
2821 3943 2972 4012 Quod
3022 3953 3152 4006 ergo
3203 3940 3343 4013 licus
3395 3939 3593 4013 pinxit.

1994 4012 2157 4086 homo
2181 4027 2285 4086 non
2327 4026 2560 4086 separet.
2599 4016 2663 4070 Et
2693 4017 2742 4069 in
2774 4005 2934 4067 dcﬁno
2966 4005 3157 4066 iterant
3194 4005 3441 4086 discipuli
3477 4005 3592 4086 eius

1991 4083 2059 4156 fle
2107 4083 2297 4156 eodem
2345 4077 2595 4140 sermone
2646 4088 3117 4155 interrogaverunt
3166 4097 3310 4134 eum.
3365 4077 3429 4131 Et
3460 4077 3595 4156 dixit

1990 4152 2116 4227 illis.
2167 4155 2505 4226 Quicumque
2550 4157 2822 4212 dimiserit
2856 4148 3090 4212 iixoretn
3137 4159 3393 4227 snani__et
3429 4148 3593 4227 aliain

1991 4224 2228 4278 duxerit.
2264 4222 2587 4282 adulterium
2620 4227 2912 4290 conitt'iittit
2940 4241 3103 4294 super
3130 4238 3275 4294 eam.
3309 4222 3368 4288 l‘ll
3396 4222 3439 4272 Si
3475 4233 3591 4294 ﬂ)"-

1992 4294 2094 4348 lier
2124 4296 2390 4356 dimiserit
2417 4302 2588 4352 virum
2624 4315 2804 4353 suum.
2835 4288 2892 4352 let
2921 4288 3028 4350 alio
3062 4293 3306 4362 nupserit
3338 4288 3594 4362 moeeba-

1993 4376 2100 4419 tur.
2135 4367 2201 4421 Et
2229 4367 2530 4438 offerebant
2561 4370 2634 4432 illi
2668 4369 2939 4438 parvulos.
2968 4376 3026 4420 ut
3057 4358 3151 4438 eos
3183 4358 3596 4438 ιειιιεει·θι.Λ[)ἱδ-

1990 4440 2153 4508 cipnli
2175 4431 2362 4512 autem
2376 4442 2510 4512 ejus
2533 4429 3009 4512 coniminabantttr
3044 4429 3597 4512 offeren_t_i_bus.thtos

1990 4501 2111 4578 cum
2136 4501 2344 4574 videret
2367 4501 2546 4566 Je'sus.
2595 4511 2901 4581 indignatus
2928 4518 3030 4574 est.
3061 4517 3114 4562 et
3143 4507 3217 4560 ait
3247 4503 3376 4572 illis.
3417 4501 3592 4555 Sinite

1575 4666 1806 4722 CODEX
1846 4667 2314 4724 CORBEIENSIS.

357 4735 503 4810 2._Et
527 4737 849 4794 accedentes
865 4739 1106 4810 quidam,
1133 4739 1560 4809 interrogabant,
1584 4747 1688 4793 etc.
1722 4739 1887 4793 Omit—

293 4809 369 4874 tit,
402 4807 700 4864 Pharisaei.

360 4879 708 4953 4.__Permisit
732 4881 891 4953 nobis
914 4882 1157 4938 libellmn
1195 4882 1401 4953 repudii
1431 4881 1562 4936 dare
1593 4882 1878 4953 scriptum,

293 4957 345 5004 et
392 4950 685 5023 dimittere.
736 4951 818 5007 Ab
851 4955 1000 5009 initio
1030 4963 1232 5023 autem,
1258 4950 1594 5018 masculum,
1635 4962 1689 5007 et
1711 4950 1878 5007 femi-

293 5038 411 5076 nam
447 5023 571 5076 iecit
605 5022 745 5076 Deus
772 5042 784 5076 :
816 5035 870 5078 et
899 5025 1059 5081 dixit.
1220 5022 1230 5032 θ’

2069 4744 2120 4794 ἶ.
2169 4742 2394 4809 Propter
2424 4741 2528 4796 hoc
2559 4741 2850 4810 relinquet.

2066 4813 2118 4884 9.
2162 4805 2314 4884 Quod
2347 4814 2484 4867 Deus
2514 4805 2814 4884 conjunxit,
2862 4813 3023 4884 homo
3050 4824 3153 4874 non
3186 4805 3478 4884 disjungat.
3530 4875 3539 4884 ‘

2065 4879 2152 4937 l2.
2197 4879 2272 4937 Et
2308 4885 2350 4938 si
2395 4879 2586 4938 mulier
2617 4879 2788 4938 'exeat
2838 4900 2864 4934 a
2915 4881 3054 4944 viro,
3097 4889 3152 4933 et
3190 4879 3276 4932 alii
3326 4879 3592 4948 nupserit,

1992 4956 2308 5078 nioecbatur
2325 4972 2488 5028 super
2518 4957 2688 5030 illum.
2725 4955 2790 5009 Et
2814 4954 2904 5025 qui
2935 4953 3215 5024 dimiSsam
3240 4948 3407 5012 ducit,
3442 4962 3587 5002 moe-

1996 5044 2024 5078 c
2047 5036 2209 5078 tatur.

1996 5036 2209 5081 Cllﬂllll‘.

1529 5095 1922 5152 VARIANTES
1957 5097 2365 5152 LECTIONES.

291 5165 364 5274 Pr’
404 5165 510 5276 ξω.
547 5164 657 5214 illos
704 5165 854 5227 Deus,
893 5167 1068 5218 dicens
1103 5181 1114 5215 :
1144 5167 1373 5230 Propter.
1425 5166 1566 5230 Vulg.
1604 5180 1692 5218 eos
1731 5167 1882 5216 Deus.

354 5241 514 5276 onem

388 5242 514 5290 pter.

2055 5171 2074 5200 ¹
2111 5172 2216 5218 Gat.
2243 5169 2534 5218 adhaerebit
2554 5168 2696 5216 uxori
2720 5179 2855 5216 suae.
2893 5163 3041 5230 Vulg.
3073 5163 3366 5213 adhaerebit
3387 5161 3444 5210 ad
3470 5175 3596 5210 uxo-

1990 5244 2099 5280 rem
2121 5245 2273 5281 suam.

359 5360 435 5433 (α)
473 5363 548 5435 ita
571 5372 622 5420 et
647 5361 768 5421 cod.
795 5362 947 5435 Cant.
980 5368 1061 5420 καὶ
1089 5364 1257 5430 rem.
1285 5393 1354 5404 —
1401 5365 1477 5435 (b)
1505 5364 1627 5422 Post.
1649 5374 1716 5427 et,
1737 5366 1891 5419 deest
1913 5365 2206 5419 accedentes
2234 5363 2523 5428 Pharisaei,
2556 5362 2719 5435 etiam
2750 5361 2802 5416 in
2824 5360 2944 5416 cod.
2962 5357 3285 5435 Qant.-_—-(cl
3307 5357 3380 5411 Ita
3399 5355 3587 5410 etcod.

290 5428 443 5487 Cant.
472 5432 727 5489 δοῦναι-
755 5433 915 5502 (d)F.t
949 5437 1017 5487 ita
1061 5437 1182 5488 eod.
1211 5428 1367 5488 Cant.
1399 5428 1618 5497 nam;
1641 5477 1653 5495 ,
1688 5437 1889 5488 omisso
1915 5448 2036 5488 cum
2090 5436 2283 5489 Veron.
2316 5435 2478 5489 vobis.
2537 5465 2601 5475 —
2637 5434 2710 5502 (ε)
2761 5435 2886 5488 Post
2926 5433 3082 5492 enim,
3130 5432 3281 5502 deest
3307 5438 3592 5502 creaturae,

294 5505 488 5577 pariter
525 5507 582 5577 i_u
622 5498 931 5577 «οοᾴςϐἒιηι.
976 5520 1073 5559 nec
1113 5505 1338 5559 habetur
1384 5508 1432 5559 in
1477 5507 1764 5570 Matthaeq.
1806 5537 1876 5546 —
1905 5506 1976 5577 (f)
2017 5509 2156 5576 Ante
2198 5505 2358 5568 Deus,
2409 5507 2558 5559 deest
2597 5498 2704 5571 eos,
2741 5508 2902 5558 etiam
2951 5504 3002 5556 ili
3028 5503 3161 5577 poi.
3213 5498 3594 5577 Cant._ﬁt'._ct

294 5573 404 5626 Lat.
425 5589 488 5628 ac
512 5573 674 5630 Goth.
700 5573 926 5641 Ibidem,
945 5592 1064 5628 cum
1085 5577 1276 5630 eodem
1301 5577 1421 5631 cod.
1452 5577 1602 5631 Cant.
1640 5579 1848 5630 addite!
1872 5570 2101 5641 (1&5th
2125 5577 2411 5632 Mattbaeo.
2445 5577 2518 5630 Ita
2553 5589 2727 5629 tamen
2746 5576 2942 5628 habent
2971 5572 3130 5624 etiam
3167 5570 3586 5641 nonnullieotld.

291 5648 446 5724 graeci
478 5649 620 5714 apud
653 5640 973 5706 Milliumé—
1003 5651 1079 5724 (gi
1104 5647 1269 5724 Addit
1297 5651 1658 5724 senipedem
1679 5651 1798 5704 eod.
1829 5648 2013 5724 Cant.,
2045 5651 2411 5724 iauroa.-—(tti
2428 5650 2490 5710 ιιι
2513 5649 2592 5724 ita
2623 5648 2743 5724 eod.
2777 5646 2930 5724 Cant.
2961 5644 3127 5718 ἐξέλθῃ
3152 5644 3252 5700 ἀπὸ
3273 5649 3361 5698 τοῦ
3388 5640 3589 5724 ὰ-τρρὸς.

292 5715 866 5794 εκιίηιετρ-ιξειξηηεηιφ
891 5714 1079 5794 ςμιμῃῖςι
1117 5719 1328 5794 mulieri
1364 5714 1571 5778 scilicet
1597 5722 1854 5794 adversus
1885 5714 2130 5786 maritimi
2157 5714 2371 5777 divortii
2395 5722 2481 5791 jus
2513 5719 2630 5790 lege
2671 5719 2897 5773 Mosaica
2927 5729 3032 5773 non
3058 5714 3406 5786 competeret.
3429 5714 3592 5769 Favet

292 5781 434 5844 Brix.
460 5781 618 5862 —-(i)
647 5787 724 5844 lta
752 5799 803 5843 et
839 5781 1146 5843 dedicant.
1202 5789 1347 5846 ἄλλον
1382 5797 1608 5868 γαμήσῃ.
1645 5808 1708 5847 ex
1735 5792 2024 5862 Matthaeo.
