2005 3097
202 141 255 169 807

401 197 519 226 CODEX
537 197 810 226 VERCELLENSIS.

203 246 249 273 52.
272 266 279 273 .
297 266 303 272 .
321 264 327 272 .
346 265 353 272 .
371 265 376 271 .
393 249 485 273 autem
625 250 682 277 tes,
698 245 811 272 invene—

207 301 213 308 .
231 300 238 307 .
257 302 263 308 .
280 301 288 308 .
305 301 311 308 .
330 302 336 308 .
356 281 440 315 Vade,
623 285 687 308 runt
703 281 806 315 pnllnm

204 317 272 344 ﬁdes
287 321 331 345 tua
348 321 374 344 te
623 316 764 351 alligatum

204 353 310 380 salvum
330 352 404 380 fecit.

203 389 238 416 Et
251 389 343 416 statim
357 389 397 416 vi-

204 424 270 452 dere
284 425 390 459 coepit,

204 466 231 489 et
244 460 377 495 sequeba-

204 501 247 524 tur
263 497 339 524 illum
354 496 382 523 in

622 358 686 379 ante
699 352 810 387 januam

622 388 689 415 foris
706 388 732 415 in
750 387 807 423 pla-

624 428 665 451 tea
674 444 682 457 ,
699 427 726 451 et
739 423 827 451 solve-

622 463 687 486 runt
702 467 776 486 eum.

623 494 650 520 5.
673 495 706 521 Et
720 494 829 530 quidam

303 530 419 559 CAPUT
439 530 485 558 XI.
625 537 659 558 ex
673 530 725 562 his,
742 530 789 565 qui
804 529 842 557 ibi

205 568 232 595 l.
254 568 308 594 via.
327 567 360 594 Et
372 574 433 595 cum
625 566 784 593 circumsta-

205 603 351 638 adpropin-
625 601 706 635 bant,
721 601 797 638 dixe:

204 636 337 674 quassent
352 638 391 674 (α)
407 638 452 666 Hi-
624 642 688 674 runt
702 638 761 665 eis:
780 636 850 671 Quid

624 672 728 700 fecistis
738 694 745 705 ,
762 674 816 699 sol-

627 714 724 736 ventes
737 708 796 743 pul-

627 744 655 772 6.
676 744 750 771 lnm?
767 744 801 771 Et

627 780 663 814 (ε)
682 780 812 808 dixerunt
826 779 845 814 -ξο

626 816 676 849 illi,
692 816 763 843 sicut
776 822 854 850 prae-

625 856 736 886 ceperat
751 851 803 878 illis

625 886 724 914 Jesns:
739 890 767 913 et
781 885 883 921 permi-

625 926 721 949 serunt
736 922 791 949 illis

625 958 651 984 7.
674 958 773 985 ducere
788 957 849 992 pul-

625 993 679 1021 lum
692 993 726 1020 ad
741 993 833 1021 Jesum
845 1001 851 1019 :

626 1033 654 1056 et
666 1029 677 1044 ‘
691 1032 845 1056 straverunt

627 1065 666 1092 illi
678 1065 826 1092 vestimen-

627 1105 654 1128 ta
669 1109 732 1133 sua;
749 1104 777 1128 et
791 1107 837 1128 se-

627 1137 666 1164 dit
681 1144 763 1171 super
775 1144 849 1163 eum.

627 1172 654 1200 8.
676 1172 750 1199 Multi
765 1177 855 1199 autem

205 674 361 709 erosolyma
374 674 406 709 ᾗ,

205 715 232 738 et
249 710 383 738 Bethania

206 746 215 761 ¹
230 746 264 773 ad
280 750 401 774 montem

205 781 358 815 Olivarum,

205 817 282 845 misit
295 817 363 845 duos
375 824 408 845 ex

205 853 347 888 discipulis

205 889 234 916 2.
256 890 324 922 suis,
339 889 433 916 dicens

206 925 265 953 eis:
283 924 323 951 lte
335 925 362 951 in

207 960 397 995 municipium,

207 995 279 1031 quod
292 1000 334 1023 est
348 1003 414 1023 eon-

208 1036 249 1059 tra
264 1038 328 1062 V08;
344 1036 372 1059 et

208 1067 300 1095 statim
316 1066 366 1103 (b),
382 1068 392 1083 ²
407 1067 449 1094 in-

208 1107 313 1130 trantes
325 1103 358 1138 1-,
375 1102 416 1130 in-

207 1138 324 1166 venietis
342 1138 400 1172 pul-

208 1174 264 1202 lum
280 1174 374 1202 asinae

208 1210 360 1245 alligatum,
626 1209 788 1245 vestimenta

209 1243 292 1281 supér
303 1253 385 1280 quem
627 1251 675 1281 sua
686 1243 724 1280 (g)
742 1249 810 1281 ster-

209 1279 290 1310 neino
305 1279 392 1309 ﬁomi-
627 1279 730 1307 nebant
742 1279 762 1314 ἦ·
778 1280 805 1306 in

208 1325 274 1344 num
288 1316 379 1344 sedit:
628 1315 671 1342 via
684 1324 691 1341 τ
704 1315 749 1342 alii
762 1319 852 1342 autem

207 1352 307 1381 solvite
320 1360 395 1384 eum,
628 1350 738 1377 frondes
753 1350 800 1378 de'

208 1392 236 1415 et
254 1388 393 1415 adducite.
628 1386 773 1413 arboribus

207 1424 234 1451 5.
257 1423 292 1450 Et
305 1423 328 1450 si
342 1423 403 1458 quis
419 1429 468 1450 νο·
628 1421 774 1454 cedebant,

207 1458 250 1486 bis
264 1458 364 1485 dixerit
377 1465 384 1485 :

208 1493 246 1529 (ε)
263 1498 274 1514 ι
286 1493 356 1527 Quid
371 1492 454 1529 solvi-

208 1530 243 1557 tis
260 1530 362 1563 pullum
379 1528 418 1564 1-?

208 1564 295 1592 Dicite
309 1573 316 1592 :
332 1563 448 1592 Domino

207 1608 258 1629 SUO
271 1607 399 1629 necessa-

207 1637 266 1664 rius
276 1641 318 1664 est
330 1645 337 1663 :
354 1641 382 1664 et

208 1672 334 1708 protinus

207 1715 272 1737 eum
293 1708 389 1736 remit-

207 1744 235 1773 4.
258 1749 298 1773 tet
313 1744 376 1772 huc.
393 1742 504 1772 Exeun-

627 1461 655 1484 ει
670 1461 775 1484 sterne-

626 1492 693 1520 bant
708 1492 735 1519 in
750 1491 804 1519 via.

626 1527 653 1555 9.
678 1527 719 1559 Et,
734 1527 781 1562 qui
795 1532 905 1561 praece-

627 1562 738 1596 debant,
755 1566 782 1590 et

627 1599 672 1634 qui
686 1605 782 1634 seque-

627 1634 736 1667 bantur,
753 1634 806 1661 cla—

628 1670 738 1697 mabant
746 1691 753 1703 ,
770 1669 812 1697 di-

628 1710 722 1734 centes
734 1715 741 1733 :
757 1704 807 1733 Os-

628 1749 714 1770 sanna
729 1742 756 1769 in
771 1749 818 1770 ex-

206 1849 287 1878 Jesus
306 1854 397 1877 autem
419 1849 455 1876 ait
475 1849 523 1876 illi.
536 1848 612 1877 Vade
626 1848 694 1875 lides
710 1852 755 1875 tua
772 1853 798 1876 te
813 1847 916 1875 salvum
932 1848 1007 1876 fecit.

206 1885 241 1913 Et
255 1885 399 1913 confestim
420 1885 497 1912 vidit.
518 1890 546 1912 et
565 1884 728 1919 sequebatur
742 1891 804 1912 eum
821 1884 847 1911 in
864 1884 916 1911 via.

241 1921 346 1949 Etcum
361 1921 591 1956 adpropinquaret
604 1920 643 1956 (ιι)
657 1920 845 1956 Hierosolyma
858 1919 878 1955 -ξι
890 1921 915 1956 in
929 1919 1010 1947 Delli-

207 1957 276 1992 lage.
293 1960 320 1983 et
335 1955 476 1983 Bethania.
493 1956 526 1983 ad
541 1962 661 1983 montem
676 1955 878 1992 Olivetiamisit
893 1955 962 1992 duos
977 1964 1009 1982 ex

205 1991 347 2027 discipulis
362 1991 428 2018 suis.
446 1996 473 2018 et
487 1992 525 2018 ait
542 1992 605 2018 illis.
622 1992 659 2018 lte
676 1991 701 2017 in
717 1991 870 2027 castellum.
885 1991 956 2025 quod
970 1995 1013 2018 cst

206 2026 300 2056 contra
320 2034 377 2054 vos.
401 2032 428 2054 et
449 2027 538 2053 statim
552 2027 722 2053 introenntcs
736 2026 762 2052 in
777 2034 850 2053 enm.
869 2026 925 2053 illic
938 2027 1014 2053 inve-

207 2064 288 2091 nietis
300 2063 401 2099 pullum
414 2063 536 2099 ligatum.
550 2069 633 2096 super
642 2069 723 2099 quem
735 2069 814 2099 nemo
826 2061 914 2099 adhuc
926 2062 1014 2099 homi-

204 2108 270 2127 num
285 2097 367 2127 sedit.
384 2098 481 2126 solvite
498 2097 575 2124 illum
589 2101 617 2124 ct
628 2097 765 2124 adducite.
779 2097 813 2124 Et
826 2097 849 2123 si
865 2098 926 2131 quis
938 2097 1015 2125 vobis

205 2135 314 2163 dixerit.
328 2134 365 2172 (ε)
377 2134 447 2169 Quid
461 2133 682 2172 solvitispullum
697 2132 716 2168 ᾧ
732 2133 815 2172 Dicite
825 2133 887 2172 quia
902 2133 1016 2161 Domino

207 2168 378 2199 necessarius
390 2168 445 2198 est.
461 2173 489 2197 et
504 2169 637 2197 continuo
654 2169 728 2196 illum
744 2168 864 2196 dimittet
879 2170 941 2196 huc.

241 2207 277 2235 Et
305 2208 435 2235 abeuntes
470 2206 642 2239 invenerunt.
668 2204 771 2240 pullum
801 2204 922 2240 ligatum.
948 2209 1011 2232 ante

481 139 618 170 EUSEBII
639 139 807 169 VERCELL.
831 139 1055 170 EVANGEMUM
1074 138 1144 170 CUM
1165 136 1280 168 VARIIS
1299 138 1377 168 COD.
1397 138 1596 169 COLLATUM.

864 1799 983 1829 CODEX
1002 1799 1202 1833 BRIXIANUS.

1274 196 1390 224 CODEX
1412 196 1642 226 VERONENSIS.

1060 244 1106 271 5‘2.
1127 243 1205 272 Jesns
1220 247 1312 271 autem
1327 243 1364 271 ait
1378 252 1385 271 :
1479 249 1535 272 tum
1552 248 1615 272 ante

1059 279 1144 313 Vade,
1163 279 1230 316 ﬁdes
1476 281 1575 316 januas
1589 280 1654 316 loris

1061 320 1105 343 tua
1121 320 1147 343 te
1161 315 1269 343 salvum
1477 315 1506 344 in
1521 315 1649 349 transitu,

1477 357 1505 381 et
1518 352 1608 380 solve-

1477 389 1503 417 5.
1525 393 1589 416 runt
1599 395 1672 416 eum.
1691 388 1725 416 Et

1476 424 1611 459 quierant
1626 423 1683 452 illic

1475 460 1544 487 foris
1557 463 1672 493 stantes,

1476 496 1603 523 dixerunt
1620 504 1627 522 :

1059 351 1134 378 fecit.
1153 351 1186 378 Et
1199 359 1264 379 con-

1058 386 1151 415 testim
1168 387 1245 420 vidit,

1059 427 1087 450 et
1101 423 1265 458 sequebatur

1059 466 1121 486 eum
1137 466 1165 486 In
1182 466 1265 485 Viam.

1157 493 1272 522 CAPUT
1291 492 1338 521 XI.

1060 529 1086 556 1.
1108 530 1140 557 Et
1152 537 1213 557 cum
1229 530 1277 557 ad-
1477 531 1545 565 Quid
1557 531 1621 558 laci-

1059 566 1197 600 propiaret
1210 564 1251 636 §_a)
1268 565 1331 593 Hie-
1477 564 1524 600 tis,
1539 567 1646 595 solven-

1059 601 1196 636 rosolyma
1235 621 1242 634 ,
1256 605 1284 629 et
1476 607 1518 630 tes
1530 602 1632 636 pullum

1059 601 1196 638 [osolyma
1210 601 1242 638 -l-,
1256 605 1284 629 et
1476 607 1518 630 tes
1530 602 1632 638 pullum

1058 636 1190 663 Bethania
1206 637 1241 664 ad
1476 636 1568 666 asinae
1583 639 1594 665 ?

1059 677 1179 700 montem
1193 672 1249 700 Oli-

1107 677 1179 713 ntem
1193 673 1249 713 pli-
1478 674 1505 702 6.
1528 674 1566 713 Et
1578 674 1619 713 (ε)⁵
1629 673 1708 701 dixe-

1060 711 1124 740 veti,
1139 711 1214 735 misit

1476 716 1538 737 runt
1553 710 1584 745 ᾧ,
1597 709 1667 737 sicut

1059 743 1128 781 duos
1140 751 1177 781 ex
1189 744 1230 781 dig
1476 745 1516 781 (Ῑ)
1527 743 1633 773 dixerat
1645 745 1667 780 τ’

1059 779 1172 814 scipulis
1187 780 1254 813 suis,
1476 779 1530 809 illis
1542 781 1622 809 Jesns
1637 789 1645 807 :

1058 815 1086 852 g.
1108 819 1135 852 et
1148 815 1187 842 ait
1201 815 1253 852 illis
1267 825 1274 844 ε
1476 822 1504 845 et
1519 817 1652 852 permise-

1059 850 1099 878 lte
1112 850 1138 877 in
1154 851 1251 878 castel-
1477 850 1540 880 runt
1555 853 1609 880 illis

1059 886 1131 919 lum,
1147 886 1219 921 quod
1236 892 1279 915 est
1477 889 1503 916 7.
1528 888 1628 916 ducere

1058 926 1152 959 contra
1167 929 1215 949 vos
1228 930 1235 955 ;
1256 928 1283 951 et
1477 925 1579 959 pullum
1594 923 1628 951 ad

1025 957 1032 963 ‘
1060 957 1099 993 (ὁ)
1119 957 1261 985 introeun-
1475 957 1568 988 {Iesum
1583 967 1591 992 ;
1609 963 1637 986 et

1059 992 1101 1030 tes
1114 992 1151 1030 1-,
1168 994 1259 1021 statim
1475 996 1617 1030 imponunt
1631 994 1670 1022 illi

1059 1029 1203 1056 invenietis
1219 1031 1277 1064 pul-
1477 1029 1638 1059 vestimenta
1649 1038 1656 1063 ;

1059 1065 1115 1091 lum
1132 1064 1225 1093 asinae
1475 1072 1502 1095 et
1515 1066 1587 1095 sedit

1059 1100 1171 1135 ligatum
1182 1121 1189 1134 ,
1205 1108 1287 1137 super
1476 1110 1560 1138 super

1059 1143 1139 1170 quem
1152 1143 1232 1164 nemo

1060 1171 1147 1198 adhuc
1163 1173 1251 1199 homi-

1061 1216 1124 1234 num
1140 1208 1230 1235 sedit:

1477 1137 1600 1180 8.:eum.
1615 1137 1690 1180 Multi

1476 1178 1567 1203 autem
1585 1178 1667 1202 vesti-

1477 1216 1569 1238 menta
1585 1217 1633 1238 sua

1060 1243 1156 1283 solvite
1176 1244 1263 1283 illum,
1477 1246 1520 1283 (9)7
1532 1251 1603 1274 ster-

1060 1284 1087 1316 et
1104 1279 1238 1316 adducite.
1478 1279 1581 1309 fiebant
1594 1281 1615 1316 1'

1060 1315 1087 1341 5.
1110 1315 1143 1341 Et
1159 1315 1180 1342 sl
1197 1316 1257 1350 quis
1268 1322 1314 1343 vo—
1477 1317 1504 1344 in
1519 1315 1613 1349 viam;

1061 1351 1102 1377 bis
1121 1350 1239 1378 dixerit:

1062 1387 1098 1421 (c)
1114 1386 1184 1419 Quid
1199 1387 1254 1414 sol-

1477 1353 1524 1380 alii
1539 1352 1651 1380 frondes

1477 1389 1612 1417 cedebant
1624 1387 1657 1416 de

1062 1423 1123 1458 vitis
1134 1422 1239 1457 pullum
1255 1423 1292 1458 1-?
1478 1424 1634 1457 arboribus,

1062 1457 1149 1485 Dicite
1164 1468 1169 1485 :
1187 1459 1238 1485 Do-
1264 1457 1267 1458 ⁷
1478 1465 1505 1488 et
1519 1465 1592 1488 ster-

1061 1493 1137 1520 mino
1154 1501 1281 1522 necessa-
1479 1495 1581 1524 nebant

1061 1528 1119 1556 rius
1131 1534 1192 1556 est:
1209 1534 1238 1558 et
1479 1532 1507 1559 in
1521 1532 1575 1560 via.

1061 1565 1248 1603 continuonili
1277 1601 1282 1603 Α
1320 1602 1324 1603 7
1479 1567 1506 1596 9.
1528 1567 1562 1594 Et
1574 1566 1619 1602 qui
1633 1573 1712 1603 prae-

1059 1600 1115 1637 lum
1129 1600 1168 1637 (d)
1183 1601 1296 1629 dimittit
1312 1602 1332 1636 1-
1480 1603 1566 1636 ibant,
1582 1600 1610 1631 et

1062 1635 1139 1674 huc.‘
1177 1673 1182 1674 γ
1320 1635 1323 1636 ⁷
1479 1639 1525 1674 qui
1542 1635 1641 1674 seque-

1061 1671 1088 1698 4.
1111 1672 1145 1699 Et
1159 1673 1302 1707 abeuntes,
1480 1671 1599 1706 bantur,’
1608 1674 1666 1701 cla-

1061 1708 1225 1746 invenernnt
1480 1710 1653 1746 mabant7(h),
1663 1710 1705 1738 di-

1061 1744 1166 1779 pullum
1181 1744 1249 1781 liga-
1480 1750 1574 1774 centes
1587 1744 1609 1782 f
1623 1754 1632 1773 :

1061 1849 1173 1884 januam
1202 1851 1278 1879 foris.
1308 1851 1335 1878 in
1373 1850 1456 1878 bivio.
1485 1854 1513 1878 et
1539 1850 1681 1878 solverunt
1716 1856 1788 1877 eum.
1834 1850 1868 1877 Et

1064 1887 1172 1920 quidam
1200 1887 1234 1914 de
1257 1886 1311 1913 illic
1334 1887 1468 1914 stantibus
1494 1886 1622 1914 dicebant
1644 1885 1708 1913 illis.
1737 1885 1799 1921 quid
1828 1885 1867 1912 fa-

1065 1923 1136 1950 citis.
1161 1922 1298 1949 solventes
1313 1923 1426 1957 pullutn.
1444 1922 1479 1949 At
1500 1922 1538 1949 illi
1568 1922 1695 1949 dixerunt
1716 1921 1767 1949 eis.
1795 1922 1867 1948 sicut

1067 1963 1241 1992 praeceperat
1268 1958 1326 1988 illis
1344 1957 1434 1985 Jesns.
1457 1962 1484 1985 et
1508 1958 1671 1985 dimiserunt
1693 1965 1752 1984 eos.
1774 1962 1800 1984 et
1819 1957 1868 1984 ad-

1066 1994 1201 2021 duxerunt
1215 1994 1317 2028 pullum
1329 1994 1362 2021 ad
1376 1993 1481 2021 Jesnm.
1494 1998 1521 2020 et
1537 1994 1715 2028 inposuerunt
1728 1992 1766 2020 illi
1785 1993 1867 2020 vesti-

1066 2035 1158 2057 menta
1173 2037 1231 2056 sua.
1256 2033 1283 2056 et
1305 2030 1376 2056 sedit
1395 2037 1476 2063 super
1498 2037 1571 2057 eum.
1588 2029 1662 2056 Multi
1678 2032 1768 2055 autem
1783 2029 1867 2056 vesti-

1066 2070 1156 2092 menta
1171 2073 1219 2092 sua
1235 2070 1391 2093 straverunt
1413 2066 1439 2092 in
1454 2065 1506 2091 via.
1524 2065 1568 2091 alii
1590 2069 1680 2091 autent
1696 2064 1807 2091 frondes
1820 2071 1867 2091 ce-

1067 2101 1168 2129 debant
1186 2101 1220 2128 de
1246 2100 1400 2128 arboribus.
1425 2105 1452 2128 et
1473 2100 1632 2128 sternebant
1651 2100 1677 2127 in
1693 2101 1745 2127 via.
1768 2099 1802 2126 Et
1820 2100 1868 2134 qui

1068 2137 1219 2172 praeibant.
1235 2141 1262 2164 et
1275 2137 1320 2172 qni
1342 2137 1537 2172 sequebantur.
1563 2136 1718 2172 clamabant
1732 2135 1865 2172 dicentes.

1069 2171 1188 2201 Osanna.
1202 2171 1367 2201 Benedictus
1380 2171 1426 2208 qui
1439 2172 1512 2201 venit
1521 2172 1548 2200 in
1563 2171 1674 2200 nomine
1685 2171 1804 2200 Domini.
1818 2171 1868 2199 Be-

850 2261 968 2289 CODEX
988 2260 1225 2290 CORBEIENSIS.

242 2313 307 2341 Car.
322 2311 369 2340 XI.
383 2325 418 2331 —
432 2310 460 2339 4.
478 2310 544 2338 foris
558 2310 585 2338 in
600 2310 730 2344 transitu,
745 2313 773 2337 et
786 2309 928 2338 solverunt
940 2317 1002 2337 eum

1093 2309 1120 2337 9.
1143 2308 1263 2342 Omittit,
1277 2308 1418 2337 dicentes:
1433 2309 1574 2338 Hosanna.

837 2355 1037 2384 VARIANTES
1056 2354 1262 2383 LECTIONES.

239 2409 248 2425 ¹
268 2409 322 2434 σαι.
345 2408 376 2433 ad
395 2408 505 2432 montem
526 2405 627 2431 Oliveti.
653 2405 727 2437 Vulg.
751 2405 781 2430 ad
804 2408 914 2430 montem
927 2405 1010 2431 Oliva—

208 2447 319 2497 ωξηὶῖαι.
332 2471 490 2496 introeuntes
500 2470 526 2494 ln
536 2468 604 2493 illud.
619 2467 693 2500 Vulg.
704 2469 861 2492 introeuntes
874 2467 940 2492 illuc.

1090 2404 1180 2442 that.
1203 2403 1266 2434 Quid
1289 2403 1369 2429 facitis
1390 2403 1455 2429 hoc?
1473 2403 1566 2429 Dicite.
1594 2403 1669 2437 Vulg.
1694 2403 1757 2435 Quid
1769 2403 1866 2432 tacitis!

1065 2436 1177 2493 lengdt.
1190 2467 1368 2492 instraverunt.
1385 2466 1457 2500 Vulg.
1468 2470 1621 2492 straverunt.

559 2518 707 2539 LECTIONES
720 2517 822 2538 CODlCIS
834 2517 1042 2539 VINDEBONENSIS
1057 2518 1194 2538 ABEUNTES
1204 2519 1237 2538 ΔΒ
1250 2517 1377 2538 ΕΜΤΙΟΝΕ
1389 2517 1523 2538 VULGATA.

239 2561 295 2586 Car.
308 2559 349 2584 XI.
361 2572 393 2577 —-
406 2558 428 2584 l.
440 2558 471 2584 Et
480 2565 535 2583 cum
549 2559 756 2589 appropinquaret
767 2556 973 2588 Hierosolymam,
986 2560 1013 2582 et

208 2592 352 2618 Bethaniam
366 2590 395 2614 ad
408 2594 515 2614 montem
528 2589 628 2614 Oliveti.
664 2591 686 2614 2.
700 2589 765 2620 quod
776 2592 815 2613 est
826 2592 911 2620 contra
921 2595 977 2617 vos;
988 2593 1014 2613 et

210 2625 373 2651 introcuntes,
397 2622 478 2646 statim
502 2621 644 2644 invenietis.
679 2619 783 2649 5.'Qnid
797 2619 893 2644 solvitis
906 2620 1015 2650 pullum?

209 2654 290 2680 Dicite
305 2653 434 2680 :Domin0‘
448 2653 606 2676 necessarius
618 2655 666 2676 est.
700 2652 724 2676 4.
739 2653 762 2676 in
775 2652 914 2681 transitum,
927 2654 953 2675 et
965 2651 1015 2675 sol-

1062 2560 1229 2582 rerunteum.
1262 2558 1286 2582 ὕ.
1304 2557 1334 2582 Et
1345 2558 1386 2588 qui
1399 2561 1469 2582 erant
1490 2559 1585 2582 stantes
1604 2557 1663 2587 illic,
1676 2557 1795 2582 dixerunt
1808 2558 1864 2583 eis:

1063 2588 1134 2617 Quid.
1170 2589 1193 2613 6.
1207 2589 1237 2613 lit
1246 2588 1373 2618 dixerunt,
1385 2588 1555 2620 sicntdixerat
1567 2589 1615 2613 illis
1624 2589 1705 2614 Jesns.
1739 2588 1764 2613 7.
1775 2592 1801 2614 et
1810 2596 1865 2620 per-

1063 2620 1185 2645 miserunt
1206 2619 1255 2644 illis
1277 2620 1369 2644 ducere
1385 2619 1478 2650 pullum
1495 2620 1524 2644 ad
1537 2619 1630 2644 Jesum.
1664 2621 1690 2645 8.
1702 2619 1770 2645 multi
1782 2619 1863 2645 antem

1066 2652 1215 2676 vestimenta
1232 2651 1379 2676 sternebant
1389 2650 1416 2675 in
1431 2651 1502 2677 viam.
1536 2652 1561 2675 9.
1575 2650 1671 2676 Osanna
1683 2652 1708 2676 in
1717 2651 1833 2676 excelsis.

881 2692 1063 2720 BLANCHINI
1084 2692 1199 2720 ΝΟΤΛΕ.

248 2746 286 2783 (ᾳ)
301 2745 368 2783 Cod.
380 2743 460 2783 Cant.
479 2742 576 2783 habet,
586 2743 629 2783 ei;
642 2741 818 2783 'Ispoeéluﬂu.
834 2755 869 2761 -—
885 2741 922 2783 (bi)
939 2741 1004 2768 Post
1015 2741 1173 2767 introeunte:
1183 2760 1190 2771 ,
1204 2740 1283 2783 deest
1295 2739 1358 2783 illuc
1369 2760 1383 2783 λ
1403 2739 1484 2783 etiam
1498 2739 1526 2766 in
1537 2739 1598 2783 cod.
1614 2740 1692 2783 Cant.
1707 2746 1735 2768 et
1748 2741 1860 2783 Vercell.

211 2774 296 2844 -ῳ
310 2782 347 2809 Ita
360 2786 388 2809 et
399 2780 461 2809 cod.
475 2780 553 2807 Cant.
567 2780 592 2807 τί
603 2774 680 2806 λύςτέ
689 2779 732 2805 τὸν
744 2774 837 2809 πῶλον,
851 2774 893 2803 cx‘
905 2776 988 2808 Luca,
1003 2783 1116 2810 cap.xtx
1126 2796 1134 2808 ,
1151 2783 1223 2803 vers.
1240 2775 1284 2802 55.
1296 2790 1332 2795 --
1345 2774 1386 2811 (d)
1403 2775 1439 2803 Ita
1454 2780 1482 2803 et
1496 2775 1557 2803 cod.
1573 2776 1650 2803 Cant.
1667 2778 1863 2806 ἀποστέλλει..-

215 2818 252 2854 (e)
288 2823 331 2845 ost
344 2815 573 2854 dixerurttthdeest
586 2815 633 2854 eis,
647 2814 730 2854 etiam
752 2813 788 2853 in.
800 2811 955 2854 codL‘Cant.
964 2826 1006 2854 _——-
1021 2811 1057 2854 (ί)
1073 2811 1115 2854 lta_
1125 2816 1152 2838 et
1172 2811 1326 2854 codLCant.
1341 2813 1461 2854 ’lsgpéxst.
1476 2810 1615 2854 —:(g)_lta
1636 2816 1664 2854 et
1692 2813 1755 2854 eod:
1784 2813 1860 2840 Cant.

288 2811 331 2845 bst
344 2818 473 2849 dixerunt,
497 2815 573 2843 deest
586 2815 633 2845 eis.
647 2814 730 2841 etiam
752 2813 779 2839 in
800 2811 955 2849 codLCant.
971 2826 1006 2831 -——

211 2847 376 2891 ἱσᾷρώνγνον.
392 2847 470 2891 _lb_i_d.
485 2850 586 2879 Veron.
612 2850 692 2878 habet
714 2849 740 2876 in
765 2848 842 2877 viam.
855 2848 889 2876 Et
906 2847 942 2875 ita
963 2851 1017 2876 tex.

213 2887 294 2918 etiam
309 2889 336 2915 in
348 2888 408 2916 cod.
425 2887 502 2915 Cant.

1073 2811 1111 2838 Ita
1125 2816 1152 2838 et
1172 2811 1233 2847 cod.
1248 2811 1326 2838 Cant.
1357 2810 1461 2847 ειρήχςι.
1476 2810 1561 2847 ——(g)
1576 2811 1615 2839 Ita
1636 2816 1664 2839 et
1692 2813 1755 2840 cad.
1784 2813 1860 2840 Cant.

1058 2855 1080 2876 r.
1094 2848 1130 2879 εἰς
1152 2850 1197 2878 τήν
1210 2846 1275 2876 ὁδόν.
1290 2861 1325 2868 --
1338 2846 1379 2883 (Ιι)
1394 2847 1459 2876 Post
1481 2847 1612 2882 dicentes,
1628 2847 1706 2876 deest
1729 2848 1860 2884 "osanna,
