4010 6194
300 207 412 266 809

703 323 933 381 CODEX
964 323 1508 382 VERCELLENSIS.

300 418 394 473 10.
438 419 630 474 celso:
663 419 838 476 Bene-
1141 420 1193 474 in
1226 418 1515 488 sempiter—

297 489 516 552 dictus,
549 490 640 559 qui
1139 507 1268 545 num
1302 505 1463 545 nemo

299 562 456 615 venit
486 561 543 615 in
577 576 672 615 no-
1137 561 1373 616 fructum

300 632 452 687 mine
484 632 730 687 Domini:
1141 648 1205 688 ex
1240 643 1292 688 te
1320 632 1466 688 edat.
1503 632 1569 688 Et

301 704 663 760 Benedictum
1140 704 1437 760 audiebant

298 791 530 846 regnum
561 775 661 830 Pa-

362 791 530 858 gnum
546 775 661 858 rPa-
1140 775 1393 858 iseipuli
1413 790 1482 858 e-

302 855 404 902 tris
436 855 606 902 nostri

1142 847 1231 902 15.
1266 847 1376 916 jus.
1413 846 1480 900 Et
1504 861 1668 902 vene-

302 919 474 974 David
499 935 512 972 :
546 917 622 991 (αὶ
657 917 860 991 stan-
1140 927 1268 973 runt
1295 918 1483 974 Hiero-

301 1007 372 1045 na
403 990 444 1061 οὶ-
473 991 526 1044 in
557 989 739 1061 excel-
1143 991 1348 1061 solyma
1386 991 1486 1045 ite-

309 1063 370 1116 11
388 1102 399 1114 .
421 1060 424 1061 ⁷
441 1063 538 1116 sis.
571 1060 640 1115 Et
657 1101 674 1128 ,
705 1076 828 1116 cum
1144 1060 1284 1116 rum.

303 1137 319 1201 (
331 1135 382 1202 b)
419 1133 700 1188 introisset
726 1131 768 1202 -ξ-

305 1206 349 1260 ll
361 1205 624 1276 icrosoly-

305 1293 390 1332 ma
426 1278 478 1330 in
509 1285 646 1330 tem-

303 1349 477 1419 plum,
505 1346 741 1402 circum-

304 1422 547 1490 spiciens
576 1433 693 1474 om-

306 1493 395 1547 nia
418 1507 433 1557 ;
460 1493 569 1560 jam
597 1506 720 1546 cum

1145 1132 1211 1187 Et
1231 1146 1354 1188 cum
1384 1132 1552 1186 intro-

1141 1203 1279 1258 isset
1307 1205 1358 1256 in
1390 1213 1523 1257 tctu-

1142 1276 1313 1344 plutn,
1335 1275 1516 1343 coepit

1140 1347 1321 1402 eicere
1355 1361 1484 1401 ven-

1141 1417 1354 1483 dentes,
1389 1427 1444 1470 et
1471 1430 1533 1472 e-

1144 1496 1357 1544 mentes
1380 1487 1434 1542 in

306 1563 444 1618 hora
475 1573 624 1618 esset
1145 1560 1347 1631 templo
1375 1575 1390 1624 ;
1420 1568 1476 1614 et

304 1636 571 1696 serotina,
1146 1647 1364 1686 mensas
1396 1645 1496 1684 nu-

305 1707 447 1764 exiit
477 1708 530 1761 in
560 1706 657 1761 Be-
1147 1703 1526 1763 mularierum,

307 1778 494 1835 thania
523 1793 649 1832 cum
1146 1784 1202 1829 et
1227 1773 1518 1829 cathedras

307 1849 602 1906 duodecim
1147 1844 1498 1900 vendentium

1148 1917 1430 1973 columbas

310 1922 385 2049 te:
420 1920 704 2048 “sane
733 1919 794 1992 +-

346 1995 402 2051 2.
447 1992 506 2048 In
538 1992 732 2048 crasti-

311 2083 385 2122 110
423 2074 606 2120 autem

311 2138 422 2198 die.
456 2151 582 2193 cum
611 2135 766 2191 exis-

313 2218 438 2266 sent
468 2223 498 2262 a
527 2208 720 2263 Betha-

313 2283 431 2348 nia,
464 2280 676 2334 csuriit.

318 2355 408 2408 l5.
455 2353 540 2418 Et,
563 2351 680 2406 visa
707 2364 740 2405 a
772 2349 890 2405 lon-

314 2439 382 2494 ge
411 2423 611 2478 arbore

315 2495 451 2550 ficus
484 2495 682 2550 haben-

1152 1989 1241 2043 16.
1283 1988 1498 2044 evertit.
1528 1987 1594 2041 Et

1152 2076 1259 2116 non
1287 2059 1521 2126 sinebat,

1153 2143 1209 2187 ut
1238 2131 1436 2200 aliquis

1153 2203 1416 2260 transfer-

1157 2285 1244 2330 ret
1273 2290 1368 2330 vas
1393 2287 1490 2344 per

1161 2347 1250 2401 17.
1291 2343 1552 2413 templum
1585 2359 1602 2413 ;
1632 2354 1690 2401 et
1719 2343 1819 2400 do-

1158 2419 1342 2479 cebat,
1379 2417 1569 2472 dicens

1161 2491 1243 2545 eis
1268 2508 1283 2544 :
1312 2489 1506 2544 Nonne

317 2575 374 2622 te
405 2564 534 2620 folia
560 2607 575 2632 ,
606 2579 698 2620 ve-
1159 2561 1423 2630 scriptum
1454 2568 1540 2632 est
1571 2576 1584 2624 ;

319 2639 424 2701 nit,
453 2628 608 2707 quasi
637 2637 719 2691 in—
1163 2631 1244 2707 (_h)
1275 2628 1476 2686 Domus
1500 2628 1540 2700 -ι-
1566 2645 1684 2688 mea
1701 2671 1717 2698 ,

320 2703 586 2765 venturus
1164 2703 1358 2759 domus
1387 2717 1509 2758 ora-

321 2779 529 2851 aliquid
563 2780 617 2834 in
1164 2774 1332 2851 tionis
1357 2788 1520 2851 voca-

321 2867 386 2908 ea
413 2846 578 2917 ;'cum
605 2866 697 2906 ve-
1166 2846 1313 2901 bitur
1342 2846 1522 2902 omni-

322 2925 498 2979 nisset
518 2931 722 2990 autem,
1167 2918 1269 2990 bus
1305 2917 1574 2988 gentibus.

324 3002 383 3051 et
407 2993 540 3049 nihil
570 2995 654 3048 in—
707 2988 714 2990 ⁷
1169 2988 1281 3045 Vos
1308 2997 1491 3044 autem

327 3067 596 3130 venisset,
624 3065 706 3120 ni-
1169 3075 1289 3117 eam
1319 3060 1525 3116 fecistis

327 3138 372 3194 si
405 3136 528 3192 folia
555 3136 685 3209 (non
1169 3132 1488 3209 speluncam

328 3209 475 3265 enim
505 3203 622 3264 erat
1170 3203 1468 3258 latronum.

333 3290 547 3352 tempus
571 3278 634 3334 ti-
1173 3275 1264 3331 18.
1304 3275 1374 3352 ﬁt
1398 3287 1522 3352 cum
1547 3271 1720 3329 audis-

332 3346 478 3423 cus),
668 3421 677 3423 ξ
757 3419 774 3423 _
1171 3353 1297 3423 sent
1318 3346 1510 3423 Ponti-

334 3416 448 3480 u.’
465 3416 606 3480 dixit
630 3421 682 3478 ai
705 3438 720 3476 :
747 3419 866 3477 Jam
1173 3418 1321 3487 ﬁces,
1353 3427 1409 3472 et
1437 3416 1584 3473 Scri-

334 3509 631 3567 numquam
1173 3489 1298 3556 bae,
1327 3503 1560 3560 quaere-

1322 205 1772 265 EVANGELIUM
1809 205 2182 263 SECUNDUM
2223 206 2537 266 MARCUM.

3519 209 3625 267 810

2435 326 2669 383 CODEX
2720 326 3182 384 VERONENSIS.

2012 420 2097 475 10.
2141 420 2489 490 Benedictus,
2851 439 2980 477 num
3012 423 3296 492 quisquam

2010 493 2099 560 qui
2129 493 2273 546 venit
2316 493 2368 547 in
2848 493 3084 548 fructum
3115 510 3184 548 ex

2010 564 2230 618 nomine
2257 564 2366 619 Do-
2855 575 2906 619 te
2936 565 3246 620 manducet.

2011 633 2142 688 mini
2167 651 2180 699 ;
2213 634 2390 691 Bene-
2854 637 2920 691 Et
2945 636 3235 692 audiebant

2010 705 2239 772 dictum,
2271 706 2415 775 quod
2853 707 3108 777 discipuli
3138 709 3280 777 ejus.

2011 777 2161 831 venit
2186 793 2414 848 regnum
2855 779 2944 834 15.
2989 780 3057 833 Et
3095 780 3240 834 venit
3260 779 3360 836 ile-

2013 847 2190 902 Patris
2215 847 2386 903 uestri
2855 866 2973 905 rum
3006 849 3264 906 Hieroso-

2013 919 2178 973 David
2206 938 2218 972 :
2254 921 2328 991 (α)
2362 919 2534 977 Osan-
2855 921 3074 990 lymam.
3110 922 3178 976 Et

2013 1007 2080 1044 na
2112 992 2162 1044 in
2190 991 2393 1047 altissi-
2857 1007 2977 1046 cum
3012 995 3288 1062 ingressus

2014 1064 2120 1118 mis
2150 1062 2208 1119 +.
2859 1062 3052 1119 fuisset
3081 1067 3130 1117 in

2017 1096 2120 1118 ΙΙΙΙῦ
2164 1096 2208 1132 ⁸-
2859 1096 3052 1119 Ιυιῦὗιῖι
3081 1096 3130 1117 ΙΙΙ

2017 1134 2101 1187 11.
2147 1135 2231 1199 Ει,
2263 1148 2384 1187 cum
2416 1135 2490 1205 (ὁ)
2522 1135 2607 1190 in-
2861 1137 3148 1204 templum,
3179 1151 3292 1191 cre-

2018 1207 2234 1260 lroisset
2263 1205 2304 1275 ’ξ-
2331 1206 2459 1262 llie—
2861 1206 2940 1273 pit
2970 1209 3147 1264 eicere

2014 1277 2287 1350 rosolyuia
2861 1275 2929 1350 (Γ)
2962 1279 3088 1350 inde
3115 1280 3155 1350 ’ξ’

2016 1347 2068 1400 in
2100 1347 2324 1418 templo.
2860 1347 3176 1415 vendentes,

2014 1420 2402 1501 circumspexit

2015 1507 2194 1572 omnia
2265 1505 2386 1545 cum

2010 1578 2121 1631 iam
2152 1577 2376 1631 vespera

2861 1429 2917 1474 et
2942 1430 3186 1477 ementes

2861 1491 2915 1545 in
2945 1493 3150 1563 templo
3177 1509 3191 1555 ;

2860 1571 2916 1617 Ci.
2945 1579 3157 1620 mensas
3183 1579 3331 1620 1111111·

2019 1641 2170 1689 esset
2196 1634 2350 1699 hora,
2867 1634 3243 1702 mulariurum,

2027 1703 2127 1775 (et)
2154 1704 2320 1759 exivit.
2352 1706 2407 1759 in
2865 1714 2921 1758 et
2951 1711 3198 1763 catedras

2024 1775 2345 1831 Bethaniam
2866 1778 3216 1834 vendentium
3265 1789 3273 1843 ς

2025 1863 2148 1902 cum
2178 1864 2274 1902 xu.
2865 1849 3150 1905 columbas

2027 1919 2098 1990 (ο)
2129 1919 2412 1990 discipulis

2030 1991 2118 2045 12.
2160 1991 2277 2047 suis
2308 1991 2371 2062 1-.
2401 1992 2469 2047 Et

2867 1919 2955 1975 16.
2999 1922 3212 1977 evertit.
3249 1924 3315 1979 Et

2868 2007 2976 2046 non
3008 1992 3241 2060 sinebat,

2027 2063 2134 2117 alia
2162 2062 2271 2128 die,
2869 2072 2925 2115 ut
2960 2064 3242 2133 quisquam

2030 2132 2108 2205 (ά)
2137 2133 2435 2205 ουιηίθχίε-
2869 2132 3192 2191 transferret

2029 2204 2114 2260 Set
2139 2205 2178 2275 1~
2205 2220 2234 2258 a
2265 2204 2368 2260 Be-
2871 2219 2967 2258 vas
2998 2221 3094 2275 per
3121 2216 3258 2262 tem-

2030 2275 2240 2343 thania,
2274 2291 2399 2332 esu-
2878 2276 2964 2330 17.
3009 2278 3152 2345 plum
3185 2295 3199 2343 ;
3231 2288 3286 2333 et
3309 2280 3404 2336 do-

2029 2348 2141 2402 riit.
2873 2348 3052 2414 cebat,
3080 2349 3288 2416 dicens,

2036 2419 2121 2474 15.
2164 2417 2409 2488 Cumque
2437 2421 2516 2475 vi—

2035 2488 2205 2545 disset
2235 2505 2263 2542 a
2297 2491 2456 2561 longe

2034 2562 2291 2616 arborem
2324 2564 2459 2617 ficus

2035 2631 2325 2688 habentem
2361 2632 2443 2689 f0-

2035 2703 2130 2770 lia,
2165 2706 2320 2758 venit

2037 2772 2126 2846 (e),
2144 2775 2333 2846 videre
2349 2817 2364 2843 ,
2395 2778 2442 2832 si

2038 2845 2168 2927 guid
2200 2855 2348 2902 esset
2375 2848 2413 2918 οξ·

2039 2932 2092 2970 ut
2123 2932 2243 2972 eam
2272 2934 2287 2982 ;
2316 2928 2371 2972 et

2039 2988 2178 3042 nihil
2205 2989 2447 3055 invenit,

2041 3059 2146 3115 nisi
2176 3058 2305 3114 folia
2332 3070 2452 3117 tan—

2043 3141 2157 3188 tum
2183 3148 2198 3198 ;
2230 3134 2363 3204 (non
2390 3144 2508 3190 erat

2044 3205 2188 3258 enim
2221 3215 2434 3275 tempus

2875 2418 2953 2490 (g)
2983 2421 3240 2487 scriptum
3273 2423 3314 2492 τι

2877 2505 2998 2545 esse
3023 2508 3037 2556 ;
3072 2493 3150 2562 (Ii)
3185 2495 3288 2548 Do-

2880 2562 3063 2633 mus-1‘
3093 2579 3210 2618 mea
3229 2607 3244 2632 ,

2878 2632 3073 2689 domus
3094 2650 3218 2689 ora-

2880 2705 3042 2760 tionis
3082 2722 3244 2762 voca-

2881 2775 3030 2830 bitur
3054 2778 3232 2832 omni-

2881 2847 2983 2901 bus
3004 2849 3178 2916 genti-

2881 2918 3001 2973 bus.
3047 2919 3154 2975 Vos

2881 2999 3062 3045 autem
3087 2991 3222 3047 feci-

2883 3060 2980 3117 stis
3007 3077 3126 3116 eam
3155 3080 3279 3133 spe-

2887 3133 3101 3188 luncam
3134 3135 3299 3193 latro-

2888 3219 3042 3259 num.

2046 3275 2295 3346 ficuum.)
2891 3275 2980 3330 18.
3020 3276 3140 3342 Quo
3168 3278 3372 3346 audito,

2049 3345 2140 3400 14.
2180 3346 2282 3414 Qui
2310 3347 2447 3401 dixit
2471 3349 2521 3404 ei
2559 3369 2571 3405 :
2889 3347 3179 3414 Principes

2046 3415 2165 3489 Jam
2199 3433 2306 3489 non
2338 3433 2456 3472 am-
2886 3418 3268 3489 Sacerdotum,

2047 3488 2194 3556 plius
2223 3488 2276 3543 in
2303 3498 2482 3546 aeter-
2891 3498 2947 3544 et
2971 3489 3198 3546 Scribae

1638 3601 1876 3658 CODEX
1915 3599 2314 3660 BllleANUS.

338 3725 612 3784 nedictum
657 3732 742 3780 est
781 3736 1031 3793 regnum,
1053 3719 1198 3793 quod
1229 3715 1611 3793 venit._Patris
1638 3717 1814 3793 nostri
1845 3717 1947 3793 Qa-

342 3799 452 3854 vid.
486 3797 704 3852 Osanna
730 3795 785 3849 in
832 3787 1087 3850 excelsis}
1119 3791 1186 3846 Et
1228 3807 1351 3846 cum
1384 3789 1458 3861 (ὁ)
1490 3787 1829 3861 introisset?
1859 3787 1948 3843 Je-

343 3885 437 3928 sus
468 3867 847 3938 Hierosolyma
876 3866 928 3919 in
956 3865 1214 3938 templum
1238 3860 1630 3938 circumspexit
1659 3861 1863 3938 omnia.
1893 3868 1947 3914 et

343 3958 466 3999 cum
496 3944 607 4009 jam
655 3931 779 4009 sera
808 3945 958 4009 esset
982 3931 1144 4009 hora.
1185 3935 1338 4009 exiit
1362 3931 1790 4009 in_Bcthaniam.
1821 3947 1944 3986 eum

343 4003 631 4068 duodecim
661 4008 734 4082 (ε)
766 4007 1050 4082 discipulis
1077 4011 1139 4077 τ.
1177 4005 1374 4082 li‘talia
1405 4005 1640 4082 die_eum
1670 4003 1891 4082 exirent
1917 4019 1947 4058 a

345 4083 633 4141 Bethania.
666 4075 878 4137 esui-iit.
912 4075 984 4134 Et
1012 4075 1134 4132 cuiu
1178 4078 1403 4133 vidisset
1433 4091 1462 4130 a
1494 4076 1653 4145 longe
1696 4075 1947 4131 arborem

348 4157 485 4212 ficus
523 4154 815 4210 habentem
843 4151 994 4207 folia.
1029 4153 1179 4206 venit
1208 4149 1367 4221 quasi
1394 4147 1598 4218 aliquid
1629 4147 1950 4202 inventurus

349 4247 402 4284 lll
431 4242 515 4282 ea.

420 4299 554 4355 Cum
596 4305 778 4352 autem
818 4297 1057 4351 venisset
1101 4295 1169 4350 ad
1215 4307 1357 4348 eam.
1389 4290 1523 4346 nihil
1555 4289 1765 4345 invenit
1794 4289 1846 4344 in
1888 4303 1950 4345 ea

351 4371 454 4427 nisi
489 4369 640 4424 folia.
674 4383 783 4424 non
829 4368 972 4422 enim
1018 4375 1136 4422 erat
1183 4375 1399 4434 tempus
1430 4362 1680 4434 ﬁcorum.
1738 4362 1802 4414 Et
1830 4376 1951 4416 res-

353 4442 602 4516 pondens
644 4439 784 4496 dixit
820 4440 892 4495 ei.
943 4437 1250 4510 Numquam
1289 4433 1525 4506 amplius
1574 4433 1626 4489 in
1670 4442 1952 4488 aeternum

2054 3718 2336 3789 quisquam
2362 3735 2426 3775 ex
2459 3730 2513 3776 te
2540 3721 2774 3776 fructum
2804 3721 3118 3777 manducet.
3143 3722 3211 3777 Et
3233 3724 3520 3780 audiebant
3544 3726 3666 3780 ‘dis-

2053 3790 2223 3866 cipuli
2251 3792 2391 3866 ejus.
2435 3793 2505 3848 Et
2531 3802 2802 3866 venerunt
2845 3794 3040 3849 iterum
3090 3794 3549 3866 Hierosolymam.
3601 3800 3668 3850 lit

2053 3877 2176 3938 cum
2211 3863 2495 3919 introisset
2523 3863 2686 3938 Jesus
2715 3866 2767 3919 in
2813 3866 3094 3938 templum.
3131 3868 3296 3938 cmpit
3324 3863 3503 3924 eicere
3536 3886 3664 3922 vett-

2051 3935 2264 3990 dentes.
2315 3944 2368 3991 et
2398 3946 2647 3991 ementes
2678 3937 2730 3991 in
2767 3937 2993 4007 templo.
3027 3946 3081 3993 et
3109 3935 3328 3993 mensas
3359 3942 3666 3994 nummula-

2052 4008 2282 4063 riorum.
2323 4017 2380 4063 et
2419 4007 2709 4063 cathedras
2741 4010 3090 4065 vendentium
3131 4012 3411 4065 columbas
3447 4014 3662 4066 evertit.

2053 4077 2123 4133 Et
2149 4095 2258 4134 non
2289 4080 2506 4135 sinebat
2533 4089 2592 4134 ut
2618 4081 2906 4150 quisquam
2935 4080 3261 4137 transferret
3289 4098 3383 4136 vas
3414 4098 3508 4151 per
3532 4092 3667 4136 tem-

2053 4151 2225 4219 plum.
2277 4159 2333 4207 et
2365 4151 2602 4207 docebat
2649 4152 2841 4208 dicens
2869 4151 2969 4207 eis.
3008 4152 3203 4208 Nonne
3249 4154 3511 4208 scribtum
3557 4164 3659 4207 est.

2053 4221 2189 4290 Quia
2231 4223 2428 4279 domus
2461 4240 2580 4279 mea
2623 4223 2816 4279 domus
2853 4224 3117 4278 orationis
3153 4224 3456 4279 vocabitur.
3489 4224 3665 4278 eumi-

2056 4295 2155 4349 bus
2184 4295 2455 4365 gentibus.
2490 4296 2601 4350 Vos
2626 4305 2804 4350 autem
2838 4293 3043 4350 fecistis
3072 4309 3191 4348 eam
3233 4296 3549 4364 speluncam
3582 4297 3657 4348 la-

2060 4375 2299 4423 tronum.
2328 4367 2450 4434 Quo
2475 4365 2661 4422 audito
2706 4365 2985 4436 Principes
3023 4365 3401 4422 Sacerdotum.
3437 4375 3492 4421 et
3516 4366 3662 4422 Scri-

1621 4545 1859 4605 CODEX
1897 4545 2362 4605 CORBEIENSIS.

430 4678 516 4736 15.
551 4678 568 4710 ί
591 4675 739 4733 venit
762 4673 970 4740 videre,
1000 4671 1047 4729 si
1073 4668 1112 4743 -ιι
1137 4667 1268 4742 quid
1297 4677 1445 4728 esset
1471 4666 1526 4726 in
1555 4681 1642 4725 ea.

1608 4782 2006 4842 VARIANTES
2045 4776 2446 4837 LECTIONES.

432 4917 446 4948 ⁸
483 4916 542 4966 Et
559 4913 629 4965 ita
653 4913 764 4965 ϐαι.

1063 5004 1358 5050 LECTIONES
1383 5001 1590 5045 CODICIS
1611 4998 2022 5042 VINDEBONENSIS
2043 4999 2313 5042 ABEUNTES
2343 4999 2409 5040 AB
2439 4995 2689 5038 EDITIONE
2714 4976 2997 5036 γυισΑτΑ.

428 5097 502 5146 11.
524 5092 588 5144 Ει
611 5105 720 5143 cum
739 5091 992 5154 introisset
1010 5085 1396 5154 Hjerpsolymam
1417 5083 1463 5131 in
1483 5081 1738 5154 templum,
1756 5083 1967 5154 circum-

364 5143 767 5221 spexiitwomnia...
784 5153 939 5221 exivit
963 5153 1012 5200 in
1038 5143 1326 5221 Bethaniam
1351 5143 1966 5221 cumduodeeimdiseipu:

365 5206 484 5271 li‘s.‘
512 5218 589 5268 l2.
624 5231 734 5267 cum
774 5216 1000 5267 exissent
1022 5227 1048 5276 a
1071 5211 1357 5276 Bethania._
1395 5207 1486 5276 Δ13.
1498 5271 1507 5276 Α
1531 5210 1682 5276 venit
1707 5206 1898 5276 videre,
1924 5207 1966 5276 si

366 5268 482 5347 quid
507 5289 644 5332 esset
662 5281 710 5329 in
736 5293 825 5343 ea;
853 5285 906 5329 et
930 5274 1052 5326 nihil
1075 5275 1284 5334 invenit,
1311 5273 1408 5323 nisi
1425 5271 1560 5322 folia.
1628 5269 1705 5320 i4.
1728 5269 1821 5328 Qui
1841 5268 1969 5317 dixit

2071 5085 2179 5133 ei...
2201 5083 2249 5131 in
2274 5086 2536 5131 aeternum
2555 5079 2813 5141 quisquam
2837 5076 3045 5141 fructum
3081 5085 3148 5122 ex
3171 5079 3220 5122 te
3244 5070 3548 5141 manducet.“
3601 5069 3672 5118 lii.

2068 5145 2132 5195 Et
2157 5144 2295 5193 venit
2319 5133 2735 5206 Jerosolymamf”
2764 5145 2817 5189 et
2847 5137 3113 5206 columbas
3124 5138 3329 5206 evertit.
3401 5133 3478 5183 17.
3500 5133 3674 5206 dicens

2071 5209 2204 5259 illis:
2229 5207 2474 5257 Scribtum
2499 5195 2610 5256 est:
2643 5202 2830 5253 Domus
2852 5213 2982 5252 mea.
3055 5198 3134 5249 18.
3173 5205 3227 5248 et
3271 5211 3381 5248 cum
3421 5195 3677 5246 audissent

1707 5348 2076 5410 BLANCHINI
2114 5341 2343 5402 ΝΟΤᾸΕ.

451 5460 525 5532 (α)
554 5459 692 5516 cna.
712 5460 871 5515 eam.
904 5455 1219 5532 Lamum
1244 5453 1509 5532 osanna.
1545 5457 1611 5532 ει,
1645 5428 3681 5532 9am.-.Gr-.im:w:2a-__113id-emisistis-Iit?”fair-fisitmztf;

375 5565 446 5576 -
475 5532 549 5607 (ὁ)

601 5505 1466 5587 innisa...
1495 5505 1567 5565 λέ
1592 5521 1668 5593 (c)
1719 5519 1881 5575 Addit
1926 5513 2198 5593 discipulis
2251 5511 2360 5593 suis
2390 5551 2421 5593 ,I
2461 5506 2799 5593 etiamncod.

3053 5505 3290 5576 pLanth
3307 5575 3314 5576 ί
3337 5503 3496 5576 ᾳρῖᾳῦ
3523 5541 3538 5566 ,
3579 5515 3684 5554 ulla

376 5574 680 5662 Ευηὶνίςοὲἱί
724 5574 1524 5661 i'etv‘s"miiiiiitiit‘diiiﬁ"tu
1574 5574 1776 5648 cetos.
1825 5600 1880 5645 et
1925 5574 2092 5662 nrix1_
2114 5585 2288 5662 deest,
2340 5574 2572 5662 suisl—
2601 5578 2886 5662 (d)’lta‘et
2933 5574 3075 5657 «ιοά.⁸
3110 5575 3264 5662 eam.
3305 5574 3682 5662 seiungi—

1800 5643 1953 5745 lt_a.et
1985 5659 2120 5744 _cod.
2151 5643 2307 5750 gant.
2332 5643 2756 5750 ἐκεῐρειξλέῖ-(ῃ)
2779 5649 2922 5706 Ante
2973 5647 3266 5716 scriptum,
3299 5643 3456 5702 deest
3485 5659 3654 5698 nonne
3674 5687 3692 5710 ,

383 5721 554 5807 Elia};
583 5721 1573 5813 ii‘iolifeaﬁifl'(ij'Atttdauia...
1608 5721 1757 5792 deest
1802 5734 1945 5804 quia,
1985 5732 2039 5789 in
2081 5727 2205 5787 cod.
2255 5739 2470 5797 quoque
2497 5721 2654 5780 Cant.

679 5839 956 5903 ΡΑτιιοι..
1029 5835 1152 5898 ΧΠ
1163 5880 1176 5895 .

3139 5813 3217 5872 26
