4010 6194
275 303 415 361 81τ

274 517 449 586 Quid
487 533 575 574 me
604 525 774 587 temp-

278 589 481 644 talis?
511 589 720 646 adferte

277 661 440 716 mihi
469 661 684 716 denari-

282 748 422 799 um,
458 744 515 786 ut
547 732 700 789 vide-

283 803 398 859 16.
442 819 551 858 am.
585 805 666 858 Ad
699 801 775 858 illi
804 801 883 874 (a)
912 811 993 858 θι-

283 877 554 932 tulerunt
575 874 637 946 1-.
673 874 742 929 Et

282 947 373 1001 ait
410 947 520 1001 illis
552 965 565 999 :
594 946 764 1017 Cujus

281 1028 386 1072 est
417 1020 628 1088 imago,

283 1099 351 1144 et
385 1089 622 1159 inscrip-

285 1162 424 1215 tio?
460 1162 723 1216 Dixerunt
755 1181 767 1214 :

285 1233 580 1288 Caesaris.

286 1305 315 1358 1
332 1305 393 1357 7.
439 1304 798 1373 Respondens

286 1385 487 1430 autem
518 1375 681 1432 Jesus
704 1418 722 1445 ,

287 1448 443 1501 dixit
473 1447 582 1502 illis
620 1465 635 1502 :

288 1517 538 1573 Reddite
569 1517 668 1588 igi-

289 1599 413 1659 tur,
442 1604 583 1660 quae
612 1590 747 1648 Cae-

289 1665 444 1715 saris
471 1671 634 1728 sunt,

287 1735 544 1792 Caesari.
585 1746 640 1788 et
659 1775 674 1798 ,

288 1818 440 1872 quae
474 1805 568 1860 Dei
599 1815 755 1874 sunt,

292 1875 435 1929 Deo.
470 1876 539 1930 Et
571 1878 736 1932 mira-

292 1946 503 2002 bantur
530 1963 623 2002 Stt-

293 2018 391 2072 18.
436 2034 532 2088 per
561 2035 708 2075 eum.
739 2020 808 2075 Et

258 2103 270 2111 ⁵
291 2099 577 2145 venerunt

292 2159 607 2218 Sadducaci

292 2235 366 2286 ad
403 2235 588 2301 illum;
620 2235 711 2304 qui

293 2304 513 2370 dicunt,
547 2322 654 2361 non

294 2389 425 2431 esse
463 2391 642 2432 resur—

296 2451 602 2503 rectionem
639 2467 652 2504 :

297 2526 357 2573 et
388 2521 624 2575 interro-

297 2599 498 2657 gabant
529 2607 652 2646 eum
673 2633 689 2658 ,

298 2663 389 2718 19.
433 2663 678 2718 dicentes
709 2681 722 2718 :
753 2661 856 2717 Μο-

297 2735 492 2802 gister,
523 2735 673 2806 Moy-

297 2819 390 2859 ses
419 2807 639 2876 scripsit

299 2876 460 2930 nobis
479 2921 493 2942 ,
529 2885 620 2945 ut,
653 2876 701 2932 si

299 2947 456 3017 cujus
487 2948 588 3003 fra-

301 3027 386 3072 ter
413 3021 665 3076 decesse-

299 3091 371 3144 rit
396 3131 410 3155 ,
441 3091 521 3162 (ὁ)
551 3101 606 3145 et
636 3090 843 3146 habue-

302 3161 374 3215 rit
403 3178 628 3217 uxorem
656 3162 723 3232 ϊ,

301 3241 355 3286 et
386 3234 550 3288 filium
582 3249 688 3288 nou

305 3305 618 3374 reliquerit,

304 3383 357 3456 et
385 3377 616 3456 accipiat

305 3447 474 3501 frater
504 3447 614 3501 illi-

306 3532 368 3572 llS
397 3533 623 3573 uxorem

305 3589 420 3654 ejus
440 3633 455 3654 ,
489 3599 546 3644 et
573 3604 664 3645 re-

306 3663 528 3715 suscitet
553 3676 640 3716 se-

307 3747 425 3786 men
458 3732 610 3786 fratri

306 3816 422 3857 SIlO.

306 3874 394 3929 20.
423 3877 437 3905 ¹
469 3875 638 3930 Erant
669 3883 852 3931 autem

309 3945 378 4020 (ε)
407 3954 536 4016 aput
565 3963 664 4004 nos
685 3948 722 4020 ’ζ-
748 3963 843 4003 vn.

309 4017 497 4075 fratres
521 4036 536 4086 ;
567 4027 624 4075 et

383 4272 599 4328 Mutilus
647 4283 722 4328 est
765 4275 861 4328 hoc
891 4274 1005 4328 loro
1035 4274 1200 4328 codem
1237 4283 1509 4342 argenteus
1540 4275 1740 4345 integro
1774 4290 1904 4344 qua-

317 4347 579 4410 ternioue;
607 4362 737 4416 quae
773 4347 908 4399 enim
937 4347 1152 4417 legimus
1189 4347 1244 4400 in
1280 4345 1520 4417 Vulgatis
1555 4364 1587 4401 (ι
1624 4361 1741 4414 cap.
1779 4361 1858 4400 χιι
1889 4388 1904 4412 ,

380 4603 468 4675 20.
499 4605 528 4675 ’ί
546 4603 788 4658 Fuerunt
817 4617 949 4673 ergo
976 4603 1117 4674 apud
1153 4617 1252 4659 nos
1275 4602 1318 4675 -ι-
1345 4612 1556 4675 septem
1588 4603 1806 4660 fratres.

1353 304 1799 364 EVANGELIUM
1843 303 2214 363 SECUNDUM
2254 303 2570 362 MARCUM.

703 421 932 480 CODEX
972 422 1524 481 VERCELLENSIS.

1149 517 1317 586 prior,
1349 531 1542 586 accep-

1148 598 1198 643 ta
1228 604 1418 649 uxore.
1446 587 1542 643 de-

1147 660 1333 726 cessit,
1367 670 1420 714 et
1450 673 1557 714 non

1150 731 1369 802 reliquit
1397 745 1482 786 se-

1150 805 1244 858 21.
1287 818 1433 857 men.
1466 802 1533 856 Et
1561 815 1646 856 se-

1151 890 1324 945 quens
1354 889 1508 928 acce-

1154 947 1230 1015 pit
1262 947 1430 1010 illam,
1463 954 1518 1000 et

1151 1016 1386 1072 decessit
1410 1033 1424 1081 ;
1453 1027 1510 1071 et

1152 1104 1252 1144 nec
1284 1089 1369 1143 hic
1399 1103 1488 1142 re-

1149 1160 1318 1231 liquid
1349 1173 1559 1214 semen.

1148 1231 1216 1286 Et
1247 1234 1439 1286 tertius

1147 1303 1240 1356 22.
1281 1302 1550 1358 similiter.
1587 1303 1691 1358 Ac-

1148 1386 1410 1446 ceperunt

1149 1461 1268 1500 eam
1303 1462 1396 1500 νιι.
1429 1455 1483 1500 et
1513 1459 1620 1501 non

1149 1517 1488 1587 reﬁquerunt

1147 1605 1359 1644 semen.
1393 1589 1546 1644 Post-

1148 1675 1211 1715 ea
1243 1671 1299 1716 et
1327 1661 1525 1716 mulier

1145 1733 1400 1787 defuncta

1143 1803 1234 1858 23.
1278 1813 1380 1859 est.
1416 1804 1474 1858 In
1508 1821 1785 1861 resurrec-

1145 1878 1294 1930 tione
1321 1891 1482 1946 ergo,

1143 1962 1266 2002 cum
1299 1963 1484 2002 resur-

1143 2019 1346 2073 rexerit
1364 2061 1378 2085 ,
1411 2035 1504 2074 cu-

1140 2089 1230 2161 jus
1259 2091 1473 2145 illorum

1145 2163 1251 2215 erit
1279 2177 1413 2216 uxor
1435 2163 1458 2216 ?

1145 2249 1241 2288 vn.
1271 2235 1414 2288 enim
1446 2233 1536 2290 Ita-

1145 2306 1384 2360 bnerunt
1416 2307 1481 2360 il-

1147 2376 1250 2431 lam
1282 2393 1530 2432 uxorem.

1144 2447 1235 2501 24.
1287 2448 1641 2517 Respondeas

1145 2527 1326 2575 autem
1354 2519 1510 2574 Jesus
1532 2562 1547 2586 ,

1143 2591 1280 2645 dixit
1309 2591 1390 2645 eis
1425 2609 1438 2645 :
1474 2593 1642 2661 Prop-

1145 2671 1226 2718 ter
1255 2663 1361 2718 hoc
1391 2677 1480 2718 er-

1142 2735 1295 2799 ratis,
1329 2736 1500 2789 nesci-

1140 2814 1298 2861 entes
1332 2806 1515 2875 Scrip-

1143 2885 1294 2932 turas
1309 2919 1325 2942 ,
1359 2893 1534 2948 neque

1141 2950 1398 3003 virtutem

1140 3020 1232 3074 25.
1276 3020 1396 3074 Dei.
1429 3020 1561 3076 Cum
1589 3021 1733 3075 enim

1139 3107 1168 3144 a
1204 3093 1434 3146 mortuis

1141 3177 1458 3218 TCSIII‘I‘BXC—

1143 3235 1254 3289 rint
1280 3276 1294 3299 ,
1321 3249 1420 3289 nec
1447 3251 1546 3290 nu-

1143 3305 1311 3372 bunt,
1346 3321 1446 3362 nec

1144 3378 1441 3442 nubuntur,

1145 3449 1242 3503 sed
1269 3449 1283 3479 '
1315 3459 1471 3510 sunt,
1506 3457 1623 3503 tan-

1144 3535 1304 3587 quam
1338 3523 1515 3590 Ange-

1143 3591 1234 3645 26.
1280 3591 1314 3644 li
1348 3593 1401 3645 in
1433 3590 1620 3645 caelis.
1656 3591 1732 3644 De

1144 3664 1378 3717 mortuis
1404 3678 1498 3715 au-

1145 3743 1277 3797 tem,
1307 3733 1435 3803 quia
1467 3749 1552 3787 re-

1140 3815 1408 3874 surgunt,
1442 3820 1548 3859 non

1141 3876 1351 3946 legistis
1382 3880 1434 3931 in
1466 3877 1528 3930 li-

1141 3947 1240 4020 bro
1270 3949 1441 4020 Moysi
1465 3987 1480 4010 ,

1140 4019 1208 4074 de
1239 4019 1375 4074 rubo
1399 4035 1534 4090 qun—

3521 301 3632 358 818

2455 422 2693 481 CODEX
2723 424 3176 483 VERONENSIS.

2022 518 2160 587 Quid
2193 535 2281 574 me
2314 528 2450 573 tem-

2022 591 2221 659 ptatis?
2250 591 2458 646 adferte

2023 662 2155 716 mihi
2186 661 2468 717 denarium
2487 705 2502 730 ,

2024 742 2081 787 ut
2111 734 2347 788 videam.

2026 804 2115 860 16.
2157 803 2236 858 Ad
2269 806 2344 860 illi
2377 804 2456 876 (a)
2492 804 2587 860 ad-

2023 879 2264 930 tulerunt
2292 877 2351 947 ’ξπ

2024 947 2115 1002 Ait
2143 949 2247 1003 illis
2285 967 2296 1001 :
2328 948 2434 1001 Cu-

2017 1020 2108 1087 jus
2136 1027 2217 1073 cst
2244 1018 2361 1090 (sic)
2395 1019 2554 1087 ligula

2022 1092 2179 1154 haec,
2209 1102 2262 1145 et
2293 1091 2486 1146 inscri-

2023 1164 2180 1228 ptio?

2028 1234 2219 1288 Dicunt
2253 1233 2326 1287 illi
2354 1251 2370 1290 ;

2020 1303 2288 1360 Caesaris.

2023 1377 2112 1430 17.
2157 1377 2513 1446 Respondeas

2018 1457 2198 1502 autem
2231 1448 2386 1505 Jcsus
2403 1492 2419 1516 ,

2018 1519 2155 1573 dixit
2188 1521 2294 1573 illis
2328 1539 2342 1573 :

2016 1589 2248 1646 Reddite
2278 1593 2470 1663 igitur,

2016 1677 2157 1731 quae
2184 1676 2308 1717 sunt
2336 1667 2470 1719 (Iae-

2016 1735 2178 1800 saris,
2207 1734 2462 1798 Caesari,

2016 1815 2070 1858 et
2089 1848 2102 1870 ,
2138 1821 2277 1875 quae
2309 1818 2436 1860 sunt

2020 1877 2152 1944 Dei,
2186 1878 2315 1932 Deo.
2348 1879 2413 1933 Et

2017 1947 2354 2004 mirabantur

2016 2018 2369 2075 vehementer

2017 2091 2069 2144 in
2104 2107 2425 2162 responsum

2016 2163 2156 2230 ejus.

2018 2234 2106 2288 18.
2151 2235 2217 2290 Et
2246 2242 2515 2290 venerunt

2016 2307 2080 2358 ad
2113 2321 2234 2360 eum
2266 2308 2399 2364 Sad-

2015 2378 2172 2432 ducei
2197 2395 2211 2442 ;
2243 2379 2333 2448 qui

2015 2450 2235 2515 dicunt,
2270 2466 2376 2504 non

2015 2536 2137 2574 CSSC
2172 2536 2390 2576 resurre
2401 2555 2418 2564 -

2015 2595 2248 2647 ctionem
2278 2611 2291 2646 :
2323 2603 2379 2647 et

2016 2664 2424 2733 interrogabant

2014 2751 2135 2788 cum
2159 2778 2173 2797 ,
2205 2735 2391 2790 dicen-

2016 2805 2102 2860 19.
2149 2817 2228 2861 tes
2259 2826 2272 2861 :
2304 2805 2554 2877 Magister
2576 2845 2592 2870 ,

2013 2879 2228 2933 Moeses
2256 2880 2416 2933 nobis

2011 2951 2269 3018 scripsit,
2305 2959 2363 3004 ut
2383 2992 2397 3013 ,
2429 2948 2474 3002 si

2012 3021 2170 3089 cujus
2200 3020 2366 3076 frater

2011 3092 2344 3156 decesserit,

2012 3165 2088 3236 (ὁ)
2121 3174 2174 3218 et
2206 3163 2454 3236 habuerit

2013 3251 2237 3290 uxorem
2267 3235 2331 3306 ἰη

2013 3317 2064 3361 et
2105 3308 2245 3362 filios
2276 3322 2382 3360 non

2013 3378 2333 3447 reliquerit,

2012 3457 2068 3502 et
2094 3450 2326 3517 accipiat

2013 3520 2182 3574 frater
2211 3535 2435 3574 uxorem

2013 3592 2132 3660 ejus
2153 3633 2168 3657 ,
2200 3601 2254 3644 et
2286 3605 2430 3645 resu-

2014 3664 2175 3716 scilet
2202 3677 2389 3717 semen

2014 3732 2166 3786 fratri
2200 3748 2318 3787 suo.

2012 3805 2101 3857 20.
2147 3805 2391 3860 Fuerunt
2416 3817 2545 3873 ergo

2015 3877 2090 3947 (ε)
2115 3888 2242 3946 aput
2263 3892 2375 3948 nos

2014 3958 2220 4017 septem
2253 3947 2358 4003 fra-

2016 4029 2158 4087 tres;
2193 4031 2247 4075 et
2277 4023 2387 4091 pri-

1620 4134 1854 4193 CODEX
1897 4134 2292 4193 BRleANUS.

2861 535 2980 574 mus
3010 519 3224 589 accepit

2859 607 3108 658 uxorem,
3150 600 3207 645 et

2860 675 3105 717 mortuus
3136 673 3255 730 est,

2864 748 2971 788 non
3006 735 3197 789 relicto
3223 748 3310 788 se-

2863 805 2952 859 21.
2998 806 3165 860 mine.
3209 806 3275 859 Et

2863 877 3136 931 secundus

2863 949 3075 1017 accepit
3099 962 3241 1011 eam,

2861 1028 2917 1073 et
2944 1029 3188 1074 mortuus

2861 1097 2947 1145 est
2971 1107 2984 1154 ;
3010 1098 3064 1144 et
3088 1107 3193 1144 non

2861 1161 3094 1231 reliquid
3124 1176 3211 1216 sc—

2863 1248 3006 1288 men.
3040 1233 3106 1287 Et

2863 1305 3183 1358 tertius.....

2861 1376 2952 1428 22.
3140 1389 3339 1430 eam...

2868 1489 2881 1502 .
2918 1489 2930 1502 .
2965 1487 2978 1501 .
3007 1486 3020 1498 .
3059 1488 3070 1499 .
3101 1463 3229 1502 vero
3255 1456 3310 1501 et

2861 1521 3060 1574 mulier
3089 1519 3185 1574 de-

2859 1590 3041 1645 functa
3071 1600 3175 1646 est.

2857 1664 2949 1717 25.
2991 1663 3052 1716 In
3085 1676 3265 1716 resur-

2861 1734 3106 1788 rectione

2865 1805 3506 1864 .........crit

2862 1878 3037 1931 uxor?
3067 1894 3151 1933 se-

2863 1960 3006 2018 ptem
3035 1952 3182 2006 enim

2859 2036 3048 2074 eorum
3074 2023 3140 2075 il—

2860 2093 2964 2144 latn
3000 2093 3203 2149 ltabuc-

2859 2172 2985 2216 runt
3013 2179 3145 2218 ΙΙΧΟ·

2856 2235 2949 2287 24.
2993 2250 3129 2289 rem.
3158 2237 3224 2290 Et

2855 2308 3194 2374 respondens

2855 2377 3038 2446 Jesus,
3069 2379 3147 2433 ait

2855 2447 2963 2502 illis
2999 2467 3012 2503 :
3043 2449 3189 2505 Nett-

2857 2535 2925 2572 ne
2955 2519 3082 2574 ideo

2855 2592 3076 2656 erratis,
3108 2608 3217 2647 non

2856 2661 3238 2734 intellegentes

2857 2732 3191 2802 Scripturas,

2856 2819 3034 2874 neque
3058 2808 3168 2860 vir-

2857 2883 3027 2931 tutem
3059 2878 3150 2932 Dei
3175 2877 3198 2930 ?

2854 3015 2947 3071 25.
2991 3020 3225 3084 nubunt,

2858 3104 3036 3159 neque

2860 3162 3073 3216 nubun-

2861 3243 2966 3298 tur,
3000 3234 3096 3287 sed

2855 3315 3015 3359 erunt
3046 3307 3186 3358 sicut

2858 3375 3051 3442 Angeli
3083 3375 3163 3446 (ιι)
3197 3374 3250 3427 in

2856 3447 3009 3500 caelo
3036 3449 3099 3515 'j‘.

2854 3517 2946 3570 26.
2991 3513 3068 3571 De
3109 3513 3339 3571 mortuis

2855 3595 3061 3651 autem,
3096 3588 3242 3658 quod

2859 3668 3172 3728 resurgant,

2857 3745 2964 3783 non
2996 3731 3202 3799 legistis

2855 3801 2908 3854 in
2943 3801 3081 3856 libro

2861 3873 3052 3944 Moysi,
3086 3887 3176 3927 su-

2858 3960 2955 4015 per
2984 3945 3178 3998 rubum

2857 4016 3133 4086 quomodo

2012 4291 2145 4330 vers.
2179 4275 2234 4339 5,
2266 4289 2429 4343 usque
2455 4272 2522 4326 ad
2550 4287 2666 4334 xm,
2695 4286 2826 4324 vers.
2858 4269 2950 4343 52,
2991 4269 3075 4343 hic
3103 4267 3465 4343 desiderantur
3490 4280 3510 4319 :
3536 4265 3618 4318 in.

2019 4349 2164 4401 curia
2193 4364 2255 4400 ne
2279 4339 2644 4414 coinpactoris,
2674 4358 2741 4394 an
2767 4342 2984 4394 alterius
3013 4341 3247 4410 piaculo,
3273 4339 3545 4392 incertum.

1615 4486 1852 4542 CODEX
1887 4483 2359 4544 CORBEIENSIS.

2091 4605 2182 4658 25.
2211 4602 2296 4657 cui
2323 4614 2513 4655 eorum
2544 4597 2982 4653 manebituxor?

2090 4675 2182 4729 26.
2216 4675 2268 4726 in
2299 4673 2438 4726 libro
2468 4671 2661 4740 Moysi,
2689 4671 2740 4724 in
2763 4670 2922 4737 rubo,
2953 4677 3063 4724 etc.

383 4673 470 4731 21.
507 4674 727 4744 Omittit,
764 4673 1038 4732 Ettertius
1068 4673 1341 4732 similiter.

1555 4789 1957 4847 VARIANTES
1994 4788 2401 4847 LECTIONES.

380 4933 394 4964 ι
431 4931 538 4982 Gal.
575 4938 739 4993 erunt,
767 4935 1013 4994 tanquam.
1043 4927 1190 4993 Vulg.
1211 4933 1344 4992 sunt,
1364 4929 1504 4977 sicut.

325 5191 483 5227 rum...
507 5177 794 5239 temptatis?
863 5175 941 5225 16.
975 5176 1046 5239 ᾼι]
1081 5175 1154 5239 illi
1181 5175 1486 5224 adtulerunt.
1514 5173 1574 5239 Et
1597 5174 1725 5222 ait...
1763 5171 1919 5239 figura

326 5242 496 5290 haec...
530 5237 708 5289 Dicunt
727 5240 810 5287 illi.
885 5240 957 5286 17.
987 5238 1215 5298 Reddite,
1237 5252 1362 5299 (ιιιςιιι
1391 5246 1503 5286 sunt
1528 5237 1772 5297 Caesaris,
1792 5237 1915 5286 (lae-

325 5305 428 5360 sari,
459 5311 528 5362 et,
567 5316 696 5364 quae
734 5305 849 5364 sunt
886 5301 1001 5364 Dei,
1037 5299 1166 5364 Deo.
1204 5299 1260 5349 lit
1296 5301 1611 5364 mirabantur
1643 5312 1773 5364 eum.
1842 5299 1920 5348 19.

326 5360 677 5421 scriltsit...'ut,
711 5365 752 5412 si
773 5360 910 5421 cuius
938 5360 1094 5410 frater
1126 5362 1422 5416 decesserit,
1454 5368 1506 5408 et
1539 5361 1765 5408 Italnuerit
1797 5374 1924 5407 uxo-

327 5440 478 5477 rem...
506 5425 784 5488 reliquerit,
809 5432 862 5472 ut
882 5426 1148 5485 acripiat...
1171 5436 1378 5472 uxorem
1407 5423 1529 5485 ejus.
1599 5425 1678 5473 20.
1704 5422 1926 5471 Fuerunt

329 5503 439 5552 ergo
461 5497 578 5551 aput
616 5501 704 5539 nos
741 5496 933 5550 septem
968 5488 1175 5548 fratres;
1203 5494 1313 5536 et...
1353 5493 1573 5536 mortuus
1607 5494 1706 5548 est,
1741 5493 1792 5535 et
1832 5500 1925 5533 non

397 5753 469 5825 (τι)
493 5753 626 5807 Post
653 5751 971 5825 adtulerunt,
1003 5747 1157 5825 deest
1179 5749 1255 5825 ei,
1283 5750 1487 5825 pariter
1517 5750 1574 5825 in_
1595 5759 1702 5804 tex.
1737 5749 1929 5825 Gr._-_—

340 5818 441 5890 nos,
472 5827 636 5880 ctiam
665 5822 789 5877 cod.
820 5819 979 5875 Cant.
1007 5821 1134 5895 παρ’
1161 5818 1305 5890 ἡμῖῂ
1330 5837 1397 5877 ex
1427 5818 1701 5874 Mattltaeo.
1735 5847 1801 5861 η·-
1831 5819 1910 5892 (rt)

2081 4928 2101 4958 ¹
2136 4929 2246 4979 Gat.
2271 4927 2423 4979 Erant
2445 4927 2573 4991 apud
2593 4940 2696 4977 nos.

997 5074 1288 5115 LECTIONES
1307 5071 1516 5114 CODICIS
1543 5069 1957 5113 VINDEBONENSIS
1989 5071 2264 5112 ABEUNTES
2291 5071 2356 5111 AB
2387 5069 2640 5110 EDITIONE
2667 5067 2937 5110 VULGATA.

2020 5175 2228 5236 reliquit
2252 5187 2444 5238 semen.
2511 5175 2588 5224 22.
2629 5172 2878 5238 similiter.
2926 5173 3247 5238 Acceperunt
3287 5186 3394 5225 eam
3433 5183 3627 5237 septem

2026 5245 2078 5284 et
2102 5252 2195 5284 nun
2233 5236 2550 5298 reliquerunt
2573 5249 2762 5285 semen.
2805 5236 2983 5286 Postea
3011 5236 3075 5285 et
3093 5238 3276 5287 mulier
3306 5236 3502 5286 mortua
3531 5247 3624 5289 est.

2025 5299 2102 5346 23.
2137 5312 2246 5345 cum
2294 5311 2563 5360 resurgere
2609 5301 2888 5360 coeperint,
2928 5298 3067 5360 cujus
3092 5314 3260 5348 eorum
3287 5301 3386 5348 erit
3411 5301 3628 5352 uxorii...

2030 5361 2157 5408 illaut
2182 5360 2478 5425 haliueruut.
2545 5361 2624 5412 21.
2644 5361 2768 5409 dixit
2796 5361 2886 5410 illis
2916 5377 2926 5408 :
2955 5361 3072 5412 Ideo
3091 5364 3290 5425 erratis,
3316 5376 3412 5410 non
3441 5362 3627 5412 intelli-

2029 5429 2212 5484 gentes
2252 5423 2547 5475 Scribturas.
2614 5426 2695 5473 25.
2743 5437 2806 5471 ex
2848 5425 3113 5473 mortuis...
3157 5423 3323 5484 neque
3376 5425 3625 5473 nubunt...

2031 5486 2121 5535 sed
2147 5493 2312 5546 erunt,
2343 5486 2479 5537 velut
2499 5487 2699 5551 Angeli.
2766 5486 2846 5536 26.
2872 5487 2949 5537 De
2973 5486 3180 5536 mortuis
3200 5496 3383 5549 autem,
3404 5489 3631 5549 quoniam

1669 5613 2042 5669 BLANCHINI
2073 5614 2302 5672 NOTAE.

2068 5750 2144 5827 lla
2171 5761 2225 5827 et
2256 5751 2377 5807 cod.
2411 5752 2568 5808 Cant.
2600 5757 2683 5809 καὶ
2700 5761 2922 5827 γυναῖκα
2957 5753 3080 5826 ἔχῃ.
3107 5783 3180 5796 -—
3203 5752 3278 5826 (c)
3308 5753 3469 5812 Addit
3512 5738 3636 5824 aput

1943 5749 2039 5874 ιμζ)
2068 5750 2144 5805 lta
2171 5761 2225 5806 et
2256 5767 2311 5807 ce

1962 5835 2021 5874 ax
2044 5821 2311 5876 Mattlueo.
