4010 6194
357 201 461 257 823

756 316 993 375 CODEX
1021 314 1565 376 VERCELLENSIS.

360 416 453 485 qui
482 428 589 468 non
612 413 741 485 des-

359 483 577 541 truatur
592 503 611 557 ;ﬁ
641 483 719 557 (a)
749 492 805 541 et

358 566 488 629 post
510 556 683 629 tridu-

360 628 454 684 iim
488 628 629 683 alius
662 642 748 683 re-

359 708 550 768 surget
573 701 693 755 sine

356 772 613 827 manibus
644 770 707 841 1-.

354 845 412 903 5.
457 844 521 897 Ει
551 841 783 898 sedente
806 857 871 898 eo

358 915 429 969 ad
460 923 700 968 montem

357 986 557 1041 Oliveti
582 1000 715 1040 con-

352 1067 441 1111 tra
472 1056 757 1125 templum,

356 1128 667 1193 interroga-

358 1200 492 1254 bant
525 1198 679 1251 illum

356 1276 577 1325 secreto
601 1268 695 1323 Pe-

360 1352 504 1406 trus,
535 1348 588 1395 et
616 1339 778 1395 Jaco-

361 1414 487 1479 bus,
516 1420 572 1466 et
598 1411 795 1466 Johan-

359 1499 483 1547 nes,
515 1490 570 1537 et
597 1483 811 1539 Andre-

358 1556 415 1611 4.
461 1569 521 1609 as
551 1572 564 1608 :
600 1556 695 1609 Die
725 1557 905 1621 nobis,

359 1625 581 1697 quando
610 1627 745 1680 haec

360 1698 559 1754 erunt?
588 1704 643 1751 et
673 1699 819 1765 quod

356 1771 596 1839 signum,
630 1783 753 1822 cum

360 1839 631 1895 incinient
660 1854 778 1893 om-

356 1913 448 1966 nia
480 1913 613 1965 haec
641 1925 775 1967 con-

357 1981 661 2039 summari?

352 2056 411 2109 5.
458 2054 525 2108 Et
548 2054 906 2123 respondens,

359 2127 438 2180 ait
460 2126 569 2179 illis
601 2143 614 2179 :
653 2126 813 2182 Vide-

363 2206 440 2263 te,
474 2211 543 2251 ne
575 2198 697 2266 quis

360 2284 463 2323 vos
495 2268 723 2323 seducat
744 2286 759 2335 ;

365 2340 421 2396 6.
466 2340 619 2394 multi
648 2341 791 2395 enim

361 2411 586 2466 venient
615 2412 667 2465 in

365 2483 589 2537 nomine
618 2498 742 2538 meo
762 2525 775 2547 ,

366 2555 614 2609 dicentes
650 2574 662 2609 :
697 2554 830 2622 Quia

369 2628 388 2656 ¹
422 2640 523 2695 ego
552 2640 674 2680 sum
707 2644 719 2681 :
752 2636 808 2681 et

366 2698 574 2753 multos
596 2712 682 2752 se-

370 2772 425 2825 7.
468 2768 687 2824 ducent.
718 2768 856 2825 Cum

371 2849 556 2897 autem
588 2856 684 2895 au-

370 2913 585 2969 dieritis
614 2912 726 2969 bel-

372 2986 448 3050 la,
480 2994 534 3040 et
560 2986 773 3055 opinio-

372 3072 473 3112 nes
502 3058 735 3126 praelio-

374 3144 522 3195 rum,
558 3128 729 3184 nolite

374 3201 586 3255 turbari
608 3217 621 3263 ;
653 3215 819 3271 opor—

373 3280 455 3326 tet
483 3272 627 3325 enim
660 3272 754 3328 tie-

374 3344 421 3398 ri
442 3383 457 3406 ,
486 3342 582 3397 sed
612 3359 745 3398 non-

374 3413 505 3468 dum
535 3424 620 3467 est
653 3414 795 3470 ﬁnis.

377 3485 433 3539 8.
470 3485 738 3555 Exsurget
763 3503 821 3542 e-

375 3556 489 3611 nim
519 3571 659 3625 gens

381 3642 549 3696 super
578 3644 715 3698 gen-

381 3709 515 3763 tem,
548 3708 603 3753 et
630 3715 751 3769 rcg-

382 3782 514 3823 num
539 3783 704 3838 super

378 3854 633 3909 regnum,
657 3849 712 3894 et

383 3918 546 3965 οιίιιιι
572 3918 777 3965 terrae-

386 3990 568 4035 motus
596 3982 697 4035 cir-

386 4067 450 4106 ca
478 4052 599 4133 loca
614 4093 630 4118 ,
649 4064 721 4133 _e_t
753 4052 829 4107 fa-

385 4138 504 4177 mes
541 4142 553 4177 :
588 4125 801 4179 initium

1201 410 1255 465 9.
1300 410 1385 463 nia
1418 410 1573 465 haec.
1607 410 1707 466 De-

1201 480 1330 536 inde
1358 495 1456 535 vos
1486 482 1568 552 ip—

1197 568 1290 607 sos
1315 553 1533 608 tradent

1198 624 1252 678 in
1284 621 1428 678 Con-

1197 696 1339 751 ciliis
1367 712 1380 748 :
1408 703 1463 749 et
1492 695 1545 749 in
1577 693 1677 766 Sy-

1196 766 1421 836 nagogis
1453 781 1549 819 va-

1197 838 1492 908 pulabitis;
1523 846 1579 892 et

1195 911 1263 964 ad
1288 908 1576 963 Praesides
1594 950 1608 974 ,

1195 990 1251 1036 et
1278 980 1343 1033 ad
1379 980 1557 1050 Reges

1194 1051 1430 1114 stabitis,
1464 1066 1592 1105 cau-

1200 1138 1257 1177 sa
1286 1124 1390 1178 mei
1413 1162 1429 1184 .
1465 1124 1517 1177 in
1552 1132 1664 1179 tes-

1202 1194 1492 1248 timonium

1199 1265 1289 1321 10.
1336 1265 1461 1319 illis.
1498 1266 1561 1320 Et
1590 1265 1642 1320 in
1673 1281 1790 1321 om-

1200 1337 1361 1391 nibus
1388 1352 1519 1406 gen-

1200 1409 1344 1463 tibus
1373 1408 1424 1461 in
1456 1409 1565 1477 pri-

1199 1481 1300 1533 mis
1331 1489 1551 1547 oportet

1197 1550 1518 1620 praedicare

1200 1622 1487 1691 Evangeli-

1200 1694 1288 1747 H.
1332 1709 1442 1747 um.
1481 1694 1567 1760 Et,
1600 1709 1725 1750 cum

1199 1765 1475 1819 adducent

1199 1851 1319 1901 vos,
1357 1836 1576 1891 traden-

1200 1918 1318 1973 tes;
1351 1908 1523 1963 nolite

1201 1980 1417 2034 solliciti
1442 1995 1531 2035 cs-

1202 2066 1284 2117 se,
1310 2065 1411 2105 nec
1434 2066 1591 2120 prae-

1205 2122 1495 2189 meditare,

1204 2194 1336 2263 quid
1368 2193 1551 2263 loqua-

1207 2266 1339 2321 mini
1373 2282 1386 2318 :
1416 2269 1536 2334 sed,

1207 2337 1511 2409 quodcum-

1207 2425 1314 2478 que
1340 2410 1526 2465 datum

1205 2480 1370 2537 fuerit
1395 2496 1495 2535 vo-

1208 2554 1292 2610 bis
1320 2554 1375 2607 in
1408 2554 1496 2609 illa
1528 2555 1628 2610 ho-

1206 2640 1286 2690 ra,
1321 2625 1424 2680 hoc
1452 2626 1627 2697 loqui-

1206 2699 1341 2752 mini
1369 2716 1383 2753 :
1419 2714 1529 2753 non

1206 2770 1353 2825 enim
1382 2783 1477 2824 vos
1504 2785 1598 2825 es-

1206 2841 1298 2907 tis,
1324 2841 1418 2910 qui
1439 2840 1619 2910 loqui-

1207 2914 1365 2977 mini,
1394 2912 1493 2967 sed
1516 2911 1751 2981 Spiritus

1210 2984 1462 3039 Sanctus.

1215 3055 1304 3111 1‘2.
1336 3056 1402 3109 Et
1433 3054 1612 3111 tradet
1642 3055 1753 3110 fra-

1215 3136 1296 3181 ter
1321 3126 1545 3182 fratrem

1212 3199 1279 3252 ad
1308 3206 1563 3263 mortem,

1214 3282 1270 3325 ct
1304 3279 1458 3339 pater
1487 3271 1592 3326 lili-

1214 3357 1348 3407 um;
1383 3350 1438 3396 et
1468 3343 1647 3397 insur-

1213 3423 1344 3481 gent
1374 3414 1470 3469 lilii
1506 3416 1559 3469 in

1219 3495 1500 3554 parentes,
1533 3496 1589 3541 et

1220 3559 1382 3612 morti
1413 3558 1542 3612 adli-

1224 3630 1311 3683 15.
1341 3631 1487 3685 cient
1507 3644 1623 3684 eos.
1655 3629 1717 3683 Et

1218 3701 1373 3755 eritis
1404 3701 1529 3756 odio

1221 3773 1503 3837 omnibus,
1530 3787 1661 3827 cau-

1218 3856 1277 3896 sa
1305 3846 1542 3898 nominis

1218 3914 1349 3967 mei.
1382 3915 1482 3979 Qui
1510 3928 1608 3967 au—

1224 3992 1333 4037 tem
1366 3987 1403 4066 ².
1417 3999 1672 4066 perseve-

1228 4058 1435 4108 raverit
1462 4058 1513 4110 in

1228 4126 1413 4191 linem,
1445 4127 1533 4180 hic

901 196 1169 256 EUSEBII
1211 196 1545 255 VERCELL.
1589 197 2042 256 EVANGELIUM
2078 199 2225 255 CUM
2260 198 2487 258 VARIIS
2522 201 2683 261 COD.
2722 200 3143 262 COLLATUM.
3552 199 3627 253 Sil

2495 317 2731 378 CODEX
2770 319 3262 380 VERONENSIS.

2066 424 2173 465 non
2197 410 2544 480 destruatur;

2068 482 2144 553 (a)
2171 492 2226 537 et
2254 484 2307 537 in
2340 485 2433 538 tri-

2065 554 2175 609 duo
2205 554 2340 611 aliut
2362 570 2449 610 re.

2065 626 2359 681 suscitetur
2386 627 2505 684 sine

2064 697 2317 752 manibus
2340 698 2395 765 ἦε.

2065 768 2119 823 3.
2165 767 2232 822 Et
2259 783 2381 823 cum
2413 770 2572 826 sede-

2065 848 2148 893 ret
2178 839 2251 909 (b)
2278 841 2329 894 in
2362 856 2521 896 mon-

2069 918 2176 965 tem
2209 910 2250 981 -ι-
2278 911 2475 968 Oliveti

2064 990 2256 1036 contra
2292 990 2432 1037 tem-

2010 1100 2013 1103 ,
2067 1053 2236 1121 plum,
2272 1054 2439 1109 inter-

2066 1126 2331 1194 rogabant
2352 1142 2476 1182 eum

2065 1209 2314 1251 seorsum
2340 1197 2529 1254 Petrus
2555 1241 2568 1263 ,

2064 1268 2405 1335 etJacobus,

2065 1338 2445 1407 etJohannes,

2064 1418 2120 1464 et
2147 1408 2416 1477 Andreas,

2064 1480 2311 1535 dicentes
2348 1500 2362 1537 :

2067 1551 2120 1604 4.
2168 1553 2262 1606 Dic
2292 1554 2471 1620 nobis,

2065 1622 2285 1692 quando
2310 1625 2410 1678 ista

2068 1693 2240 1749 ﬁent?
2269 1706 2322 1749 et
2346 1697 2491 1767 quod

2067 1768 2280 1836 signum
2311 1771 2438 1833 erit,
2469 1782 2591 1823 cum

2069 1838 2204 1891 haec
2237 1838 2419 1893 omnia
2450 1855 2581 1895 con—

2068 1910 2537 1965 summabuntur?

2162 1980 2229 2033 Et
2257 1983 2599 2051 respondens

2072 2051 2254 2124 .lesus,
2282 2056 2467 2124 coepit

2072 2123 2257 2178 dicere
2289 2124 2397 2179 illis
2422 2142 2434 2178 :

2075 2193 2290 2260 Videte,
2325 2212 2415 2261 ne,

2074 2266 2196 2331 quis
2225 2281 2323 2322 vos
2350 2282 2437 2322 se-

2076 2338 2130 2391 6.
2168 2336 2362 2403 ducat;
2394 2342 2549 2397 multi

2078 2409 2223 2464 enim
2255 2411 2478 2470 venient

2079 2481 2133 2534 in
2160 2482 2380 2537 nomine

2080 2566 2225 2615 meo,
2256 2553 2537 2611 dicentes:

2083 2622 2155 2697 (ε)
2185 2624 2298 2697 Ego
2320 2624 2479 2681 Chri-

2082 2696 2199 2752 stus
2228 2696 2269 2767 ’ξ-
2292 2714 2307 2754 :
2341 2708 2395 2753 et
2423 2700 2560 2755 mul-

2086 2779 2171 2824 tos
2202 2769 2489 2826 seducent.

2087 2840 2139 2894 7.
2164 2838 2298 2895 Cum
2331 2850 2512 2899 autem

2088 2912 2369 2968 audieritis
2393 2914 2507 2969 bel-

2086 2984 2158 3048 la,
2189 2992 2244 3038 et
2270 2986 2483 3053 Opinio-

2089 3070 2187 3110 nes
2217 3056 2503 3125 bellorum,

2090 3142 2157 3182 ne
2190 3128 2439 3182 timueri-

2090 3201 2159 3254 tis
2185 3216 2199 3263 ;
2228 3208 2444 3268 oportet

2090 3271 2235 3326 enim
2261 3273 2395 3325 haec

2090 3344 2273 3397 omnia
2301 3343 2445 3409 ﬁeri,

2092 3414 2187 3468 sed
2230 3414 2469 3472 nondum

2092 3495 2176 3540 est
2206 3486 2347 3540 linis.

2094 3556 2148 3611 8.
2186 3558 2453 3629 Exsurget
2478 3566 2661 3613 autem

2094 3643 2229 3697 gens
2259 3641 2449 3686 contra

2096 3712 2339 3770 gentem,
2368 3712 2424 3759 et

2098 3786 2323 3841 regnum
2346 3789 2474 3829 con—

2101 3851 2180 3897 tra
2208 3859 2456 3913 regnum.

2099 3924 2157 3968 ΘΙ.
2183 3923 2342 3968 erunt
2374 3926 2481 3971 ter-

2101 3995 2341 4059 raemota
2375 4003 2474 4059 per

2100 4058 2245 4121 loca,
2276 4068 2331 4112 et
2353 4058 2432 4113 ra-

2103 4142 2257 4183 mes:
2291 4130 2505 4186 initium

2942 3455 2953 3467 ⁸
3036 3462 3048 3474 ο
3130 3456 3145 3472 ο
3230 3457 3245 3472 0
3332 3450 3349 3468 ο
3435 3452 3449 3465 ⁸
3528 3442 3544 3457 ο
3619 3437 3631 3450 .

2946 3812 2959 3825 ο
3042 3815 3055 3831 ο
3137 3814 3149 3829 ο
3233 3812 3249 3830 ο
3336 3814 3349 3828 ο
3436 3808 3451 3823 ⁸
3529 3801 3541 3815 ’
3623 3794 3635 3808 ³

3805 124 3913 2761 luit

388 4195 641 4250 dolorum
661 4237 675 4262 ,
710 4212 829 4251 om-
1228 4196 1411 4253 salvus
1441 4197 1567 4253 erit.

2105 4201 2355 4257 dolorum
2399 4247 2413 4260 .
2459 4244 2472 4258 .
2519 4246 2532 4259 .
2579 4246 2591 4259 .
2639 4247 2649 4258 .
2700 4249 2710 4259 .
2761 4244 2773 4255 .

1735 4294 1965 4351 CODEX
2004 4294 2400 4354 BRIXIANUS.

430 4392 461 4469 '.
484 4384 537 4439 Μ
545 4388 701 4442 utilus
728 4390 925 4469 esthoc
962 4391 1076 4469 loco
1102 4391 1263 4469 codex
1282 4402 1549 4469 urgentem
1571 4392 1768 4461 integro
1796 4400 2001 4459 quater-
2111 4390 2145 4445 5
2170 4437 2183 4459 ,
2218 4411 2376 4459 usque
2400 4396 2467 4449 ad
2491 4412 2584 4450 xm
2608 4437 2622 4461 ,
2652 4411 2783 4450 vers.
2820 4396 2911 4469 52,
2946 4395 3027 4469 hic
3056 4394 3463 4469 desiderantur:
3511 4382 3696 4451 “cum

408 4462 559 4512 nione
586 4478 604 4525 ;
633 4477 762 4529 quae
792 4462 926 4514 enim
956 4463 1169 4532 legimus
1198 4464 1251 4517 in
1290 4463 1520 4535 Vulgatis
1549 4481 1711 4533 acup.
1746 4478 1839 4527 xu,
1860 4478 1989 4517 vers.
2112 4481 2173 4518 ne
2194 4469 2557 4536 compactoris,
2590 4485 2656 4520 an
2683 4468 2899 4521 alterius
2921 4468 3150 4539 piaculo,
3175 4468 3450 4520 incertum.

1703 4553 1937 4611 CODEX
1966 4553 2441 4613 CURBEIENSIS.

2195 4652 2282 4705 ll.
2313 4651 2448 4707 Cum
2477 4661 2656 4706 autem
2687 4651 3042 4721 perduxerint
3082 4664 3218 4715 vos;
3260 4648 3432 4703 nolite
3456 4635 3691 4708 cogitare-

2196 4724 2279 4778 15.
2309 4727 2396 4795 qui
2430 4733 2608 4779 autem
2637 4726 2656 4754 ¹
2682 4724 2998 4778 toleraverit
3021 4736 3191 4795 usque
3220 4722 3275 4776 in
3299 4721 3481 4775 linem.

481 4649 535 4703 5.
563 4649 1033 4718 interrogaverunt
1060 4664 1183 4703 eum
1211 4659 1447 4705 secreto.

483 4718 538 4773 4.
573 4736 693 4773 cum
726 4720 858 4774 haec
884 4720 1066 4774 omnia
1095 4722 1651 4775 consummabuntur?

480 4790 533 4844 9.
571 4790 773 4847 Deinde
801 4792 1164 4861 vosmetipsos
1192 4791 1407 4846 tradent
1435 4793 1486 4846 in
1510 4790 1787 4847 Conciliis.

1663 4881 2059 4936 VAMANTES
2099 4878 2507 4936 LECTIONES.

483 4954 499 4982 ί
537 4954 643 5003 Gal.
666 4952 771 5013 Ego
788 4965 895 5003 sum
922 4953 1174 5003 Christus:
1203 4959 1273 5003 et.
1304 4952 1450 5015 Vulg.
1477 4952 1581 5015 Ego
1598 4964 1703 5001 sum
1730 4966 1743 5000 :
1769 4959 1840 5001 et.
2172 4954 2192 4982 ¹
2229 4953 2335 5001 Gut.
2374 4950 2669 5000 sustinuerit
2694 4961 2851 5012 usque.
2876 4947 2924 4995 in
2952 4946 3120 4996 linem.

1098 5054 1387 5095 LECTIONES
1412 5053 1616 5094 CODICIS
1647 5052 2057 5092 VINDEBONENSIS
2080 5053 2356 5092 ABEUNTES
2387 5053 2449 5089 ΑΒ
2471 5050 2719 5089 EDITIONE
2753 5048 3022 5087 VOLGATA.

407 5136 457 5182 in
472 5132 685 5182 triduum
700 5129 828 5196 aliud
841 5132 1194 5190 resurgetsine
1215 5132 1453 5196 manibus.
1500 5128 2015 5196 3.inmonten10live-
2116 5130 2165 5179 9.
2181 5128 2373 5196 Deinde
2393 5141 2477 5196 vos
2496 5129 2627 5196 ipsos
2639 5127 2850 5196 tradent.
2879 5128 2950 5196 i0.
2966 5130 3134 5196 autem
3155 5125 3380 5196 primum.
3430 5124 3448 5173 l

407 5178 507 5243 ti...
523 5178 901 5253 interrogabant
920 5178 1041 5239 curn?
1059 5178 1281 5241 seorsum
1300 5178 1500 5255 Petrus,
1524 5178 1618 5242 etc.
1685 5178 1732 5241 ἐι.
1756 5178 1877 5242 cum,
1894 5193 2018 5240 haec
2120 5178 2237 5255 quid
2257 5178 2551 5255 loquamini:
2582 5190 2691 5246 sed,
2714 5189 2847 5255 quod
2872 5189 3034 5255 datum
3062 5178 3199 5255 vobis
3221 5185 3370 5255 fuerit
3396 5186 3443 5255 in
3470 5178 3692 5255 illa.

408 5259 572 5307 omnia
591 5243 1093 5320 consifiiiniabtititttr?
1111 5258 1156 5305 6.
1172 5255 1316 5320 multi
1331 5243 1829 5320 venient...diceutes
1847 5256 2018 5320 {Quod
2123 5243 2473 5320 liocloqtiimini
2492 5264 2501 5298 :
2519 5264 2618 5320 non
2644 5243 2774 5299 enim
2796 5253 2923 5320 restis
2948 5252 3147 5320 vos,‘qui
3167 5243 3691 5320 loquiminiisedﬁl'ﬂ:

409 5305 507 5379 ego
530 5333 657 5367 sum.
727 5320 774 5366 7.
798 5316 917 5366 Cum
943 5326 1106 5364 autem
1132 5318 1450 5366 audieritis...
1474 5324 1671 5377 Oportet
1698 5322 1827 5367 enim
1850 5305 2020 5365 ηδε-ἱ...
2126 5305 2443 5365 tusSafxctus.
2517 5314 2586 5362 1‘2.
2602 5319 2934 5373 surgent...et
2952 5305 3095 5361 morti
3122 5305 3369 5361 adiicient.
3411 5305 3483 5361 13.
3506 5305 3694 5363 usque“

408 5384 457 5429 8.
528 5382 780 5443 Exsurget
815 5386 981 5427 autem
1012 5392 1137 5440 gens
1172 5392 1321 5441 super
1341 5387 1771 5442 gentem...SUpra
1798 5393 2025 5441 regnum.

1752 5462 2121 5517 BLANCHINI
2164 5459 2394 5515 NOTAE.

485 5532 560 5603 (a)
583 5535 649 5610 Ει
673 5536 741 5589 ita
772 5535 893 5590 cod.
923 5534 1077 5610 Cant.
1109 5537 1195 5610 καὶ
1226 5533 1310 5591 διὰ
1336 5543 1490 5610 τριῶν
1517 5538 1717 5610 ἡμερῶν
1747 5532 1916 5610 ἄλλος-
1944 5536 2291 5610 ἀναστήσξται
2330 5530 2446 5587 ἄνευ
2476 5538 2687 5610 χειρῷν.
2715 5529 3032 5610 Iltléc_}‘erba
3064 5528 3262 5610 desunt
3292 5531 3362 5610 in_
3397 5529 3525 5583 edit.

412 5588 709 5677 Exstaliant
748 5588 1009 5660 tamenin
1042 5588 1561 5677 Latinovese‘tnplari
1595 5588 2063 5677 ⁷ἐζογῂιιιιιιὶνιιιιι
2094 5588 2249 5677 legit,
2306 5612 2349 5655 et
2395 5588 2759 5677 postlr'idiumt
2808 5602 2953 5677 aliud
2980 5601 3449 5677 ι’ςξσὲιαὺίιιιι·,δξηιεΔ
3476 5588 3691 5677 ηιιιηὶὺιίςτ

410 5675 795 5748 Assutnenlum
825 5693 890 5731 ex
919 5692 1040 5745 cap.
1074 5694 1183 5740 xw,
1232 5694 1373 5733 vers.
1425 5670 1492 5731 3'8
1534 5670 2034 5748 hujus'Evapgelii.
2066 5670 2242 5745 —‘.(b)
2285 5670 2439 5748 Itaet
2481 5682 2587 5729 lex.
2640 5674 2733 5729 Gr.
2777 5675 2846 5732 εἰς
2902 5675 2963 5727 τὸ
3013 5670 3151 5741 ὄρος.
3200 5703 3273 5713 -
3300 5672 3375 5739 (c)
3425 5672 3557 5727 Ante
3582 5670 3689 5730 ἔθου

406 5747 561 5803 deest
588 5748 707 5810 quia
735 5788 749 5812 ,
786 5748 949 5802 etiam
988 5749 1041 5801 in
1072 5749 1196 5801 eod.
1229 5750 1384 5803 Cant.
1414 5748 1546 5802 Ibid.
1579 5745 1794 5805 additur
1824 5745 2078 5813 Christus,
2112 5764 2179 5803 ex
2224 5746 2493 5806 Mattlueo.
