4010 6194
203 317 354 372 829

657 437 885 495 CODEX
936 436 1481 497 VERCELLENSIS.

1108 535 1206 591 das
1230 536 1478 591 Pascha?

1110 608 1193 662 15.
1237 606 1305 661 Ει
1329 608 1493 662 millit
1513 605 1654 662 duos

1101 694 1165 733 ex
1194 676 1498 748 discipulis,

1098 749 1320 805 dicens:
1352 749 1428 805 lle
1459 750 1511 804 in

1096 819 1345 886 civitate;
1380 830 1433 876 et

211 530 391 586 lium
425 532 477 586 in
509 533 632 588 uni-

209 617 426 659 verso
469 619 626 657 mm}.

211 674 341 745 do,
376 685 461 737 et,
492 675 637 745 quod

213 744 379 800 fecit
406 745 562 811 haec,

216 816 338 870 div
351 816 570 888 ulgabi-

219 895 334 942 tur
368 888 430 942 in
459 903 665 945 memo—
1098 890 1350 946 occurret

218 959 394 1013 riam
423 958 562 1029 ejus.
1097 962 1253 1018 vobis
1285 962 1469 1030 homo,

224 1032 334 1105 11).
392 1033 461 1084 lit
487 1030 656 1089 ludas
674 1033 691 1065 ⁸
710 1032 927 1089 Scario-
1099 1034 1383 1105 lagoenam

225 1101 296 1175 lli
330 1117 485 1175 unus
504 1117 571 1156 ex
1102 1101 1272 1175 aquae
1299 1120 1432 1174 por-

224 1171 546 1247 duodecim
1104 1171 1222 1231 laus
1245 1194 1259 1231 :
1283 1171 1470 1247 sequi-

225 1244 390 1298 abiit
408 1245 476 1298 ad
504 1243 649 1301 Pon-
1097 1247 1227 1301 mini
1245 1243 1401 1313 enni;

229 1312 435 1369 tiﬁces
462 1314 661 1375 Sacer-
1098 1316 1186 1371 14.
1228 1328 1281 1372 ει
1306 1312 1551 1376 ubicum-

230 1385 473 1452 dotum,
498 1398 556 1444 ut
1096 1403 1202 1456 que
1230 1389 1397 1444 intra-

231 1457 503 1512 traderet
1096 1460 1253 1524 verit,
1282 1459 1447 1517 dicite

234 1528 261 1583 1
284 1530 536 1610 l._eum.
572 1530 653 1587 Ad
686 1530 762 1585 illi

230 1600 424 1667 gavisi
450 1609 600 1665 sunt,

233 1682 292 1726 et
333 1674 612 1740 promise-

233 1750 383 1814 runt
410 1743 459 1796 ei
484 1745 505 1775 ⁸
537 1759 696 1814 pecu-

236 1812 397 1867 niam
425 1812 580 1870 dare.

1098 1530 1392 1596 palrilami-

1097 1600 1195 1657 lias
1219 1618 1233 1657 :
1260 1602 1453 1672 Magis-

1095 1679 1179 1727 ter
1202 1672 1335 1727 dicit
1367 1692 1378 1727 :
1413 1674 1512 1732 Ubi

1096 1755 1177 1798 est
1201 1744 1429 1800 refectio

1093 1829 1234 1879 mea,
1271 1816 1358 1871 ubi
1388 1832 1511 1872 cum

235 1883 313 1938 Et
341 1887 667 1955 quaerebat.
1092 1886 1372 1956 discipulis

236 1956 530 2024 quomodo
1093 1958 1232 2011 meis
1259 1958 1417 2014 edam

237 2040 600 2158 2.2mm:
1096 2027 1574 2169 suae?“

244 2179 357 2223 ret.
1096 2172 1346 2225 ostendet
1376 2173 1458 2226 lo-

244 2238 341 2314 12.
387 2242 457 2299 Et
478 2244 649 2314 prima
681 2243 770 2300 die
1095 2256 1219 2296 cum
1252 2243 1461 2297 media-

244 2311 605 2383 Azymorum,
1097 2328 1225 2367 num
1255 2324 1395 2369 stra-

243 2385 470 2452 quando
501 2386 632 2441 Pas-
1094 2392 1206 2438 tum
1240 2384 1292 2438 in
1323 2403 1414 2439 su-

244 2458 348 2509 cha
378 2455 629 2512 immola-
1095 2456 1421 2525 perioribus,

246 2526 405 2586 bant.
437 2528 626 2582 dicunt
1091 2543 1346 2596 magnum
1382 2547 1395 2582 :

246 2599 297 2670 ei
330 2597 619 2670 discipuli:
1093 2598 1174 2670 ibi,
1200 2609 1388 2667 parate

249 2669 356 2725 Ubi
386 2669 491 2737 vis,
519 2686 644 2725 euu-
1093 2669 1271 2724 nobis.

1095 2739 1183 2795 16.
1216 2740 1283 2795 Et
1308 2741 1560 2797 exierunt

248 2749 355 2808 les,
381 2756 611 2812 praepa-

1095 2811 1347 2882 discipuli
1375 2814 1517 2883 ejus,

248 2828 459 2880 remus,
491 2823 549 2867 ut
579 2829 638 2868 e-

1322 321 1775 380 EVANGELIUM
1805 319 2183 380 SECUNDUM
2211 323 2528 381 MARCUM.

3467 329 3572 385 850

2367 440 2600 498 CODEX
2638 441 3177 501 YERCEILENSIS.

2493 550 2701 591 DEFICI'I'
2729 551 3068 593 VERONBNSIS.

2808 608 2899 662 21.
2941 613 3201 665 catinum.
3243 610 3330 665 Fi-

2812 679 2913 733 lius
2942 682 3157 749 quidem

2809 749 3043 805 hominis
3076 761 3183 807 tra-

2807 821 2971 884 dizur,
3006 836 3201 878 secun-

2807 892 2935 947 dum
2959 894 3099 962 quod

2802 963 3065 1018 scribtum

2802 1046 2883 1089 εει
2908 1034 2975 1089 de
3001 1050 3097 1101 eo;
3122 1052 3221 1094 vae

2808 1114 2987 1159 autem
3018 1106 3096 1161 illi

2806 1176 3033 1245 homini,
3062 1193 3157 1248 per

2841 1264 2960 1303 uem
2994 1259 3101 1303 tra-

2843 1321 2947 1373 ilur
2975 1337 2989 1373 :
3021 1337 3134 1376 mc-

2800 1389 2904 1445 lius
2923 1399 3042 1446 erat
3065 1392 3131 1446 il-

2803 1461 2862 1526 li,
2894 1463 2938 1516 si
2964 1478 3068 1517 non
3100 1463 3227 1519 fuis-

2801 1543 2885 1589 set
2912 1545 3074 1589 natus

2803 1604 2965 1659 homo
2994 1607 3105 1661 ille.

2800 1674 2890 1758 22.
2917 1677 3005 1744 Et,
3022 1676 3311 1758 edentibus

2800 1751 2901 1814 eis,
2928 1751 3202 1818 accipiens

2802 1834 3015 1886 panem,
3037 1820 3198 1876 bene-

1976 612 2029 659 et
2057 613 2325 660 venerunt

1977 678 2030 732 in
2050 677 2288 743 civitate,

1965 754 2020 803 et
2042 746 2304 812 fecerunt,

1966 823 2108 874 sicut
2134 817 2279 873 dixit

1971 890 2100 953 illis,
2136 899 2188 943 ει
2219 904 2372 958 para-

1965 977 1994 1014 v
2007 969 2165 1015 erunt
2186 960 2321 1016 Pas-

1964 1031 2089 1086 cha.

1969 1104 2056 1157 17.
2088 1100 2173 1168 Et,
2208 1117 2331 1158 cum
2359 1117 2483 1162 sero

1968 1175 2166 1229 factum
2190 1189 2278 1230 es-

1968 1254 2072 1312 set,
2106 1247 2253 1300 venit
2280 1246 2302 1279 ³
2327 1262 2451 1303 cum

1967 1317 2054 1372 18.
2087 1332 2180 1371 xtl.
2210 1318 2272 1372 Et
2309 1320 2551 1375 discum~

1969 1389 2219 1443 belttibus

1964 1461 2066 1524 eis,
2091 1467 2143 1513 et
2163 1461 2373 1517 edenti-

1968 1530 2088 1596 bus,
2113 1531 2288 1587 dixit:

1962 1600 2135 1657 Amen
2167 1602 2292 1659 dico
2320 1619 2415 1660 vo-

1961 1672 2064 1738 bis,
2084 1676 2210 1743 quia
2232 1691 2369 1732 unus

1962 1760 2030 1797 ex
2064 1747 2259 1801 vestris

1962 1815 2135 1869 tradet
2160 1832 2270 1884 me,

1960 1887 2049 1955 qui
2073 1886 2199 1943 edet
2223 1905 2338 1946 me-
2798 1889 2953 1957 dixit,
2982 1901 3036 1946 et
3066 1890 3178 1947 fre-

1961 1958 2049 2012 19.
2077 1973 2223 2014 cum.
2253 1961 2335 2018 Ad
2361 1964 2438 2019 illi
2797 1962 2898 2030 git,
2927 1972 2981 2016 et
3010 1963 3161 2018 dedit

1960 2042 2258 2098 coeperunt
2796 2033 2925 2097 illis,
2956 2033 3143 2089 dicens
3174 2052 3186 2089 :

1960 2103 2253 2155 Contrista-
2798 2105 3005 2161 Sumite
3047 2123 3060 2159 :
3092 2105 3204 2160 Hoc

1962 2173 2029 2235 ri,
2065 2185 2119 2227 et
2147 2174 2332 2231 dicere

2795 2187 2877 2230 est
2906 2176 3120 2246 Corpus

1960 2243 2036 2315 illi
2064 2242 2087 2273 “‘
2110 2244 2310 2315 singuli
2340 2268 2353 2302 :

2796 2261 3002 2313 meum,
3035 2251 3179 2317 quod

1959 2313 2233 2388 Numquid
2797 2333 2893 2388 pro
2925 2313 3107 2375 multis

1958 2387 2106 2471 ego?
2136 2398 2191 2471 et
2215 2392 2357 2471 alius
2385 2415 2398 2450 ε
2795 2387 3093 2471 Confringi-

1959 2455 2230 2528 Numquid
2798 2471 2885 2515 tur
2909 2463 2959 2514 in
2992 2455 3191 2523 retulis-

1957 2528 2047 2604 20.
2072 2543 2174 2604 ego
2198 2532 2221 2584 'l
2250 2534 2458 2604 Quibus

1959 2603 2038 2655 ait
2066 2619 2079 2655 :
2117 2601 2356 2663 Uuusvex

1958 2690 2055 2729 xu.
2081 2680 2169 2746 qui
2202 2678 2365 2737 intin-

1958 2758 2048 2815 get
2081 2764 2292 2805 mecum

1960 2833 2177 2873 manum
2202 2822 2254 2876 ill

2792 2532 3005 2587 sionem
3025 2552 3214 2609 pecca-

2794 2612 2996 2658 torum.

2794 2684 2886 2740 25.
2918 2683 3006 2749 Ει,
3040 2692 3266 2754 accepto
3286 2697 3375 2738 ca~

2798 2756 2920 2820 lice,
2953 2755 3155 2825 gratias

2796 2830 2931 2899 egit,
2961 2836 3017 2882 et
3039 2825 3191 2881 dedit

1574 2905 1805 2963 CODEX
1845 2906 2244 2971 BBleANUS.

251 3005 384 3061 lium
413 3005 466 3059 in
497 3005 808 3059 universum
855 3001 1134 3058 mundum.
1166 3011 1222 3057 et
1248 3004 1391 3072 quod
1437 3004 1562 3059 fecit
1593 3004 1729 3059 haec
1757 3005 1841 3073 di-

251 3087 405 3133 cetur
438 3077 489 3130 in
522 3076 838 3130 memoriam
884 3074 1023 3133 eius.
1061 3074 1124 3129 Et
1149 3074 1318 3129 Judas
1353 3076 1675 3131 Schariolhe
1705 3091 1844 3131 unus

252 3147 320 3203 de
350 3148 634 3201 duodecim
665 3147 797 3200 abiit
823 3146 888 3201 ad
915 3146 1198 3215 Principes
1224 3146 1602 3203 Sacerdotium.
1637 3158 1694 3201 ut
1720 3163 1844 3203 eum

254 3219 492 3273 traderet
532 3220 631 3273 eis.
675 3218 753 3272 Ad
793 3217 869 3289 illi
907 3216 1208 3289 audientes.
1240 3218 1410 3287 gavisi
1457 3228 1606 3274 sunt.
1636 3228 1688 3273 ει
1719 3234 1846 3289 pro-

253 3290 515 3344 miserunt
544 3290 591 3343 ei
643 3288 934 3358 pecuniam
963 3287 1115 3343 dare.
1158 3297 1212 3343 et
1255 3291 1552 3358 quaerebat
1574 3287 1847 3360 quomodo

255 3361 399 3415 illum
429 3371 695 3427 oportune
738 3359 996 3431 traderet.
1050 3359 1119 3415 Et
1162 3362 1336 3428 primo
1363 3361 1453 3416 die
1483 3359 1840 3431 Azy’morum.

253 3432 471 3502 quando
522 3431 725 3486 Pascha
772 3430 1151 3486 immolabant.
1195 3432 1448 3486 dixerunt
1494 3433 1544 3487 ei
1572 3430 1843 3501 discipuli

253 3504 388 3571 ejus.
422 3508 541 3571 Quo
570 3505 650 3557 vis
680 3518 868 3557 camus
906 3512 959 3556 et
991 3517 1243 3571 paremus
1295 3503 1391 3557 tibi
1444 3514 1500 3557 ut
1548 3505 1843 3558 manduces

253 3573 479 3630 Pascha.
532 3573 598 3628 Et
626 3575 773 3628 misit
819 3574 954 3628 duos
1000 3588 1064 3627 ex
1116 3572 1397 3643 discipulis
1443 3575 1580 3629 suis.
1608 3575 1674 3628 Et
1708 3574 1846 3629 dixit

252 3647 350 3699 eis.
400 3644 478 3700 lle
518 3646 568 3698 in
622 3647 919 3699 civitatem.
967 3654 1021 3699 et
1063 3654 1319 3699 occurret
1361 3645 1518 3699 vobis
1555 3646 1715 3698 homo
1747 3658 1844 3698 vas

253 3731 401 3786 aqua:
450 3716 716 3786 baiulans.
764 3715 1062 3784 Seiuimiui
1094 3730 1240 3769 eum.
1283 3714 1352 3769 Et
1388 3731 1730 3785 quocumque
1763 3717 1845 3769 in-

255 3785 475 3842 troierit.
517 3785 690 3841 Dicite
707 3786 929 3841 domino
954 3786 1166 3840 domus.
1201 3785 1452 3855 Magister
1471 3787 1619 3841 dicit.
1647 3786 1745 3841 libi
1766 3794 1849 3841 est

258 3858 474 3914 refectio
511 3873 650 3913 mea.
680 3869 731 3912 ul
762 3874 884 3912 cum
904 3858 1184 3926 discipulis
1211 3862 1345 3913 meis
1369 3859 1686 3913 manducem
1719 3858 1847 3911 Pas—

255 3934 369 3984 cha.
397 3928 466 3983 Et
498 3931 613 3999 ipse
643 3930 799 3984 vobis
827 3929 1242 3984 demonstrabit.
1296 3930 1611 3984 cenaculum
1641 3928 1847 4000 grande

255 4008 473 4054 stratum
505 4010 773 4071 paratum.
814 4011 868 4056 et
896 4000 1007 4054 illic
1030 4009 1331 4070 praeparate
1362 4002 1541 4056 nobis.
1585 4002 1649 4055 Et
1688 4002 1843 4054 abie-

257 4082 373 4127 runt
400 4071 649 4142 discipuli
688 4072 827 4142 ejus.
862 4083 916 4126 et
943 4082 1214 4128 venerunt
1244 4074 1296 4128 in
1323 4072 1619 4128 civitatem.
1665 4081 1721 4127 et
1756 4071 1843 4126 iu-

1951 3022 2220 3091 vcnerunt
2238 3014 2599 3091 sicutdixerat
2623 3020 2751 3076 illis.
2767 3030 2823 3077 et
2840 3026 3287 3091 prrcparaverunt
3322 3017 3545 3075 Pascha.

1957 3080 2194 3169 Vespere
2223 3095 2403 3169 autcm
2440 3089 2580 3169 facto
2611 3093 2757 3169 venit
2783 3080 2905 3147 cum
2930 3080 3239 3169 duodecim.

2028 3155 2093 3207 Et
2120 3152 2592 3216 discumbentibus
2620 3166 2723 3217 eis.
2769 3173 2825 3219 et
2855 3162 3328 3219 manducantibus.
3363 3162 3438 3215 ait
3464 3160 3553 3215 Je-

1954 3238 2065 3305 s_us.
2095 3227 2268 3305 Amen
2302 3230 2422 3305 dico
2448 3232 2618 3287 vobis.
2654 3236 2775 3305 quia
2809 3251 2950 3289 unus
2996 3251 3063 3290 ex
3116 3234 3271 3289 vobis
3303 3248 3387 3286 me
3438 3242 3552 3286 tra-

1954 3295 2065 3377 det.
2104 3300 2191 3377 qui
2249 3304 2539 3377 mamlncat
2588 3295 2818 3361 mecum.
2848 3307 2917 3361 At
2969 3307 3041 3360 illi
3082 3313 3380 3377 coeperunt
3421 3317 3552 3357 con-

1952 3369 2189 3446 tristari_._
2228 3380 2282 3425 et
2331 3372 2515 3446 dicere
2566 3377 2787 3446 singuli.
2841 3377 3109 3445 Numquid
3153 3369 3253 3445 ego
3302 3390 3444 3428 sum.
3492 3383 3549 3433 ct

1948 3438 2109 3518 alios.
2145 3439 2413 3518 Numquid
2445 3462 2567 3515 ego.
2612 3438 2820 3516 Quibus
2844 3451 2959 3518 ipse
2988 3438 3080 3501 ait.
3125 3438 3275 3503 Unius
3310 3461 3377 3518 ex
3412 3446 3546 3499 duo-

1948 3509 2145 3564 decim.
2178 3513 2271 3579 qui
2298 3509 2513 3569 manum
2545 3509 2709 3572 mittit
2740 3509 2949 3573 mecum
2990 3526 3040 3572 lll
3079 3520 3279 3571 catino.
3318 3515 3548 3569 Verum-

1950 3588 2127 3635 tamen
2160 3581 2326 3637 Fllills
2360 3585 2612 3642 hominis.
2640 3589 2785 3643 vadit
2807 3589 2947 3644 sicut
2968 3590 3228 3644 scribtutn
3254 3596 3335 3641 cst
3365 3588 3430 3639 de
3454 3602 3545 3640 eo.

1948 3666 2064 3732 vae
2102 3662 2281 3732 autem
2326 3655 2532 3711 hoinini
2584 3662 2681 3715 illi.
2737 3677 2830 3732 per
2875 3677 3033 3728 quem
3085 3661 3254 3714 Filius
3307 3657 3545 3732 hominis

1949 3722 2209 3804 tradetur.
2243 3725 2440 3804 bonum
2474 3731 2524 3783 ei
2567 3745 2708 3804 eral.
2737 3722 2787 3787 'si
2817 3722 2974 3786 natus
3008 3732 3339 3804 nonluisset
3386 3728 3547 3783 homo

1949 3794 2063 3872 ille.
2092 3794 2160 3848 Et
2210 3800 2660 3872 manducantibus
2709 3803 2833 3858 illis.
2864 3808 3075 3872 accepit
3115 3803 3273 3858 Jesus
3326 3815 3541 3863 nauem.

1946 3872 2001 3944 et
2053 3866 2589 3944 bellcdicenSLfl‘egit
2638 3886 2692 3929 et
2736 3876 2885 3930 dedit
2928 3866 3027 3929 eis.
3060 3885 3115 3930 et
3162 3876 3275 3944 ait.
3312 3872 3544 3926 Sumite.

1949 3936 2062 4019 iioc
2090 3951 2172 3993 εει
2198 3940 2343 4019 enim
2374 3936 2584 4019 Qorpils
2613 3962 2812 4019 meum.
2848 3946 2917 4001 Et
2945 3956 3172 4019 accepto
3200 3943 3390 4000 calice.
3425 3959 3548 4019 gra-

1950 4012 2052 4063 tias
2082 4023 2271 4082 agens.
2300 4012 2453 4070 dedit
2481 4012 2581 4071 eis.
2614 4029 2667 4072 et
2700 4017 2957 4073 biberunt
3002 4012 3205 4073 ex'illo
3236 4030 3450 4071 omnes.
3482 4014 3549 4071 Et

1512 4224 1746 4285 CODEX
1780 4225 2253 4301 CORBEIENSIS.

324 4346 407 4402 il.
434 4344 535 4403 Ubi
562 4353 646 4401 est
689 4346 1038 4401 refectorium
1065 4385 1082 4412 ,
1111 4344 1204 4409 ubi
1230 4358 1352 4409 cum
1383 4342 1665 4415 discipulis
1709 4347 1845 4403 meis

259 4417 569 4481 manducent
594 4417 845 4475 Pascha?

326 4489 406 4544 15.
459 4488 863 4543 Demonstrabit
898 4494 1129 4542 stratum
1158 4486 1387 4559 grande,
1418 4498 1665 4558 paratum
1693 4506 1705 4541 :
1734 4488 1845 4546 illic

259 4569 436 4632 parate
463 4560 639 4615 nobis.

325 4632 616 4758 id9.edic?ere
644 4628 845 4703 singuli
873 4647 888 4687 :
918 4628 1191 4701 Numquid
1220 4645 1321 4701 ego
1343 4630 1368 4684 ‘l
1392 4640 1449 4688 et
1476 4631 1616 4697 alius
1640 4650 1651 4686 :
1677 4631 1845 4691 Num~

330 4718 339 4754 ι
434 4718 501 4758 ao

260 4717 372 4773 quia
399 4717 501 4774 ego

2020 4349 2109 4404 22.
2145 4361 2199 4408 ει
2222 4351 2361 4409 dixit
2390 4372 2404 4410 :
2435 4355 2719 4426 Accipite,
2750 4364 2807 4411 et
2839 4356 3023 4412 edite:
3059 4354 3171 4412 Hoc
3216 4365 3301 4413 est
3333 4355 3546 4426 Corpus

1948 4435 2225 4566 ωέἕῖιἘι
2245 4496 2459 4566 accepit
2486 4497 2737 4563 calicem,
2761 4507 2817 4554 et
2844 4498 3140 4563 benedixit,
3173 4510 3229 4556 et
3249 4497 3397 4555 dedit
3423 4499 3503 4554 eis
3529 4516 3542 4553 :

1946 4575 2003 4620 et
2028 4564 2282 4625 biberunt
2310 4564 2472 4625 exeo
2496 4583 2710 4624 omnes.

1489 4795 1889 4855 VARIANTES
1926 4793 2328 4854 LECTIONES.

265 4914 479 5028 ea;
509 4913 835 4966 Searlothis...
874 4912 1120 4969 Christum
1169 4911 1279 4966 illis.
1324 4913 1470 4979 Vulg.
1510 4911 1835 4964 Iscariotes...

316 5039 333 5070 ⁸
366 5040 467 5090 Gut.
491 5041 703 5103 pretium
727 5053 802 5089 se.
834 5038 980 5103 Vulg.
1008 5040 1265 5103 pecuniam
1281 5050 1358 5087 se.

1978 4913 2031 4987 ,³
2066 4911 2173 4962 Gal.
2219 4924 2328 4961 cum
2380 4925 2464 4963 xu.
2516 4911 2765 4977 discipulis
2818 4915 2935 4963 suis.
2994 4912 3140 4978 Vulg.
3191 4926 3301 4964 eum
3352 4915 3545 4967 duode-

2195 5035 2476 5098 singillatim
2493 5035 2763 5101 :Numquid
2784 5049 2880 5099 ego
2895 5050 3000 5086 sum
3012 5038 3037 5089 ?
3064 5036 3211 5106 Vulg.
3231 5039 3511 5103 singulatim
3531 5055 3542 5091 :

1942 5100 2188 5164 Numquid
2216 5113 2329 5163 ego.

915 5199 1212 5241 ιιςετιοηε
1244 5198 1450 5240 CODICIS
1472 5197 1882 5240 VINDEBONENSIS
1912 5200 2184 5239 ΑΒΕυΝΤΕῆ
2210 5199 2274 5238 ΑΒ
2306 5198 2557 5238 ΕυΙΤΙΟΝΕ
2581 5197 2845 5238 νυιειιτλ.

259 5299 553 5361 Evangelium
598 5301 647 5349 in
685 5300 967 5349 universum
1000 5299 1249 5350 mundum.
1318 5297 1394 5347 10.
1419 5298 1571 5347 Judas
1609 5298 1834 5348 Scarioth

262 5376 370 5412 unus
390 5376 452 5412 ex
476 5363 737 5412 duodecim
764 5363 885 5411 abiit
904 5362 1045 5412 ad....
1066 5371 1122 5411 ut
1155 5362 1389 5419 proderet
1420 5374 1553 5411 eum.
1575 5361 1684 5419 Qui.
1754 5361 1830 5412 11.

262 5424 737 5485 Adilligavlsisuut.
807 5425 881 5473 12.
924 5423 985 5473 Et
1029 5425 1182 5482 prima
1205 5422 1349 5471 die...
1383 5423 1568 5471 Pascha
1615 5423 1838 5472 immola-

262 5487 675 5549 batur...discipuli
702 5486 827 5548 eius.
896 5486 1046 5537 13.159.
1068 5486 1198 5533 misit
1219 5485 1422 5549 duosex
1444 5486 1837 5549 discipulissuis,

259 5549 520 5599 dicenszlte
546 5547 594 5597 in
621 5547 876 5600 civitate...
904 5549 1131 5609 lagenam
1151 5559 1307 5608 aquae
1330 5547 1517 5596 ferens.
1573 5547 1658 5598 ii.
1687 5547 1840 5599 dicite

281 5610 575 5661 iatrifamllias
601 5610 689 5661 loci
711 5610 839 5662 illius
866 5624 877 5659 :
904 5611 1141 5671 Magister
1167 5617 1336 5658 noster
1357 5612 1474 5659 dicit
1502 5622 1513 5657 :
1542 5609 1634 5659 Ulli
1656 5618 1734 5660 est
1756 5624 1837 5659 re-

282 5674 407 5733 ‘cctio,
447 5675 589 5723 ubi...
631 5674 919 5736 manducem
965 5670 1184 5722 Pascha?
1249 5670 1843 5736 1§.lpsedemonslrablt

264 5736 379 5799 vobis
398 5742 603 5785 stratum
649 5735 906 5799 grandem,
951 5738 1170 5799 [uratum
1195 5750 1207 5785 :
1233 5734 1349 5785 illic.
1380 5734 1387 5736 ἡ
1420 5735 1495 5799 1β.
1521 5734 1583 5785 Et
1606 5737 1843 5795 exierunt

271 5795 469 5867 discipuli
496 5799 620 5867 eius.
650 5794 703 5867 Et
727 5794 969 5848 veneruni
1002 5794 1055 5845 'in
1073 5797 1339 5853 civitatem.
1367 5803 1417 5846 et
1437 5796 1663 5845 fecerunt
1713 5799 1836 5861 sicut

1946 5297 2283 5363 dixerat_illis,
2306 5305 2384 5363 et
2419 5297 2786 5363 praeparabant
2822 5297 3021 5348 Pascha.
3071 5300 3168 5363 718.
3199 5302 3326 5363 quod
3351 5316 3540 5355 unus...

1946 5373 2027 5410 me
2049 5359 2247 5428 _t_radet_._
2270 5358 2277 5360 ἡ
2299 5360 2373 5409 19.
2395 5358 2475 5428 Δᾼι1
2496 5358 2625 5428 illi...
2654 5366 2713 5428 et
2727 5360 2898 5428 dicere
2922 5362 3102 5424 singuli
3132 5358 3386 5428 :Nuuquid
3414 5368 3545 5428 ego?

1944 5430 1997 5472 et
2019 5422 2144 5487 alius
2171 5436 2181 5470 :
2210 5421 2442 5487 Nunquid
2464 5422 2596 5487 ego?
2657 5422 2952 5487 20._Quibus
2969 5421 3071 5473 ait"
3100 5426 3185 5487 qui
3223 5421 3413 5487 iuliugil
3435 5421 3543 5475 mo-

1943 5498 2052 5533 cum
2078 5485 2125 5531 iu
2149 5483 2351 5533 catino.’
2393 5483 2470 5533 21.
2500 5483 2714 5535 Filius...
2743 5485 2951 5534 hominis
2975 5483 3201 5545 traditur,
3239 5483 3370 5536 sicut
3385 5490 3543 5539 scrib-

1945 5553 2045 5595 tum
2071 5553 2204 5595 est...
2235 5560 2324 5597 vae
2351 5558 2513 5595 autem
2541 5547 2743 5602 homini.
2772 5562 2862 5608 per
2902 5561 3050 5609 quem
3093 5551 3300 5598 traditur
3329 5565 3339 5597 :
3364 5551 3541 5603 botunu

1945 5610 2010 5657 ci.
2078 5609 2154 5659 22.
2184 5612 2373 5673 accepit
2418 5624 2651 5673 panem...
2680 5616 2733 5658 et
2765 5612 2835 5673 ait
2857 5610 2930 5673 eis
2953 5623 2965 5657 :
2991 5610 3210 5673 Accipite
3236 5648 3247 5659 .
3279 5612 3395 5663 Hoc.
3462 5615 3542 5666 25.

1946 5679 1995 5721 et
2025 5677 2228 5735 accepto
2253 5672 2422 5731 calice,
2440 5672 2717 5735 benedixit,
2741 5678 2791 5719 et
2808 5671 2963 5720 dedit.
3028 5671 3219 5723 ﬂlfﬂic
3240 5683 3318 5725 est
3336 5675 3546 5739 Sanguis
