4010 6194
185 238 344 296 835

1286 227 1742 288 EVANGELIUM
1784 223 2163 284 SECUNDUM
2203 223 2520 282 MARCUM.

650 349 881 407 CODEX
921 346 1468 406 VERCELLENSIS.

185 445 393 504 bunt,
419 440 557 508 quid
589 458 708 497 res-

187 515 577 582 ponderent,

188 588 312 641 41.
363 585 446 639 ei.
484 585 551 639 Et
582 598 673 638 ve-

193 658 300 712 nit
343 659 546 720 tertio,
580 664 635 708 et

191 729 372 784 dicit
404 727 516 782 illis
549 749 564 785 :

199 799 494 855 Dormite
510 800 644 870 jam,

199 883 272 927 et
313 873 586 940 requies-

203 945 368 999 cite.
399 941 672 1000 Consum-

204 1025 426 1069 matus
460 1025 546 1070 est
577 1016 636 1069 li-

209 1086 320 1140 nis
374 1104 387 1139 :
435 1087 660 1143 advenit

209 1157 382 1212 liora
419 1175 434 1222 ;
469 1169 524 1213 et
555 1174 647 1214 ec-

211 1245 292 1282 ce
332 1229 581 1284 traditur

217 1301 421 1356 Filius
447 1301 624 1356 homi-

217 1371 324 1426 nis
366 1374 422 1426 in
455 1372 623 1427 mani-

223 1446 344 1498 bus
376 1454 640 1512 peccato-

219 1515 333 1570 4'2.
382 1531 530 1570 rum.
563 1515 746 1584 Surgi-

227 1600 316 1652 tc,
352 1603 555 1642 eamus
585 1603 598 1639 :
633 1602 724 1643 ec-

227 1674 302 1713 ce
331 1657 637 1728 adpropin-

228 1731 465 1800 quavit,
497 1731 586 1799 qui

232 1818 332 1855 tne
351 1801 592 1856 traditu-

235 1889 340 1927 rus
366 1882 476 1926 est.

236 1944 340 1998 4⁷).
375 1943 574 2000 Adhuc
598 1958 666 2000 eo
688 1944 917 2016 loquen-

1103 451 1159 495 et
1188 441 1208 470 ²
1240 439 1424 495 ducite
1453 455 1579 496 eum

1100 511 1413 580 diligenter.

1101 584 1192 638 45.
1226 584 1290 635 Et
1305 582 1534 637 accessit
1552 624 1568 649 ,
1597 592 1651 638 et

1103 655 1176 708 ait
1207 654 1319 708 illi:
1354 654 1502 708 llabe

1105 725 1274 779 Rabbi
1307 743 1318 778 :
1345 734 1401 780 et
1429 741 1579 781 oscu-

1106 797 1244 850 latus
1272 805 1355 852 est
1376 813 1521 852 eum.

1103 868 1193 923 46.
1227 867 1379 922 Tunc
1403 869 1478 922 illi
1511 867 1648 939 inje—

1103 950 1294 994 ceruut
1314 941 1361 993 ei
1396 955 1504 994 ma-

1104 1027 1226 1077 nus,
1255 1019 1310 1066 et
1334 1019 1524 1066 tenue-

1101 1093 1224 1136 t'unt
1249 1097 1393 1137 eum.

1099 1153 1190 1207 47.
1220 1153 1369 1208 Unus
1396 1163 1574 1208 autem

1097 1224 1319 1293 quidam
1349 1225 1480 1280 edu.

1099 1297 1175 1349 xit
1200 1295 1461 1365 gladium,

1095 1375 1150 1422 et
1173 1369 1444 1437 percussit

1095 1454 1313 1493 servum
1336 1438 1357 1468 ³
1385 1440 1544 1493 Sum-

1101 1511 1171 1563 mi
1203 1509 1468 1565 Sacerdo-

1099 1583 1188 1646 tis,
1213 1589 1268 1634 et
1314 1596 1502 1650 ampu-

1101 1653 1241 1707 tavit
1273 1653 1348 1705 illi
1373 1669 1470 1706 au-

1102 1723 1351 1777 riculam.

1099 1796 1187 1851 48.
1223 1794 1378 1849 .lesus
1421 1803 1602 1852 autem
1633 1795 1716 1849 di-

1101 1869 1180 1920 xit
1209 1867 1288 1922 eis
1321 1883 1333 1917 :
1366 1867 1505 1921 Tan-

1096 1954 1257 2006 qttatn
1288 1937 1353 1991 ad
1378 1937 1453 1991 la-

3463 221 3570 280 εδι

2363 339 2595 397 CODEX
2642 336 3180 395 VEIiCELLENSlS.

1973 519 2056 562 tus
2087 510 2370 564 sindonetn

1969 595 2128 649 supra
2155 582 2357 636 nudum

1970 669 2166 723 corpus
2199 670 2211 706 :
2240 663 2292 707 et
2310 652 2398 707 de.

1971 725 2247 779 tinuerunt

1969 795 2059 850 52.
2093 811 2237 850 eum.
2267 794 2349 851 Ad
2379 795 2489 860 ille,

1972 867 2286 936 relinquens

1969 941 2277 1001 sindonem,

1969 1010 2145 1065 nudus
2173 1010 2308 1079 fugit

1968 1082 2036 1134 ab
2065 1082 2166 1135 eis.

1967 1153 2056 1206 55.
2080 1155 2143 1207 Et
2167 1152 2439 1208 duxerunt

1965 1224 2149 1279 Jesum
2179 1226 2245 1278 ad
2276 1226 2429 1281 Sum-

1969 1313 2113 1349 mum
2134 1298 2328 1352 Sacer-

1967 1369 2148 1421 dotem
2180 1383 2194 1432 ;
2226 1379 2280 1421 et.
2315 1383 2448 1424 con—

1967 1440 2192 1494 veniunt
2222 1456 2336 1493 om-

1970 1525 2067 1565 nes
2107 1511 2328 1564 Pontili-

1967 1597 2079 1645 ces,
2114 1593 2166 1636 et
2191 1583 2440 1649 Scribae,

1967 1665 2021 1706 et
2049 1653 2328 1708 Seuiores.

1969 1724 2059 1780 54.
2093 1725 2160 1778 Et
2198 1725 2392 1780 Petrus
2420 1740 2508 1781 se—

1967 1805 2126 1849 cutus
2165 1807 2246 1851 est
2279 1812 2402 1852 eum

1971 1866 1992 1897 ⁵
2023 1883 2194 1936 usque
2224 1870 2276 1923 in
2317 1869 2442 1923 atri-

1971 1955 2058 1992 um
2084 1939 2296 1994 Summi

2479 450 2690 491 DEFICIT
2719 448 3061 488 VEROSENSIS.

2805 507 2873 560 de
2903 523 2968 559 eo
2992 522 3005 570 ;
3032 515 3086 560 et
3118 522 3223 561 non

2806 588 2962 632 erant
2994 593 3186 647 aequa-

2810 648 2879 702 lia
2909 651 3151 704 testimo-

2809 720 2892 773 nia
2924 735 3138 775 eorum.

2807 792 2897 848 57.
2925 792 2992 864 Et
3011 792 3100 864 alii
3131 808 3352 864 surgen-

2807 874 2908 929 tes,
2938 863 3139 919 dabant

2804 934 2996 989 falsum
3030 934 3171 991 testi-

2802 1007 3046 1061 monium

2804 1078 3075 1133 adversus
3097 1095 3245 1144 cttm,

2804 1149 2896 1204 58.
2922 1149 3195 1204 dicentes:
3214 1151 3348 1220 Qui-

2809 1236 2836 1272 a
2869 1236 2968 1275 nos
2994 1221 3204 1276 audivi-

2810 1309 2928 1346 tuus
2952 1308 3074 1346 eum
3099 1293 3174 1346 tli-

2807 1375 3018 1419 ccntem
3052 1382 3064 1416 :
3106 1364 3250 1432 Quo-

2809 1438 2951 1489 niani
2981 1450 3081 1505 ego
3109 1437 3231 1492 des-

2807 1515 2980 1561 truam
3016 1518 3152 1562 tem-

2803 1580 2952 1648 plutn
2990 1579 3092 1634 hoc
3120 1595 3233 1633 ma-

2803 1651 2965 1704 nibus
2987 1651 3175 1704 aedili-

2801 1733 3002 1785 catum,
3037 1731 3090 1775 ct
3117 1723 3137 1752 ⁵
3173 1732 3294 1791 post

2805 1794 3022 1848 tertium
3059 1793 3208 1850 diem

2805 1865 2950 1918 aliud
2983 1867 3159 1920 susci-

2810 1937 2933 1992 tabo
2962 1953 3068 1990 non
3099 1951 3216 1992 ma-

1100 2020 1312 2064 tronem
1343 2024 1428 2064 νε-

1099 2082 1258 2135 nistis
1283 2095 1406 2135 cum
1488 2120 1493 2125 .

1096 2152 1312 2219 gladiis,
1346 2159 1402 2206 et
1424 2151 1551 2216 ‘fus-

1099 2225 1264 2286 tibus,
1290 2238 1518 2293 conpre—

1100 2294 1343 2350 hendere
1377 2297 1508 2350 me?

1098 2366 1188 2422 49.
1219 2365 1454 2421 Cottidie
1480 2381 1628 2422 eram

1100 2438 1400 2502 vobiscum,
1427 2438 1480 2493 in

1103 2511 1306 2578 templo
1334 2509 1435 2564 do-

1099 2596 1252 2646 cens,
1285 2590 1340 2634 et
1368 2597 1476 2636 non

1100 2652 1412 2707 detinuistis

241 2026 327 2080 te,
356 2017 508 2070 venit
534 2016 629 2071 Ju-

239 2087 349 2142 das
386 2088 402 2117 ¹
431 2087 684 2144 Scarioth

245 2175 396 2212 UllllS
429 2175 497 2213 ex
522 2175 617 2214 XII.

243 2240 457 2286 etcum
489 2231 582 2285 illo

247 2303 416 2356 tttrba
433 2316 555 2356 cum

247 2373 473 2442 gladiis,
499 2381 553 2427 et
582 2372 688 2428 lus-

251 2445 423 2505 tibus.
449 2459 478 2497 a
503 2444 664 2501 Sum-

252 2517 363 2570 mis
394 2515 668 2572 Sacerdo-

253 2589 424 2650 tibus,
449 2597 504 2642 et
529 2587 679 2640 Scri-

254 2659 366 2723 bis,
394 2667 450 2714 et
476 2658 668 2714 Senio—

256 2732 435 2785 ribus.
1087 2739 1209 2795 .me.
1235 2723 1365 2788 Sed,
1393 2733 1450 2778 ut
1476 2724 1558 2779 itt-

255 2804 347 2857 44.
383 2800 542 2857 Dedit
569 2809 772 2866 autem,
1099 2797 1350 2864 pleantur

255 2874 348 2941 qui
374 2889 498 2928 eum
531 2884 639 2928 tra-
1097 2868 1433 2941 Scripturae.

1101 2940 1191 2995 50.
1217 2939 1304 3006 Et,
1333 2938 1522 2995 relicto
1549 2955 1638 3006 eo,

1099 3025 1293 3065 omnes
1325 3009 1479 3078 fuge-

1099 3083 1191 3138 51.
1223 3089 1370 3137 runt.
1402 3083 1468 3138 Et
1490 3082 1644 3153 juve-

1100 3155 1184 3208 nis
1212 3154 1428 3224 quidam

1098 3223 1432 3294 sequebatur

1101 3312 1252 3364 eum,
1284 3298 1454 3352 amic-

258 2945 443 3010 debat,
466 2944 705 3014 signum,

260 3017 449 3070 dicens
481 3032 492 3069 :
527 3015 730 3083 Quem-

260 3103 494 3157 ciunque
517 3103 598 3142 os.

263 3160 471 3214 culalus
504 3158 626 3214 fue-

264 3246 346 3296 ro,
377 3231 490 3298 ipse
519 3237 603 3287 est
625 3248 638 3284 :
659 3238 737 3286 te-

265 3311 389 3358 nete
409 3302 586 3369 illum,

1932 3079 2021 3138 "et
2053 3099 2159 3138 non
2194 3084 2347 3139 iuve-

2807 2009 3110 2063 nulactum.

2806 2081 2897 2136 59.
2931 2081 2996 2134 Et
3021 2095 3120 2135 nec
3149 2080 3230 2136 sic
3268 2090 3427 2136 erant

1971 2010 2279 2066 Sacerdotis
2303 2029 2316 2064 :

1965 2093 2019 2136 et
2039 2092 2154 2136 erat
2177 2084 2374 2138 sedens

1965 2168 2088 2208 cum
2122 2155 2314 2208 minis-
2806 2151 3141 2206 convenien-

1967 2227 2086 2290 tris,
2102 2225 2302 2279 callici-
2805 2225 2879 2277 tia
2908 2225 3154 2278 testimo-

1964 2311 2064 2352 ens
2094 2311 2154 2351 se
2181 2297 2248 2350 ad
2283 2297 2349 2367 ig-
2805 2297 2893 2349 nia
2928 2295 3168 2350 illorum.

1966 2384 2113 2422 nem.
2304 2363 2326 2367 ⁷
2807 2369 2897 2422 tit).
2929 2367 2996 2420 Et
3023 2379 3254 2436 surgens
3273 2363 3429 2420 Prin-

2081 2438 2358 2508 Principes
2388 2455 2482 2494 au-

1966 2521 2074 2565 tem
2101 2511 2368 2567 Sacerdo—

1966 2593 2098 2645 tum,
2129 2593 2180 2636 et
2209 2581 2412 2654 Concij

1965 2655 2094 2709 lium
2129 2662 2300 2708 totum

2805 2453 2933 2507 ceps
2955 2438 3222 2494 Sacerdo-

2809 2520 2919 2564 tum
2955 2511 3006 2563 in
3054 2525 3167 2565 me-

2803 2581 2914 2646 dio,
2944 2582 2965 2612 ⁸
2996 2581 3229 2636 interro-

2801 2653 2949 2724 gavit
2977 2652 3161 2708 Jesum
3191 2670 3203 2704 :

1965 2726 2302 2797 quaerebant
2802 2724 2946 2797 Nihil
2976 2738 3211 2797 respon-

1967 2795 2228 2852 adversus
2253 2796 2442 2852 Jesum
2802 2796 2900 2851 des
2924 2795 2991 2849 ad
3011 2796 3166 2860 haec,

1967 2868 2367 2934 testimonium,
2801 2883 2942 2937 quae
2970 2867 3059 2922 isti
3083 2867 3177 2921 ad-

1968 2951 2024 2995 ut
2053 2940 2216 2994 morti
2235 2955 2360 2994 eum
2807 2953 2998 2994 versus
3023 2947 3077 2993 te
3107 2953 3240 2993 cou-

1965 3012 2290 3067 adlicerent:
2808 3019 3075 3064 testantur
3102 3010 3122 3063 l

2805 3082 2896 3138 6|.
2934 3083 2995 3136 Et
3020 3081 3094 3134 ait
3125 3080 3198 3134 illi
3233 3097 3246 3134 :
3281 3079 3464 3146 Tu,es

2805 3153 3056 3208 Christus
3098 3152 3269 3208 Filius
3296 3153 3392 3208 be-

2807 3224 3050 3280 nedicti?

2805 3297 2896 3352 62.
2915 3295 3074 3353 Jesus
3096 3305 3278 3352 autem
3309 3310 3426 3352 res-

1964 3155 2055 3212 56.
2092 3164 2308 3210 nerunt.
2347 3153 2474 3210 Mul-

1967 3230 2006 3282 ti
2029 3227 2175 3283 enim
2201 3227 2337 3281 falso

1966 3301 2310 3356 testabantur

1583 3433 1815 3490 CODEX
1855 3432 2251 3490 BRIXIANUS.
2273 3439 2306 3484 θ’

269 3568 322 3613 et
349 3556 666 3628 ignorabant
708 3555 837 3626 quid
865 3554 913 3628 ei
947 3551 1359 3628 responderent.
1394 3552 1460 3628 Et
1489 3552 1648 3628 venit
1686 3554 1845 3628 tertio

269 3639 323 3684 et
346 3623 416 3683 ait
454 3627 581 3682 illis.
615 3623 854 3682 Doriuite
897 3626 1029 3694 jam.
1085 3636 1140 3680 et
1186 3623 1532 3690 requiescite.
1570 3623 1737 3677 Adest
1792 3626 1856 3676 li-

271 3703 371 3766 nis,
397 3700 546 3755 venit
578 3701 731 3753 liora.
787 3699 926 3752 Ecce
954 3697 1184 3751 traditur
1211 3694 1356 3748 ﬁlius
1391 3694 1627 3766 hominis
1656 3694 1707 3748 in
1743 3710 1861 3748 ma-

274 3787 369 3826 nus
406 3781 777 3842 peccatorum.
804 3769 1023 3840 Surgite
1049 3781 1261 3825 eamus.
1299 3780 1428 3821 ecce
1453 3765 1862 3837 adpropinqua-

273 3843 345 3898 vit
371 3844 457 3913 qui
488 3858 574 3913 me
602 3842 801 3896 tradet.

342 3908 402 3968 Et
435 3911 722 3969 confestim
764 3912 940 3967 adhuc
967 3928 1032 3966 eo
1060 3911 1337 3981 loquente.
1366 3910 1514 3964 venit
1543 3908 1708 3964 Judas
1734 3910 1863 3965 Sca-

275 3987 426 4042 rioth.
452 4002 591 4040 ttttus
616 4002 680 4040 ex
709 3985 1017 4038 duodecim.
1046 3995 1097 4036 et
1125 3997 1249 4036 cum
1281 3982 1372 4034 illo
1403 3981 1708 4035 multitudo.
1735 3996 1858 4035 cum

274 4058 454 4126 gladiis
493 4067 548 4112 et
589 4056 838 4110 fustibus.
882 4072 911 4108 a
955 4057 1195 4126 Summis
1237 4052 1642 4108 Sacerdotibus.
1694 4062 1749 4126 ct
1793 4053 1862 4107 ab

278 4123 485 4185 Scribis.
517 4139 569 4183 et
595 4146 623 4180 ει
653 4127 994 4182 Senioribus.
1035 4125 1270 4179 Dederat
1304 4135 1482 4178 autem
1525 4127 1602 4177 eis
1633 4123 1862 4178 traditor

277 4201 385 4269 ejus
411 4202 620 4270 signum
649 4199 862 4270 dicens.
902 4198 1073 4270 Quem
1109 4197 1389 4270 osculatus
1418 4195 1572 4250 fuero
1602 4196 1718 4270 ipse
1754 4205 1860 4250 est.

281 4267 444 4327 tenete
465 4267 614 4326 eum.
654 4279 710 4326 et
743 4268 926 4324 ducite
966 4268 1295 4323 ﬁrmissime.
1338 4269 1400 4322 Et
1439 4281 1562 4320 cum
1601 4267 1859 4322 venisset.

280 4343 449 4397 statim
475 4342 740 4398 accedens
767 4340 833 4396 ad
861 4355 1009 4395 eum.
1041 4341 1136 4394 ait.
1166 4338 1360 4393 Rabbi.
1390 4348 1444 4392 et
1479 4339 1754 4393 osculatus
1782 4349 1866 4394 est

282 4431 411 4470 cum.
440 4414 508 4470 At
538 4413 636 4468 illi.
667 4428 862 4466 manus
889 4412 1195 4479 iniecerunt
1222 4410 1273 4463 iu
1302 4424 1447 4464 eum.
1478 4419 1535 4464 et
1577 4419 1866 4464 tenuerunt

283 4501 411 4542 cuin.
442 4485 589 4542 Unus
616 4492 800 4540 autem
823 4483 892 4540 de
919 4481 1422 4539 circumstantibus.
1447 4482 1734 4552 evaginato
1755 4481 1866 4552 gla-

1973 3554 2083 3608 dio.
2127 3552 2394 3620 percussit
2430 3566 2648 3607 servum
2680 3551 2948 3622 Principis
2971 3552 3347 3609 Sacerdotum.
3376 3561 3433 3607 et
3457 3568 3572 3606 ant-

1971 3624 2177 3695 putavit
2205 3624 2279 3695 illi
2303 3623 2612 3695 auriculam
2639 3623 2907 3678 dextram.
2946 3625 3013 3679 Et
3043 3625 3378 3694 respondens
3413 3624 3576 3681 Jesus

1969 3694 2045 3750 ait
2067 3696 2194 3767 illis.
2227 3694 2618 3767 Tamquamad
2650 3695 2915 3750 latronem
2955 3697 3177 3752 venistis
3212 3711 3338 3751 cum
3375 3695 3574 3767 gladiis

1969 3776 2026 3823 et
2051 3766 2288 3820 fustibus
2317 3765 2768 3836 conprehendere
2797 3783 2904 3822 me.

2042 3837 2276 3894 Cottidie
2311 3854 2459 3910 erant
2487 3849 2618 3910 aput
2654 3853 2769 3893 vos.
2800 3839 3003 3895 docens
3042 3840 3094 3893 in
3125 3841 3348 3910 templo.
3381 3847 3436 3896 et
3464 3853 3570 3895 non

1974 3927 2058 3966 me
2089 3911 2359 3965 tenuistis.
2391 3909 2498 3964 Sed
2530 3922 2587 3963 ut
2614 3910 2925 3979 inpleantur
2949 3909 3285 3968 Scribturae.

2046 3980 2509 4050 lit'reliuqucntcs
2535 3998 2658 4037 eum
2686 3998 2878 4037 omnes
2921 3984 3190 4053 fugerunt.
3232 3983 3571 4040 Adulescens

1969 4063 2149 4108 autem
2197 4054 2415 4124 quidam
2456 4053 2788 4123 sequebatur
2828 4056 3002 4110 illum.
3045 4056 3280 4110 amictus
3319 4056 3570 4112 sindone.

1967 4127 2113 4180 sicut
2139 4137 2257 4181 erat
2297 4127 2493 4180 nudus.
2525 4136 2579 4179 et
2619 4135 2910 4181 tenuerunt
2936 4143 3080 4182 eum.
3127 4128 3205 4182 Ad
3249 4127 3340 4182 ille
3383 4129 3571 4182 relicta

1969 4197 2216 4252 sindone.
2248 4197 2422 4252 nudus
2452 4197 2584 4266 fugit
2609 4198 2678 4252 ab
2706 4199 2804 4253 eis.
2837 4199 2903 4252 Et
2929 4198 3264 4254 adduxerunt
3296 4199 3479 4254 Jesum
3503 4198 3572 4252 ad

1969 4268 2277 4339 Principem
2305 4268 2685 4324 Sacerdotum.
2714 4281 2766 4324 ct
2793 4285 3036 4325 conveue
3063 4311 3075 4322 .
3106 4309 3119 4322 .
3149 4308 3162 4322 .
3192 4309 3206 4323 .
3233 4307 3248 4322 .
3280 4311 3293 4323 .
3324 4310 3338 4325 .
3367 4309 3380 4323 .
3411 4311 3426 4326 .

2035 4339 2256 4395 Mutilus
2286 4351 2361 4413 est
2385 4340 2549 4395 codex
2576 4341 2766 4412 pagina
2795 4341 3019 4413 integra,
3049 4340 3243 4396 scilicet
3273 4360 3304 4396 a
3334 4357 3480 4398 versu
3506 4342 3576 4397 55

1971 4428 2131 4480 usque
2160 4413 2227 4467 ad
2255 4412 2348 4466 σει.

2044 4485 2202 4540 Jesus
2218 4485 2560 4554 autemgdixit
2587 4483 2684 4540 illi.

1561 4597 1795 4653 CODEX
1833 4597 2313 4656 CORBEIENSIS.
2329 4600 2342 4622 ‘

346 4694 424 4748 ll.
463 4691 702 4748 Dormite
727 4693 864 4762 jam.
895 4699 950 4746 et
979 4690 1329 4762 requiescite.
1363 4691 1536 4747 Adest
1562 4691 1706 4747 enim
1742 4705 1868 4746 con-

287 4765 558 4821 summatio
583 4782 596 4817 :
629 4764 855 4819 etvenit
883 4762 1037 4816 hora.

345 4836 428 4890 4'2.
465 4851 595 4892 ecce
629 4835 902 4904 proximat
929 4835 1159 4889 traditor
1197 4851 1372 4891 meus.

348 4907 427 4963 45.
457 4923 578 4990 cum
621 4907 814 4990 gladiis
844 4916 899 4962 et
927 4905 1183 4972 fustibus,
1217 4923 1246 4961 a
1301 4904 1648 4974 Principibus
1677 4907 1862 4961 Sacer-

290 4980 458 5036 doutm
491 4980 665 5034 missi.

349 5051 432 5105 44.
458 5061 639 5106 tenete
661 5066 806 5112 eum,
833 5061 886 5105 et
915 5050 1096 5105 ducite
1126 5049 1434 5120 diligenter.

349 5121 433 5178 45.
457 5123 531 5176 ait
559 5122 636 5178 illi
662 5138 676 5174 :
715 5122 904 5183 liabbi.
936 5132 992 5177 et
1020 5123 1296 5176 osculatus
1327 5131 1410 5175 est
1442 5135 1588 5174 cum.

350 5192 430 5248 47.
457 5193 525 5249 Et
563 5207 704 5248 unus
730 5192 800 5248 de
839 5194 1318 5250 circumstantibus
1347 5203 1602 5263 exempto
1651 5190 1856 5264 gladio,

294 5265 538 5338 percussit
563 5279 805 5322 servum.

2041 4693 2132 4746 43.
2163 4706 2285 4746 cum
2312 4690 2528 4761 gladiis,
2560 4698 2616 4746 et
2651 4689 2908 4748 fustibus.

2041 4764 2129 4836 5t.
2163 4762 2394 4818 amictus
2425 4763 2654 4818 sindone
2682 4779 2846 4832 supra
2879 4763 3083 4820 nudum
3114 4780 3332 4836 corpus.

2039 4833 2132 4889 5'6.
2167 4843 2222 4888 et
2249 4849 2356 4890 non
2385 4844 2542 4890 erant
2572 4837 2953 4892 convenientia
2987 4833 3318 4893 testimonia.

2041 4905 2132 4960 57.
2163 4906 2232 4962 Et
2259 4906 2354 4961 alii
2379 4916 2728 4978 exurgentes.

2040 4979 2130 5032 58.
2173 4978 2287 5053 ligo
2317 4979 2591 5053 destruam
2625 4979 2885 5053 templum
2929 4978 3023 5035 Dei
3066 4979 3434 5038 manufaclum
3464 5026 3479 5053 ,
3522 4993 3576 5042 ct

1969 5059 2092 5118 post
2121 5049 2356 5105 triduum
2389 5051 2532 5105 aliud
2563 5051 2840 5106 suscitabo
2872 5067 2978 5104 non
3009 5052 3398 5111 manulactum.

2039 5119 2128 5176 59.
2161 5121 2227 5192 Et
2255 5136 2362 5176 non
2391 5133 2549 5176 erant
2575 5122 2820 5192 aequalia
2847 5122 3159 5178 testimonia
3187 5125 3425 5182 illorum.

2039 5191 2266 5264 6i;llle
2305 5202 2484 5248 autem
2528 5191 2718 5264 tacuit,
2766 5201 2822 5248 et
2861 5193 2991 5247 nihil
3034 5197 3336 5264 respondit.
3379 5200 3577 5259 iterato

1968 5264 2078 5318 ait:
2108 5263 2189 5318 Tu
2210 5305 2226 5332 ,
2257 5279 2317 5320 es
2342 5264 2594 5321 Christus
2621 5263 2795 5322 Filius
2821 5265 2916 5321 Dei
2942 5263 3257 5324 benedicti?

1491 5377 1891 5436 VARIANTES
1930 5377 2338 5435 LECTIONES.

349 5497 377 5548 ι,
395 5495 497 5561 Gal.
516 5495 804 5547 Scarioth...
831 5497 963 5547 missi
989 5510 1014 5545 a
1037 5495 1271 5546 Summis.
1316 5493 1463 5561 Vulg.
1494 5495 1815 5547 Iscariotes...
1843 5509 1871 5545 a

296 5556 502 5608 Summis.

349 5624 366 5652 ¹
396 5623 497 5671 Gal.
523 5622 706 5671 ducite.
740 5618 888 5684 Vulg.
913 5622 1098 5672 ducite.

350 5685 366 5749 ξ
396 5686 498 5733 Gal.
524 5684 710 5733 Summi
740 5682 1003 5749 Pontificis.
1033 5682 1182 5749 Vulg.
1208 5684 1720 5749 SummiSacerdotis.

354 5745 369 5777 δ
399 5749 502 5797 Gut.
523 5760 683 5809 usque
707 5749 757 5798 in
784 5748 1020 5798 atrium...
1068 5745 1483 5799 t-t'calel'aciebat
1518 5761 1574 5798 se
1597 5748 1654 5798 ad
1681 5749 1865 5810 ignem.

1979 5492 2330 5608 ﬁgulggeusque
2371 5495 2501 5547 intro
2541 5497 2588 5547 in
2629 5498 2868 5551 atrium...
2909 5498 2968 5549 ad
3003 5500 3189 5562 ignem,
3228 5508 3280 5554 et
3319 5503 3569 5558 calefacie-

2038 5622 2060 5687 ξ
2095 5621 2200 5687 Gal.
2225 5629 2336 5687 post
2357 5621 2591 5687 triduum.
2622 5622 2767 5687 Vulg.
2793 5637 2884 5687 per
2907 5625 3138 5687 triduum.

1981 5685 2650 5810 quzdggg-milllel‘fogﬂbat....
2689 5685 2969 5750 quicquam.
3003 5685 3149 5754 Vulg.
3174 5689 3575 5759 interrogavit....
