4010 6194
218 210 344 268 831

223 416 553 472 clamabant
581 435 594 470 :

217 488 509 560 Qrucilige

222 559 414 614 illum.

228 630 256 684 1
375 631 581 685 Pilatus
608 637 786 685 autem

311 843 443 918 (Hic
469 845 521 898 in
539 845 773 918 interiori
797 843 1001 918 Codicis

230 916 552 987 autograplii
597 916 829 986 margine
874 916 998 968 laci-

230 989 339 1040 niae
388 997 506 1041 sum
553 987 832 1041 recisorum
874 1003 1002 1057 qua-

231 1069 359 1113 tuor
386 1058 681 1127 foliorum.)

411 1128 640 1184 CAPUT
663 1126 819 1183 XVI.

355 1199 482 1254 [hec
505 1214 616 1269 qua!
643 1209 924 1263 sequuntur
949 1201 1003 1253 in

233 1270 355 1327 cod.
412 1270 754 1335 Vercellrnsi,
808 1272 1004 1338 scripta

235 1355 356 1397 sunt
387 1343 623 1397 secundis
646 1343 784 1395 curis
811 1343 872 1395 ab
893 1343 1000 1396 alio

235 1414 550 1483 Antiquario
598 1417 756 1484 juxta
809 1414 996 1484 editio-

235 1503 356 1540 nem
386 1485 424 1541 S
435 1525 447 1537 .
479 1483 783 1555 Hieronymi

236 1559 295 1612 7.
337 1557 670 1619 Galilaeam;
708 1556 776 1609 ibi
805 1570 928 1610 eum

238 1627 527 1692 videbitis,
560 1630 700 1684 sicut
726 1627 834 1682 dixi

239 1701 296 1756 8.
343 1701 516 1753 vobis.
551 1701 619 1754 At
647 1699 768 1753 illae
801 1714 1007 1754 exeun-

241 1780 346 1833 tes,
381 1773 635 1840 fugerunt
666 1769 734 1824 de
763 1786 875 1824 mo-

242 1853 539 1907 numento;
575 1855 787 1896 Invase-

245 1921 329 1970 rat
356 1916 503 1970 enim
533 1928 626 1970 eas
656 1914 672 1944 ι
703 1921 810 1968 tre.

329 2195 411 2250 15.
448 2192 656 2248 Pilatus
681 2199 862 2246 autem
891 2190 1097 2246 dimisit.
1126 2191 1234 2246 illis
1265 2189 1589 2246 Barabbam.
1620 2189 1847 2254 Omittit,

253 2265 450 2320 volens
478 2264 680 2336 p0pulo
712 2262 1048 2336 satisfacere.

1266 209 1723 267 EVANGELIUM
1763 207 2140 266 SECUNDUM
2183 209 2498 264 MARCUM.

631 320 866 378 CODEX
908 321 935 376 \
953 320 1442 378 EllCELLENSlS.

1077 432 1220 480 lﬂOl‘,
1245 427 1301 471 et
1333 432 1534 485 pavor:
1570 424 1623 472 et
1647 433 1741 472 ue-

1077 489 1209 542 mini
1237 487 1526 558 quicquam
1559 489 1641 543 di-

1079 569 1305 624 xerunt;
1339 561 1599 613 timebant

1077 632 1130 685 9.
1166 631 1329 684 enim.
1355 632 1374 660 ’
1395 630 1634 700 Surgens
1656 640 1835 686 autem

1077 716 1265 768 mane,
1303 703 1474 770 prima
1505 702 1697 756 sabba-

1079 774 1134 835 ti,
1171 773 1419 841 apparuit
1450 774 1625 841 primo

1077 844 1279 899 Marine
1304 845 1572 914 Magdale-

1078 931 1198 978 nae,
1223 915 1291 969 de
1319 931 1423 985 qua
1452 917 1691 984 eiecerat

1079 987 1162 1042 l0.
1191 996 1395 1054 septem
1418 987 1724 1040 daemonia.
1746 985 1839 1040 Illa

1077 1056 1301 1120 vadetis,
1332 1058 1598 1112 nuntiavit

1080 1129 1186 1192 his,
1219 1129 1307 1198 qui
1332 1144 1453 1183 cum
1475 1145 1542 1184 eo
1567 1129 1802 1193 fuerant,

1080 1201 1409 1268 lugentibus,
1439 1210 1492 1254 et
1519 1199 1698 1253 ﬂenti-

1079 1270 1166 1323 11.
1203 1271 1320 1324 lius.
1344 1271 1411 1324 Et
1431 1272 1506 1325 illi
1532 1273 1838 1334 audientes,

1077 1342 1198 1411 quin
1231 1341 1464 1408 viveret,
1497 1353 1552 1398 et
1588 1344 1665 1396 vi-

1076 1428 1170 1467 sus
1196 1423 1342 1469 esset
1363 1415 1431 1470 ab
1462 1429 1548 1482 ea,
1584 1429 1690 1469 non

1074 1483 1443 1539 crediderunt.

1078 1556 1165 1609 12.
1211 1557 1339 1610 Post
1363 1555 1499 1612 haec
1520 1557 1839 1611 auteman-

1080 1627 1178 1681 bus
1207 1643 1270 1681 ex
1302 1629 1384 1682 eis
1413 1628 1700 1682 ambulan—

1079 1699 1222 1754 tibus
1258 1710 1509 1756 ostensus
1544 1710 1628 1754 est
1663 1700 1714 1756 in
1748 1699 1846 1753 ali,

1079 1784 1109 1822 a
1142 1771 1340 1840 efﬁgie,
1372 1772 1626 1840 euntibus
1659 1772 1710 1824 in
1748 1772 1846 1824 vil-

1082 1843 1172 1896 15.
1216 1837 1341 1924 tam.
1375 1842 1442 1896 Et
1471 1837 1548 1895 illi
1583 1848 1806 1924 euntes,

1083 1925 1470 1969 nuntiaverunt
1488 1924 1685 1970 (36181⁸15
1703 1931 1716 1979 ;

3451 206 3554 261 8M

2343 320 2575 378 CODEX
2616 319 3169 378 VERCELLENSIS.

2451 431 2660 471 DEFlClT
2696 430 2900 470 VERONE
2912 431 3041 470 NSIS.

1947 503 2047 544 nec
2092 488 2194 540 illis
2227 487 2594 544 crediderunt.

1945 559 2034 614 M.
2077 559 2400 625 Novissime,
2434 576 2645 614 recum-

1945 629 2200 684 bentibus
2227 631 2333 686 illis
2355 631 2604 686 undecim

1943 702 2224 769 apparuit;
2259 710 2313 756 et
2353 700 2706 765 cxiirobravit

1945 774 2384 828 incredulitatem
2416 773 2655 840 illorum,

1944 855 1995 899 et
2021 845 2274 899 duritiam
2304 847 2481 899 cordis
2509 863 2522 898 :

1945 916 2065 984 quia
2102 917 2214 980 liis,
2246 918 2335 987 qui
2365 917 2610 971 viderant

1946 1001 2068 1040 cum
2099 989 2487 1051 resurrexisse,

1949 1059 2035 1112 15.
2080 1075 2184 1112 non
2219 1059 2589 1114 crediderunt.
2642 1057 2708 1112 Et

1945 1128 2083 1183 dixit
2113 1130 2191 1183 eis
2221 1149 2233 1186 :
2271 1131 2477 1184 Euutes
2499 1131 2519 1161 ³
2549 1131 2600 1184 in

1948 1201 2204 1254 mundum
2223 1203 2713 1272 univcrsunhprae‘

1947 1273 2125 1343 dicate
2157 1271 2512 1343 Evangelium

1949 1342 2036 1396 16.
2080 1345 2224 1398 omni
2266 1342 2572 1399 creaturae.
2608 1342 2710 1410 Qui

1947 1415 2265 1480 crediderit,
2296 1427 2348 1470 et
2380 1415 2616 1484 baptiza-

1948 1495 2034 1544 tus
2067 1485 2259 1552 fuerit,
2291 1489 2475 1542 salvus
2502 1488 2633 1552 erit;

1948 1558 2035 1626 qui
2070 1573 2199 1612 vero
2247 1574 2354 1612 non
2392 1558 2709 1625 crediderit,

1948 1629 2422 1685 eundemnabitur.

1951 1700 2039 1755 17.
2083 1703 2242 1770 Signa
2268 1711 2450 1756 autem
2478 1716 2594 1766 eos,
2620 1701 2711 1768 qui

1948 1772 2305 1839 crediderint,
2325 1778 2456 1828 haec
2480 1786 2713 1844 sequen-

1952 1851 2039 1896 tur
2071 1861 2083 1896 :
2117 1844 2172 1897 In
2203 1847 2422 1899 nomine
2452 1859 2573 1899 meo

1951 1914 2236 1970 daemonia
2269 1917 2505 1972 eicient:
2541 1915 2642 1970 lin-

1519 2050 1758 2106 CODEX
1796 2050 2273 2111 CORBEIENSIS.

320 2338 406 2410 17,
445 2334 824 2410 i_iiiposuerunt
853 2334 904 2389 ei
939 2336 1134 2410 lactant
1167 2334 1412 2410 Spineani
1451 2350 1737 2410 coronam.

319 2409 410 2463 19.
445 2407 510 2461 Et
540 2407 916 2476 percutiebant
947 2421 1071 2478 eum
1104 2405 1172 2459 de
1202 2405 1469 2478 arundine
1500 2408 1551 2460 in
1584 2415 1772 2478 caput.

318 2481 409 2534 2t.
447 2480 512 2532 Et
537 2475 958 2546 angariaverunt
977 2477 1258 2532 Simonem
1279 2475 1655 2547 Cyrenaeum,
1676 2475 1852 2529 trans-

603 2590 616 2604 .
648 2557 856 2620 patrem
886 2548 1224 2616 Alexandri,
1261 2546 1584 2610 uttolleret.
1623 2546 1850 2615 Omittit,

248 2562 466 2608 euntem
501 2591 515 2604 .
555 2587 566 2604 ι

251 2633 306 2680 et
333 2621 476 2676 Ruﬁ.

323 2695 416 2748 23.
448 2701 749 2747 murralum
779 2691 986 2746 vinum.

256 2836 491 2892 tolleret.

323 2909 414 2964 25.
446 2906 577 2962 Erat
605 2916 788 2961 autem
833 2905 964 2960 liora
1003 2905 1112 2960 diei
1153 2906 1343 2971 tertia,
1382 2914 1435 2962 et
1477 2905 1858 2961 custodiebant

254 2995 400 3036 eum.

324 3051 411 3105 26.
449 3049 519 3105 Et
540 3060 657 3105 erat
680 3049 1078 3119 superscriptio
1101 3047 1347 3104 criminis
1369 3051 1570 3119 scripta
1602 3048 1747 3103 :ch
1777 3047 1863 3102 .lu-

257 3122 516 3179 daeoruui
529 3162 542 3175 .

329 3193 418 3248 5i.
453 3191 871 3262 lamasaptliaui.

327 3265 414 3320 56.
446 3265 842 3334 circumposuit
872 3263 1157 3330 arundini,
1191 3272 1246 3320 et
1275 3261 1440 3320 dabat
1475 3302 1487 3315 .
1525 3305 1536 3316 .
1575 3303 1588 3316 .
1623 3261 1671 3318 si
1710 3263 1860 3318 venit

261 3336 439 3394 llelias
459 3376 476 3403 ,
508 3345 564 3392 et
592 3336 819 3406 deponit
849 3350 996 3391 eum.

325 3587 339 3615 ι
376 3584 482 3634 Gat.
507 3590 690 3643 terror,
717 3592 770 3634 et
786 3595 953 3644 pavor.

323 3648 342 3678 ¹
376 3647 481 3698 Gai.
502 3645 624 3694 Nam
646 3645 793 3695 Jesus
817 3657 978 3693 mane.

327 3710 347 3742 ³
381 3710 490 3760 Gut.
516 3710 568 3758 in
589 3711 819 3758 mundum
844 3706 1145 3770 praedicate.

274 3952 523 3990 ,επὲ
533 3952 1778 3982 ἓπ-...ηη
1794 3952 3327 3988 W

2779 488 2899 553 guis
2927 487 3217 556 loquentur
3243 486 3398 540 novis
3430 498 3443 537 :

2783 560 2868 613 18.
2913 569 3193 628 serpentes
3214 558 3408 618 tollent
3431 573 3444 610 :
3470 565 3546 622 et,

2781 630 2825 683 si
2859 630 3194 684 mortiferum
3235 628 3361 698 quid

2785 701 3039 766 biberint,
3064 701 3086 730 "
3111 718 3216 755 non
3245 701 3325 754 eis
3359 713 3459 752 no-

2782 774 2924 827 cebit
2954 793 2966 827 :
3001 787 3165 840 super
3192 786 3388 842 aegros

2784 859 2978 899 manus
3005 843 3266 914 inponent
3288 883 3303 908 ,

2779 925 2834 970 ct
2859 916 2998 970 bene
3024 915 3320 970 habebunt.

2782 986 2869 1042 19.
2917 986 2979 1040 Et
3029 987 3289 1039 Dominus
3324 983 3546 1054 quidem

2781 1058 2967 1122 Jesus,
3016 1069 3300 1127 postquam
3336 1060 3548 1114 locutus

2782 1137 2867 1185 est
2893 1129 2992 1192 eis,
3027 1136 3336 1198 assumptus

2785 1212 2868 1257 est
2893 1203 2942 1254 in
2968 1201 3202 1264 caelum,
3237 1210 3292 1254 et
3319 1213 3405 1253 se-

2784 1273 2862 1327 dit
2886 1288 2912 1324 a
2939 1272 3144 1325 dextris
3173 1271 3289 1325 Dei.

2784 1345 2875 1398 ‘20.
2919 1345 2994 1398 llli
3027 1354 3209 1398 autem
3245 1342 3492 1412 profecti,

2789 1414 3246 1486 praedicaverunt

2788 1489 3009 1557 ubique,
3037 1486 3265 1542 Domino
3292 1499 3492 1556 coope-

2789 1569 2965 1623 rante,
2997 1569 3050 1612 ct
3078 1573 3290 1612 sermn-

2790 1645 2910 1683 nem
2938 1629 3301 1683 contirmante

2789 1702 2811 1732 ⁸
2839 1700 3193 1772 sequentibus
3221 1699 3415 1770 signis.

2828 1859 3139 1900 EXPLICAVIT
3179 1858 3524 1898 EVANGELIUM

2888 1929 3173 1972 SECUNDUM
3211 1927 3452 1970 MARCUH.

2026 2190 2116 2245 :59.
2146 2189 2281 2245 Cum
2313 2202 2496 2245 autem
2527 2191 2743 2258 videret
2772 2189 3067 2254 Centurio,
3099 2189 3192 2259 qui
3219 2189 3399 2242 stabat
3429 2186 3561 2243 'cono

1957 2272 2037 2317 ira
2067 2279 2190 2318 eum
2213 2304 2226 2325 ,
2261 2264 2406 2332 quod
2430 2305 2444 2329 ,
2475 2263 2555 2317 sic
2586 2264 2831 2318 clamans
2856 2303 2871 2329 ,
2900 2262 3088 2318 emisit
3118 2260 3398 2332 spiritum.

2026 2334 2116 2390 41.
2150 2336 2211 2391 Et
2233 2330 2507 2390 advocatis
2529 2336 2940 2400 Centurioucm,
2969 2330 3350 2403 interregavit,
3377 2331 3422 2384 si
3447 2330 3560 2400 jam

1956 2405 2268 2461 defunctus.

2027 2477 2118 2532 47.
2153 2486 2484 2532 notaverunt
2515 2478 2691 2532 locum
2716 2519 2729 2543 ,
2765 2478 2855 2532 ubi
2890 2475 3216 2546 ponebatur.

2028 2550 2160 2604 Car.
2197 2549 2339 2605 XVI.
2364 2580 2434 2589 —
2457 2548 2514 2604 4.
2548 2561 2602 2604 et
2631 2560 2897 2605 venerunt
2918 2589 2931 2616 ,
2965 2559 3020 2605 et
3049 2547 3376 2602 invenerunt
3409 2561 3564 2600 revo-

1962 2621 2134 2676 lutum
2165 2621 2424 2687 lapidem.

2033 2692 2086 2747 5.
2123 2693 2376 2748 viderunt
2413 2692 2823 2749 adolescentem
2853 2692 3115 2754 amictum
3147 2689 3343 2745 stolam
3375 2687 3564 2750 candi-

321 2765 412 2818 24.
444 2764 724 2818 mittentes
750 2772 976 2819 sortem.
1009 2763 1223 2828 omisso,
1253 2777 1420 2833 super
1449 2763 1552 2829 eis,
1577 2763 1698 2834 quis
1726 2760 1855 2833 quid
1962 2763 2088 2818 dam
2110 2805 2125 2830 ,
2159 2769 2213 2817 et
2240 2773 2598 2833 expaverunt.

2033 2835 2088 2889 6.
2122 2834 2301 2890 videte
2322 2876 2337 2899 ,
2370 2851 2500 2891 ecce
2531 2836 2712 2890 locum
2743 2837 2860 2906 ejus
2881 2877 2893 2900 ,
2930 2835 3021 2890 ubi
3056 2833 3266 2904 positus
3295 2841 3438 2888 erat.

2036 2907 2090 2959 7.
2123 2907 2264 2962 sicut
2295 2907 2406 2963 dixi
2438 2909 2615 2964 vobis.

2037 2977 2092 3050 8.
2138 2978 2204 3034 Et
2243 2988 2503 3036 exeuntes
2541 2980 2704 3043 illae,
2737 2978 3098 3050 profugerunt
3126 2993 3155 3031 a
3189 2983 3565 3032 monumento.

2040 3048 2128 3120 1ο.
2168 3050 2261 3104 Illa
2294 3058 2478 3106 autem
2515 3048 2918 3120 praecurrens,
2949 3050 3246 3103 nuntiavit.

2039 3119 2166 3190 (Hic
2198 3121 2386 3176 desunt
2415 3123 2615 3192 aliquot
2642 3137 2820 3177 versus
2851 3121 2905 3174 in
2936 3130 3058 3191 ms.)

2038 3187 2124 3265 18.
2167 3207 2333 3265 super
2374 3187 2698 3265 languentes
2736 3208 2932 3249 manus
2971 3187 3292 3263 imponent,
3337 3197 3392 3244 et
3429 3187 3570 3244 bene

1963 3278 2024 3319 se
2059 3264 2358 3326 habebunt.

2035 3335 2123 3389 19.
2161 3345 2418 3407 receptus
2448 3343 2532 3391 est
2563 3336 2615 3390 in
2645 3334 2885 3392 coelum.

1469 3468 1868 3527 VARIANTES
1904 3469 2310 3530 LECTlONES.

2043 3583 2065 3616 ⁸
2097 3585 2204 3634 Gut.
2231 3595 2328 3634 non
2353 3598 2438 3635 eos
2461 3587 2676 3636 nocebit.

2038 3647 2060 3678 ⁸
2094 3647 2202 3698 Gat.
2229 3649 2646 3711 prosequentibus
2662 3649 2840 3713 signis.
2864 3649 3048 3700 Amen.

1193 3827 1488 3871 EXPLICIT
1534 3827 1950 3872 EVANGELIUM
1994 3826 2338 3873 SECUNDUM
2383 3826 2678 3872 MARCUM.

1433 3952 1730 3962 ...ι-ι*

1429 4079 2439 4224 APPENDIX

639 4329 798 4410 AD
873 4321 1668 4410 EVANGELIUM
1744 4322 2205 4408 EUSEBII
2279 4321 3183 4408 VERCELLENSIS.

1357 4594 1870 4670 MONITUM
1922 4592 2461 4665 EDITOBIS.

342 4743 588 4810 Quamvis
613 4741 668 4794 in
699 4740 794 4793 hac
826 4736 1110 4809 appendice
1158 4731 1411 4787 nonnulla
1450 4730 1678 4801 reperire
1703 4729 1770 4782 sit
1820 4737 2151 4782 monumenta
2177 4742 2292 4794 quae
2320 4725 2388 4778 ad
2417 4724 2760 4798 Evangelium
2791 4726 3036 4796 Eusebii,
3076 4734 3229 4804 cujus
3287 4729 3457 4802 Opera
3506 4731 3587 4786 In'c

274 4839 470 4894 edenda
492 4835 813 4906 suscepimus
833 4874 848 4899 ,
882 4848 985 4885 non
1010 4829 1241 4884 strictam
1269 4825 1488 4880 habeant
1511 4823 1848 4888 relationem,
1880 4821 1946 4874 iis
1969 4831 2139 4875 tamen
2168 4820 2406 4874 lectorem
2432 4836 2490 4875 eo
2521 4821 2692 4875 minus
2717 4822 3071 4894 fraudandnm
3101 4825 3395 4879 censuimus
3412 4867 3424 4888 ,
3451 4823 3589 4896 quod

274 4931 348 4985 vel
375 4929 612 4984 notiones
641 4923 1047 4998 palaeograpbite
1087 4919 1492 4994 pretiosissimas
1525 4915 1828 4980 exhibeant,
1858 4914 1936 4968 vel
1964 4912 2222 4968 codicibus
2244 4913 2497 4970 versionis
2525 4913 2677 4970 Italw
2701 4915 3003 4984 quibuscum
3036 4925 3205 4972 textus
3232 4915 3448 4972 Eusebii
3468 4935 3592 4972 nos-

276 5023 339 5076 tri
367 5021 589 5076 collatus
609 5027 684 5074 est
709 5015 1042 5073 illustrandis
1069 5013 1368 5068 inserviant.

1238 5137 1807 5224 EPISTOLA
1880 5134 2259 5218 BLANC
2276 5137 2556 5219 HINI.

892 5281 1358 5360 Comparantur
1381 5276 1700 5338 variantes
1724 5270 2001 5353 quoidam
2033 5263 2330 5334 lectiones
2364 5273 2928 5352 Evangelistarum

283 5410 724 5470 Eminentissimo
750 5416 806 5463 et
829 5401 1294 5462 reverendissimo
1312 5397 1540 5470 principi
1568 5412 1630 5452 ac
1662 5396 1884 5451 domino

354 5508 416 5561 Ι).
450 5505 612 5561 Nerio
644 5503 704 5558 S.
757 5501 820 5555 Pl.
858 5499 919 5554 E.
975 5491 1497 5552 cardinaliCorsino
1520 5534 1533 5556 ,
1584 5505 1876 5561 regnorum

353 5596 695 5669 Portugallim
737 5589 1032 5664 protectori
1064 5584 1644 5651 benemerentissimo,
1674 5581 1878 5652 Joseph

2063 5395 2388 5450 Blancliinus
2417 5395 2749 5455 Veronensis
2771 5441 2784 5466 ,
2842 5404 3127 5476 presbyter
3157 5408 3593 5480 congregationis

1990 5487 2226 5543 Orsitorii
2251 5489 2479 5545 Romani
2503 5533 2516 5556 ,
2555 5491 2892 5550 felicitatem.

2057 5580 2324 5648 Quoniam
2358 5591 2382 5619 η
2435 5583 2633 5640 nudius
2687 5587 2876 5641 tertius
2927 5589 3306 5654 sanctissimus
3335 5593 3594 5658 dominus

283 5806 288 5810 _
354 5750 377 5776 ³
410 5737 613 5808 Nempe
643 5735 729 5792 die
753 5733 818 5789 2|
853 5733 1060 5805 Aprilis
1079 5726 1241 5802 hujus
1263 5727 1390 5785 anni
1424 5725 1583 5783 1749.
