4010 6194
511 191 618 247 859

1223 194 1317 251 AD
1356 191 1923 250 EVANGELIARJUM
1966 187 2237 244 EUSEBII
2282 189 2579 247 VERCEL.
2621 191 2989 249 APPENDIX.
3710 188 3784 244 8ἱο

512 313 699 360 noster
722 304 1050 361 Benedictus
1083 305 1223 373 XIV,
1250 307 1410 362 Pont.
1439 306 1570 377 Opt.
1596 308 1764 372 Max.,
1800 306 1853 360 in
1882 303 2109 359 miriﬁca
2139 304 2183 361 Λ
2216 304 2472 376 quidquid
2501 306 2569 362 ad
2592 321 2713 363 eam
2742 307 3003 377 pertinet,
3028 305 3216 376 magis
3261 306 3543 377 magisque
3572 307 3620 359 in
3650 318 3790 376 poste

511 396 601 451 illa
629 397 960 453 allocutione
983 414 1141 468 qnam
1190 398 1379 453 habuit
1412 400 1463 453 in
1496 398 1830 455 consistorio
1857 406 2070 451 secreto
2095 436 2109 461 ,

512 491 806 561 plaudente
842 494 1099 548 universo
1119 492 1687 548 eminentissimorum
1722 491 1873 546 5.1L
1908 490 1970 545 E.
1992 505 2112 545 car—

511 582 771 638 dinaliuin
802 597 958 639 sacro
982 594 1195 652 senatu,
1244 584 1577 650 declaravit,
1623 598 1682 639 se.
1714 593 1863 638 motu
1894 584 2111 653 proprio

513 674 811 730 contulisse
840 690 936 747 per
958 674 1319 732 honoriﬁcum
1347 676 1561 731 titulum
1588 691 1905 731 FIDELISSIII
1933 675 2113 731 Sacrae

511 767 775 838 Majestati
807 768 1035 827 Joannis
1062 769 1129 838 γ,
1159 769 1508 842 Portugalliae
1533 782 1588 827 et
1614 768 1995 842 Algarbiorum
2027 782 2114 823 re—

508 861 614 933 gis,
660 862 888 934 ejusque
912 863 1325 919 successoribus
1370 863 1612 933 regibus,
1644 864 1713 917 ob
1742 862 2004 933 przcclara
2036 861 2114 930 ip-

508 956 624 1012 sius
645 957 789 1027 regis
818 966 874 1012 et
901 958 1168 1028 majorum
1209 972 1431 1012 suorum
1458 972 1645 1028 regum
1690 956 1760 1012 de
1790 957 1897 1012 ﬁde
1930 956 2114 1011 catho-

510 1051 634 1119 lica,
686 1060 743 1106 et
770 1051 902 1107 sede
951 1052 1254 1122 apostolica
1299 1050 1505 1121 optime
1555 1052 1869 1106 meritorum
1918 1058 2110 1120 gesta;

511 1144 672 1200 liceat
702 1144 834 1198 mihi
859 1186 873 1211 ,
905 1144 1337 1200 eminentissime
1365 1146 1638 1214 princeps,
1667 1143 1735 1199 ad
1764 1154 1815 1198 te
1856 1144 2112 1199 benemo-

510 1236 881 1291 rentissimum
906 1250 1197 1307 regnorum
1232 1236 1576 1306 Portugalliae
1610 1243 1977 1305 protectorem
2016 1248 2113 1303 per

512 1329 653 1384 hanc
682 1330 970 1399 epistolam
1000 1328 1368 1385 lrctabnndum
1394 1329 1678 1385 accedere.
1726 1328 1978 1384 Ofﬁcium
2008 1325 2115 1380 hoc

512 1423 644 1478 mihi
672 1422 870 1478 devoto
921 1422 1174 1490 Nemini,
1225 1422 1602 1493 Majestatique
1632 1421 1749 1493 ejus
1790 1419 2116 1491 praetermit-

513 1515 733 1571 tendum
781 1530 890 1570 non
919 1526 1209 1584 erat;cum
1244 1530 1485 1586 praesens
1538 1513 2115 1587 Evangeliariumqua-

511 1607 736 1679 druplea:
762 1608 989 1678 antiqua:
1020 1608 1194 1663 latina:
1234 1608 1483 1662 versionis
1539 1605 1776 1673 ltalicw,
1829 1607 1941 1675 jam
1997 1604 2113 1660 fere

2218 414 2337 453 rum
2369 398 2693 455 auctoritate
2723 408 2778 455 et
2825 399 3133 468 patrocinio
3189 398 3345 454 tueri
3392 398 3556 464 velit;
3587 400 3789 469 quoniam

2218 508 2323 547 non
2355 493 2523 547 veteri
2558 502 2766 548 tantum
2798 493 2891 547 illo
2916 493 3080 563 Regis
3109 492 3290 547 titulo
3315 533 3330 557 ,
3381 491 3483 546 sed
3513 507 3641 545 novo
3667 492 3791 547 etiam

2217 585 2319 641 isto
2366 586 2696 642 Fmsussuu
2745 600 2893 641 nunc
2938 585 3250 656 gloriatur,
3287 593 3348 640 et
3398 584 3614 653 gaudet.
3660 586 3792 640 Audio

2216 678 2433 750 probari
2461 679 2556 735 abs
2595 679 2671 734 Te
2694 721 2709 745 ,
2738 690 2904 750 atque
2928 681 3090 735 etiam
3147 678 3376 735 laudari
3404 720 3421 747 ,
3464 686 3715 749 protector
3733 696 3794 735 re-

2215 787 2445 844 gnorum
2495 773 2840 844 Portugalliaa
2890 772 3507 838 benemerentissimc,
3559 773 3792 830 consilium

2216 882 2397 922 meum
2428 866 2495 923 de
2518 867 2723 922 edenda
2754 868 3016 937 particula
3043 867 3200 922 illius
3230 882 3427 921 aurem
3459 866 3791 934 allocutionis,

2215 975 2375 1031 quam
2397 962 2655 1016 Summus
2678 959 2928 1015 Pontifex
2955 960 3151 1016 habuit
3181 961 3239 1015 in
3273 959 3615 1015 consistorio
3641 958 3698 1013 ad
3715 975 3793 1015 co:-

2218 1064 2328 1109 tnm
2377 1055 2936 1110 eminentissimorum
2982 1056 3222 1110 fratrum
3283 1064 3697 1125 purpuratorum
3733 1055 3793 1109 die

2213 1145 2278 1201 21
2317 1145 2477 1217 hujus
2521 1149 2725 1204 mensis
2758 1149 2981 1219 Aprilis.
3016 1145 3155 1202 Eam
3197 1148 3338 1202 dum
3396 1146 3673 1211 cxscribo,
3708 1148 3790 1217 qui-

2217 1240 2443 1297 busdam
2489 1244 2738 1312 igniculis
2764 1245 3078 1301 christiana:
3130 1243 3790 1308 cxsultationisincendur,

2217 1342 2378 1404 atque
2411 1337 2707 1409 triumpho,
2740 1350 2796 1395 et
2822 1341 3067 1411 gaudeo;
3120 1341 3402 1412 quoniam
3455 1339 3701 1395 Joannem
3748 1338 3792 1397 ν.

2218 1442 2325 1482 non
2359 1438 2465 1483 tam
2496 1430 2611 1499 ipsa
2650 1432 2787 1497 laus,
2813 1448 2974 1502 quam
3006 1435 3242 1490 Summa
3267 1433 3577 1488 Laudantis
3600 1432 3793 1486 auctori-

2217 1527 2299 1574 tas
2326 1520 2547 1589 evehit,
2580 1537 2643 1577 ac
2674 1523 2765 1578 illo
2786 1523 2949 1580 donat
2982 1525 3143 1581 titulo
3168 1525 3544 1591 FIDELISSIIJ,
3572 1540 3669 1594 quo
3686 1538 3795 1579 sem-

2218 1626 2314 1680 per
2340 1614 2529 1680 stetit,
2579 1616 2850 1686 stabitque
2896 1616 3186 1673 Catholica
3228 1618 3488 1674 Romana
3516 1617 3709 1686 religio.
3734 1617 3791 1671 En

513 1710 685 1755 totum
729 1700 1056 1771 impressum
1097 1701 1435 1771 sumptibus,
1466 1709 1521 1755 et
1565 1700 1822 1770 auspiciis
1850 1698 2004 1768 eius,
2037 1698 2108 1752 sit
2136 1699 2186 1760 B
2211 1720 2364 1777 ergo,
2396 1723 2517 1778 qua:
2548 1708 2660 1778 ille,
2681 1712 2771 1781 qui
2796 1712 2847 1766 in
2880 1713 3039 1768 terris
3063 1726 3149 1768 est
3180 1714 3509 1779 maximus,
3538 1728 3597 1768 ac
3623 1712 3794 1781 sapien-

509 1793 908 1864 quamprimum
931 1794 986 1848 in
1013 1794 1189 1850 lucem
1213 1794 1577 1864 proditurum.
1620 1792 1859 1859 Etenim,
1893 1800 2112 1863 protec-

510 1894 597 1941 tor
644 1886 1101 1955 eminentissime,
1152 1902 1274 1942 cum
1305 1885 1413 1942 isto
1456 1885 1639 1957 regiae
1689 1884 2114 1956 nuncupationis

510 1981 721 2036 honore
744 1980 836 2051 (de
865 1996 973 2051 quo
1000 1980 1096 2036 tibi
1124 1982 1289 2036 etiam
1321 1980 1559 2036 maxime
1586 1978 1858 2051 gratulor)
1889 1994 1990 2049 ego
2013 1979 2115 2049 pri-

514 2088 636 2128 mus
662 2073 906 2128 omnium
936 2073 1084 2142 Opus
1112 2074 1410 2145 evulgabo,
1442 2073 1495 2129 in
1542 2088 1650 2145 quo
1673 2072 1853 2128 collati
1893 2072 2114 2127 honori.

513 2164 852 2220 ﬁcentissimi
883 2165 1024 2220 tituli
1057 2174 1230 2221 totum
1257 2174 1341 2221 est
1364 2164 1597 2236 pondus,
1623 2173 1677 2221 et
1706 2163 1897 2220 decus.
1923 2162 2114 2219 Nullus

510 2267 594 2313 est
643 2258 801 2327 liber,
836 2267 895 2314 ut
924 2259 1104 2328 nosti,
1147 2260 1238 2331 qui
1281 2259 1580 2330 sapientius
1622 2259 1844 2329 regibus
1880 2256 2113 2314 suadere

510 2350 684 2420 possit
712 2348 1065 2406 ﬁdelissimos
1105 2366 1319 2418 mores,
1351 2350 1686 2421 Evangelio:
1719 2358 1776 2405 et
1815 2364 2109 2419 numquam

506 2441 765 2497 labuntur
813 2457 1020 2514 regna,
1074 2459 1214 2515 quae
1256 2444 1433 2515 ipsum
1476 2443 1723 2499 audiunt.
1769 2443 1883 2498 lloc
1911 2457 2114 2513 genere

508 2535 808 2607 magisterii
852 2537 1062 2593 nullum
1101 2548 1187 2595 est
1223 2538 1436 2609 majus,
1488 2539 1700 2594 nullum
1733 2538 1962 2609 publica:
2012 2536 2114 2592 Rei

509 2629 721 2697 utilius,
749 2630 1064 2702 nullumque
1084 2631 1353 2688 Divinius.
1382 2632 1483 2700 Qui
1508 2631 1628 2703 ejus
1658 2632 1864 2688 monita
1888 2629 2112 2685 auribus

506 2724 729 2780 attentis
753 2725 1031 2795 excipiunt
1053 2766 1067 2791 ,
1100 2740 1231 2781 vere
1254 2724 1443 2781 felices
1465 2765 1480 2793 ,
1514 2725 1713 2791 fausti,
1741 2722 2112 2792 fortunatique

509 2813 724 2871 dicendi
752 2828 913 2883 sunt,
957 2826 1014 2873 et
1060 2817 1263 2874 habent
1289 2819 1450 2890 longe
1495 2818 1761 2889 Optimum
1790 2818 1844 2872 in
1892 2815 2111 2888 populis

508 2909 764 2981 regendis
814 2911 1138 2981 adjutorem.
1202 2912 1381 2983 Magni
1437 2926 1630 2983 reges,
1677 2909 2111 2968 eminentissime

511 3004 794 3075 princeps,
832 3006 885 3060 in
917 3019 1134 3062 summo
1157 3020 1345 3061 rerum
1373 3004 1591 3075 fastigio
1613 3004 1896 3070 collocati,
1929 3001 2110 3073 publi-

2220 1800 2486 1868 tissimus,
2518 1802 2585 1858 de
2616 1811 2766 1857 tanto
2788 1819 2915 1875 rege
2941 1805 3078 1860 dixit
3105 1805 3174 1861 ad
3209 1805 3471 1877 ejusdem
3494 1802 3791 1861 commenda-

2219 1891 2455 1961 tionem,
2482 1903 2537 1950 et
2556 1896 2784 1965 gloriam
2825 1898 3250 1967 sempiternam.
3295 1918 3315 1951 ι
3357 1898 3793 1955 Venerabilesfra-

2220 1994 2370 2053 tres,
2421 1999 2850 2044 consentaneum
2904 1992 3101 2060 plane,
3148 1993 3328 2048 immo
3372 2002 3430 2049 ct
3472 1991 3788 2049 necessarium

2217 2078 2548 2136 arbitramur
2573 2081 2855 2139 declarare
2874 2084 3032 2140 vobis
3059 2127 3072 2153 ,
3103 2086 3580 2157 quemadmodum
3604 2086 3651 2139 in
3678 2099 3788 2154 pne-

2215 2172 2392 2227 sentia
2428 2174 2772 2233 declaramus
2794 2219 2807 2242 ,
2841 2179 3175 2236 charissimo
3208 2181 3265 2235 in
3296 2181 3521 2238 Christo
3556 2179 3656 2233 ﬁlio
3691 2191 3787 2231 nos-

2216 2274 2301 2322 tro
2327 2265 2527 2325 Joanni
2548 2269 2919 2343 Portugalliae
2949 2284 3003 2330 et
3022 2273 3431 2346 Algarbiorum
3449 2275 3583 2346 regi,
3602 2274 3785 2344 ejusque

2215 2362 2631 2419 successoribus
2652 2405 2667 2431 ,
2696 2366 2955 2421 collatum
2987 2384 3018 2423 a
3064 2370 3233 2425 nobis
3264 2368 3442 2426 fuisse
3472 2365 3780 2440 perhonorifi-

2215 2467 2337 2508 cum
2383 2454 2710 2513 FIDELISSIII
2755 2460 3007 2527 titulum,
3068 2463 3165 2533 qui
3201 2464 3408 2519 merito
3451 2462 3657 2533 quidem
3705 2458 3780 2527 ipsi

2217 2549 2539 2608 tribuendus
2565 2553 2874 2610 videbatur.
2909 2555 3128 2612 Etenim
3178 2567 3303 2614 toto
3355 2558 3482 2613 vitae
3526 2571 3631 2612 sum
3651 2568 3777 2610 cursu

2216 2642 2632 2712 praeclarissima
2656 2648 2857 2718 gessit,
2886 2658 2945 2704 ut
2970 2649 3266 2708 catholica:
3309 2649 3589 2722 religionis
3606 2647 3775 2719 gloria,

2212 2742 2269 2790 et
2298 2734 2459 2806 hujus
2512 2748 2715 2795 sanctae
2744 2740 2893 2798 sedis
2938 2740 3181 2814 dignitas
3232 2744 3412 2817 magis
3464 2741 3771 2813 ampliﬁcare-

2215 2834 2325 2894 tur,
2355 2838 2462 2883 etc.

2291 2937 2311 2970 r
2355 2920 2552 2989 Porro,
2585 2940 2744 2996 quam
2775 2928 3039 2998 praeclara
3067 2929 3185 2987 sint
3207 2930 3374 3003 hujus
3401 2930 3539 3001 regis
3566 2930 3612 2983 in
3636 2925 3771 2982 chris:

2216 3011 2416 3068 tianam
2449 3019 2842 3087 rempublicam
2886 3023 3102 3091 merita,
3133 3026 3276 3082 satis
3323 3038 3590 3096 superque
3612 3029 3771 3076 testan-

511 3098 592 3153 cis
620 3112 837 3168 semper
864 3098 1325 3155 sollicitudinibus
1357 3113 1417 3155 se
1443 3106 1711 3155 exercent
1744 3114 1758 3153 :
1786 3111 1955 3169 quare
1974 3136 1990 3163 ,
2042 3110 2111 3151 ne
2137 3091 2182 3154 C
2218 3111 2306 3159 tur
2333 3108 2648 3176 apostolicae
2684 3111 2879 3167 litterae
2904 3114 3211 3175 Clementis
3262 3118 3337 3174 XI
3358 3160 3372 3186 ,
3394 3091 3765 3189 praedecessoris

510 3190 695 3247 vivere
739 3191 956 3263 quidem
1000 3200 1253 3264 possent,
1301 3193 1405 3248 nisi
1453 3190 1750 3248 identidem
1780 3191 2111 3248 sacrosancti

512 3284 795 3358 Evangelii
819 3286 1040 3343 lectioni
1085 3302 1145 3343 se
1172 3288 1541 3353 devoverent,
1574 3294 1737 3358 atque
1788 3287 1861 3342 ita
1900 3286 2113 3341 animos

511 3377 766 3434 diuturna
801 3379 1355 3451 rerum'publicarum
1383 3380 1679 3451 agitatione
1709 3379 1997 3451 fatigatos,
2031 3378 2113 3435 di-

515 3474 826 3545 vulsosque,
858 3475 1189 3546 reciperent.
1232 3476 1315 3531 Ad
1362 3474 1505 3532 hanc
1548 3474 1714 3530 animi
1764 3473 2111 3530 instauratio-

510 3581 659 3633 nem,
694 3567 913 3639 regibus
938 3577 1222 3639 tantopere
1242 3569 1631 3638 necessariam,
1660 3568 1840 3624 nullus
1868 3578 1955 3623 est
1976 3567 2114 3621 alius

509 3675 578 3717 ex
610 3664 757 3715 omni
787 3661 1077 3718 Librorum
1100 3678 1351 3731 numero,
1382 3678 1542 3733 quem
1571 3660 1867 3734 Evangelia
1898 3676 2111 3732 praepo-

512 3753 749 3809 nendum
772 3754 1013 3811 Joannes
1042 3757 1231 3826 putet?
1256 3757 1636 3829 Evangelium,
1671 3757 1872 3828 regalis
1899 3755 2116 3827 regimi-

511 3846 596 3901 nis
619 3860 777 3900 curas
801 3888 816 3913 ,
848 3856 903 3902 et
932 3847 1325 3905 sollicitudines
1357 3850 1532 3917 levat;
1569 3850 1947 3919 Evangelium,
1982 3849 2115 3919 legi-

512 3937 615 3992 bus
639 3936 1028 3993 dominationis
1051 3948 1229 4008 ,totum
1272 3941 1509 4010 pondus,
1562 3956 1624 3997 ac
1650 3942 1817 3996 robur
1843 3941 2110 4012 impertit;

516 4028 871 4099 Evangeliu’m
899 4030 1133 4100 denique
1163 4034 1347 4088 throni
1397 4034 1734 4089 consortium
1772 4034 1969 4100 ambit;
2004 4051 2111 4089 non

512 4130 692 4177 tamen
726 4131 786 4178 ut
813 4123 1016 4195 regiam
1052 4127 1430 4181 auctoritatem
1456 4128 1698 4193 minuat,
1733 4127 1830 4182 sed
1868 4134 1928 4181 ut
1965 4142 2114 4183 cam-

512 4214 638 4272 dem
671 4224 907 4285 tueatur,
937 4227 992 4274 et
1036 4228 1186 4290 regat
1226 4219 1554 4277 fulcimentis
1580 4232 1843 4277 aeternum
1893 4222 2115 4279 duratu-

513 4308 610 4365 ris.
632 4309 813 4381 Itaque
834 4310 1027 4367 Joanni
1056 4311 1118 4378 V,
1143 4329 1170 4366 a
1202 4314 1425 4385 pietate,
1454 4329 1484 4369 a
1508 4314 1772 4383 moribus,
1802 4332 1831 4370 a
1856 4318 2114 4391 religione

517 4404 839 4461 ﬁdelissimo
877 4416 994 4461 erat
1031 4408 1137 4463 hoc
1183 4410 1621 4482 Evangeliarium
1661 4413 2110 4484 nuncupandum;

512 4498 769 4570 quoniam
802 4499 918 4570 ipse
946 4499 1276 4558 Fidelissimi
1303 4503 1469 4575 Regis
1499 4505 1731 4574 palmam
1759 4505 2026 4572 obtinuit,
2057 4517 2112 4561 et

514 4593 583 4648 ad
604 4602 833 4652 caeteras
860 4611 986 4652 suas
1015 4598 1232 4665 laudes,
1260 4597 1399 4655 hanc
1420 4599 1585 4655 etiam
1616 4600 1854 4669 addidit,
1885 4609 1945 4657 ut
1964 4615 2113 4656 com-

515 4688 665 4742 muni
688 4688 928 4744 omnium
958 4690 1279 4760 populorum
1309 4707 1579 4749 consensu
1606 4694 1985 4750 Fidelissimus
2014 4710 2114 4749 no-

512 4780 771 4848 minetur,
805 4791 863 4838 et
891 4781 985 4838 sit.
1015 4782 1257 4839 Decebat
1286 4786 1466 4857 magni
1490 4786 1718 4844 Joannis
1749 4803 1947 4845 nomen
1998 4788 2112 4858 pri-

514 4888 660 4929 mum
683 4888 807 4931 cum
833 4876 937 4932 isto
962 4878 1119 4931 titulo
1146 4878 1200 4931 in
1228 4876 1404 4934 fronte
1431 4880 1849 4952 Evangeliorum
1874 4880 2114 4937 colloca-

512 4962 593 5030 ri;
622 4966 877 5035 quoniam
921 4983 989 5023 eo
1020 4976 1295 5040 tamquam
1340 4971 1587 5040 speculo,
1628 4972 1681 5026 in
1722 4972 2113 5027 concordando

511 5074 680 5131 regno
707 5076 832 5117 cum
849 5064 1176 5132 sacerdotio,
1195 5079 1413 5136 semper
1439 5066 1513 5120 uti
1541 5066 1804 5137 gloriatus
1831 5073 1935 5122 est.
1960 5065 2115 5138 Ulys-

511 5152 763 5223 siponem
794 5169 922 5224 ergo
953 5156 1110 5211 laetus
1133 5158 1328 5213 invisat
1358 5158 1512 5214 labor
1541 5158 1632 5215 hic
1684 5174 1870 5226 meus,
1902 5159 2114 5231 sibique

510 5246 785 5317 auspicem
817 5257 1027 5318 quaerat
1053 5259 1260 5306 tantum
1288 5267 1472 5323 regem
1494 5293 1508 5318 ,
1541 5254 1631 5324 qui
1674 5253 1958 5310 catholicae
1989 5256 2115 5311 reli-

510 5339 657 5409 gioni
676 5340 912 5410 undique
937 5340 1250 5397 fidelissime
1278 5344 1669 5412 patrocinatur.
1703 5346 1948 5402 Romana
1977 5346 2112 5403 ﬁdes

511 5448 729 5504 semper
756 5444 1069 5507 regnatura,
1095 5451 1240 5491 nunc
1268 5436 1504 5493 arctiore
1532 5440 1766 5508 quodam
1791 5441 2008 5496 vinculo
2033 5442 2114 5512 ip-

507 5542 627 5584 sum
660 5528 941 5600 complexa
987 5537 1109 5595 est;
1156 5539 1321 5599 atque
1352 5530 1494 5585 inter
1532 5529 1706 5602 Reges
1734 5530 2110 5591 Fidelissimos

510 5618 687 5691 ipsum
735 5620 1027 5692 recipiens,
1076 5622 1253 5693 poscit
1288 5623 1543 5696 peculiari
1590 5624 1822 5695 quodam
1861 5624 2021 5695 jure,
2053 5637 2112 5684 ut

2216 3198 2419 3264 nostri,
2450 3214 2585 3270 quas
2619 3201 2727 3258 duo
2754 3206 3032 3265 volumina
3062 3209 3117 3265 in
3162 3211 3345 3268 lucem
3377 3209 3519 3265 edita
3545 3203 3766 3274 complec-

2217 3297 2423 3345 tuntur.

2294 3399 2313 3433 ί
2361 3381 2678 3454 δίςυὶάεηι,
2713 3398 2772 3443 ιιι
2812 3389 3059 3461 ejusdem
3116 3396 3400 3466 pontiﬁcis
3455 3388 3690 3449 voluntati
3723 3392 3763 3440 ct

2214 3475 2459 3531 consiliis
2486 3478 2885 3539 obsecundaret
2906 3526 2921 3552 ,
2952 3485 3219 3555 plurimas
3243 3491 3298 3545 in
3325 3487 3612 3546 subsidium
3628 3492 3759 3537 navos

2214 3571 2613 3639 suppeditavit,
2645 3590 2753 3645 quo
2779 3585 3023 3648 tempore
3049 3581 3355 3640 Turcarum
3381 3593 3625 3655 tyrannus
3648 3576 3760 3629 insu-

2216 3659 2282 3716 lae
2312 3660 2639 3736 Corcyrensi
2686 3684 2808 3724 cum
2840 3672 3179 3730 validissimo
3206 3679 3454 3734 exercitu
3482 3672 3755 3729 imminens.

2214 3769 2325 3809 non
2352 3756 2527 3812 solum
2555 3759 2881 3817 Venetorum
2910 3765 3251 3837 reipublicae,
3279 3769 3376 3825 sed
3403 3770 3757 3828 univcrsqu

2216 3864 2322 3917 que
2348 3848 2536 3919 Italiae,
2569 3861 2625 3907 et
2658 3856 2783 3910 huic
2813 3858 2952 3923 urbi,
2996 3875 3120 3931 qum
3155 3865 3328 3919 tonus
3377 3858 3661 3917 christianrc
3692 3864 3753 3902 rc-

2216 3942 2435 4014 ligionis
2477 3957 2642 4017 caput
2671 3960 2783 4016 est,
2817 3954 3114 4022 perniciem
3164 3968 3221 4014 et
3247 3957 3597 4016 calamitatem
3621 3944 3752 4002 mina.

2217 4038 2398 4095 batur.

2294 4152 2314 4186 ‹
2357 4133 2468 4191 Nos
2498 4136 2597 4206 ipsi
2638 4138 2783 4209 jure,
2831 4157 2895 4197 ac
2927 4144 3124 4202 merito
3167 4147 3359 4204 testari
3408 4134 3751 4214 possuniusﬂ?t

2217 4242 2407 4283 revera
2458 4238 2758 4299 testamur,
2803 4236 3059 4292 eumdem
3116 4254 3301 4310 regem
3358 4233 3747 4295 suamnunqu-‘m'

2217 4335 2438 4391 operam
2462 4338 2491 4377 a
2520 4326 2676 4382 nobis
2708 4327 3012 4385 desiderari
3044 4346 3269 4401 passum
3293 4347 3443 4399 esse,
3475 4326 3555 4383 ubi
3582 4336 3653 4377 res
3674 4311 3747 4368 fuit

2218 4415 2304 4469 vel
2332 4415 2400 4471 de
2430 4419 2748 4487 retinenda,
2778 4424 3132 4495 augendaque
3157 4426 3441 4499 Religione
3460 4464 3474 4490 ,
3496 4417 3570 4474 vel
3594 4414 3647 4469 de
3669 4410 3744 4463 liu-

2136 4484 2303 4576 Djus
2349 4520 2554 4565 sancta:
2597 4484 2745 4569 sedis
2790 4484 3057 4588 dignitate
3100 4484 3322 4579 tuenda:
3380 4484 3585 4586 Insuper
3625 4499 3743 4560 nobis

2217 4599 2591 4669 pontiﬁcatum
2621 4609 2963 4677 gerentibus,
2995 4614 3289 4671 nonnullos
3313 4612 3629 4684 episcopatus
3653 4595 3743 4649 fun-

2216 4694 2366 4751 davit
2389 4695 2441 4751 in
2483 4701 2870 4760 remotissimis
2899 4705 3123 4763 dominii
3154 4710 3236 4765 sui
3271 4705 3520 4781 partibus,
3559 4692 3634 4751 ubi
3670 4699 3739 4741 50°

2217 4790 2329 4845 lum
2362 4790 2615 4849 [nfideles
2655 4801 3034 4870 versabantur,
3077 4804 3363 4871 videlicet,
3412 4807 3465 4855 υι
3502 4782 3738 4871 Chri’ﬁm

2219 4883 2356 4940 ﬁdes
2401 4886 2601 4944 ibidem
2630 4904 3045 4962 propagaretur.
3074 4870 3392 4954 Omittemus
3419 4890 3498 4947 hic
3520 4878 3657 4939 verba
3681 4870 3737 4962 fag-

2220 4991 2346 5033 cere
2375 4977 2443 5034 de
2470 4983 2726 5037 maximis
2747 5026 2761 5049 ,
2794 5000 2857 5039 ac
2885 4988 3047 5056 plane
3070 4990 3233 5062 regiis
3260 4984 3543 5058 sumptibus
3561 5016 3575 5043 9
3594 4961 3737 5065 quia”

2223 5070 2341 5139 ipso
2370 5072 2541 5137 ﬁunt,
2578 5086 2635 5130 ut
2661 5076 2923 5134 ministris
2955 5080 3020 5135 ad
3064 5083 3339 5140 obeundas
3366 5087 3529 5134 sacras
3563 5063 3730 5156 missio-

2220 5179 2318 5220 nes
2340 5170 2647 5224 necessaria
2679 5172 3114 5241 suppeditentur.
3155 5177 3324 5233 Taciti
3353 5183 3512 5229 tamen
3540 5164 3732 5249 limior."

2216 5274 2275 5314 re
2315 5274 2423 5315 non
2468 5260 2732 5319 debemus
2780 5265 3057 5338 victorias,
3113 5286 3246 5343 quas
3289 5272 3511 5327 recenter
3551 5255 3592 5308 in
3630 5246 3723 5300 AS”

2211 5355 2580 5422 comparaVit,
2615 5368 2671 5411 et
2716 5372 2918 5429 novas,
2947 5378 3082 5433 quas
3114 5366 3351 5436 suscepit
3390 5342 3722 5427 expeditiones;

2217 5459 2272 5501 et
2293 5447 2605 5518 hnjusmodi
2630 5452 2876 5521 profecto
2919 5456 3063 5512 bella
3098 5458 3329 5516 libenter
3355 5467 3465 5513 cum
3491 5441 3578 5501 illis
3610 5440 3717 5487 60""

2217 5539 2546 5610 harabimuS,
2603 5560 2724 5615 (tua:
2776 5547 3089 5606 Gennadius
3138 5553 3387 5622 patricius
3427 5552 3476 5599 ει
3515 5522 3719 5622 “milis

2214 5630 2411 5689 Afric.c
2445 5612 2676 5693 feliciter
2705 5640 2907 5711 gessit;
2944 5652 2999 5699 ct
3040 5612 3233 5702 cad-em
3265 5650 3465 5718 prorsus
3488 5612 3711 5685 afﬁrmaui-
