4010 6194
233 266 360 324 8M

1157 261 1548 320 LECTIONES
1588 259 1983 317 VARIANTES
2024 258 2679 317 EVANGELISTARUM.

3456 263 3564 321 εις

231 395 402 449 mus,
433 396 556 453 quae
605 380 674 437 de
704 381 810 436 illis
854 389 1075 435 sanctus
1133 378 1428 452 Gregorius
1482 378 1852 449 predecessor
1878 377 1928 438 Α
1957 377 2267 432 sultationis
2294 377 2558 432 officium.
2602 376 2757 445 Quod
2787 376 2914 432 dum
2944 387 3146 448 praesto
3173 420 3187 444 ,
3217 379 3322 450 ipsi
3351 396 3566 452 quoque

234 485 445 529 noster
475 474 542 529 at!
573 473 746 545 ipsum
775 473 1112 530 Gennadium
1157 474 1376 544 scripsit
1404 515 1418 539 ,
1444 473 1529 528 his
1555 473 1739 526 verbis
1770 480 1796 507 ⁸
1835 488 1849 524 :

241 564 365 622 Ubi
394 565 530 620 enim
579 566 875 620 meritorum
904 575 1187 620 vestrorum
1236 566 1427 636 loquax
1463 581 1565 618 non
1608 562 1854 616 discurrit

243 657 481 727 opinio?
505 657 632 723 ρυω
670 667 716 712 et
743 658 876 712 bella
896 673 984 712 vos
1019 661 1310 728 frequenter
1340 666 1598 726 appetere,
1633 673 1735 710 non
1761 656 1853 709 de-

240 751 450 806 siderio
477 751 726 821 fundendi
751 752 1039 824 sanguinis,
1071 750 1160 804 sed
1185 751 1468 804 dilatandte
1497 766 1655 802 causa
1680 749 1856 818 reipu-

243 842 428 908 blicae,
461 843 514 896 in
534 860 636 913 qua
664 841 830 898 Deum
874 843 978 897 coli
1005 844 1352 912 conspicimus
1373 884 1388 910 ,
1438 843 1702 912 loquitur:
1729 857 1858 908 qua-

238 947 409 992 tenus
439 933 628 991 Christi
673 953 853 990 nomen
885 952 973 1002 per
1017 936 1250 990 subditas
1279 945 1452 1005 gentes
1482 933 1636 988 Fidei
1665 933 1859 1005 praedi-

245 1033 463 1084 catione
488 1030 885 1098 circumquaque
906 1028 1182 1082 discurrat.
1230 1027 1484 1096 Ejusdem
1513 1027 1684 1080 sancti
1724 1040 1859 1094 pon-

251 1123 424 1178 tilicis
471 1121 618 1177 verbi
669 1136 1062 1192 prOSeqnemur
1113 1119 1398 1174 :Plurima
1453 1136 1546 1189 pro
1582 1117 1858 1190 pascendis

249 1216 441 1270 ovibus
473 1214 607 1269 beati
639 1212 789 1268 Petri
839 1213 1203 1283 Apostolorum
1249 1213 1498 1281 principis
1549 1209 1859 1265 utilitatibus

249 1306 636 1363 Excellentiam
677 1307 909 1361 Vestram
951 1307 1254 1377 prwstitisse
1294 1306 1590 1359 didicimus.
1635 1303 1856 1358 Oratio-

252 1417 387 1457 nem
441 1401 660 1456 tandem
710 1409 950 1455 nostram
983 1401 1328 1455 absolvemus
1353 1440 1367 1464 ,
1397 1397 1855 1466 quemadmodum

253 1507 314 1552 et
349 1506 569 1551 sanctus
595 1493 891 1564 Gregorius
923 1494 1208 1564 epistolam
1231 1491 1465 1548 absolvit
1496 1507 1650 1545 suam
1686 1510 1699 1544 :
1727 1489 1859 1544 Per-

256 1591 518 1646 solventes
545 1600 772 1660 paterna?
794 1588 1061 1643 cltaritatis
1091 1586 1390 1657 alloquium,
1425 1587 1644 1654 petimus
1677 1581 1862 1637 Domi-

257 1702 420 1750 num,
457 1684 883 1754 Salvatoremque
931 1693 1198 1744 nostrum,
1246 1682 1334 1748 qui
1377 1679 1725 1733 Eminentiam
1762 1677 1864 1732 Ve-

1961 485 2027 524 ex
2056 471 2237 525 animo
2275 471 2556 540 gratulor;
2588 471 2674 526 cui
2724 471 2827 526 etsi
2872 485 3067 540 magna
3108 482 3190 525 est
3220 473 3573 541 graviSsimo-

1960 580 2078 618 rum
2114 566 2454 634 negotiorum
2510 566 2764 635 imposita
2816 565 3024 633 moles,
3059 582 3181 622 eam
3213 578 3393 622 tamen
3452 570 3571 639 ipse

1960 675 2168 714 summa
2203 676 2324 716 cum
2353 660 2514 716 laude
2555 672 2716 732 atque
2761 661 3003 716 omnium
3043 661 3404 717 admiratione
3452 678 3572 718 sus-

1963 755 2128 809 tinet:
2153 771 2215 810 ex
2243 771 2349 825 quo
2373 756 2751 824 consequitur,
2798 765 2858 810 tit
2897 771 3002 810 non
3031 757 3192 811 modo
3220 756 3384 825 Regis
3410 756 3574 813 Fide-

1963 849 2152 903 lissimi
2186 850 2448 905 voluntati
2472 850 2695 911 serviat,
2729 849 2871 918 quod
2897 864 3111 904 summa
3137 849 3296 905 laude
3321 849 3571 919 dignum,

1962 945 2055 999 sed
2075 946 2236 999 etiam
2268 954 2324 999 ut
2350 947 2602 1000 consulat
2633 944 2932 1013 Majestati,
2956 961 3062 1015 quo
3095 943 3421 999 laudabilius
3452 959 3574 1000 esse

1965 1037 2097 1091 nihil
2130 1048 2325 1107 potest.
2353 1038 2513 1092 Vivat
2542 1039 2708 1108 igitur
2736 1039 2787 1092 in
2817 1053 2990 1092 annos
3024 1037 3313 1107 plurinms,
3333 1048 3495 1108 atque
3523 1039 3576 1093 in

1965 1141 2226 1186 mternum
2255 1132 2401 1185 vivat
2429 1147 2552 1185 cum
2579 1131 2822 1195 Christo,
2846 1134 3000 1200 cujus
3021 1130 3210 1186 Ordini
3256 1131 3580 1200 Militiaeque

1967 1239 2161 1279 nomen
2191 1223 2362 1278 dedit.
2391 1223 2489 1278 llic
2518 1235 2602 1279 est
2627 1232 2876 1279 votorum
2909 1240 3156 1278 ineorum
3189 1239 3423 1293 scopus;
3461 1225 3580 1280 luce

1968 1317 2324 1390 Evangeliarii
2374 1318 2761 1388 quadruplicis,
2795 1317 2940 1386 quod
2973 1332 3102 1387 gero
3129 1316 3181 1370 in
3217 1327 3464 1386 pectore,
3496 1317 3580 1370 di-

1966 1410 2227 1478 sciplina;
2258 1410 2360 1463 hoc
2387 1410 2779 1479 magisterium.
2809 1409 2963 1464 Nunc
2990 1426 3140 1475 vero,
3171 1410 3468 1464 cardinalis
3492 1425 3577 1464 διι-

1968 1501 2345 1571 pientissime,
2373 1512 2580 1556 tantum
2613 1503 2794 1566 abest,
2831 1514 2888 1557 ut
2910 1519 3010 1574 ego
3033 1522 3060 1555 ει
3095 1504 3398 1573 majoribus
3419 1504 3531 1559 tuis
3561 1545 3575 1569 ,

1968 1595 2115 1648 omni
2148 1594 2345 1649 decore
2371 1595 2744 1663 affluentibus,
2772 1597 2838 1650 ad
2865 1604 2915 1651 te
2945 1598 3249 1651 ornandum
3277 1601 3574 1668 quidquam

1968 1687 2213 1742 hauriam
2242 1730 2256 1756 ,
2290 1689 2531 1745 utetiam
2559 1690 2611 1744 in
2637 1701 2688 1744 te
2717 1691 2825 1754 sit,
2858 1690 3002 1760 quod
3035 1691 3101 1744 ad
3128 1691 3252 1745 illos
3277 1690 3580 1746 redundet.

255 1791 422 1835 stram
444 1796 537 1851 pro
561 1780 748 1834 solatio
773 1789 965 1832 sanch
991 1775 1289 1847 reipublicw
1318 1773 1720 1828 misericorditer
1744 1789 1865 1843 pro-
1898 1777 1944 1837 Β
1974 1781 2028 1836 Si
2061 1792 2241 1836 tamen
2267 1782 2398 1835 milii
2421 1783 2488 1837 de
2519 1790 2573 1837 te
2595 1782 2814 1837 aliunde
2843 1783 3071 1853 petenda
3099 1795 3246 1838 esset
3266 1784 3408 1848 laus,
3436 1784 3584 1839 unde

267 1885 441 1948 tegat,
497 1885 545 1928 et
576 1874 644 1927 ad
693 1874 1020 1927 dilatandam
1049 1889 1140 1944 per
1190 1871 1437 1934 ﬁnitimas
1475 1879 1649 1943 gentes
1680 1884 1865 1923 nomen

261 1972 377 2042 ejus
409 1969 576 2039 magis
608 1967 872 2038 magisque
897 1965 1094 2021 brachii
1121 1965 1198 2019 sui
1229 1963 1476 2035 ﬁrmitate
1502 1966 1773 2032 confortet.

346 2063 461 2117 Iluc
489 2077 662 2133 usque
705 2061 1136 2131 sapientissimus
1186 2059 1510 2113 Benedictus
1540 2071 1676 2126 papa
1723 2054 1863 2122 XIV,

269 2155 364 2227 qui
396 2156 668 2227 prmclaris
713 2169 933 2210 suorum
985 2153 1446 2223 prmdecessorum
1491 2149 1756 2220 exemplis
1787 2150 1870 2204 in-

269 2249 496 2316 sistens,
519 2248 713 2304 Joanui
744 2247 810 2312 ν,
835 2247 902 2301 de
933 2246 1201 2302 catholica
1233 2247 1358 2312 fide,
1383 2260 1446 2300 ac
1475 2245 1544 2301 de
1571 2245 1868 2314 apostolica

273 2344 406 2399 sede
433 2342 1003 2405 benemerentissimo,
1033 2340 1245 2395 titulum
1277 2355 1340 2394 ac
1363 2349 1682 2394 ornamenta
1711 2338 1872 2393 Fiat-:-

272 2451 465 2492 Ltssutt
514 2435 741 2506 largitus
784 2442 886 2491 est.
934 2432 1324 2489 Sanctissimus
1356 2431 1481 2486 Pius
1527 2429 1572 2486 V
1600 2431 1870 2499 (quantus

274 2529 602 2599 Pontifex!)
654 2529 833 2584 Sacra:
863 2527 1131 2598 Majestati
1160 2525 1467 2583 Sebastiani
1519 2524 1870 2595 Portugalliaa

277 2631 333 2679 et
367 2622 749 2692 Algarbiorutn
798 2624 980 2692 regis,
1027 2623 1197 2690 ipsius
1222 2620 1450 2675 Joannis
1481 2619 1522 2674 ν
1554 2619 1742 2687 optimi
1773 2618 1871 2672 de-

278 2717 548 2784 cessoris,
584 2731 682 2786 pro
731 2714 1010 2770 immensis
1053 2713 1368 2778 laboribus,
1401 2721 1565 2780 atque
1594 2710 1870 2780 operibus,

277 2811 341 2865 ad
372 2809 651 2866 catholica:
697 2809 818 2865 fidei
870 2809 1310 2880 pmpagationem
1344 2804 1738 2877 procurandam
1781 2820 1874 2858 ex.

281 2904 506 2967 haustis,
537 2902 906 2959 honorabilem
939 2902 1173 2972 aliquem
1212 2901 1454 2964 titulum,
1487 2909 1757 2969 tamquam
1787 2912 1874 2952 re-

279 3012 396 3050 rum
447 2995 704 3066 prmclare
755 3003 1027 3066 gestarum
1083 2993 1264 3064 jugem
1315 2993 1582 3057 indicem,
1625 2987 1877 3044 conferre

281 3090 530 3160 optabat;
567 3099 623 3144 ut
653 3087 794 3144 idetn
826 3087 1152 3143 Benedictus
1177 3101 1310 3156 papa
1330 3083 1473 3150 XIV,
1502 3083 1592 3138 die
1617 3083 1689 3137 23
1720 3097 1875 3137 men-

1971 1875 2124 1942 plura
2153 1884 2507 1944 suppeterent
2540 1886 2883 1944 ornamenta,
2908 1893 3066 1946 quam
3092 1892 3120 1931 a
3151 1877 3435 1933 Clemente
3460 1877 3576 1943 XII,

1972 1978 2164 2038 patruo
2191 1977 2306 2034 tuo,
2358 1968 2425 2022 ad
2453 1970 2748 2024 multorum
2794 1970 3072 2038 invidiam,
3114 1969 3461 2025 adomnium
3483 1971 3584 2025 ad-

1973 2062 2317 2116 mirationem
2364 2062 2621 2130 pontifice
2646 2078 2774 2117 vere
2803 2077 3020 2132 magno,
3067 2062 3157 2116 cui
3187 2063 3236 2116 in
3281 2063 3446 2116 terris
3487 2077 3579 2116 su-

1973 2169 2213 2224 premam
2246 2155 2588 2224 dignitatem,
2614 2155 2672 2210 S.
2698 2155 2764 2209 Β.
2797 2155 2859 2209 E.
2892 2155 3252 2209 cardinalium
3285 2156 3578 2224 collegium

1973 2265 2078 2304 non
2099 2248 2254 2320 quasi
2281 2259 2521 2319 optatam
2541 2249 2863 2312 contulisse,
2885 2250 2980 2303 sed
3005 2250 3160 2320 quasi
3187 2249 3427 2304 debitam
3452 2266 3577 2320 per-

1974 2344 2202 2398 solvisse
2233 2344 2460 2414 quisque
2491 2344 2812 2399 testabatur.
2843 2343 2918 2397 De
2950 2344 3055 2396 tuis
3083 2354 3267 2397 autem
3297 2341 3575 2408 laudibus,

1975 2445 2172 2508 quanta
2218 2438 2507 2493 scribenda
2557 2437 2777 2492 forent!
2812 2438 2918 2493 Sed
2948 2439 3074 2509 quia
3109 2449 3285 2494 tecum
3315 2439 3467 2508 quasi
3496 2439 3580 2494 lo-

1975 2547 2132 2601 quor,
2168 2547 2238 2587 ne
2263 2532 2470 2586 servire
2503 2533 2607 2587 tuis
2637 2531 2862 2587 auribus
2906 2532 3117 2598 videar,
3152 2533 3281 2586 nolo
3306 2531 3394 2586 hic
3422 2532 3582 2603 plura

1977 2623 2239 2679 scribere.
2275 2624 2480 2695 Itaque,
2513 2624 2807 2680 Cardinalis
2837 2623 3243 2688 sapientissime
3273 2625 3399 2696 (cui
3431 2641 3580 2679 sum-

1979 2731 2119 2770 mam
2143 2716 2368 2786 juvandi
2400 2717 2614 2772 litteras
2647 2718 2980 2772 voluntatem
3013 2717 3158 2773 Deus
3184 2717 3416 2790 tribuit),
3444 2733 3580 2786 quo-

1979 2808 2124 2863 niam
2170 2808 2235 2863 ad
2274 2809 2530 2864 eximium
2581 2809 2750 2863 decus
2796 2809 3052 2879 ingenita:
3105 2810 3420 2865 clementia:
3472 2819 3577 2865 tua:

1977 2915 2115 2955 nova
2148 2917 2290 2956 nunc
2323 2912 2376 2956 te
2425 2911 2583 2957 vocat
2612 2903 2850 2968 occasio,
2880 2904 3120 2972 suscipe,
3156 2919 3364 2973 quaeso,
3419 2905 3580 2973 hujus
3647 2965 3655 2972 _

1980 2993 2158 3061 Operis
2183 2993 2577 3063 prosecutionis
2607 2995 2748 3064 apud
2787 2998 2989 3066 Regem
3037 2995 3442 3051 Fidelissitnum
3478 3014 3577 3068 pa-

1983 3086 2292 3141 trocinium.
2324 3086 2570 3142 Rcstitue
2600 3088 2713 3154 illi,
2745 3103 2865 3158 quae
2889 3099 3191 3160 temporum
3221 3093 3578 3159 perversitas,

283 3184 356 3238 sis
389 3182 702 3238 Decembris
732 3181 896 3247 1748,
942 3179 1218 3234 mandavit
1245 3179 1458 3240 litteris,
1495 3177 1546 3231 in
1575 3191 1747 3230 awmn
1778 3189 1873 3245 pc-
1901 3167 1947 3232 C
1980 3182 2096 3246 vel,
2139 3194 2194 3236 ut
2245 3182 2354 3236 alio
2399 3181 2582 3236 verius
2641 3197 2804 3236 causa
2869 3185 3172 3248 derivetur,
3229 3196 3581 3254 peccatorum

285 3276 609 3333 rennaturis.
647 3273 754 3331 Sed
800 3273 994 3329 Joanni
1046 3272 1108 3338 V,
1160 3271 1314 3340 cujus
1366 3271 1586 3340 pietatis
1638 3283 1702 3323 ac
1748 3265 1875 3321 fidei

284 3377 627 3426 monumenta
657 3383 765 3424 non
796 3376 1062 3431 vetustas,
1094 3381 1200 3419 non
1231 3364 1435 3418 oblivio
1475 3360 1681 3416 delebit
1725 3359 1831 3414 ulla
1858 3399 1872 3423 ,

286 3474 462 3518 tantus
486 3462 661 3518 honos
689 3459 1088 3516 rcservabatur.
1126 3457 1228 3526 Ipsi
1256 3456 1400 3511 enim
1433 3455 1672 3523 primum
1705 3451 1875 3505 FIDE-

286 3571 471 3612 Ltssntt
494 3569 648 3610 necis
679 3553 866 3608 titulus
887 3552 1122 3607 collatus
1159 3558 1274 3614 est,
1327 3562 1488 3617 quem
1521 3562 1641 3600 cum
1674 3543 1873 3613 posteri

289 3645 762 3716 haereditariojure
785 3644 1175 3712 adipiscentur,
1200 3640 1425 3694 Joannis
1455 3637 1491 3692 V
1541 3637 1724 3701 fidem,
1757 3649 1876 3703 qua:

288 3739 522 3794 omnium
567 3739 820 3794 virtutum
855 3745 937 3792 est
965 3735 1138 3798 radix,
1183 3749 1248 3788 co
1293 3731 1645 3804 praedicante,
1675 3743 1875 3799 cogno-

289 3843 471 3900 scent;
502 3844 578 3899 et,
607 3849 728 3888 cum
759 3832 1137 3904 cognoverint,
1169 3829 1271 3898 ipsi
1298 3843 1510 3898 quoque
1533 3826 1725 3880 a'mula
1757 3824 1876 3878 imi-

292 3929 485 3983 tatione
535 3927 925 3997 prmdicabunt.
959 3924 1180 3989 Tuone,
1213 3924 1363 3978 card.
1411 3920 1873 3986 eminentissime,

289 4037 350 4075 an
383 4037 504 4076 meo
531 4020 704 4076 dicam
750 4020 890 4074 felici
924 4018 1217 4088 contigisse
1246 4017 1374 4084 fato,
1405 4028 1463 4072 ut
1489 4033 1666 4071 moras
1695 4028 1878 4071 neCte—

289 4122 368 4170 ret
394 4113 573 4169 divina
626 4111 913 4170 clementia
941 4112 1148 4182 jamdiu
1177 4118 1401 4164 matura:
1431 4109 1591 4180 hujus
1641 4108 1878 4180 Evangeo

291 4209 424 4263 liarii
449 4207 806 4278 qnadruplicis
837 4204 1097 4261 editioni?
1119 4203 1198 4259 Tu
1227 4203 1477 4273 quidem,
1513 4203 1558 4258 si
1585 4210 1731 4257 tuum
1752 4217 1877 4258 sen-

291 4320 400 4360 sum
429 4306 734 4374 explorem,
782 4303 864 4356 vis
909 4316 995 4356 me
1024 4300 1128 4356 hoc
1160 4301 1399 4354 tribuere
1427 4298 1659 4354 fortuna:
1689 4313 1824 4352 meae
1859 4316 1873 4352 :

295 4413 520 4467 namque
571 4398 643 4450 ita
691 4395 983 4461 eveniens,
1032 4394 1100 4449 ad
1149 4408 1331 4464 regem
1375 4391 1709 4448 Joanneth
1755 4390 1878 4446 huic

291 4490 446 4562 Operi
503 4488 788 4560 gloriosior
835 4487 1013 4542 aditus
1063 4495 1231 4556 patet.
1265 4484 1328 4539 Ei
1380 4500 1616 4554 namque
1664 4483 1877 4538 sistitur

1981 3289 2226 3328 meorum
2258 3274 2340 3328 vis
2369 3275 2588 3342 eripuit.
2622 3273 2751 3328 Ilaec
2793 3286 2876 3328 est
2925 3277 3067 3330 actio
3097 3276 3258 3345 digna
3287 3277 3571 3342 cardinali,

1978 3365 2136 3436 digna
2171 3366 2445 3434 principe;
2482 3364 2645 3418 Nerio
2668 3379 2800 3419 vero
2822 3375 2877 3419 ct
2915 3366 3179 3420 cardinali
3208 3409 3222 3435 ,
3257 3377 3310 3422 et
3334 3368 3580 3438 principe

1978 3461 2317 3530 dignissima.
2354 3460 2498 3514 Vidit
2519 3462 2662 3514 alma
2691 3459 2887 3524 Roma,
2911 3459 3041 3514 dum
3080 3477 3308 3531 magnus
3337 3471 3460 3516 tuus
3486 3479 3580 3532 pa-

1983 3562 2136 3608 truus
2169 3552 2394 3618 viveret,
2453 3563 2598 3606 tuam
2629 3553 2959 3622 prmteritam
3014 3553 3178 3606 vitam
3214 3571 3228 3608 :
3261 3555 3330 3608 ab
3357 3569 3419 3610 ea
3444 3555 3578 3609 nihil

1980 3661 2233 3716 umquam
2258 3645 2488 3711 humile,
2514 3643 2649 3698 nihil
2673 3645 2988 3710 obscurum,
3019 3645 3151 3699 nihil
3176 3648 3428 3717 vulgare;
3458 3664 3575 3703 am-

1981 3738 2066 3808 pla
2090 3740 2292 3800 omnia,
2322 3737 2603 3808 prmclara.
2635 3737 2874 3791 inusitati
2901 3739 3156 3808 exempli.
3185 3741 3314 3806 Qua:
3342 3749 3421 3807 tu,
3446 3757 3578 3812 quo-

1980 3832 2127 3885 niam
2157 3847 2185 3884 a
2231 3842 2282 3886 te
2321 3831 2442 3900 ipso
2480 3830 2772 3886 dissentire
2818 3846 2922 3886 non
2963 3839 3140 3900 potes,
3173 3849 3316 3889 nunc
3359 3852 3578 3908 quoque

1981 3935 2208 3995 prmstas
2239 3925 2526 3990 universis,
2555 3940 2882 3995 semperque
2905 3927 3212 3996 prmstabis.
3237 3930 3577 4001 Quicumque

1981 4016 2145 4072 l‘uturi
2186 4027 2312 4072 sunt
2342 4034 2407 4073 ex
2449 4017 2550 4072 hac
2584 4017 2823 4072 editione
2850 4020 3125 4087 proiectus
3159 4019 3245 4092 (in
3276 4023 3576 4079 restituen-

1979 4111 2062 4165 dis
2093 4111 2391 4182 prresertim
2433 4111 2759 4166 lectionibus
2787 4121 3100 4167 sanctorum
3138 4113 3357 4169 Patrum
3387 4117 3577 4185 primi-

1981 4205 2240 4269 tivorum,
2269 4205 2360 4275 qui
2390 4215 2624 4273 quatuor
2674 4215 2862 4260 sancta
2894 4204 3022 4260 Jesu
3050 4205 3252 4262 Christi
3283 4209 3577 4280 Evangelia

1979 4298 2063 4352 vel
2093 4297 2342 4362 recitant,
2374 4299 2457 4353 vel
2480 4299 2885 4352 commentariis
2905 4299 3221 4370 illustrant),
3255 4301 3355 4356 hos
3385 4319 3576 4358 onmes

1979 4391 2240 4461 singulari
2277 4407 2494 4460 prorsus
2525 4401 2579 4446 et
2610 4391 3022 4459 incomparabili
3082 4390 3311 4448 Joannis
3363 4395 3402 4448 ν
3450 4413 3571 4451 mu-

1980 4483 2270 4540 niﬁcentia:
2315 4481 2536 4546 deberi,
2569 4496 2669 4551 ego
2695 4491 2801 4535 tam
2824 4483 3058 4547 sincero,
3088 4500 3252 4551 quam
3279 4497 3434 4556 grato
3456 4489 3576 4543 ani-

291 4598 481 4654 gcrens
531 4584 584 4638 in
636 4582 812 4638 fronte
863 4581 1075 4636 titulum
1115 4579 1474 4643 FIDELISSIII,
1509 4579 1562 4631 in
1604 4594 1712 4647 quo
1762 4577 1879 4647 ipse
1908 4565 1956 4624 Ι)
1984 4592 2071 4628 mo
2090 4576 2264 4646 palam
2293 4585 2590 4643 aperteque
2611 4576 3227 4646 profiteor-,semperque
3251 4581 3575 4650 prmdicabo.

292 4677 400 4734 Rex
424 4677 524 4734 sibi
545 4678 666 4747 jure
687 4677 894 4747 optimo
914 4676 1065 4730 valde
1085 4673 1428 4744 gloriabitur.
1455 4672 1524 4726 At
1544 4671 1672 4726 illud
1698 4686 1875 4725 meum

297 4773 563 4828 estetiam
595 4769 903 4832 ostendere,
937 4782 1034 4821 cur
1085 4781 1184 4834 ego
1234 4765 1289 4820 in
1337 4780 1403 4819 eo
1458 4774 1560 4818 tu;e
1604 4761 1879 4817 felicitatis

299 4863 464 4933 majus
492 4878 704 4933 quoque
757 4859 968 4930 pondus
997 4873 1304 4929 agnoscam.
1338 4857 1472 4912 Num
1497 4897 1512 4922 ,
1541 4856 1586 4910 si
1617 4865 1670 4909 tu
1702 4855 1774 4910 ita
1813 4855 1881 4909 de

298 4972 380 5012 me
407 4957 580 5012 sentis
603 4999 616 5021 ,
640 4971 854 5024 acquum
904 4963 988 5009 est
1011 4953 1140 5007 mihi
1171 4969 1198 5006 a
1235 4962 1286 5006 te
1333 4950 1588 5012 concedi,
1623 4960 1676 5002 ut
1702 4965 1802 5019 ego
1829 4949 1880 5003 id

299 5052 361 5106 de
383 5061 432 5105 te
465 5049 665 5117 magis;
696 5047 949 5116 ιιυυηίιιιιι
977 5059 1031 5100 ιιι
1055 5061 1342 5117 regnorum
1377 5041 1720 5113 Portugallite
1761 5055 1882 5110 pro-

301 5153 466 5198 tector
497 5142 1076 5198 benemerentissimus
1117 5154 1196 5192 es.
1247 5136 1750 5192 EXCtEiiCllllSSinlllS
1802 5134 1885 5188 vir

301 5236 358 5290 Ι).
395 5235 708 5290 Ennnanuel
750 5233 982 5304 Pereyra
1037 5232 1103 5286 de
1152 5231 1433 5300 Sainpajo,
1471 5227 1884 5283 commendator

301 5328 491 5382 Milittze
524 5326 734 5380 Domini
769 5325 949 5381 Nostri
977 5325 1106 5381 Jesu
1136 5323 1336 5378 Cill‘iSli
1360 5365 1374 5388 ,
1409 5331 1462 5378 et
1488 5319 1728 5390 Negotiis
1777 5319 1887 5373 Ma-

297 5421 502 5491 jestatis
549 5422 672 5475 Sua:
712 5421 852 5490 apud
912 5421 1106 5476 Sedetn
1155 5416 1508 5486 apostolicam
1567 5411 1886 5485 pra~positus

302 5514 832 5584 plenipotentiarius,
867 5524 970 5566 turn
1003 5511 1159 5572 fidei,
1194 5509 1584 5578 sapientiteque
1604 5518 1882 5559 commen-

303 5609 444 5664 davit
494 5610 620 5673 hoc,
652 5607 793 5680 quod
828 5622 970 5662 nunc
999 5622 1026 5658 a
1079 5619 1166 5660 me
1195 5603 1419 5674 geritur,
1451 5601 1763 5656 Christiania
1793 5617 1887 5656 ex-

1982 4669 2052 4723 Et
2100 4668 2300 4721 utinam
2342 4667 2470 4721 mihi
2522 4666 2624 4723 sub
2667 4667 2855 4721 iisdem
2907 4669 3204 4738 auspiciis,
3251 4686 3579 4746 sumptuque

1983 4760 2132 4830 regio
2166 4759 2323 4812 liceat
2354 4773 2566 4828 quoque
2596 4758 2646 4811 in
2681 4758 2852 4813 lucent
2887 4761 3136 4817 emittere
3160 4763 3266 4817 duo
3293 4765 3398 4820 alia
3441 4783 3581 4837 pra:-

1985 4854 2180 4907 stantia
2215 4853 2482 4907 volumina
2537 4853 2898 4925 IIexaplorutn
2932 4855 3406 4926 Origeniauorutn,
3457 4879 3580 4933 qua:

1983 4962 2138 5012 auro,
2169 4959 2503 5018 argentoque
2533 4949 2767 5015 eariora,
2803 4950 3000 5003 mirum
3036 4951 3086 5002 in
3113 4950 3329 5006 modum
3360 4969 3577 5012 causam

1988 5039 2112 5094 fidei
2155 5039 2436 5094 calin-licia
2484 5049 2701 5094 tuentur
2741 5051 2796 5094 et
2837 5040 3060 5108 juvant!
3111 5041 3223 5098 Iloc
3272 5050 3580 5116 argumenti

1985 5149 2192 5204 genus,
2253 5145 2528 5202 protei-tor
2584 5131 3059 5200 eminentissime,
3111 5138 3220 5191 fere
3259 5138 3585 5198 intentatum

1989 5225 2287 5291 hactenus,
2323 5226 2528 5294 regium
2572 5224 2926 5279 lilecmnalem
2983 5239 3227 5296 exoptat.
3279 5230 3385 5286 Sed
3426 5234 3494 5289 de
3523 5251 3588 5291 eo

1988 5333 2094 5372 una
2130 5327 2306 5371 tecum
2339 5318 2496 5370 alias.
2546 5315 2704 5371 Nunc
2730 5332 2864 5373 vero
2907 5319 3172 5388 quosdam
3215 5324 3450 5379 olitissos
3488 5328 3588 5384 SS.

1994 5413 2213 5467 Patrum
2248 5412 2401 5466 locos
2430 5410 2524 5464 tibi
2557 5411 2742 5476 mitto,
2774 5412 3040 5482 sistoque,
3072 5425 3285 5485 tuzeque
3307 5419 3592 5488 sapientia:

1995 5504 2224 5575 subjieio
2254 5504 2658 5568 discutiendos;
2709 5517 2762 5558 ιιι
2792 5521 2856 5560 ex
2903 5507 3035 5575 ipsis
3074 5508 3322 5576 tlelinias,
3357 5529 3423 5566 an
3467 5516 3594 5585 jure

1992 5597 2248 5664 dixerim,
2284 5597 2504 5653 codices
2528 5608 2748 5652 nostros
2774 5599 3002 5664 Aureos,
3034 5599 3360 5671 Argenteos,
3387 5605 3598 5678 Purpu-

375 5775 396 5804 δ
431 5765 554 5822 Lib.
606 5781 616 5817 ι
667 5760 861 5816 Indict.
894 5759 947 5820 9,
981 5759 1139 5826 epist.
1170 5756 1258 5814 75.
1301 5761 1432 5808 tom.
1475 5752 1516 5807 ll
1561 5767 1710 5823 oper.
1747 5753 1880 5807 edit.
1913 5750 2083 5808 Paris.
2121 5748 2280 5816 I703,
2307 5765 2360 5818 ιι.
2385 5748 2510 5803 560.

752 5858 1022 5921 Pt'rnoL.
1072 5849 1211 5912 XII.

3122 5854 3197 5918 27
