4010 6194
265 279 402 336 365

964 275 1376 336 DESCRIPTIO
1411 274 1566 335 ceu.
1609 275 1722 335 us.
1763 261 2288 335 GRIECO-LATIM
2328 275 2898 337 svauceuonuu.

3495 275 3602 335 866

1019 521 1576 615 EPISTOLA
1656 528 2294 614 BLANCHINI
2371 525 2863 613 ALTERA.

268 709 641 751 DESCRIBITUR
666 707 837 751 CODEX
865 706 952 750 IS.
981 706 1427 750 GBECO-LATINUS
1457 704 1876 748 BVANGBLIOBUI
1914 704 1983 746 ετ
2009 703 2281 758 ACTOBUII,
2312 705 2366 746 1N
2389 705 2740 749 BIBLIOTHECA
2770 706 3210 749 CANTABRIGIENSI
3242 706 3601 751 ASSERVATUS.

1545 814 2098 870 ————¢ee:»

264 945 369 1000 Cl.
404 959 467 1000 ac
493 942 819 1000 doctissimo
839 941 960 998 viro
988 940 1243 1013 Philippo
1270 939 1454 997 abbati
1495 937 1773 996 Garbellio
1802 951 1896 1008 pa—
1921 939 1970 1000 Α
1999 954 2157 1008 quam
2187 939 2388 1005 adhuc,
2413 939 2558 1010 quod
2581 939 2772 1007 sciam,
2798 941 2841 996 si
2866 939 3350 1009 Montfauconium,
3374 957 3606 1014 paucos-

357 1037 522 1093 lricio
545 1037 804 1092 Brixiano
846 1034 1053 1106 Joseph
1097 1033 1430 1089 Blanchinus
1473 1029 1804 1088 Veronensis
1831 1027 1890 1084 S.

357 1131 427 1186 P.
453 1130 516 1186 l).

354 1223 480 1280 Non
510 1240 573 1280 es
605 1223 844 1292 nescius,
874 1222 1116 1280 Garbelli
1140 1221 1478 1286 doctissime,
1506 1227 1767 1290 quantam
1793 1215 1895 1272 Sa-

269 1331 504 1373 crarum
564 1317 872 1374 litterarum
929 1316 1173 1372 cultores
1206 1313 1551 1386 perceperint
1602 1311 1891 1366 utilitatem

271 1427 346 1467 ex
384 1409 584 1481 insigni
626 1409 715 1464 illa
745 1409 987 1464 editione
1045 1407 1286 1478 Vulgata:
1332 1406 1570 1475 Antiqua:
1615 1403 1818 1457 Latina:
1843 1411 1895 1457 et

274 1503 446 1558 Itala:
474 1501 737 1558 Versionis
767 1501 1040 1573 Evangelii
1069 1499 1354 1554 secundum
1383 1496 1715 1562 Mutthteum,
1757 1511 1785 1549 e
1808 1510 1896 1549 ve-

275 1599 590 1654 tustissimis
631 1607 790 1652 eruta:
844 1597 1233 1663 Monumentis,
1283 1595 1454 1649 studio
1496 1604 1542 1648 et
1589 1594 1765 1648 labore
1818 1592 1889 1647 Β.

275 1693 510 1748 Joannis
542 1692 867 1764 Martianay,
919 1691 1215 1763 Presbyteri
1246 1688 1570 1745 Beuedictini
1598 1705 1625 1742 e
1665 1687 1894 1757 Congre-

275 1791 494 1864 gatione
527 1787 587 1844 S.
620 1786 822 1853 Mauri,
867 1802 1027 1858 quam
1060 1787 1175 1856 ipse
1207 1785 1440 1855 primum
1473 1781 1698 1836 Parisiis
1747 1795 1893 1836 anno

287 1881 436 1937 1693
468 1879 738 1936 litterario
776 1879 896 1935 orbi
948 1877 1196 1934 tradidit.
1227 1874 1380 1944 Quod
1437 1873 1658 1944 quidem
1693 1872 1776 1927 vel
1819 1886 1887 1927 ex

279 1991 352 2031 eo
376 1985 568 2044 aperte
588 1973 848 2044 cognosci
882 1980 1087 2044 potest,
1107 1970 1253 2042 quod
1280 1968 1481 2038 ubique
1508 1967 1672 2023 Liber
1698 1967 1791 2022 ille
1819 1965 1890 2020 ita

282 2068 526 2124 feliciter
545 2075 806 2138 exceptus
831 2074 939 2132 est,
971 2075 1030 2121 ut
1053 2065 1262 2121 venalis
1317 2063 1583 2118 hodierna
1619 2060 1708 2116 die
1749 2059 1892 2131 apud

282 2173 510 2218 nostros
533 2162 697 2217 Italos
728 2161 1054 2232 bibliopolas
1086 2160 1311 2215 minime
1338 2157 1676 2228 reperiatur;
1701 2171 1894 2228 quam-

281 2257 372 2312 vis
405 2256 586 2312 nullus
631 2255 862 2311 exsistat
907 2255 1222 2310 Divinarum
1270 2253 1676 2322 Scripturarum
1709 2250 1892 2305 studio

286 2349 572 2415 incensus,
607 2349 698 2416 qui
727 2347 846 2418 ejus
880 2347 1114 2404 lectione
1143 2361 1331 2402 carere
1360 2345 1471 2400 ullo
1503 2345 1665 2400 modo
1694 2343 1884 2415 possit.

285 2443 472 2512 Quare
512 2443 565 2496 in
610 2441 1019 2511 Prolegomenis
1061 2441 1222 2510 hujus
1256 2437 1619 2509 Erangeliarii
1647 2435 1895 2505 Quadru-

287 2537 467 2608 plicis,
496 2537 752 2608 quoniam
779 2535 913 2591 mihi
936 2549 1071 2607 opus
1098 2543 1216 2591 erat
1260 2534 1328 2589 de
1363 2535 1586 2602 antiqua
1608 2531 1742 2587 Itala
1772 2547 1894 2587 ver-

285 2630 445 2685 sione
475 2627 662 2684 Latina
693 2627 858 2683 multa
890 2626 1106 2697 prtel'ari
1128 2668 1142 2692 ,
1186 2643 1254 2681 ne
1285 2627 1421 2681 forte
1450 2625 1666 2680 viderer
1699 2624 1896 2694 aliqui-

284 2723 390 2780 bus
421 2739 535 2779 rem
587 2738 617 2777 a
663 2721 1066 2793 sapientissimo
1119 2720 1434 2776 Martiauaeo
1464 2719 1637 2773 multo
1665 2717 1894 2789 diligen-

289 2819 422 2886 tius,
449 2818 748 2890 majorique
770 2833 895 2873 cum
927 2817 1215 2887 dignitate,
1248 2831 1410 2887 quam
1438 2813 1504 2870 de
1529 2829 1615 2870 me
1645 2812 1892 2883 polliceri

287 2913 570 2978 auderem,
597 2911 707 2982 jam
727 2921 924 2978 actam,
950 2925 1142 2982 agere,
1176 2908 1479 2965 existimavi
1513 2908 1671 2978 longe
1699 2907 1895 2961 melius

289 3007 420 3064 huic
445 3007 674 3063 editioni
703 3005 1040 3072 consultum,
1069 3015 1123 3060 et
1151 3019 1179 3058 a
1214 3019 1300 3058 me
1331 3003 1654 3072 prudentius
1693 3000 1893 3056 factum

290 3099 384 3167 iri,
415 3101 458 3155 si
491 3111 560 3166 te,
595 3100 841 3170 aliosque
861 3098 1007 3153 Italae
1051 3098 1316 3154 versionis
1343 3107 1619 3151 amatores
1673 3095 1894 3150 invitas-

291 3207 409 3248 sem
441 3192 521 3263 (a)
561 3191 630 3247 ad
673 3189 902 3262 legenda
949 3189 1341 3261 Prolegomena
1383 3188 1629 3260 ejusdem
1678 3189 1896 3244 Martia-

295 3285 421 3352 nmi,
449 3285 544 3355 qui
565 3283 696 3339 illud
729 3293 1104 3354 argumentum
1133 3283 1394 3355 singulari
1439 3282 1749 3338 eruditione
1781 3292 1893 3337 tra-

294 3375 482 3432 ctavit.
510 3375 665 3432 Nunc
698 3391 828 3446 ergo
855 3376 922 3432 ad
947 3373 1370 3443 ostenditndum,
1401 3377 1610 3437 Italam,
1641 3392 1760 3447 quae
1779 3384 1896 3432 erat

295 3470 588 3526 verborum
629 3469 944 3526 Graecorum
1002 3471 1274 3536 tenacior,
1327 3485 1450 3526 eum
1504 3469 1896 3540 perspicuitate

295 3562 598 3628 sementim,
623 3572 814 3618 nostro
831 3562 1214 3632 Evangeliario
1236 3563 1578 3632 quadruplici
1605 3562 1893 3626 contineri,

298 3653 545 3711 Graecum
577 3655 901 3726 originalem
933 3663 1144 3710 textum
1168 3697 1180 3718 ,
1220 3655 1273 3709 in
1320 3653 1716 3724 antiquioribus
1758 3669 1890 3709 mss.

1997 1049 2104 1106 que
2127 1034 2266 1089 alios
2293 1035 2559 1105 excipias,
2590 1035 2746 1105 cujus
2773 1034 2883 1089 sint
2911 1035 3110 1103 aetatis,
3129 1035 3450 1106 furtumque,
3480 1053 3608 1107 pro-

1998 1131 2230 1199 diderit;
2258 1147 2365 1186 non
2389 1133 2628 1188 alienum
2655 1132 2840 1202 putavi
2870 1135 3057 1188 testari
3094 1134 3211 1200 tibi,
3245 1135 3373 1205 quid
3398 1135 3466 1192 de
3497 1135 3607 1193 illis

1997 1227 2211 1296 opiner.
2286 1226 2549 1284 Codieem
2613 1227 3035 1298 Erangeliorum
3099 1229 3608 1301 Cantabrigiensem

1997 1320 2474 1376 Graeco-Latinum
2539 1331 2700 1377 antea
2755 1321 3061 1377 describam
3118 1338 3186 1379 ex
3245 1323 3439 1380 eodem
3486 1324 3656 1390 Mil-_

1997 1413 2092 1470 lio.
2138 1413 2207 1468 Et
2253 1415 2503 1485 quamvis
2556 1414 2665 1470 sint
2718 1415 2824 1469 illae
2875 1415 3206 1472 membrana:
3260 1432 3357 1486 per
3390 1417 3607 1487 aliquos

1996 1506 2084 1560 vel
2111 1505 2351 1578 Ogygiae,
2384 1522 2678 1578 numquam
2731 1516 2911 1563 tamen
2945 1518 3171 1578 propter
3198 1523 3292 1564 eas
3341 1508 3602 1580 adducar,

1995 1598 2310 1666 utaliquem
2364 1615 2585 1654 versum
2630 1599 2739 1656 mei
2790 1600 3174 1672 Quadruplicis
3226 1601 3609 1674 Evangeliarii

1995 1695 2276 1760 castigem;
2309 1692 2589 1761 quoniam,
2635 1693 2680 1746 si
2711 1707 2806 1748 eas
2835 1692 3163 1764 quandoque
3203 1709 3460 1764 sequare,
3508 1694 3610 1750 lal-

1994 1783 2147 1849 leris,
2181 1793 2274 1838 aut
2297 1785 2472 1839 falles.
2512 1785 2608 1840 Est
2636 1786 2891 1857 equidem
2935 1787 3116 1843 Codex
3146 1788 3240 1843 ille
3289 1788 3608 1860 antiquissi-

1996 1889 2134 1940 mus,
2163 1876 2257 1931 sed
2295 1876 2625 1943 mendosus,
2675 1886 2734 1932 ut
2773 1880 2982 1934 caeteri.
3035 1878 3255 1935 Retinet
3299 1880 3419 1951 ipse
3457 1882 3606 1938 anti-

1995 1985 2156 2036 quam
2182 1969 2389 2036 italam,
2418 1985 2540 2042 qua:
2571 1980 2750 2027 tamen
2795 1972 3040 2029 cariosas
3068 1981 3122 2028 et
3170 1971 3462 2030 edentulae
3489 1975 3606 2032 lec-

1996 2061 2172 2117 tiones
2196 2061 2376 2119 habet.

2067 2154 2240 2210 Grarci
2286 2155 2518 2211 adeundi
2551 2164 2679 2211 sunt
2708 2156 2957 2221 codices,
2989 2157 3087 2212 sed
3124 2157 3456 2228 incorrupti,
3485 2159 3606 2218 sine

1993 2249 2190 2320 quibus
2245 2267 2408 2308 nemo
2464 2261 2615 2321 putet
2658 2254 2845 2310 Italam
2881 2255 3138 2322 inveniri,
3189 2273 3255 2314 ac
3303 2259 3603 2328 inventam,

1919 2343 1967 2404 Β
1993 2343 2202 2414 absque
2233 2345 2464 2402 maculis
2487 2347 2572 2401 edi
2597 2361 2780 2416 posse.
2809 2349 2920 2419 Ego
2952 2365 3127 2420 neque
3166 2351 3415 2406 Doctoris
3441 2351 3610 2408 Maxi-

1998 2437 2069 2491 mi
2105 2437 2408 2493 institutum
2439 2440 2572 2495 satis
2605 2440 2862 2506 laudare,
2897 2457 2998 2498 nec
3038 2443 3346 2514 aliquorum
3394 2444 3611 2501 animo-

1995 2530 2212 2586 sitatem
2242 2522 2374 2586 satis
2415 2532 2599 2589 mirari
2627 2549 2791 2604 queo,
2837 2535 3036 2605 quibus
3087 2535 3240 2592 labor
3269 2535 3608 2607 Hieronymi,

1995 2626 2086 2696 qui
2119 2626 2327 2681 aditum
2382 2627 2487 2682 sibi
2533 2627 2601 2682 ad
2653 2628 2981 2696 purissimos
3033 2627 3254 2685 Graecos
3293 2631 3470 2685 fontes
3512 2643 3612 2700 pro

1996 2717 2341 2774 emendando
2369 2719 2563 2776 Latino
2593 2729 2828 2792 quatuor
2844 2721 3265 2791 Evangeliorum
3296 2722 3489 2778 codice
3513 2738 3612 2794 pa-

1999 2810 2205 2869 tefecit.
2239 2813 2608 2883 improbatur;
2643 2815 2899 2886 quoniam
2927 2815 3329 2873 correctionem
3361 2831 3516 2873 suam
3544 2833 3612 2875 ex

1998 2905 2235 2960 ccenosis
2266 2905 2372 2962 illis
2412 2922 2475 2962 ac
2533 2906 2866 2963 turbulentis
2899 2907 3213 2964 Latinorum
3251 2909 3612 2981 interpretum

1997 2999 2213 3055 lacunis
2237 2997 2595 3054 hauriendam
2619 3013 2744 3055 esse
2775 3015 2880 3054 non
2913 2999 3086 3055 duxit.
3116 3000 3392 3058 Censores
3419 3002 3614 3059 habuit

1997 3094 2364 3167 Hieronymus
2403 3109 2500 3150 sua
2536 3095 2701 3150 etiam
2756 3105 2948 3161 relate;
2989 3096 3114 3166 qui,
3155 3106 3213 3150 ut
3263 3097 3384 3168 ejus
3430 3095 3606 3152 labori

1999 3203 2183 3242 moras
2206 3196 2510 3254 necterent,
2543 3187 2814 3259 iidemque
2854 3187 3248 3254 detraherent,
3282 3197 3446 3260 atque
3473 3202 3614 3260 opus

1997 3281 2143 3352 quod
2175 3281 2617 3352 aggrediebatur,
2650 3292 2965 3351 suspectum
2996 3281 3264 3337 Ecclesiis
3307 3282 3609 3352 efﬁcerent,

1998 3379 2445 3442 prtemonuerunt
2471 3371 2720 3442 ignarum
2743 3372 3036 3443 vulgus,ut
3067 3382 3288 3430 caveret
3307 3375 3448 3440 sibi;
3478 3390 3617 3448 quo-

2001 3466 2146 3520 niam
2207 3480 2237 3520 a
2295 3465 2509 3519 Latinis
2548 3465 2956 3535 exemplaribus
3013 3467 3330 3522 recedebat.
3385 3468 3493 3526 Sed
3557 3469 3613 3526 in

1999 3557 2336 3624 defensione,
2364 3573 2525 3628 quam
2562 3574 2663 3628 pro
2701 3571 2760 3612 se
2812 3557 3130 3613 beatissimo
3173 3575 3327 3630 papa:
3376 3561 3610 3617 Damaso

1998 3653 2240 3722 scripsit,
2265 3653 2337 3706 ita
2366 3667 2489 3706 eum
2521 3651 2787 3724 (cupiens
2814 3653 3026 3706 amoliri
3064 3669 3092 3706 a
3122 3669 3183 3710 se
3207 3654 3350 3709 illam
3391 3655 3610 3726 Opinio-

301 3748 452 3805 lihris
501 3759 888 3818 przeservatum
914 3791 928 3816 ,
972 3749 1252 3804 adeamus.
1309 3749 1372 3804 Si
1419 3749 1577 3812 enim,
1612 3739 1965 3818 inquiebatC
2000 3745 2166 3818 neut)
2200 3745 2529 3816 alloquitur,
2563 3754 2620 3801 et
2663 3746 2831 3801 dicit:
2883 3745 3092 3801 Novum
3135 3747 3281 3818 Opus
3313 3753 3485 3822 facere
3535 3769 3616 3809 me

299 3845 356 3901 S.
389 3843 772 3918 Hieronymus,
792 3844 858 3899 ad
883 3844 1166 3900 Damasum
1196 3844 1466 3908 scribens,
1492 3843 1697 3897 Latinis
1723 3859 1896 3898 ement-

300 3938 526 4011 plaribus
555 3939 684 4006 ﬁdes
723 3949 796 3994 est
839 3937 1154 4004 adhibenda,
1203 3938 1548 4011 respondeant
1574 3937 1896 4007 quibus?tot

300 4035 428 4090 enim
471 4043 590 4089 sunt
618 4034 934 4102 exemplaria
973 4052 1121 4105 pene,
1151 4043 1273 4106 quot
1323 4033 1544 4088 codices.
1577 4033 1672 4088 Sin
1722 4043 1896 4086 autem

301 4129 483 4184 veritas
510 4140 582 4182 est
613 4127 896 4197 quwreuda
921 4127 986 4180 de
1011 4127 1266 4199 pluribus,
1298 4144 1392 4182 cur
1423 4143 1527 4181 non
1559 4127 1628 4180 ad
1659 4125 1895 4180 Grtccam

302 4225 546 4296 originem
572 4231 895 4288 revertentes,
921 4238 1000 4285 ea,
1028 4237 1141 4292 qua:
1170 4221 1248 4276 vel
1299 4236 1331 4273 a
1368 4220 1564 4275 vitiosis
1589 4218 1896 4288 Interpreti-

305 4318 392 4371 bus
418 4318 551 4371 male
575 4316 800 4379 reddita,
820 4317 896 4370 vel
920 4331 952 4368 a
974 4312 1699 4386 prazsumptoribusimperitis
1727 4328 1900 4366 emen-

305 4410 420 4463 data
451 4410 763 4479 perversius,
809 4407 888 4462 vel
918 4425 949 4462 α
981 4408 1207 4462 librariis
1237 4405 1638 4461 dormitantibus
1690 4415 1779 4458 aut
1805 4404 1898 4457 ad-

307 4501 410 4556 dita
450 4511 589 4566 sunt,
638 4510 727 4555 aut
781 4509 996 4564 mutata,
1057 4497 1406 4569 corrigimus?
1435 4496 1500 4551 Et
1536 4495 1698 4565 paulo
1727 4503 1848 4565 post
1882 4511 1896 4549 :

308 4593 432 4649 Haec
482 4609 708 4662 praesens
757 4593 1174 4661 Prtej'atiuncula
1223 4592 1497 4664 pollicetur
1533 4599 1754 4658 quatuor
1780 4598 1896 4642 tan-

307 4695 405 4740 tum
456 4683 761 4760 Evangelia,
815 4693 959 4752 etc.,
1017 4684 1251 4738 codicum
1298 4681 1593 4737 Grmcorum
1632 4679 1902 4735 emendata

308 4779 592 4844 collatione,
617 4779 708 4834 sed
745 4777 1011 4832 Veterum.
1049 4777 1283 4832 Sanctus
1313 4789 1530 4847 quoque
1563 4772 1901 4846 Augustinus

310 4871 357 4928 in
381 4874 474 4927 lib.
499 4889 535 4927 ιι
560 4871 627 4928 de
652 4870 906 4928 Doctrina
925 4869 1236 4927 Christiana
1264 4871 1511 4925 eamdem
1537 4868 1778 4938 regulam
1797 4875 1902 4920 tra-

311 4965 402 5021 dit.
433 4965 509 5019 De
557 4963 702 5018 ltahe
743 4963 1010 5019 versinnis
1057 4963 1377 5032 interprete,
1430 4975 1534 5031 cpe
1580 4959 1901 5014 Latinorum

311 5056 548 5114 codicum
569 5054 932 5121 emendando,
960 5070 1066 5110 non
1097 5065 1177 5108 est
1201 5068 1382 5108 meum
1409 5060 1672 5119 statuere,
1701 5066 1904 5108 verene

2000 3843 2141 3915 cogis
2163 3859 2224 3896 ea:
2253 3844 2409 3897 veteri
2427 3859 2445 3906 ;
2476 3852 2532 3896 ut
2564 3849 2679 3910 post
2727 3843 3047 3911 exemplaria
3079 3842 3474 3914 Scripturarum
3499 3857 3606 3902 toto

2005 3935 2413 4004 Orbedispersa,
2441 3935 2585 4006 quasi
2633 3934 2847 4004 quidam
2876 3934 3073 3991 arbiter
3111 3939 3345 4004 sedeam;
3395 3949 3442 3995 et
3495 3943 3616 4010 quia

2000 4034 2132 4088 inter
2161 4051 2213 4088 se
2239 4032 2470 4099 variant,
2489 4048 2605 4103 quae
2629 4033 2729 4088 sint
2756 4031 2874 4093 illa,
2903 4049 3018 4103 qua:
3043 4050 3161 4088 cum
3192 4035 3374 4091 Graeca
3399 4054 3618 4094 consen-

2003 4128 2132 4181 tiant
2171 4127 2414 4193 veritate,
2454 4127 2749 4182 decernam.
2787 4123 2916 4180 Pius
2945 4127 3128 4194 labor,
3183 4130 3274 4184 sed
3320 4132 3615 4202 periculosa

2004 4219 2371 4290 praesumptio,
2401 4226 2507 4273 etc.
2543 4217 2672 4284 Quis
2698 4217 2832 4272 enim
2998 4235 3115 4272 cum
3144 4220 3197 4274 in
3251 4239 3440 4277 manus
3470 4224 3617 4279 volu-

2002 4327 2117 4365 men
2141 4311 2498 4379 assumpserit,
2523 4321 2570 4365 et
2601 4327 2633 4363 a
2653 4312 2818 4364 saliva
2837 4352 2850 4374 ,
2880 4327 3033 4378 quant
3057 4313 3216 4367 semel
3236 4314 3453 4380 imbibit,
3478 4319 3618 4374 vide-

2003 4403 2092 4468 rit,
2123 4404 2417 4475 discrepare
2456 4404 2596 4474 quod
2623 4403 2842 4470 lectitat,
2894 4421 2997 4458 non
3042 4406 3222 4461 statim
3273 4421 3512 4479 erumpat
3560 4414 3614 4469 in

2003 4513 2198 4560 vocem,
2223 4514 2303 4551 me
2328 4497 2603 4567 falsarium
2630 4537 2645 4562 ,
2676 4513 2758 4551 me
2787 4495 3066 4552 clamitans
3119 4515 3228 4555 esse
3267 4503 3611 4575 sacrilegum,

2004 4596 2092 4666 qui
2129 4595 2350 4649 audeam
2375 4594 2578 4664 aliquid
2597 4595 2651 4649 in
2670 4595 2925 4650 veteribus
2951 4595 3100 4652 libris
3127 4599 3344 4669 addere,
3384 4612 3611 4671 mutare,

2006 4688 2299 4760 corrigere?
2328 4687 2588 4743 Adversus
2627 4705 2781 4760 quam
2824 4689 3074 4746 invidiam
3113 4693 3307 4765 duplex
3335 4711 3494 4752 causa
3535 4713 3618 4753 me

2007 4783 2325 4848 consolatur,
2359 4783 2497 4854 quod
2517 4791 2563 4837 et
2580 4791 2656 4851 tu,
2685 4783 2773 4854 qui
2803 4782 3054 4840 Summus
3095 4784 3356 4842 Sacerdos
3392 4805 3467 4854 es,
3500 4789 3619 4860 ﬁeri

1997 4875 2173 4944 jubes;
2203 4885 2252 4928 et
2279 4889 2454 4928 verum
2477 4892 2578 4929 non
2610 4891 2741 4940 esse,
2765 4877 2904 4945 quod
2933 4876 3121 4943 variat,
3147 4877 3301 4931 etiam
3333 4880 3617 4936 maledico-

2005 4984 2121 5022 rum
2153 4969 2440 5022 testimonio
2479 4968 2866 5037 comprobatur.
2893 4967 2964 5022 Et
2990 4979 3113 5036 post
3145 4983 3317 5039 pauca
3346 4988 3360 5025 :
3387 4970 3617 5045 Magnus

2008 5063 2093 5115 hic
2114 5062 2167 5116 in
2200 5063 2390 5116 nostris
2429 5062 2694 5116 codicibus
2721 5077 2867 5116 error
2898 5062 3145 5130 inolevit;
3176 5063 3300 5118 dum
3321 5108 3336 5132 ,
3374 5068 3513 5138 quod
3561 5071 3617 5125 in

313 5150 468 5220 aliqui
499 5148 758 5211 sentiant,
789 5164 858 5202 an
891 5161 1068 5202 secus.
1107 5148 1176 5201 Αι
1205 5145 1335 5200 illud
1369 5160 1547 5200 meum
1581 5153 1666 5199 est
1713 5143 1901 5200 multis
1926 5147 1982 5208 Ι)
2007 5154 2185 5209 eadem
2216 5171 2270 5209 re
2285 5155 2419 5210 alia;
2442 5153 2775 5225 Evangelisla
2798 5155 2915 5226 plus
2939 5155 3104 5224 dixit,
3133 5157 3187 5210 in
3213 5158 3338 5223 alio,
3369 5160 3492 5228 quia
3513 5160 3616 5215 mi.

312 5241 616 5308 ostendere,
656 5256 868 5311 aequum
900 5255 1024 5297 esse
1077 5239 1209 5294 mihi
1264 5237 1531 5304 concedi,
1575 5247 1635 5292 ut
1688 5251 1790 5307 ego
1833 5236 1901 5292 de

315 5336 430 5394 Itala
463 5353 567 5393 non
601 5336 783 5392 minus
809 5345 925 5390 tuto
945 5335 1194 5406 judicare
1221 5337 1447 5403 possim,
1493 5348 1558 5390 ex
1582 5332 1900 5389 Graecorum

315 5434 590 5488 verborum
625 5431 938 5496 tenacitate,
979 5445 1101 5485 cum
1152 5429 1540 5500 perSpicuiIate
1587 5429 1897 5485 sententiae.

314 5527 451 5582 Millii
479 5526 777 5583 editionem
800 5525 863 5580 N.
886 5525 951 5580 Τ.
985 5536 1039 5580 tu
1065 5525 1176 5596 jam
1201 5525 1452 5596 legendo,
1492 5535 1548 5580 et
1573 5524 1900 5596 pervolven-

316 5619 585 5676 dotrivisti
619 5636 630 5673 :
664 5633 787 5674 cum
817 5627 998 5674 autem
1030 5619 1288 5687 pleraque
1313 5616 1554 5682 illorum,
1603 5632 1724 5688 quae
1772 5631 1902 5670 con-

319 5711 449 5775 tulit.
480 5710 848 5782 Exemplaria,
881 5717 1165 5782 pervetera
1193 5723 1317 5766 esse
1343 5717 1581 5775 constet,
1609 5724 1710 5763 nec
1757 5709 1902 5778 quis-

319 5827 330 5900 i
382 5825 458 5900 (α)
499 5826 632 5886 Vide
662 5825 1079 5898 Prolegomena,
1101 5823 1207 5882 col.
1233 5837 1376 5897 θοοο
1401 5831 1457 5880 et
1484 5838 1602 5892 seq.

2009 5261 2106 5299 nus
2133 5249 2461 5317 putaverint,
2500 5246 2817 5300 addiderunt
2847 5262 2866 5301 :
2895 5247 2973 5302 vel
3002 5248 3125 5302 dum
3146 5251 3382 5304 eumdem
3409 5267 3614 5308 sensum

2006 5337 2142 5392 alius
2159 5339 2314 5392 aliter
2339 5339 2623 5408 expressit,
2653 5340 2765 5403 ille,
2794 5341 2882 5412 qui
2904 5357 3065 5395 unum
3093 5358 3120 5396 e
3147 5354 3370 5414 quatuor
3389 5345 3616 5416 primum

2009 5429 2219 5502 legerat,
2251 5431 2321 5484 ad
2345 5435 2455 5505 ejus
2493 5432 2785 5504 exemplum
2812 5445 3022 5489 cazteros
3048 5451 3248 5507 quoque
3286 5437 3618 5494 wstimaverit

2011 5527 2378 5583 emendandos.
2426 5527 2576 5584 Unde
2614 5529 2838 5597 accidit,
2890 5541 2948 5586 ut
2991 5531 3132 5600 apud
3167 5548 3259 5586 nos
3312 5534 3466 5588 mista
3513 5535 3618 5590 sint

2011 5621 2210 5687 omnia;
2230 5633 2276 5676 et
2304 5622 2357 5676 in
2387 5620 2572 5678 Marco
2602 5623 2753 5693 plura
2779 5622 2958 5690 Lacte,
3000 5636 3152 5696 atque
3181 5625 3452 5696 Mattluei;
3492 5647 3614 5685 rur-

2013 5728 2126 5767 sum
2152 5714 2203 5768 in
2231 5713 2480 5772 .llatthazo
2501 5715 2654 5787 plura
2676 5714 2900 5770 Joannis
2919 5757 2933 5783 ,
2960 5726 3007 5770 et
3033 5716 3227 5782 Marci;
3250 5729 3298 5775 et
3343 5722 3397 5777 in
3420 5724 3618 5782 cazteris
