4010 6194
250 245 375 304 869

977 247 1392 308 DESCRIPTIO
1431 252 1586 309 COD.
1630 253 1741 308 MS.
1782 251 2302 312 GRECO-LATINI
2344 257 2938 318 l'ZVANGELIORUM.‘
3468 267 3576 322 870

250 365 372 418 lius
401 365 706 436 intelligere
735 367 814 421 eis
845 367 1057 435 liceret,
1083 378 1138 424 et
1168 369 1358 425 Latina
1389 386 1507 433 sua,
1541 371 1711 426 sicubi
1739 387 1873 441 opus
1905 380 1950 436 Α
1979 376 2260 438 exhibere.
2297 395 2457 448 quam
2485 381 2768 436 ediderant
2795 383 2892 449 ipsi
2928 381 3309 451 Evangelista‘,
3343 381 3460 446 sed,
3487 384 3585 435 ob-

252 470 414 513 csset
437 499 450 521 .
494 461 788 516 emendare
823 479 834 514 :
887 461 1120 531 denique
1157 479 1222 518 ex
1255 466 1466 518 mendis
1500 465 1670 530 ipsius
1693 480 1876 518 cxcm-

254 551 438 617 plaris
471 560 732 626 ’γραφικοῖς
757 594 771 616 ,
803 568 1034 623 quorum
1079 554 1256 622 aliqua
1299 559 1430 609 satis
1462 558 1608 609 clare
1642 555 1876 619 produnt

254 661 661 700 amanuensem
710 646 997 710 Latinum;
1045 666 1094 703 v.
1147 666 1224 716 gr.
1276 650 1562 727 Ἧρὼδους,
1591 651 1872 715 Ἰωάννους,

253 739 497 804 Ἰωάννη,
528 743 908 818 Σαμαριτάνων,
937 744 1320 817 φλαγελλὼσας,
1343 745 1636 820 λεπρώσου,
1662 756 1716 797 et
1733 746 1878 812 ejus—

259 831 418 884 modi
452 832 574 885 alia.
615 832 682 886 Et
715 836 826 902 jam
875 836 1092 904 quidem
1138 838 1205 888 ad
1257 838 1425 905 ipsius
1465 836 1663 890 codicis
1697 847 1878 905 partes

258 925 602 980 accedimus.
651 925 864 992 Latina,
901 929 1312 984 translationem
1359 930 1600 984 italicam
1634 931 1873 993 exhibet,

261 1022 450 1089 qualis
486 1031 596 1076 tum
627 1023 888 1090 temporis
919 1023 1242 1091 interpolata
1274 1025 1568 1083 ferebatur.
1604 1033 1728 1079 ante
1756 1039 1879 1078 cas-

263 1118 589 1184 tigationem
641 1118 976 1189 llieronymi.
1021 1117 1260 1172 Gra’cum
1308 1133 1440 1172 vero
1487 1127 1688 1172 textum
1734 1118 1882 1170 miri-

265 1211 376 1264 ﬁce
429 1218 742 1280 corruptum
785 1226 847 1264 ac
887 1211 1273 1280 depravatum,
1320 1212 1634 1280 hujusmodi
1677 1222 1880 1279 tamen,

264 1307 366 1375 qui
400 1305 666 1375 originem
709 1317 857 1360 certe
889 1306 1104 1360 duxerit
1148 1324 1210 1360 ex
1261 1309 1324 1361 iis
1355 1307 1631 1370 fontibus,
1665 1323 1731 1360 ex
1761 1304 1884 1375 qui-

269 1399 377 1452 bus
423 1399 663 1451 manavit
701 1397 881 1452 ltalica
925 1398 1139 1453 Versio.
1179 1399 1385 1468 Nempe
1409 1414 1532 1453 cum
1561 1399 1886 1468 exctnplari—

269 1492 378 1546 bus
409 1492 771 1561 interpretum
803 1491 1056 1546 italorum
1079 1535 1093 1558 ,
1119 1502 1174 1546 et
1206 1493 1538 1562 apographis
1571 1493 1696 1546 inde
1717 1492 1885 1545 dedu-

271 1587 380 1640 CIis
410 1588 486 1639 ita
518 1586 740 1639 utnnino
785 1593 964 1640 actum
990 1585 1248 1639 arbitror.
1281 1586 1655 1654 Exemplaria,
1689 1585 1884 1651 quibus

275 1679 612 1744 interpretes
661 1679 762 1744 ipsi
814 1679 899 1733 usi
951 1679 1092 1742 sint,
1145 1679 1283 1733 sicut
1327 1678 1717 1745 aliquantulum
1763 1678 1886 1730 hinc

1980 481 2194 522 servato
2221 469 2503 526 dumtaxat
2533 474 2588 528 S.
2625 475 2824 527 ’[ιικίιις
2853 475 3066 540 ordine,
3104 490 3166 528 ac
3192 475 3437 538 historia,
3470 478 3585 529 sin-

1977 563 2097 632 gula
2126 563 2413 634 Evangelia
2445 567 2796 622 absolutioria
2826 584 2887 620 ac
2919 568 3155 637 pleniora
3186 568 3436 622 reddere.
3467 567 3583 622 Huc

1979 656 2123 709 enim
2173 657 2378 711 faciunt
2420 659 2749 714 introodssm
2779 661 2828 713 iu
2863 662 3126 729 cujuspie
3160 661 3439 731 Etaogelii
3471 673 3584 716 tex-

1983 759 2092 801 tum
2117 751 2386 816 particulae
2414 753 2595 815 varias,
2622 752 2950 822 integrarique
2976 753 3184 821 periodi
3214 753 3546 821 reliquorum
3574 769 3587 806 :

1984 842 2087 895 huc
2124 847 2448 912 transposita
2493 846 2546 898 in
2584 861 2909 914 tmoqttoque
2960 847 3210 912 plurima,
3242 847 3312 898 ob
3338 846 3582 900 historia:

1982 936 2279 989 ('lat'it..tetn
2317 955 2328 988 :
2385 939 2485 992 huc
2526 938 2787 992 traductm
2818 956 2880 992 ex
2918 939 3227 1008 Evatigeliis
3258 940 3534 1010 περικοπαί
3572 956 3584 994 :

1984 1027 2090 1082 huc
2143 1031 2585 1097 iuterpolatioues
2639 1033 2760 1086 alia:
2808 1035 3131 1086 innumera}.
3182 1032 3380 1086 Verum
3429 1043 3484 1087 et
3537 1035 3588 1086 iit

1985 1123 2144 1174 aliam
2170 1125 2327 1190 plane
2349 1126 2674 1177 sententiam
2704 1126 3021 1193 pertrahunt
3045 1125 3299 1179 nonnulla
3333 1125 3592 1178 vocabula

1988 1230 2082 1284 pro
2110 1216 2357 1284 genuinis
2385 1216 2486 1268 alia
2505 1261 2519 1282 ,
2548 1219 2857 1286 neutiquam
2883 1221 3303 1293 σημαπικὼτερα
3321 1258 3333 1280 ,
3355 1216 3597 1284 adeoque

1988 1308 2051 1360 ad
2078 1307 2320 1362 historiae
2334 1309 2636 1362 claritatem
2656 1325 2716 1362 ac
2738 1310 3042 1364 ubertatem
3070 1309 3200 1363 nihil
3221 1306 3595 1362 eoul‘erentia:

1989 1400 2318 1454 mutationes
2367 1418 2752 1466 numerorum,
2781 1418 3027 1463 casuum,
3061 1416 3347 1471 generum,
3387 1411 3601 1469 tempo-

1989 1509 2128 1557 rum,
2167 1495 2365 1563 passim
2396 1494 2550 1547 facta:
2581 1494 2784 1563 absque
2813 1496 2958 1547 omni
2989 1509 3145 1546 causa
3176 1512 3187 1547 :
3219 1493 3602 1561 transpositio-

1991 1605 2084 1642 nes
2118 1590 2367 1654 inlinitae,
2399 1605 2626 1658 quarunt
2655 1589 2800 1642 nulla
2833 1589 3025 1642 idonea
3063 1589 3200 1642 ratio
3233 1589 3312 1642 \el
3349 1589 3474 1657 tingi
3507 1604 3604 1654 po-

1993 1687 2149 1738 tcrit:
2184 1693 2456 1738 contracta
2482 1683 2712 1754 denique
2737 1685 2988 1754 plurima,
3011 1694 3065 1737 et
3092 1685 3290 1738 excisae
3315 1683 3440 1737 hinc
3464 1681 3593 1736 inde

273 1773 409 1827 inde
451 1789 605 1842 passa
649 1771 862 1824 inerant
910 1787 941 1825 a
987 1771 1194 1826 Scribis
1245 1770 1318 1840 (id
1363 1772 1508 1824 enim
1543 1785 1608 1822 ex
1635 1766 1880 1838 Syriaca.
1916 1772 1961 1831 Β
1995 1789 2203 1846 partes,
2231 1787 2283 1829 et
2326 1778 2540 1846 quidem
2585 1783 2710 1829 totm
2748 1779 3053 1839 sententias,
3093 1794 3213 1847 quin
3259 1776 3490 1829 mirilice
3536 1775 3603 1828 ad

277 1865 513 1933 aliisque
562 1863 912 1918 Versionibus
961 1861 1232 1932 aliquibus
1275 1861 1340 1914 ad
1391 1859 1703 1913 consimiles
1759 1874 1881 1912 cum

277 1958 416 2029 ipsis
448 1958 677 2012 Codices
714 1957 993 2011 adornatis
1030 1957 1252 2011 omnino
1280 1954 1517 2025 constat)
1552 1972 1562 2007 ε
1598 1955 1666 2006 ita
1698 1954 1749 2006 in
1781 1969 1884 2006 ca:-

281 2054 419 2108 teris
478 2053 697 2123 egregie
763 2051 1076 2110 referebant
1140 2049 1509 2119 Apostolicam
1566 2047 1883 2102 dictionem.

278 2146 441 2212 Quod
490 2157 671 2200 autem
718 2147 770 2198 iu
803 2145 1116 2199 Latinorqu
1164 2158 1355 2196 manus
1404 2141 1744 2203 devenerint,
1791 2139 1888 2192 tle-

283 2238 436 2294 durti
485 2237 683 2293 exinde
716 2237 932 2291 codices
979 2235 1225 2290 mendosi
1259 2234 1531 2303 prodiere.
1568 2233 1766 2302 Scripti
1810 2231 1888 2284 ni-

287 2332 510 2398 mirum,
533 2347 643 2386 non
675 2332 746 2383 uti
776 2342 976 2388 caetera
1005 2329 1336 2398 exemplaria
1362 2328 1621 2384 Orientis,
1648 2342 1676 2379 a
1701 2326 1894 2380 scribis

287 2425 534 2491 Cnet-is,
586 2425 894 2492 linguaeque
944 2424 1082 2477 adeo
1131 2423 1320 2491 patria:
1370 2421 1507 2474 haud
1549 2418 1893 2488 nesciis,qni

292 2529 498 2574 textum
548 2518 777 2572 nitidum
829 2517 975 2579 fere.
1030 2517 1307 2585 probeque
1345 2524 1594 2568 curatqu
1622 2514 1894 2576 emisere;

293 2617 392 2668 sed
423 2630 450 2666 a
477 2612 724 2678 notariis,
757 2613 948 2682 quales
974 2613 1028 2666 in
1053 2611 1352 2665 Occidente
1377 2611 1587 2664 ferebat
1615 2609 1716 2661 ista
1743 2615 1896 2670 tetas,

295 2708 499 2761 misere
542 2706 776 2760 indoctis
815 2713 872 2759 et
899 2706 1179 2771 barbaris,
1211 2705 1300 2773 qui
1339 2705 1406 2758 de
1438 2703 1612 2768 libris,
1644 2717 1780 2772 quos
1810 2701 1904 2756 de-

293 2801 551 2869 scripturi
584 2810 761 2865 erant,
795 2799 930 2854 nihil
963 2799 1077 2856 fere
1104 2810 1322 2866 norant,
1356 2810 1553 2869 ριἰυιρτ
1578 2800 1720 2868 ipsas
1755 2798 1904 2851 litte-

297 2910 409 2950 ras.
441 2895 574 2948 Hinc
600 2902 753 2948 certe
779 2903 951 2948 tractu
987 2896 1269 2961 temporis,
1305 2893 1478 2962 major
1509 2894 1677 2944 multo
1706 2890 1902 2952 adhuc,

300 2990 468 3043 immo
499 3005 626 3042 vero
674 2988 888 3041 tandem
919 2988 1125 3042 inﬁnita
1159 2989 1316 3056 plane
1356 2987 1721 3051 vitiorum,et
1769 2985 1909 3051 inje-

300 3080 574 3134 0titiarum
598 3080 890 3134 lectionum
910 3081 991 3134 vis
1012 3079 1301 3140 Codicibus
1325 3081 1440 3133 istis
1463 3079 1766 3148 ingruebat.
1786 3078 1906 3130 Mox

1992 1869 2232 1923 historia:
2266 1869 2603 1938 Evangelica:
2634 1871 3000 1938 integritatem
3029 1870 3250 1924 faciunt.
3279 1870 3602 1938 Neutiquam

1990 1964 2136 2016 enim
2163 1963 2470 2031 huiusmodi
2502 1965 2926 2031 praetermiserit,
2949 1965 3034 2018 cui
3059 1966 3410 2017 coiistitutnm
3444 1961 3608 2017 fuerit

1993 2071 2056 2110 ex
2081 2071 2406 2125 unequoqut-
2425 2056 2842 2125 Evangeliorum
2864 2058 3410 2124 cotilicereintcgram
3433 2054 3608 2112 histo-

1995 2149 2130 2201 riam
2161 2149 2561 2217 ICvangclicant,
2593 2163 2642 2202 ei
2675 2148 2831 2218 quasi
2865 2149 3235 2201 Dialessaron.
3274 2147 3444 2201 Immo
3475 2162 3608 2200 vero

1996 2250 2204 2294 certum
2236 2239 2365 2292 illud
2391 2255 2577 2302 unum,
2605 2240 2940 2308 lligestorem
2971 2239 3130 2306 hujus
3156 2239 3426 2300 textus,in
3459 2237 3610 2292 hisce

2000 2334 2150 2388 libris
2175 2333 2575 2403 Evangeliorum
2599 2373 2614 2398 ,
2644 2345 2698 2388 et
2724 2335 2938 2386 Acutum
2965 2344 3269 2402 grassatum
3315 2331 3484 2388 fuisse
3515 2346 3612 2402 pro

2000 2427 2269 2491 arbitrio;
2312 2425 2624 2488 addidisse,
2671 2425 2959 2478 sustulisse
2984 2467 3000 2489 ,
3044 2437 3312 2489 mutasse,
3349 2425 3505 2492 plane
3535 2425 3611 2477 uti

2003 2519 2211 2572 ferebat
2247 2520 2492 2584 animus;
2548 2521 2844 2585 multoque,
2875 2530 2931 2574 ut
2978 2518 3146 2572 verbo
3177 2517 3374 2580 dicam,
3420 2517 3612 2571 labore

2003 2614 2134 2667 illud
2168 2615 2364 2682 egisse.
2400 2625 2457 2666 tit
2486 2622 2661 2668 textus
2704 2613 2946 2680 ipsorum
2973 2611 3466 2681 Evangelistarunt.
3498 2627 3614 2665 ma-

2001 2724 2102 2778 gna
2137 2709 2220 2762 sui
2260 2718 2442 2776 parte,
2473 2709 2523 2761 in
2557 2709 2717 2762 alium
2747 2707 3037 2776 quemdam
3068 2704 3488 2760 transformatus
3521 2707 3606 2758 itt-

2004 2801 2241 2856 cederet.
2270 2802 2308 2855 E
2344 2801 2475 2855 locis
2502 2801 2705 2854 codicis
2737 2800 2942 2853 vitiosis
2965 2811 3015 2853 et
3043 2799 3408 2868 interpolatis,
3440 2813 3608 2867 pauca

2007 2895 2290 2948 dumtaxat
2320 2894 2408 2948 hic
2441 2894 2772 2947 notabimus.
2807 2893 2862 2947 In
2905 2893 3200 2959 Evangelia
3231 2892 3493 2956 Mattha-i,
3525 2892 3609 2945 inv-

2009 2989 2176 3056 signis
2210 2987 2295 3040 illa
2327 2987 2582 3055 perirope
2612 2986 2680 3039 de
2702 2987 2891 3054 primis
2914 2985 3253 3039 accubitibus
3267 2999 3438 3039 etenus
3465 2984 3608 3055 (cap.

2015 3096 2102 3142 xx,
2127 3096 2267 3134 vers.
2293 3079 2388 3144 28)
2413 3080 2463 3133 in
2489 3080 2829 3148 iulerpolatis
2856 3079 3001 3134 hisce
3028 3078 3220 3133 Grzrce
3241 3079 3352 3148 jam
3380 3080 3614 3149 primum

301 3174 450 3228 enim
475 3213 489 3238 ,
521 3181 582 3236 ut
608 3191 636 3226 c
671 3173 878 3228 Latinis
913 3173 1192 3228 doctiores
1230 3173 1394 3241 aliqui
1439 3181 1691 3242 excerpta
1745 3173 1905 3224 unde-

2015 3185 2240 3244 appat‘ct
2273 3192 2287 3230 :
2318 3173 2486 3246 Ὑμεῖς
2517 3173 2571 3229 δὲ
2612 3179 2812 3238 ζητεῖτε
2861 3176 2911 3227 ἐκ
2949 3180 3134 3249 μικροῦ
3162 3175 3400 3237 αὐξῆσαι,
3453 3178 3537 3228 καὶ
3563 3175 3616 3228 ἐκ

303 3281 538 3336 cumque
577 3267 813 3330 scholia,
847 3277 900 3321 et
943 3265 1271 3334 insigniores
1319 3265 1600 3334 pericOpas
1630 3263 1912 3332 ascripsis-

305 3371 428 3414 scnt
452 3360 517 3414 ad
548 3375 699 3414 oram
727 3375 945 3415 suorum
977 3361 1394 3428 exemplarium,
1421 3361 1655 3413 librariis
1681 3374 1740 3413 ea
1767 3367 1914 3411 tran-

304 3455 590 3522 scripturis
637 3455 764 3508 illud
815 3452 1016 3523 negotii
1059 3453 1246 3508 datum
1299 3464 1452 3517 erat,
1501 3463 1555 3511 ut
1603 3453 1910 3504 universam

309 3547 448 3600 hanc
480 3545 803 3615 farraginem
827 3545 1172 3614 marginalem
1204 3547 1254 3597 in
1289 3544 1696 3612 Apographisui
1717 3557 1914 3610 corpus

309 3642 759 3696 transmitterem.
807 3640 1129 3708 ilujusmodi
1179 3637 1398 3693 codices
1438 3636 1678 3690 noouulli
1731 3636 1917 3689 hodie-

308 3752 412 3805 que
440 3744 657 3791 exstant
693 3735 924 3796 misere,
958 3748 1229 3802 supraque
1262 3747 1480 3784 omnem
1514 3729 1729 3783 modqu
1761 3727 1914 3782 mixti

309 3838 364 3883 et
415 3828 690 3883 maculati.
744 3825 1051 3881 Pervetusti
1086 3826 1329 3895 plerique
1363 3839 1552 3877 omnes
1575 3865 1590 3889 ,
1621 3831 1675 3877 et
1706 3821 1916 3876 eximia:

309 3923 439 3978 olim
503 3923 642 3992 apud
695 3921 1073 3976 Occidentales
1128 3920 1500 3982 auctoritatis;
1547 3933 1720 3987 eoque
1771 3923 1918 3970 certe

315 4015 574 4081 majoris,
623 4015 765 4085 quod
825 4014 1167 4082 interpolatis
1223 4015 1338 4066 istis
1395 4013 1707 4067 Versionem
1759 4011 1916 4063 istaut

314 4109 485 4177 magis
528 4107 807 4178 magisque
835 4106 1294 4161 accommodatam
1326 4105 1572 4160 dederint
1599 4104 1773 4158 Latini
1803 4103 1916 4156 alii.

317 4201 450 4255 lliuc
499 4202 642 4254 enim
700 4200 842 4255 haud
904 4215 1169 4270 quaquam
1228 4200 1532 4254 dubitatum
1591 4206 1746 4263 erat,
1787 4197 1918 4266 qttin

314 4295 535 4362 Graeca,
591 4295 786 4365 quibus
841 4296 1025 4349 Latina
1083 4294 1197 4348 ha-c
1241 4300 1347 4347 tam
1407 4292 1575 4361 probe
1628 4290 1921 4357 responde-

316 4390 475 4456 bant,
527 4389 881 4459 originarium
926 4389 1076 4442 illttm
1125 4399 1329 4442 textum
1385 4387 1652 4454 integrum
1702 4390 1758 4438 et
1814 4383 1920 4435 ilii-

317 4484 500 4538 batum
542 4483 917 4547 exhibueriot,
959 4481 1026 4536 ad
1061 4495 1222 4551 quem
1254 4493 1512 4550 expressa
1539 4478 1713 4533 fuerat
1740 4476 1920 4530 Italica

2017 3271 2244 3340 μείζονος
2273 3268 2669 3323 ἐλαττονεῑσθαι·
2702 3267 2804 3334 (δίε
2844 3267 2986 3319 enim
3022 3267 3333 3336 legendum)
3366 3268 3614 3342 εἰσερχό-

2016 3381 2158 3431 μενοι
2199 3357 2252 3414 δέ
2298 3382 2346 3412 κ.
2395 3381 2444 3413 τ.
2496 3358 2543 3410 λ.
2583 3359 2738 3425 cujus
2769 3374 2887 3410 cum
2924 3367 3128 3424 partem
3163 3357 3520 3425 posteriorem
3551 3373 3618 3411 ex

2019 3450 2172 3504 Luca:
2194 3492 2207 3514 ,
2247 3466 2366 3518 eap.
2412 3465 2521 3510 xtv,
2554 3466 2697 3504 vers.
2733 3450 2788 3514 8,
2823 3459 3094 3518 sumptam
3127 3464 3287 3502 nemo
3319 3464 3422 3502 non
3457 3450 3622 3514 norit,

2019 3552 2130 3595 tum
2169 3551 2316 3595 certe
2361 3543 2507 3608 prior
2539 3541 2701 3613 (quod
2732 3541 2967 3595 nondum
3003 3557 3030 3594 a
3063 3556 3334 3610 quoquam
3367 3542 3625 3596 observa-

2020 3646 2153 3700 ttun,
2175 3635 2316 3704 quod
2341 3634 2534 3707 sciam)
2558 3649 2737 3689 ortum
2769 3634 2955 3689 habuit
2983 3651 3047 3688 ex
3073 3633 3276 3689 GI'iDClS
3302 3632 3454 3690 Cant.
3480 3635 3626 3705 ejus-

2019 3729 2141 3785 dem
2187 3729 2487 3798 Evangelii,
2518 3745 2636 3796 cap.
2673 3744 2811 3794 χχιι,
2847 3743 2989 3783 vers.
3021 3729 3114 3792 27,
3146 3729 3217 3784 :28
3253 3747 3265 3781 :
3296 3728 3421 3803 Ἐσγὼ
3447 3732 3549 3806 γὰρ
3577 3731 3627 3784 ἐν

2021 3826 2162 3896 μέσῳ
2189 3825 2331 3895 ὑμῶν
2354 3821 2496 3882 ἦλθον
2518 3825 2620 3895 οὐχ
2650 3825 2719 3883 ὡς
2741 3823 2766 3877 ὁ
2798 3823 3139 3894 ἀνακείμενος,
3170 3823 3275 3877 αλλ’
3302 3826 3370 3884 ὡς
3394 3823 3419 3878 ὁ
3447 3822 3624 3879 διακο-

2019 3924 2114 3971 νῶν
2137 3922 2223 3972 καὶ
2243 3919 2389 3990 ὑμεῖς
2411 3919 2650 3982 ηὐξήθητε
2675 3917 2722 3970 ἐν
2747 3925 2808 3991 τῇ
2830 3915 3056 3991 διακονίᾳ
3077 3938 3198 3987 μου,
3224 3920 3291 3978 ὡς
3313 3917 3340 3972 ὁ
3368 3916 3624 3984 διακονῶν,

2022 4013 2068 4067 οἱ
2111 4011 2527 4085 διαμεμενηκότες
2554 4035 2603 4065 κ.
2633 4034 2682 4066 τ.
2717 4012 2766 4071 λ.
2816 4013 2947 4080 Cap.
2983 4027 3095 4077 χχι,
3129 4027 3276 4066 vers.
3310 4012 3401 4075 δι,
3428 4028 3548 4067 cum
3577 4015 3630 4068 in

2026 4106 2280 4174 parobola
2331 4105 2400 4161 de
2445 4105 2569 4159 liliis
2601 4105 2813 4159 duobus
2843 4105 2893 4157 in
2925 4105 3137 4158 vineam
3165 4106 3243 4159 ire
3268 4106 3459 4174 jussis,
3494 4122 3628 4173 quo-

2023 4217 2140 4255 rum
2189 4203 2339 4271 prior
2367 4215 2427 4256 se
2462 4216 2567 4255 nou
2608 4198 2808 4254 iturtnn
2839 4200 2996 4266 dixit,
3026 4199 3183 4254 iverit
3207 4209 3408 4265 tamen,
3442 4210 3627 4268 peste-

2024 4294 2134 4346 rior
2161 4293 2358 4346 iturum
2387 4308 2467 4357 se,
2496 4291 2590 4346 sed
2618 4308 2724 4345 non
2755 4291 2914 4344 iverit
2941 4306 3062 4344 cum
3092 4291 3421 4344 voluntatem
3454 4290 3630 4346 Patris

2027 4388 2076 4440 in
2107 4388 2228 4441 cod.
2262 4386 2534 4455 aliquibus
2566 4386 2758 4438 iecisse
2780 4383 3055 4438 diceretur
3083 4383 3339 4454 ἔσχατος,
3377 4400 3471 4437 seu
3502 4401 3626 4452 posa-

2027 4484 2196 4537 terior
2237 4485 2318 4550 (ut
2363 4481 2414 4533 in
2453 4479 2660 4533 Latinis
2701 4477 2979 4532 mendosis
3019 4487 3145 4530 ante
3191 4477 3629 4547 Hieronymum),

319 4577 523 4632 versie.
571 4575 985 4631 Con~entientia
1013 4618 1027 4637 ,
1079 4578 1157 4628 sic
1190 4585 1245 4628 ιιι
1271 4573 1750 4638 diximus,Graeca
1784 4571 1919 4635 iure,
1949 4543 2002 4602 D
2031 4590 2203 4644 neque
2251 4587 2378 4626 vero
2425 4573 2583 4625 aliter
2629 4571 2853 4624 haberet
2901 4571 3182 4640 exemplar
3221 4570 3632 4638 intentolatoris

320 4681 372 4725 et
402 4670 612 4732 Latina,
637 4672 869 4740 primum
898 4680 1047 4724 certe
1069 4669 1289 4738 diuque.
1316 4679 1373 4721 ιιι
1398 4668 1630 4733 videtur,
1651 4680 1921 4728 seorsum,

320 4774 376 4818 et
411 4765 462 4819 in
507 4765 775 4820 distinctis
815 4764 1184 4817 vohtminibus
1227 4763 1569 4817 incedebant.
1608 4763 1798 4815 Postea
1831 4774 1926 4812 au-

322 4866 452 4922 tem,
484 4858 622 4928 quod
644 4858 784 4929 apud
815 4857 1195 4914 Occidentales
1227 4858 1423 4925 lingua:
1449 4855 1653 4910 Grmcae
1686 4853 1924 4908 studium

322 4954 712 5023 aliquantulum
759 4952 956 5008 ﬂorere
1001 4952 1261 5021 (impr-rit,
1319 4948 1546 5003 eruditis
1589 4963 1622 5002 e
1664 4963 1722 5002 re
1751 4947 1924 5000 visum

324 5057 439 5108 est,
476 5046 828 5117 originarium
875 5056 1078 5100 textum
1109 5088 1120 5108 ,
1161 5056 1212 5100 et
1245 5044 1551 5098 versionem
1581 5042 1680 5095 sub
1709 5041 1925 5095 oculum

326 5139 483 5194 simul
515 5139 813 5202 exhibere;
841 5139 1006 5208 idque
1036 5139 1117 5194 vel
1151 5139 1200 5192 in
1231 5136 1420 5196 eadem
1450 5135 1667 5205 pagina,
1701 5133 1844 5204 quod
1875 5134 1926 5186 in

328 5232 601 5285 nonnullis
645 5231 803 5285 libris
839 5231 1042 5286 factum
1075 5231 1324 5285 videmus
1351 5245 1364 5294 ;
1400 5230 1482 5283 vel
1508 5228 1560 5283 iu
1588 5226 1842 5290 diversis,
1874 5235 1931 5280 ιιι

327 5324 377 5378 in
408 5324 530 5379 aliis
553 5325 849 5398 aliquibus,
874 5341 935 5380 ac
957 5325 1234 5392 speciatim
1262 5323 1315 5376 in
1344 5321 1447 5376 hoc
1475 5318 1928 5389 Cantabrigiensi.

407 5417 574 5487 llujus
605 5426 776 5482 certe,
810 5418 877 5472 de
906 5431 1013 5488 quo
1041 5417 1150 5486 jam
1197 5416 1425 5486 agimus,
1455 5414 1639 5470 Graeca
1682 5412 1824 5482 quod
1851 5423 1934 5464 at-

329 5515 484 5577 tinet,
517 5515 602 5565 vix
632 5511 739 5566 dici
763 5520 964 5588 potest,
993 5526 1154 5581 quam
1186 5525 1345 5580 supra
1377 5524 1594 5562 omnem
1625 5507 1845 5560 modum
1883 5507 1933 5560 in

333 5607 396 5658 iis
438 5605 744 5672 digerendis
779 5606 1004 5662 licenter
1035 5619 1093 5658 se
1122 5603 1372 5674 gesserit.
1407 5617 1467 5656 ac
1510 5602 1666 5671 piane
1696 5598 1942 5655 lascivie-

334 5700 396 5754 rit
442 5699 835 5770 lnterpolator,
871 5698 1116 5770 qusquis
1160 5700 1268 5750 ille.
1308 5697 1360 5752 lu
1400 5695 1579 5749 animo
1628 5695 1729 5764 ipsi
1779 5695 1945 5750 fuisse

331 5791 501 5887 prima
551 5794 728 5849 fronte
770 5791 1090 5857 credideris,
1132 5806 1238 5846 non
1273 5790 1490 5861 quidem
1539 5797 1744 5846 textum
1769 5790 1945 5857 ipsum

2029 4669 2234 4733 uestri;
2264 4683 2369 4737 quo
2404 4668 2454 4718 in
2488 4665 2708 4720 Scribas
2735 4674 2786 4717 et
2817 4663 3169 4728 Sacerdotes,
3201 4663 3314 4717 lilio
3339 4664 3632 4731 {materiari

2029 4763 2078 4815 iu
2105 4762 2271 4829 ipsius
2303 4768 2450 4814 textu
2479 4768 2846 4828 eontparatos,
2871 4758 3158 4828 quadraret
3196 4757 3309 4810 lnec
3341 4757 3619 4826 parabola,

2029 4864 2336 4924 expuncto,
2386 4853 2512 4906 fecit
2550 4852 2737 4913 ἰδόντες
2768 4853 3132 4925 μετεμελήθητε
3155 4889 3169 4913 ,
3193 4861 3382 4904 contra
3413 4867 3629 4904 omnem

2031 4947 2278 5003 codicum
2311 4946 2495 5010 iidem,
2523 4953 2579 4999 et
2607 4945 2931 4999 sententiam
2962 4942 3278 4995 Salvatoris.
3311 4941 3463 5010 Apud
3494 4942 3636 4996 Marc

2032 5059 2191 5108 cum,
2227 5057 2347 5109 cap.
2396 5057 2456 5096 ιι.
2496 5055 2638 5094 vers.
2671 5039 2760 5100 ‘26,
2795 5036 3116 5106 particulam
3156 5038 3240 5090 ἐπὶ
3279 5034 3516 5113 ’Λϐιάθαρ
3542 5040 3635 5090 τοῦ

2032 5136 2341 5211 ἀρχιερέως,
2367 5149 2465 5189 ceu
2506 5131 2750 5186 historia:
2781 5128 2999 5184 veritati
3024 5127 3165 5183 haud
3187 5137 3634 5194 conscntaneam,

2034 5228 2255 5281 sustulit
2280 5245 2290 5275 :
2326 5233 2385 5279 ut
2414 5234 2468 5278 et
2505 5224 2694 5288 verba,
2718 5227 2824 5282 πᾶς
2844 5224 2948 5297 γὰρ
2971 5226 3103 5298 πυρὶ
3129 5221 3481 5284 ἁλισθήσεται,
3510 5236 3630 5286 cap.

2038 5335 2124 5383 ιχ,
2169 5333 2311 5375 vers.
2363 5317 2454 5384 49,
2488 5316 2631 5386 quod
2673 5317 2811 5370 l'orte
2861 5315 3096 5370 absurda
3140 5315 3478 5369 viderentur.
3522 5313 3640 5368 Alia

2039 5416 2296 5478 mutavit,
2327 5409 2667 5480 Evangelicze
2706 5410 2951 5464 veritatis
2973 5408 3175 5462 studio.
3209 5406 3344 5473 Cap.
3376 5423 3465 5474 xv,
3500 5422 3642 5460 vers.

2038 5507 2142 5573 25,
2185 5523 2306 5562 cum
2337 5506 2390 5559 in
2427 5505 2721 5573 exetiiplari
2765 5520 2863 5558 suo
2907 5503 3102 5568 fuerit,
3132 5500 3192 5563 ἦν
3227 5501 3281 5558 δέ
3313 5505 3424 5579 ὥρα
3465 5504 3642 5578 τρίτη,

2045 5607 2121 5658 καὶ
2140 5604 2483 5678 ἐσταύρωσαν
2503 5598 2955 5666 αὐτὸνβιυθίῐὶχὴ)
2976 5613 3104 5650 vero
3120 5613 3226 5650 non
3249 5599 3350 5650 nisi
3371 5598 3433 5650 ad
3454 5597 3646 5652 horam

2046 5705 2257 5748 sextam
2292 5736 2303 5748 .
2333 5709 2427 5746 son
2463 5691 2618 5758 paulo
2657 5699 2777 5742 arto
2813 5689 3119 5758 contigerit,
3160 5707 3223 5743 tie.
3260 5689 3386 5759 quid
3418 5690 3534 5743 falsi
3572 5693 3656 5758 (ut

2050 5788 2150 5856 ipsi
2203 5786 2506 5855 tuebatur)
2539 5785 2743 5842 diceret
2787 5782 3164 5853 Evaiigclista,
3198 5783 3430 5848 mutavit
3463 5785 3650 5852 ἐσταύο
