4010 6194
524 227 626 283 871

1282 223 1374 282 AD
1412 221 1993 281 EVANGELIARIUM
2033 221 2306 282 EUSEBII
2345 225 2687 284 VERCELL.
2729 227 3098 288 APPENDIX.

3693 235 3769 292 87!

507 367 688 423 ρωσαν
734 343 787 398 in
832 343 1136 416 ἐφύλασσον,
1167 342 1238 396 ita
1265 341 1412 398 enim
1445 342 1592 397 salva
1625 342 1830 397 omnia.
1867 341 2130 413 Ejusdem
2156 350 2211 414 Α
2236 342 2335 409 iis,
2379 360 2513 413 quas
2541 346 2850 421 Cantabrig.
2880 364 3005 405 cum
3036 349 3166 404 aliis
3197 346 3371 405 codd.
3399 363 3678 406 communes
3698 351 3770 407 lia-

511 439 729 509 generis
772 445 858 491 est
900 435 1062 501 illud,
1093 437 1165 497 εἰς
1192 437 1243 492 τί
1271 433 1540 496 ὠνείδισάς
1569 456 1653 507 με,
1689 450 1810 505 cap.
1844 450 1938 499 xv,
1973 450 2122 490 vers.

511 531 607 587 3i.
635 531 786 588 Haud
818 530 1026 586 ferebat
1053 531 1322 601 quispiam
1347 529 1464 602 (qui
1484 531 1625 585 idem
1649 530 1788 600 apud
1813 529 2125 584 Matthaaum

510 624 715 678 dictum
760 637 884 679 esse
933 639 1040 678 non
1086 623 1200 693 jam
1255 621 1602 693 meminerat)
1655 632 1712 676 ut
1746 620 2028 689 Christus,
2069 622 2124 675 in

504 731 668 772 cruce
719 718 1000 786 pendens,
1034 731 1095 771 se
1126 730 1158 769 a
1189 715 1300 770 Deo
1335 714 1658 770 derelictum
1692 713 1902 769 diceret
1936 732 1950 768 :
1981 713 2124 768 unde

510 811 812 867 emollitum
854 811 1026 866 voluit
1055 812 1400 885 ἔγκατέλιιπες
1420 811 1485 865 ad
1517 825 1687 880 marg.
1715 825 1810 879 per
1833 807 2119 874 ὠνείδισας,

511 919 613 961 ceu
663 904 933 960 Salvatori
971 901 1217 973 apprime
1239 915 1564 972 congruum,
1599 899 1909 955 Judteorum
1935 897 2122 952 sanuis

503 1007 563 1054 et
605 998 950 1054 contumeliis
978 998 1090 1066 jam
1127 996 1376 1065 impetito
1407 1012 1421 1049 :
1474 996 1576 1048 hoc
1605 1005 1806 1060 autem,
1836 992 1888 1047 in
1917 992 2122 1048 codicis

505 1089 667 1163 hujus
707 1105 772 1146 ac
818 1090 1050 1144 aliorum
1090 1089 1232 1143 haud
1263 1088 1425 1144 dubie
1455 1087 1689 1157 aliquem
1729 1095 1933 1141 textum
1985 1085 2122 1139 irre-

508 1185 635 1257 psit.
678 1185 736 1239 lu
792 1183 1088 1253 Evangelio
1135 1181 1324 1248 Lucw,
1361 1181 1448 1236 ubi
1497 1180 1724 1251 insignis
1766 1195 1874 1249 prae
1906 1177 2120 1233 caeteris

505 1279 710 1334 codicis
741 1277 901 1348 hujus
933 1277 1002 1332 ab
1028 1276 1150 1332 aliis
1181 1275 1408 1330 variatio
1445 1283 1552 1338 est,
1586 1274 1822 1329 obtrusit
1849 1271 2007 1326 nobis
2037 1271 2118 1325 in-

506 1373 805 1444 terpolator
836 1387 1030 1427 novam
1067 1369 1267 1426 Christi
1290 1368 1685 1442 genealogiam,
1720 1383 1825 1438 qua
1857 1365 2118 1422 concilia-

506 1476 594 1522 tur
618 1467 790 1522 Lucas
819 1481 940 1522 cum
968 1465 1248 1521 Matthceo.
1269 1463 1323 1517 lu
1357 1464 1480 1528 hac,
1514 1477 1636 1532 pars
1661 1461 1775 1525 illa,
1801 1475 1904 1530 qua
1927 1475 2117 1513 ascen-

504 1561 651 1616 ditur
695 1575 724 1614 a
753 1558 995 1629 Josepho
1023 1557 1090 1613 ad
1119 1557 1467 1614 Salomonem
1503 1559 1632 1624 (non
1663 1552 1728 1607 ad
1761 1549 2114 1622 Nathanem),

506 1655 747 1712 Matthmi
797 1662 899 1720 est,
932 1652 1153 1708 insertis
1197 1651 1485 1707 dumtaxat
1513 1647 1766 1714 Eliacim,
1799 1657 1992 1716 prwter
2025 1643 2116 1700 Je-

2228 435 2354 502 bet,
2405 453 2511 494 non
2543 441 2817 511 loquimur
2863 459 2877 496 :
2909 442 2996 498 hic
3025 459 3121 498 eas
3148 442 3449 498 dumtaxat
3475 443 3771 514 attingemus.

2228 544 2351 598 quae
2382 529 2434 583 in
2470 546 2578 584 uno
2614 534 2751 598 hoc,
2786 534 2931 604 quod
2965 534 3134 591 sciam
3163 578 3180 604 ,
3211 544 3520 591 occurrunt
3547 537 3775 606 exemplari

2228 620 2442 689 Graeco,
2466 624 2672 687 Χωλούς·
2696 667 2711 694 ,
2753 628 2995 702 τυφλοὺς,
3036 629 3279 691 κυλλούς.
3335 628 3525 683 Matth.
3572 644 3673 699 cap.
3697 645 3776 695 xv,

2227 729 2371 770 vers.
2408 716 2508 783 '50,
2548 717 2702 772 abest
2729 733 2760 773 a
2792 731 2984 776 nostro
3041 725 3287 797 κωφούς,
3335 721 3603 777 inclusum
3626 721 3779 778 scilicet

2227 809 2280 864 in
2311 813 2670 882 sequentibus
2697 818 2783 870 καὶ
2811 815 3019 892 ἑτέρους
3055 816 3315 879 πολλούς.

2294 909 2379 968 Εἰς·
2407 909 2691 966 ἀπάντησιν
2713 917 2806 965 τοῦ
2825 913 3039 985 νυμφίου
3066 916 3157 968 καὶ
3186 921 3286 974 τῆς
3303 915 3522 985 νύμφης,
3551 927 3657 983 cap-
3690 927 3778 976 mi

2224 1014 2369 1055 vers.
2407 1001 2469 1065 l;
2505 1002 2585 1056 sic
2624 1011 2678 1056 et
2711 1002 2981 1074 Vulgata,
3013 1004 3140 1076 Syr.
3180 1020 3249 1060 ac
3279 1006 3492 1071 Latini;
3529 1021 3620 1061 nec
3641 1006 3780 1059 dubito

2223 1095 2349 1164 quin
2375 1095 2448 1150 ita
2468 1095 2702 1151 Mattliaei
2728 1096 3023 1167 Interpres.
3048 1098 3185 1165 Sed,
3220 1099 3372 1170 quod
3399 1098 3535 1154 intra
3559 1098 3620 1153 de
3641 1098 3780 1167 sponsi

2221 1186 2393 1240 solius
2424 1202 2652 1242 occursu
2695 1189 2790 1242 tiat
2823 1191 3063 1255 mentio,
3111 1205 3300 1262 neque
3330 1190 3434 1244 nisi
3466 1189 3640 1260 sponsi
3661 1189 3778 1244 dum-

2224 1286 2374 1332 taxat
2399 1293 2664 1335 occursus
2711 1293 3080 1350 memoretnr,
3138 1285 3194 1338 in
3232 1284 3626 1354 posterioribus
3665 1282 3782 1337 codd.

2220 1369 2477 1426 delebant
2508 1371 2638 1426 illud
2687 1376 2773 1428 καὶ
2806 1381 2897 1436 τῆς
2944 1376 3143 1448 νύμφης
3175 1374 3395 1441 Graeci,
3428 1389 3526 1431 seu
3555 1390 3781 1445 perperam

2220 1465 2288 1518 ab
2320 1465 2558 1535 antiquis
2605 1465 2874 1521 additum.
2902 1497 2976 1508 —
3006 1466 3128 1525 Ἀπὸ
3160 1475 3261 1524 τοῦ
3294 1470 3517 1542 αἳματος
3554 1469 3715 1524 τούτου
3741 1466 3787 1535 (α

2217 1556 2473 1627 sanguine
2504 1555 2684 1624 huius,
2733 1559 2893 1612 Cant.
2929 1557 3102 1628 Lat.),
3154 1573 3284 1628 cap.
3337 1574 3516 1624 xxvii,
3548 1573 3677 1614 vers.
3703 1557 3781 1622 24,

2217 1646 2402 1702 addito
2429 1654 2520 1704 τοῦ
2545 1646 2763 1704 δικαίου.
2803 1679 2876 1690 -
2900 1649 3169 1729 Ἀργύριον
3221 1653 3420 1718 ἱκανὸν,
3472 1665 3588 1719 cap.
3634 1664 3782 1711 xxrnt.

508 1750 761 1806 clioniam
811 1757 866 1803 et
909 1747 1114 1803 Josiam
1135 1788 1150 1814 ,
1189 1746 1402 1800 Amasia
1439 1747 1592 1811 item,
1623 1742 1775 1807 Joas,
1805 1753 1857 1798 et
1888 1740 2114 1795 Ochosia
2145 1749 2190 1808 Β
2219 1754 2359 1793 vers.
2391 1737 2478 1807 12,
2502 1755 2626 1795 cum
2658 1740 2842 1811 Steph.
2870 1742 2940 1814 β’,
2961 1741 3115 1798 Cant.
3141 1753 3198 1799 et
3221 1743 3390 1814 Vulg.
3417 1742 3626 1798 omnino
3645 1752 3777 1797 recte.

509 1843 652 1898 inter
679 1843 886 1906 Usiam,
919 1849 975 1896 et
996 1839 1207 1905 Joram,
1254 1853 1391 1908 quos
1422 1836 1766 1908 Evangelista
1796 1837 1900 1892 iste
1920 1856 2116 1891 τεσσα-

502 1933 788 2013 ραδεκάδων
838 1931 1346 1990 constituendarum
1395 1930 1567 2000 gratia
1622 1929 2046 2000 prsetermiserat
2096 1947 2110 1984 :

505 2031 736 2102 reliqua,
769 2044 801 2084 a
825 2028 1120 2086 Salomone
1144 2026 1211 2081 ad
1250 2024 1517 2081 Adamum
1551 2037 1745 2093 usque,
1773 2037 1802 2076 a
1833 2021 2113 2077 codicibus

500 2125 662 2181 Luca:
695 2123 834 2178 haud
862 2123 1095 2178 variant.
1137 2119 1396 2176 Immanis
1428 2127 1575 2174 certe
1611 2118 1728 2172 haec
1758 2126 1842 2172 est
1870 2117 2108 2171 licentia.

503 2217 611 2275 Sed
649 2225 704 2272 et
742 2217 794 2271 in
839 2215 982 2270 hunc
1022 2215 1242 2269 modum
1271 2211 1686 2280 nonnullosjam
1714 2211 1842 2266 olim
1873 2211 1924 2264 in
1957 2218 2110 2265 textu

501 2311 828 2382 Evangelico
881 2318 1158 2382 grassatos
1215 2307 1380 2362 fuisse
1453 2313 1684 2360 testatur
1747 2303 2110 2375 Hieronymus

499 2401 662 2461 Praef.
695 2403 760 2458 ad
790 2401 1104 2458 Damasum.
1140 2399 1262 2468 Ille,
1291 2399 1492 2468 inquit,
1522 2397 1609 2469 qui
1645 2413 1804 2450 unum
1828 2413 1855 2450 e
1879 2405 2110 2467 quatuor

500 2498 726 2572 primum
766 2497 993 2570 legerat,
1042 2494 1111 2548 ad
1155 2495 1268 2560 eius
1315 2491 1604 2564 exemplum
1647 2499 1860 2544 cazteros
1908 2505 2108 2560 quoque

500 2591 811 2648 existimarit
855 2588 1227 2646 emendandos.
1268 2586 1450 2653 Lucae,
1480 2601 1602 2654 cap.
1651 2600 1723 2650 vr,
1770 2599 1913 2640 vers.
1945 2584 2002 2648 4,
2040 2582 2108 2638 ad

496 2683 728 2749 calcem,
763 2690 943 2737 essm
989 2680 1098 2747 hic,
1129 2691 1186 2734 et
1217 2677 1270 2734 in
1303 2677 1492 2747 Steph.
1521 2675 1565 2748 β’
1596 2675 1824 2746 insignis
1851 2675 2108 2744 pericope

497 2777 567 2833 de
617 2777 836 2830 homine
866 2783 1128 2844 operante
1167 2771 1254 2826 die
1285 2770 1525 2833 sabbati,
1564 2785 1685 2838 quae
1713 2769 1995 2837 desumpta
2026 2767 2106 2821 vi.

495 2871 656 2927 detur
683 2885 750 2924 ex
783 2867 1076 2936 Evangelio
1103 2863 1400 2920 secundum
1434 2862 1710 2916 Hebraeos.
1740 2859 1935 2915 Nescio
1955 2875 2023 2914 an
2051 2868 2106 2914 et

493 2978 562 3019 ex
591 2959 860 3032 ejusmodi
889 2958 1122 3031 διηγήσει
1148 2955 1326 3027 aliqua
1354 2953 1663 3025 provenerit
1694 2952 1937 3020 traditio,
1982 2967 2103 3021 qua:

494 3054 734 3112 occurrit
762 3053 814 3107 iu
852 3053 954 3105 hoc
982 3049 1196 3110 codice,
1239 3062 1359 3117 cap.
1392 3061 1526 3100 χχιιι
1547 3087 1560 3110 ,
1598 3059 1742 3098 vers.
1773 3043 1867 3109 54,
1892 3043 1958 3098 de
1987 3059 2098 3097 ma-

2217 1832 2325 1887 Sed
2359 1848 2480 1886 cum
2514 1849 2675 1902 supra
2703 1837 2757 1888 in
2781 1834 2972 1890 Graeco
3001 1836 3053 1891 in
3085 1851 3214 1906 Cap.
3249 1837 3578 1907 prtecedenti
3606 1834 3668 1889 sit
3693 1849 3783 1904 per-

2216 1938 2384 1997 petuo
2417 1927 2631 1996 plurale
2672 1930 2901 2004 ἀργύρια
2930 1939 2985 1984 et
3007 1971 3022 1996 ,
3066 1931 3219 1997 quod
3253 1929 3432 2000 magis
3457 1971 3471 1995 ,
3503 1929 3651 2000 paulo
3673 1925 3780 1981 intra

2217 2032 2267 2070 ν.
2301 2017 2398 2085 15,
2433 2019 2634 2074 milites
2667 2019 2947 2088 accepisse
2977 2020 3238 2076 dicantur
3265 2022 3522 2098 ἀργύρια,
3557 2017 3680 2072 haud
3703 2020 3779 2070 nti-

2215 2123 2359 2174 rum,
2390 2109 2434 2164 si
2459 2109 2687 2164 studiosi
2713 2111 2826 2180 jam
2853 2112 2982 2165 olim
3009 2113 3060 2166 iu
3087 2112 3345 2184 margine
3366 2112 3780 2188 Ιεοετὶηιᾶργύρια

2213 2203 2364 2258 ἱκανά
2387 2203 2489 2257 hoc
2517 2202 2641 2258 loco
2663 2219 2677 2266 ;
2708 2203 2852 2274 quod
2880 2219 3008 2259 mox
3034 2205 3388 2262 admiserunt
3412 2205 3598 2260 scriba:
3623 2205 3668 2258 in
3692 2210 3777 2256 tex-

2215 2305 2426 2350 tum.——
2449 2299 2586 2352 Μετὰ
2604 2305 2702 2354 τῶν
2718 2298 2945 2353 τελωνῶν
2972 2303 3057 2354 καὶ
3084 2300 3417 2377 ἁμαρτωλῶν
3447 2301 3589 2354 ἐσθίει
3607 2338 3619 2361 ,
3643 2294 3771 2350 Marc.

2210 2401 2334 2457 cap.
2367 2403 2438 2452 ιι,
2471 2401 2618 2442 vers.
2654 2390 2744 2453 16,
2780 2399 2957 2454 recte;
2989 2401 3075 2454 et,
3108 2401 3167 2445 ut
3197 2391 3462 2455 arbitror,
3491 2385 3774 2459 respondent

2210 2482 2278 2537 ad
2302 2484 2616 2552 praecedens
2637 2482 2830 2545 ἰδὸντες
2848 2486 2998 2540 αὐτὸν
3019 2486 3359 2542 ἐσθίοντα.-
3379 2487 3472 2540 Καὶ
3492 2484 3538 2538 οἱ
3554 2487 3768 2558 peplo-aio:

2209 2577 2560 2653 ἐπηρώτησαν
2581 2579 2758 2644 αὐτὸν,
2787 2592 2909 2649 cap.
2946 2595 2996 2644 x,
3027 2595 3171 2634 vers.
3207 2580 3264 2635 2.
3289 2579 3771 2656 Προσελθόντιςνῧηῑθ

2211 2668 2258 2722 οἱ
2289 2677 2556 2745 φαρισαῖοι
2587 2671 2729 2739 quod
2773 2672 2826 2726 in
2856 2672 3060 2728 nostris
3099 2672 3218 2742 jam
3249 2673 3505 2728 omnibus
3527 2712 3541 2736 ,
3574 2662 3767 2724 Mattliaei

2207 2774 2389 2818 est.—
2412 2767 2504 2820 Καὶ
2533 2763 2752 2841 ἔρχεται
2781 2769 2854 2828 εἰς
2879 2766 3101 2839 ἰερίχω,
3127 2782 3259 2838 cap.
3287 2785 3344 2834 Χ,
3365 2782 3504 2823 vers.
3532 2763 3614 2818 46.
3640 2761 3701 2815 lta
3725 2758 3766 2812 in

2207 2857 2466 2928 singulari
2499 2860 2664 2914 etiam
2689 2858 2882 2927 Lucas,
2909 2859 3074 2916 Marci
3105 2863 3372 2917 assiduus
3402 2868 3642 2916 sectator.
3669 2853 3765 2907 Plu-

2207 2952 2322 3007 rale
2353 2952 2635 3029 ἔρχονται,
2672 2954 2869 3009 factum
2904 2955 3120 3011 videtur
3141 2973 3215 3012 ex
3241 2955 3515 3012 Matthmo.
3542 2978 3603 2993 ——
3627 2946 3700 3004 Ἦν
3721 2942 3760 2999 δί

2204 3046 2264 3099 τὸ
2291 3044 2489 3117 πάσχα
2510 3048 2642 3118 μετά
2663 3044 2756 3102 δύο
2778 3049 2991 3126 ἡμέρας,
3033 3063 3154 3117 cap.
3193 3065 3316 3116 xtv,
3350 3063 3489 3103 vers.
3520 3045 3567 3099 1.
3604 3040 3666 3095 Ita
3690 3038 3762 3090 lla-

493 3146 777 3221 guitudiue
823 3142 1022 3214 lapidis
1092 3140 1329 3196 revoluti
1382 3139 1447 3192 ad
1500 3137 1700 3192 osﬁum
1754 3136 2090 3190 monumenti

2201 3136 2329 3191 bent
2357 3137 2555 3192 Italica
2595 3148 2650 3194 et
2697 3140 2901 3196 Saxon.
2947 3170 3019 3181 -—
3047 3143 3107 3196 Οἱ
3146 3141 3443 3220 ἁμαρτωλοὶ
3485 3132 3758 3212 ἁμαρτωλοῖς

483 3241 618 3298 Jesu
645 3255 659 3306 ;
689 3237 953 3310 ejusmodi
977 3251 1100 3290 cum
1136 3233 1325 3295 fuisse,
1342 3247 1500 3303 quem
1525 3227 1676 3305 μόγις
1698 3227 1858 3285 εἴκοσι
1883 3230 2093 3284 exorto...

493 3333 550 3391 In
610 3333 752 3388 Actis
807 3326 1181 3402 Apostolorum
1242 3324 1619 3399 (Evangelium
1680 3323 1822 3377 enim
1876 3319 2098 3375 Joannis

491 3428 754 3484 mittimus
775 3466 790 3492 ,
821 3425 1021 3496 quippe
1057 3422 1213 3490 cujus
1246 3419 1538 3474 varietates
1578 3425 1704 3470 sunt
1734 3414 1913 3468 minus
1946 3422 2099 3476 nota-

487 3519 647 3591 biles)
682 3529 861 3574 textus
903 3522 1075 3572 scatet
1113 3513 1344 3568 invectis
1375 3509 1592 3565 aliunde
1622 3506 1888 3574 scholiis,
1922 3516 1974 3562 et
1999 3527 2096 3561 πε-

492 3620 707 3694 ριοχαῖς
737 3610 1142 3682 prolixioribus,
1175 3606 1376 3678 quibus
1403 3603 1685 3658 historiam
1725 3599 2093 3670 Apostolicam

485 3707 772 3778 insigniter
818 3703 1104 3759 adauctam
1150 3712 1203 3757 et
1233 3701 1560 3756 illustratam
1587 3697 1812 3751 voluere
1849 3696 2092 3764 interpo-

486 3801 715 3854 latores.
759 3798 836 3853 Ex
870 3797 954 3851 his
982 3797 1160 3867 aliqua
1191 3803 1409 3850 exstant
1433 3791 1500 3846 ad
1536 3791 1770 3845 frontem
1798 3789 2090 3843 lectionum

485 3891 996 3949 EcclesiaSticarum
1019 3887 1238 3960 (harum
1266 3887 1410 3940 enim
1430 3882 1681 3946 initialia,
1712 3881 1925 3936 diversa
1959 3879 2093 3935 sub-

483 3986 610 4043 inde
639 3986 708 4039 ab
744 3984 809 4038 iis
829 4023 845 4050 ,
902 3998 1021 4052 qua:
1074 3980 1295 4034 exhibet
1325 3975 1752 4051 Πραξαπόστολος
1773 4016 1786 4040 ,
1821 3974 2093 4028 nonnullis

485 4080 540 4136 in
586 4079 720 4135 locis
768 4077 820 4131 in
869 4075 1014 4130 hunc
1052 4074 1294 4128 codicem
1341 4071 1630 4139 irrepsisse
1670 4068 1902 4140 videas).
1949 4069 2091 4124 Alibi

481 4173 645 4230 etiam
691 4165 1108 4242 quampiurimis
1143 4162 1527 4232 ampliﬁcatam
1570 4161 1774 4217 dedere
1807 4162 1946 4215 hanc
1977 4161 2092 4214 his-

485 4268 713 4333 toriam,
751 4264 981 4334 adjectis
1018 4256 1477 4322 circumstantiis,
1509 4267 1735 4326 excepta
1763 4270 1888 4322 una,
1919 4265 1975 4309 et
2005 4256 2089 4309 al-

480 4369 620 4427 tera,
645 4357 786 4414 haud
813 4358 864 4412 in
885 4355 1127 4420 idoneis;
1146 4353 1193 4408 si
1218 4351 1471 4408 idonequ
1489 4342 1783 4421 quidquam
1810 4348 2090 4419 dici,pote-

2203 3230 2547 3298 δανείζουσιν,
2577 3233 2662 3289 ἵνα
2695 3235 3026 3303 ἀπολάϐωσι,
3071 3249 3193 3305 cap.
3245 3252 3332 3303 τι,
3370 3248 3509 3289 vers.
3540 3227 3619 3285 54.
3647 3225 3758 3281 Ἀπο·

2201 3324 2404 3382 λάϐωσι
2435 3324 2784 3393 simpliciter,
2819 3337 2877 3382 ut
2916 3329 2971 3382 in
3003 3329 3171 3398 priori
3208 3339 3365 3401 parte
3402 3322 3677 3382 commotis.
3702 3343 3754 3355 --

2204 3417 2327 3474 ’Ϊπὸ
2353 3421 2504 3474 ἐθνῶν
2531 3417 2694 3496 ἄχρις·
2720 3417 2782 3476 οὗ
2827 3422 3181 3498 πληρωθῶσιν,
3215 3437 3340 3492 cap.
3375 3435 3462 3476 XXI
3483 3459 3498 3486 ,
3525 3427 3648 3472 vers.
3675 3408 3751 3470 26,

2203 3523 2393 3583 gentes
2438 3513 2683 3583 scilicet,
2729 3516 3083 3572 conlormiter
3114 3518 3175 3571 Ι).
3212 3518 3388 3574 Paulo
3412 3557 3427 3582 ,
3459 3511 3587 3583 apud
3623 3516 3750 3577 «ιυειη

2203 3611 2443 3665 oecurrit
2463 3609 2604 3666 haud
2626 3613 2799 3667 semel
2826 3613 3080 3688 πλήρωμα
3099 3621 3200 3668 τῶν
3231 3616 3398 3670 ἐθνῶν.
3415 3638 3467 3648 -
3489 3605 3628 3664 οὔτις
3644 3599 3750 3655 ἐστὶν

2196 3702 2222 3758 ὁ
2253 3709 2536 3779 προφήτης,
2566 3704 2766 3760 Joann.
2793 3720 2914 3775 cap.
2946 3721 3026 3769 vi,
3052 3720 3198 3761 vers.
3230 3700 3582 3761 14.-ὀπου
3607 3693 3749 3767 ἔφαγον

2194 3797 2282 3853 τὸν
2313 3795 2468 3874 ἄρτον
2489 3840 2503 3862 ,
2538 3813 2659 3867 cap.
2690 3815 2739 3852 vr
2759 3840 2774 3864 ,
2824 3814 2966 3853 vers.
2999 3797 3100 3864 25;
3131 3815 3261 3855 mox
3285 3843 3300 3868 ,
3334 3795 3747 3874 εὐχαριστήσαντος

2196 3895 2289 3943 τοῦ
2319 3892 2528 3965 Κυρίου.
2579 3887 2783 3944 Verum
2835 3889 3018 3945 missis
3070 3891 3210 3958 istis,
3265 3891 3333 3946 ad
3376 3885 3568 3945 endicis
3595 3874 3743 3934 Ιιιιιίηδ

2195 3962 2573 4050 properemus.
2619 3981 2715 4035 llla
2762 3996 2894 4036 vero
2945 3985 3097 4052 (qua:
3149 3983 3216 4037 ad
3276 3982 3471 4038 Italica:
3520 3962 3743 4028 versionis

2195 4073 2478 4140 exemplar
2524 4072 2747 4141 aliquod
2796 4073 3070 4144 descripta
3119 4072 3397 4146 diximus)
3426 4086 3539 4126 cum
3580 4065 3624 4118 in
3653 4057 3739 4146 ρκ’

2197 4165 2378 4235 risque
2427 4175 2683 4221 accurate
2731 4166 2797 4222 ad
2835 4178 3040 4222 textum
3072 4167 3328 4224 Graecum
3374 4144 3742 4222 accommodant

2197 4256 2444 4326 Digestor
2471 4257 2688 4327 Operis.
2723 4269 2937 4314 retento
2962 4259 3154 4314 eodem
3182 4263 3470 4317 verborum
3494 4256 3735 4323 quantum-

2192 4364 2426 4419 cumque
2458 4350 2936 4419 transpositorum,
2967 4351 3186 4416 ordine,
3211 4363 3268 4409 et
3298 4351 3506 4424 quidem
3533 4337 3657 4396 vitiis
3675 4333 3736 4424 ip-

479 4456 588 4521 rit,
628 4448 1118 4526 quodjliujusmodi
1152 4456 1508 4504 temeratores
1539 4447 1590 4500 in
1623 4459 1838 4500 sacrum
1879 4454 2084 4500 textura
2113 4457 2165 4518 Ι)
2191 4442 2266 4494 sis
2293 4443 2376 4495 sui
2406 4441 2644 4507 codicis;
2677 4442 2770 4498 ubi
2815 4443 2958 4499 enim
3001 4443 3266 4500 deﬁciunt
3303 4421 3483 4502 Graeca
3509 4427 3656 4508 (quod
3679 4421 3732 4476 ob

484 4549 809 4606 intruserint
838 4547 906 4601 de
937 4560 1058 4600 suo.

552 4640 757 4698 Verum
808 4649 1100 4706 utcumque
1131 4636 1266 4690 mire
1314 4633 1643 4703 interpolata
1689 4633 1801 4688 sint
1852 4631 2078 4701 hujusce

474 4733 679 4791 codicis
708 4731 928 4795 Graeca;
959 4743 1082 4784 cum
1119 4737 1298 4782 tamen
1341 4727 1394 4781 in
1439 4726 1628 4780 multis
1663 4727 1938 4781 retineant
1975 4740 2076 4794 pu-

478 4829 695 4884 ritatem
730 4829 1137 4898 primmvorum,
1169 4821 1314 4877 unde
1342 4821 1572 4876 deducta
1604 4830 1729 4874 sunt
1750 4863 1764 4885 ,
1801 4820 2032 4875 fontium
2059 4863 2073 4887 ,

477 4925 690 4994 cepiam
739 4931 888 4978 certe
937 4919 1079 4975 haud
1130 4916 1381 4985 exiguam
1428 4913 1687 4969 exhibent
1715 4915 2074 4982 genuinarum

476 5017 809 5079 lectionum,
855 5029 887 5069 a
933 5011 1168 5083 receptis
1199 5007 1480 5064 hodiernis
1512 5005 1962 5076 discrepantium.
2000 5008 2075 5061 Dc

553 5133 628 5206 (a)
669 5131 1095 5206 Ecl-electiones
1124 5129 1407 5206 diversas;
1455 5124 1622 5206 priori
1675 5123 1797 5178 loco
1844 5123 2069 5206 positas,

476 5196 735 5262 lectiones
761 5205 964 5258 codicis
993 5200 1432 5270 Cuntnbrigiensis
1455 5198 1737 5267 designant
1763 5212 1777 5261 ;
1806 5196 2071 5263 posteri0~

477 5279 548 5343 ri,
581 5279 843 5333 lectiones
871 5273 1076 5330 codicis
1097 5277 1282 5344 gra-ci.
1326 5286 1391 5324 ex
1420 5287 1525 5338 quo
1554 5283 1813 5344 expressa
1845 5279 1960 5321 erat
1997 5270 2072 5344 la-

477 5340 585 5404 tina
617 5349 795 5403 versio
844 5340 1274 5413 Cantabrigiensi
1320 5344 1572 5396 obversa.
1620 5340 1960 5405 Ἐλπὶζονσιν.
1991 5341 2071 5394 El-

475 5427 705 5482 πιοῦσιν,
739 5420 924 5474 Matth.
958 5431 1054 5478 xu,
1085 5417 1185 5478 9.1;
1212 5415 1391 5488 ἐλόιλει,
1418 5414 1573 5488 λαλῶ,
1595 5413 1848 5488 stilum:
1900 5433 2070 5488 προᾳ-

477 5495 620 5570 έχιιν
642 5533 656 5556 ,
707 5493 1000 5570 προσέχετε
1022 5530 1035 5550 ,
1235 5485 1341 5568 Ιὶί
1365 5485 1481 5556 ἐμὸν
1507 5491 1681 5570 ι·ςοῦτο
1710 5483 1909 5570 δαῆναι,
1941 5483 2068 5570 ’ἐμιρν

475 5555 672 5634 dii-63m,
703 5555 794 5626 xit,
945 5591 1015 5601 —
1038 5559 1231 5634 Δέῥριν.
1261 5555 1478 5634 τρίχας.
1507 5555 1671 5634 .\_larc,
1706 5570 1744 5618 1,
1772 5555 1925 5634 διδ-ἐν
1945 5557 2028 5634 ιτοὶ
2047 5592 2060 5611 .

477 5632 607 5706 ἕνῷ.
641 5649 678 5690 1.
711 5636 763 5689 Η
791 5652 806 5697 ζ
854 5625 1261 5709 εἰσεπορεῦὸνῖο.
1295 5625 1706 5703 ἒὶὸὲτορεύονται,
1741 5641 1775 5688 1,
1807 5625 1870 5677 ει
1901 5640 1914 5686 ;
1947 5627 2064 5709 E375-

513 5695 1105 5781 u‘i'év._1razp09talciw,'_l.
1148 5702 1247 5764 ως
1271 5695 1536 5781 atellani,
1569 5701 1802 5781 ᾳτάχυῃ,
1851 5711 1926 5757 IV,
1957 5695 2061 5761 ‘28;

513 5726 678 5764 ωτων.
711 5726 1032 5781 παρακαλων,
1067 5726 1105 5763 ι.
1148 5726 1247 5764 ou;
1271 5726 1371 5757 στα
1420 5726 1536 5759 νας,
1569 5726 1802 5769 σταχυη.
1853 5726 1926 5757 ην
1960 5726 2061 5761 ὀνο,

474 5726 782 5859 βοσκομένη,
829 5775 1172 5848 βοσκομένων,
1223 5789 1279 5842 ν,
1313 5726 1435 5845 Αῇ
1480 5771 1698 5848 ἐθεώρει.
1742 5769 1940 5844 θεωρεῖ,
1989 5782 2062 5835 v,

239 5877 498 5975 ’Ἴ

2192 4535 2592 4608 ὁμοιοτέλιυτον,
2620 4539 2925 4608 scribasque
2949 4539 3214 4595 ineuriam
3247 4533 3538 4597 innumeris
3560 4531 3605 4582 in
3629 4516 3730 4575 Ιοεὶε

2190 4628 2436 4701 accidit),
2462 4630 2722 4686 delicium
2753 4643 2809 4687 et
2839 4631 3029 4688 Latina
3058 4676 3072 4701 ,
3105 4651 3214 4689 non
3245 4639 3363 4691 sine
3401 4622 3561 4685 omnis
3586 4625 3726 4684 illm"

2186 4723 2367 4794 doque
2407 4739 2601 4780 sensus
2647 4724 2977 4794 dispendio;
3029 4738 3140 4782 tum
3186 4741 3336 4785 certe
3366 4743 3428 4783 ex
3458 4715 3604 4776 variis
3629 4707 3726 4762 hinc

2186 4818 2337 4873 illiue
2367 4835 2394 4870 a
2423 4817 2614 4874 Grzeco
2643 4819 2970 4876 abeuntibus
2998 4822 3502 4892 liquet,versionem
3527 4812 3645 4864 hanc
3658 4795 3725 4850 di-

2183 4910 2329 4967 versi
2359 4912 2427 4966 ab
2470 4913 2573 4966 hoc
2623 4923 2810 4968 nostro
2843 4922 3022 4969 textus
3071 4914 3149 4986 (a)
3179 4915 3376 4977 fuisse.
3409 4911 3566 4975 iisque
3593 4900 3722 4967 Ροπθ

2185 5021 2292 5062 non
2333 5023 2441 5061 uno
2484 5007 2603 5062 loco
2634 5008 2836 5078 glossis
2882 5017 2940 5063 et
2981 5009 3408 5078 expositionibus
3451 4992 3717 5054 Latinorum

2178 5123 2279 5188 58;
2308 5130 2550 5200 ῗοιοὲῦταν
2600 5132 2791 5189 ταῦτα,
2849 5125 2938 5186 τινί
2955 5124 3022 5190 2;
3047 5129 3368 5200 κατέγνωσαν
3389 5161 3404 5184 ο
3422 5109 3712 5200 ἐμέκφανξξιν

2180 5211 2273 5274 ιιι,
2304 5196 2340 5246 ‘2
2360 5183 2604 5274 mare
2632 5183 2789 5268 τιμᾷ(
2814 5183 2919 5274 Ϋ¹¹έ
2944 5206 2974 5247 εί
2996 5183 3021 5263 ;’
3047 5183 3325 5274 meos...
3355 5183 3614 5274 κάθετρίξονν
3638 5183 3709 5274 iiii:

2179 5269 2280 5357 μδ
2311 5261 2571 5357 pair-tufam
2624 5261 3018 5357 aufopoivwa'a,
3047 5287 3143 5335 \‘ll,
3315 5261 3710 5357 ’ἐσγγξζάυεξινι

2173 5333 2332 5411 γιζενῖ
2373 5352 2447 5398 Μ.
2465 5341 2502 5416 ]
2528 5333 2807 5416 ἧττροᾶγῴ.
2835 5342 3072 5416 προάγει,
3107 5333 3216 5409 xvi,
3243 5343 3307 5399 7:
3344 5333 3572 5416 τῖξρὧῖοιὶζ
3592 5333 3709 5416 ff?”

2174 5393 2283 5484 τῖον.
2316 5423 2426 5484 va.
2456 5409 2518 5470 9;
2547 5393 2924 5484 ininp'a'tlatoii,
2955 5393 3156 5474 κξῆνέον,
3195 5393 3288 5474 ξω.
3325 5393 3417 5469 14';
3445 5393 3700 5484 ὠνείιῖισίξλζ

2173 5478 2530 5561 ἔγκατὰξιπες.
2576 5470 2826 5561 ,χνξὸρς
2869 5470 3041 5561 τρὺξ-ᾖ,
3072 5470 3210 5561 ξκξη,
3246 5470 3328 5561 iv!
3363 5480 3534 5560 35,,”
3555 5470 3705 5561 r3003:

2171 5544 2312 5623 μ’ἐνη,
2360 5549 2707 5623 βοσκρμένων,
2748 5544 2878 5608 Luc.
2902 5544 2912 5561 ¹
2937 5544 3049 5620 vni,
3084 5544 3281 5618 52;ἐες
3305 5544 3517 5610 ἑαυτούς.
3542 5544 3702 5623 ἥλιχ’

2172 5603 2188 5623 Γ
2217 5603 2229 5605 ⁷
2279 5603 2312 5613 ’⁷
2360 5603 2370 5620 ⁸
2510 5603 2535 5622 ⁷⁸
2569 5603 2707 5615 ’““”
2748 5603 2878 5608 _""
2971 5603 3049 5620 "'1
3087 5603 3180 5618 --ι
3213 5603 3277 5618 --υ
3305 5603 3378 5610 ν-νγ
3404 5603 3412 5605 ~

2172 5625 2287 5686 τδνν
2323 5635 2432 5702 ξιη
2455 5663 2467 5682 ι
2501 5622 2600 5686 θδὲ
2633 5627 2800 5702 οῇκέτι
2837 5629 3093 5702 Θεωρεῑςε,
3123 5630 3193 5681 Οὐ
3220 5630 3463 5702 θεωρεῖτε.
3487 5637 3547 5650 --
3571 5603 3698 5702 ΜἚΞ

2173 5709 2289 5771 3"}.
2333 5692 2430 5756 ίυὶ
2459 5702 2633 5771 τρίτη,
2659 5698 2798 5771 έᾲκτη,
2831 5679 3071 5771 διιεῖ-ω
3102 5703 3186 5753 καὶ
3215 5679 3700 5771 οὐκίέπςσῖευξτᾍξαξ

2175 5739 2500 5837 sana";
2531 5739 2633 5836 is;
2659 5739 2809 5826 “si:
2827 5739 3082 5840 έέεέλιςνι
3102 5739 3492 5836 “agiagi...
3513 5767 3546 5822 ι,
3577 5739 3698 5803 me
