4010 6194
261 226 395 282 875
434 280 437 281 ,

1456 227 1795 284 EPISTOLA
1838 225 2190 284 THEUDORI
2228 225 2447 283 BEZE.

3488 240 3597 295 87L

261 340 671 411 interpolatam
701 353 843 407 esse,
872 340 1068 409 quibus
1089 341 1323 398 obversa
1352 344 1541 401 Graeca
1572 346 1886 419 neutiquam
1916 352 1971 411 Α
1995 345 2111 401 Lat.
2144 348 2539 402 descendentem
2560 388 2573 415 ,
2605 362 2727 421 cap.
2764 365 2852 416 ιιι,
2885 365 3029 406 vers.
3065 352 3170 419 l6;
3214 369 3268 409 xI
3288 396 3302 421 ,
3336 355 3443 425 22,
3481 358 3553 412 24
3574 401 3591 425 ,

261 432 650 503 respondent.
677 432 780 488 Ex.
813 448 897 503 gr.
930 449 1184 503 quaenam
1214 446 1297 491 est
1324 437 1737 508 significationis
1761 438 1882 493 affi-

267 530 431 583 nitas
464 529 609 583 inter
640 528 763 594 ista,
796 528 1029 594 κυλλούς,
1054 528 1347 585 sideratos?
1374 531 1499 585 Mat.
1532 547 1581 588 c.
1615 549 1703 597 xv,
1736 546 1881 587 vers.

264 620 374 677 '50.
412 622 617 687 Κυλλοὶ,
672 621 726 675 in
786 635 990 691 genere
1051 621 1290 676 membris
1339 624 1565 690 debiles,
1619 625 1884 693 mutilati,

269 716 477 769 manci.
508 713 706 769 Lector
732 713 1027 785 quispiam,
1060 713 1183 784 qui,
1217 716 1403 771 nescio
1432 731 1539 788 qua
1580 715 1649 772 de
1684 732 1845 772 causa
1866 758 1884 784 ,

269 808 499 870 κυλλούς
540 806 629 861 hic
656 807 795 873 loci,
829 821 930 876 pro
967 807 1081 864 illis
1118 807 1337 877 habuit,
1384 809 1580 879 quibus
1624 809 1886 865 debilitas

270 900 403 956 haec
432 916 497 957 ex
546 899 887 956 sideratione
935 904 1268 973 contigerat,
1310 906 1566 974 exposuit
1611 904 1883 959 sideratos.

270 994 541 1063 Ejusdem
583 994 802 1064 generis
842 1001 972 1049 sunt
1009 996 1304 1062 ταλάντων,
1348 998 1721 1064 denariorum,
1760 1012 1881 1067 cap.

270 1103 435 1153 xvm,
456 1103 602 1143 vers.
626 1086 719 1153 24;
743 1088 988 1162 νόμισμα,
1013 1088 1303 1156 denarium,
1322 1105 1442 1161 cap.
1470 1107 1600 1160 χχιι,
1620 1107 1764 1147 vers.
1786 1091 1881 1157 l9;

270 1185 653 1255 παρασκευήν,
707 1197 901 1234 coenam
933 1197 1121 1248 puram
1144 1224 1157 1246 ,
1205 1198 1323 1252 cap.
1367 1200 1517 1238 xxvii
1540 1226 1553 1249 ,
1585 1199 1730 1239 vers.
1766 1184 1835 1239 62

270 1273 354 1328 ita
382 1276 529 1329 enim
555 1274 670 1343 jam
697 1274 830 1328 olim
859 1274 1004 1330 dicta
1034 1285 1117 1331 est
1146 1275 1465 1331 Psrasceve.
1497 1276 1708 1333 Glossze
1734 1286 1888 1333 vete-.

272 1382 371 1422 res
397 1408 411 1431 ,
458 1383 601 1421 caena
630 1383 763 1437 pura
787 1409 802 1433 ,
828 1374 1161 1448 παρασκευή.
1206 1368 1459 1425 Occurrit
1498 1373 1715 1441 phrasis
1742 1373 1884 1441 apud
1924 1442 1929 1447 ν

269 1456 675 1514 Tertullianum
701 1501 715 1524 ,
752 1459 849 1516 lib.
902 1476 936 1514 γ
980 1460 1243 1517 adversus
1289 1462 1551 1519 Marcion.
1582 1505 1597 1530 ,
1627 1480 1679 1520 c.
1712 1467 1746 1521 4
1772 1508 1785 1531 ,
1829 1474 1887 1522 et
1930 1494 1939 1501 υ

271 1552 619 1625 Augustinus
656 1554 710 1609 in
734 1554 895 1610 Joan.
925 1563 1078 1611 notat
1104 1597 1119 1624 ,
1154 1556 1475 1614 Parasceven
1506 1575 1534 1614 a
1570 1559 1775 1615 Judaeis
1800 1562 1885 1617 sui

271 1647 546 1717 temporis
575 1646 828 1703 usitatius
852 1647 1054 1704 dictam
1096 1648 1264 1706 fuisse
1305 1667 1497 1706 caenam
1527 1669 1731 1722 puram.
1774 1652 1885 1708 Cur

273 1750 458 1798 autem
484 1758 630 1797 caena
662 1743 777 1797 haec
800 1759 935 1813 pura
961 1743 1260 1811 diceretur,
1293 1744 1561 1801 rationem
1590 1745 1731 1801 hanc
1755 1747 1879 1802 red-
1913 1741 1962 1802 B

272 1837 359 1891 dit
387 1836 738 1893 doctissimus
762 1833 1055 1906 Dufresne,
1087 1834 1164 1907 (a)
1205 1851 1312 1891 non
1342 1837 1487 1906 quod
1518 1848 1730 1894 careret
1759 1854 1879 1895 car-

274 1929 460 1995 nibus,
493 1928 589 1984 sed
619 1926 765 1999 quod
792 1926 1075 1999 religionis
1104 1937 1158 1983 et
1181 1928 1319 1984 dicis
1348 1944 1511 1984 causa
1533 1930 1711 1987 fieret.
1740 1930 1876 1987 Nam

272 2032 332 2079 ct
381 2022 685 2078 Parascevte
727 2022 969 2079 Iudaicae
1019 2024 1262 2079 habuere
1307 2038 1535 2091 carnes,
1580 2034 1636 2081 et
1677 2024 1879 2083 nihilo-

274 2117 458 2173 minus
488 2117 741 2173 dicuntur
762 2134 920 2174 caena:
940 2134 1105 2190 purw,
1139 2118 1283 2189 quod
1314 2119 1451 2175 dicis
1486 2134 1647 2175 causa
1679 2135 1879 2192 coque-

272 2213 493 2279 bantur,
516 2221 931 2284 coquunturque
953 2208 1113 2269 hodie
1140 2228 1239 2284 pro
1260 2214 1506 2283 sabbato,
1527 2215 1651 2286 quia
1679 2215 1733 2271 in
1750 2216 1878 2272 sab-

274 2307 403 2363 bato
430 2308 587 2380 coqui
627 2324 735 2364 non
769 2308 951 2363 liceat.
996 2308 1124 2365 llaec
1156 2309 1269 2364 ille.
1300 2310 1575 2383 Νόμισμα,
1605 2310 1831 2382 ﬁguram
1856 2353 1871 2379 ,

273 2403 407 2461 Luc.
438 2419 558 2475 cap.
594 2420 683 2470 xx,
716 2418 858 2459 vers.
885 2402 977 2458 24.
1108 2442 1111 2443 ν
1776 2482 1779 2485 _
1860 2390 1865 2393 δ

351 2495 595 2552 Vidimus
630 2495 740 2566 jam
794 2495 973 2566 qualia
1006 2495 1209 2551 fuerint
1248 2497 1436 2554 Grzeca
1461 2538 1476 2565 ,
1522 2499 1705 2570 qualia
1743 2500 1872 2555 item

271 2587 470 2644 Latina
499 2588 727 2659 hujusce
755 2587 980 2643 codicis.
1029 2588 1105 2643 De
1136 2588 1342 2644 Graecis
1368 2606 1536 2645 unum
1566 2589 1699 2646 illud
1732 2592 1871 2647 ultra

262 2674 572 2754 'quaeritur,
601 2696 671 2737 an
720 2680 899 2752 aliqua
951 2694 1015 2737 cx
1065 2689 1221 2751 parte
1262 2682 1523 2753 castigata
1557 2683 1760 2738 fuerint
1802 2683 1871 2739 ad

272 2774 525 2831 Latinum
549 2772 861 2844 exemplar?
893 2773 972 2828 Ea
1000 2774 1143 2829 enim
1177 2784 1295 2830 erat
1319 2774 1386 2830 de
1410 2776 1563 2831 libris
1589 2776 1751 2847 hujus
1771 2792 1868 2847 ge-

272 2870 420 2925 neris
448 2868 789 2925 eruditorum
815 2867 1175 2939 quorumdam
1228 2878 1427 2923 nostrae
1471 2877 1525 2925 et
1566 2870 1870 2940 superioris

271 2963 471 3030 aetatis,
507 2961 709 3019 diserta
739 2962 1029 3018 sententia.
1062 2962 1271 3033 Nempe
1311 2976 1434 3018 cum
1476 2962 1709 3018 miriﬁce
1738 2978 1871 3019 con-
1902 3029 1909 3037 .

272 3056 544 3112 senserint
589 3057 691 3111 ista
736 3070 858 3111 cum
909 3054 1159 3123 Latinis,
1208 3064 1398 3111 contra
1456 3072 1619 3125 quam
1670 3057 1868 3128 reliqui

271 3149 498 3207 Graecim
532 3150 689 3215 libri,
728 3149 873 3220 iique
902 3149 1127 3221 optimi,
1174 3149 1331 3204 facile
1373 3149 1506 3219 ipsis
1540 3164 1865 3227 persuasum

272 3256 415 3313 erat,
440 3261 501 3301 ea
527 3245 615 3303 vel
646 3260 755 3301 non
780 3244 1003 3301 omnino
1042 3244 1210 3317 fuisse
1248 3243 1451 3300 Graecae
1478 3244 1733 3319 originis,
1768 3246 1866 3303 sed

273 3347 403 3406 tota,
434 3348 635 3411 quanta
662 3348 886 3410 quanta,
917 3339 1163 3395 traducta
1186 3338 1256 3395 de
1278 3339 1519 3407 Latinis,
1551 3340 1638 3397 vel
1670 3341 1864 3396 saltem

272 3435 535 3490 recensita
569 3444 623 3490 et
662 3434 949 3491 emendata
981 3434 1151 3491 fuisse
1178 3436 1345 3491 variis
1370 3437 1452 3490 sui
1486 3436 1731 3506 partibus
1752 3477 1766 3503 ,
1795 3436 1863 3491 ad

272 3526 515 3583 Latinam
542 3527 874 3584 versionem.
904 3527 998 3584 Sic
1026 3528 1095 3584 de
1122 3529 1253 3598 ipsis
1295 3528 1650 3603 pronuntiant
1697 3528 1863 3584 Eras-

274 3638 403 3688 mus,
434 3620 604 3677 Lucas
629 3621 943 3695 Brugensis,
984 3622 1161 3677 Estius
1182 3662 1197 3689 ,
1232 3621 1470 3689 Grotius,
1504 3623 1620 3677 alii.
1655 3623 1733 3679 De
1761 3624 1862 3679 hac

270 3714 456 3785 rejam
484 3715 557 3770 ita
584 3710 821 3770 videtur.
854 3715 1140 3786 Exscripta
1167 3714 1494 3787 erant_apud
1523 3715 1766 3782 Latinos,
1796 3730 1863 3787 ex,

271 3806 528 3863 librorum
559 3807 627 3863 ad
656 3823 794 3879 quos
832 3808 1082 3865 confecta
1110 3817 1230 3864 erat
1269 3808 1402 3864 Itala
1426 3808 1609 3865 versio
1637 3823 1866 3880 apogra-

271 3899 419 3971 phis,
454 3900 602 3956 varia
643 3900 831 3957 Grazca
863 3902 1193 3972 exemplaria
1222 3943 1236 3967 ,
1282 3917 1348 3958 ex
1376 3903 1678 3972 ignorantia
1711 3901 1861 3958 Scri-

271 3993 478 4060 barum,
505 3994 919 4066 doctiorumquc
937 4010 968 4050 e
985 3994 1194 4051 Latinis
1211 3994 1569 4067 quorumdam
1596 3999 1866 4076 περιεργίᾳ

272 4086 390 4159 (qui
417 4095 661 4143 mutuata
695 4103 728 4144 e
755 4088 1071 4144 Graecorum
1102 4088 1261 4145 libris
1286 4089 1495 4145 scholia
1522 4132 1537 4157 ,
1563 4090 1616 4145 in
1645 4090 1865 4147 codices

270 4196 332 4236 ex
361 4180 474 4238 suis
504 4181 811 4251 descriptos
839 4182 1127 4239 inserenda
1162 4182 1430 4240 curabant
1463 4184 1704 4255 graviter
1733 4185 1861 4241 laesa

270 4286 325 4331 et
364 4275 728 4347 interpolata).
772 4275 895 4332 Istis
918 4292 1045 4331 mox
1071 4276 1433 4347 adaptabatur
1472 4292 1503 4332 a
1534 4277 1862 4348 quihusdam

269 4369 453 4426 Latina
480 4370 680 4426 versio.
712 4370 793 4425 Ex
816 4370 917 4426 hac
941 4382 1121 4427 autem
1138 4371 1500 4427 consensione
1526 4372 1725 4427 factum
1755 4380 1861 4442 est,

271 4472 327 4519 ut
355 4463 566 4519 indocta
595 4478 788 4519 manus
831 4464 1060 4533 paucula
1098 4464 1187 4519 hic
1220 4463 1346 4519 inde
1387 4463 1440 4519 in
1478 4473 1627 4531 textu
1667 4464 1860 4521 Graeco

1894 3131 1938 3194 C
1971 3151 2118 3221 statis
2144 3150 2515 3205 monimentum
2546 3151 2852 3227 collocatur.

1987 453 2110 493 cum
2147 449 2293 496 esset
2317 441 2370 494 in
2401 440 2518 495 Lat.
2545 458 2699 512 quam
2726 442 2869 497 vobis
2891 486 2905 509 ,
2937 453 2993 499 ct
3022 460 3151 500 vero
3169 446 3417 504 Grrccum
3449 461 3597 506 esset

1988 531 2193 604 ἦύμῖν,
2250 541 2309 588 ιιι
2353 533 2547 589 Latino
2595 536 2976 605 responderet.
3026 537 3119 594 Sic
3170 555 3290 611 cap.
3347 541 3594 611 ejusdem

1986 640 2130 680 vers.
2156 626 2249 693 ‘28,
2270 625 2472 681 factum
2504 638 2586 682 est
2612 631 2803 691 πάντες
2831 629 2878 685 οἳ
2905 638 3179 695 κοπιῶντες
3208 637 3289 689 καί
3310 656 3592 711 πεφορτισ-

1986 720 2127 788 μένοι
2152 720 2290 784 ἐστέ,
2320 720 2390 775 01)
2408 720 2527 775 Lat.
2547 737 2725 777 omnes
2754 722 2843 793 qui
2868 723 3196 790 laboratis,et
3228 728 3428 781 onerati
3451 728 3594 782 estis.

1987 807 2120 878 Cap.
2151 826 2250 874 xv,
2282 826 2427 867 vers.
2465 814 2527 868 11
2554 854 2569 881 ,
2599 814 2701 881 20,
2736 815 2807 868 ob
2836 814 3026 869 Latina
3057 817 3298 873 obsoleta
3336 818 3470 890 (sed
3500 835 3592 889 ge-

1990 900 2152 955 nuina
2196 901 2518 975 interpretis
2561 906 2811 977 Vulgati)
2872 911 3255 977 communicat,
3304 912 3595 965 communi-

1988 1004 2106 1049 cant
2132 1036 2147 1061 ,
2182 996 2218 1050 i.
2260 1011 2335 1063 e.,
2370 997 2591 1067 polluit,
2626 999 2907 1068 polluunt,
2942 1017 3040 1071 pro
3067 1012 3254 1068 κοινοῖ,
3290 1012 3549 1063 κοινοῦντα
3575 1049 3589 1071 ,

1972 1087 2232 1157 reposuit
2264 1087 2503 1144 absurde
2549 1100 2799 1156 κοινωνεῖ,
2832 1101 3199 1159 κοινωνοῦντα;
3254 1095 3327 1149 uti
3369 1106 3425 1150 et
3467 1096 3589 1152 Act.

1988 1195 2107 1251 cap.
2136 1197 2221 1234 XXI
2244 1222 2258 1247 ,
2295 1197 2438 1237 vers.
2470 1181 2562 1248 9.8,
2597 1184 2890 1243 ἐκοινώνησε
2933 1186 3018 1241 τὸν
3049 1185 3190 1260 ἅγιον
3215 1188 3369 1243 τόπον
3387 1195 3590 1254 τοῦτον,

1987 1273 2057 1326 ob
2079 1273 2196 1327 Lat.
2218 1273 2614 1328 communicavit
2645 1276 2813 1329 locum
2835 1285 3071 1329 sanctum
3102 1277 3258 1331 hunc.
3285 1278 3373 1333 Sic
3400 1278 3588 1332 Matth.

1987 1382 2106 1437 cap.
2141 1384 2300 1435 XVIII,
2332 1384 2475 1424 vers.
2503 1369 2593 1437 “2‘2,
2625 1369 3051 1442 ἑϐδομηκοντάκις
3075 1372 3283 1433 ἑπτάκις
3306 1414 3320 1438 ,
3358 1372 3428 1427 0b
3468 1373 3593 1431 Lat.

1988 1463 2195 1531 septies.
2230 1466 2348 1517 Act.
2375 1477 2496 1532 cap.
2526 1479 2577 1529 v,
2612 1480 2757 1519 vers.
2786 1464 2840 1531 9,
2878 1470 3225 1539 συνεφώνησιν
3275 1467 3398 1537 (pro
3439 1490 3588 1525 owe-

1987 1553 2379 1627 φωνήθη)ὐμῖν,
2399 1556 2468 1611 ob
2487 1555 2605 1611 Lat.
2637 1558 2869 1611 convenit
2898 1558 3061 1613 vobis.
3089 1559 3245 1616 Mitto
3274 1560 3405 1616 alia.

2379 1722 2659 1788 EPISTOLA'
2686 1730 2967 1789 Tusonom
3007 1732 3189 1789 Bszez.

1983 1913 2205 1988 Inclyta;
2246 1898 2513 1988 modisque
2554 1898 2795 1971 omnibus
2845 1916 3256 1972 celebratissima:
3294 1915 3589 1973 Academia:

2494 2030 2906 2102 Cantabrigiensi
2925 2073 2940 2099 ,
2966 2039 3073 2087 etc.

2054 2216 2291 2284 Quatuor
2342 2217 2746 2290 Evangeliorum
2774 2261 2788 2287 ,
2837 2220 2884 2273 et
2929 2220 3181 2276 Actorum
3217 2222 3583 2292 Apostolorum

1979 2306 2444 2366 Caeco-Latinum
2515 2312 2821 2381 exemplar,
2884 2329 2947 2367 ea:
2990 2311 3050 2368 S.
3103 2311 3293 2368 Irenwi
3348 2313 3587 2370 thtobio

1978 2402 2313 2479 Lugdunensi
2345 2414 2464 2460 ante
2490 2404 2689 2476 aliquot
2718 2422 2883 2460 annos
2926 2415 3107 2459 nactus
3130 2449 3143 2471 ,
3184 2409 3428 2463 mutilum
3469 2411 3583 2480 qui-

1978 2496 2095 2550 dem
2120 2498 2295 2564 illud,
2326 2507 2374 2553 et
2404 2514 2566 2568 neque
2608 2498 2736 2552 satis
2771 2498 3042 2553 emendate
3087 2499 3149 2553 ab
3195 2502 3345 2555 initio
3393 2502 3583 2573 ubique

1980 2590 2320 2662 descriptum,
2349 2607 2512 2663 neque
2533 2592 2606 2645 ita
2628 2602 2683 2644 ut
2711 2593 2942 2663 Oportuit
2973 2593 3200 2648 habitum
3224 2594 3381 2663 (sicut
3411 2612 3475 2650 ea:
3491 2615 3584 2666 pa-

1976 2683 2112 2753 ginis
2135 2683 2445 2754 quibusdam
2472 2685 2677 2738 diverso
2710 2684 3009 2739 charactere
3043 2687 3267 2755 insertis,
3299 2697 3347 2740 et
3388 2687 3583 2741 indocti

1975 2777 2270 2848 cujuspiam
2322 2776 2489 2832 Grteci
2536 2776 2775 2851 Cologeri
2817 2777 3045 2833 barbaris
3089 2779 3330 2849 ascriptis
3368 2781 3582 2851 quibus-

1974 2869 2098 2924 dam
2121 2871 2255 2924 notis
2277 2869 2541 2943 apparet),
2564 2881 2743 2926 vestra:
2768 2872 3091 2942 potissimum
3114 2874 3430 2941 Academiae,
3447 2884 3579 2942 etc.,

1973 2962 2351 3031 celeberrimte,
2385 2963 2666 3031 dicandum
2695 2966 2983 3019 existimavi
3004 3006 3018 3031 ,
3044 2975 3155 3021 etc.
3179 3007 3194 3033 ,
3224 2967 3277 3020 in
3306 2970 3456 3041 cujus
3492 2986 3580 3022 sa-

1973 3057 2142 3110 crario
2166 3066 2367 3111 tantum
2389 3057 2485 3120 hoc
2511 3058 2817 3113 veneranda:
2844 3058 2979 3129 (nisi
3016 3059 3152 3129 forte
3191 3060 3385 3134 fallor)
3432 3072 3574 3117 vetu-

2047 3240 2187 3296 Etsi
2215 3259 2331 3297 vero
2358 3242 2489 3297 nulli
2518 3245 2702 3311 melius
2740 3260 2898 3315 quam
2926 3260 3014 3299 vos
3047 3246 3149 3317 ipsi
3188 3263 3301 3317 qua:
3341 3247 3409 3301 sit
3453 3248 3575 3301 huic

1970 3334 2252 3403 exemplari
2282 3333 2412 3403 ﬁdes
2449 3334 2689 3389 habenda
2717 3336 3056 3403 testimarint,
3088 3337 3185 3391 hac
3212 3339 3275 3392 de
3303 3354 3361 3393 re
3401 3348 3572 3393 tamen

1970 3442 2058 3481 vos
2088 3426 2438 3481 admonendos
2478 3426 2635 3494 duxi,
2667 3434 2863 3481 tantam
2894 3445 2926 3481 a
2954 3445 3032 3482 me
3079 3428 3131 3482 in
3162 3428 3319 3484 Luca:
3349 3446 3569 3500 prteser—

1971 3519 2061 3572 tim
2085 3518 2367 3591 Evangelia
2396 3528 2652 3589 repertam
2675 3537 2782 3576 esse
2806 3522 2941 3576 inter
2965 3520 3102 3575 hunc
3125 3524 3353 3577 codicem
3385 3533 3431 3578 et
3463 3540 3565 3578 co:-

1970 3620 2105 3675 teros
2146 3612 2473 3681 quantumvis
2513 3623 2705 3669 veteres
2748 3614 3187 3683 discrepantiam,
3244 3626 3299 3671 ut
3343 3616 3569 3672 vitanda?

1967 3705 2306 3776 quorumdam
2334 3706 2613 3776 offensioni
2651 3711 3019 3763 asservandum
3066 3711 3235 3779 potius
3277 3728 3434 3782 quam
3474 3730 3570 3783 pu-

1970 3796 2267 3852 blicandam
2298 3799 2601 3853 existimem.
2633 3797 2701 3853 In
2726 3801 2824 3855 Itac
2846 3811 3013 3857 tamen
3036 3819 3137 3857 non
3166 3806 3561 3872 sententiarum,

1968 3891 2058 3945 sed
2105 3907 2284 3945 vocum
2330 3891 2622 3947 diversitate
2662 3893 2794 3947 nihil
2836 3899 3065 3965 profecto
3115 3899 3377 3970 comperi,
3432 3900 3571 3953 unde

1968 3987 2224 4054 suspicari
2254 3987 2513 4056 potuerim
2540 4004 2571 4041 a
2598 3989 2848 4044 veteribus
2873 3991 2984 4044 illis
3011 3992 3269 4047 htereticis
3292 3994 3451 4063 fuisse
3476 3993 3571 4047 de-

1968 4090 2261 4153 pravatum.
2301 4081 2420 4155 luto
2449 4083 2615 4137 multa
2653 4083 2781 4137 milii
2817 4082 2993 4139 videor
3039 4085 3440 4157 deprehendisse
3478 4088 3567 4141 ob-

1966 4176 2250 4229 servntione
2289 4176 2485 4247 digna;
2530 4179 2769 4251 qutedam
2809 4179 2967 4233 etiam
3009 4180 3083 4234 sic
3111 4197 3143 4233 a
3184 4185 3390 4253 recepta
3421 4180 3568 4237 Scri-

1968 4282 2122 4339 ptura
2139 4270 2507 4340 discrepantia,
2528 4282 2585 4325 ut
2613 4280 2780 4327 tamen
2804 4288 2922 4326 cum
2948 4282 3174 4327 veterum
3198 4274 3563 4343 quorumdam,

1967 4371 2015 4417 et
2048 4361 2378 4431 ercorum,
2415 4375 2461 4418 ct
2490 4364 2795 4420 Latinorum
2838 4365 3061 4420 Patrum
3093 4368 3303 4436 scriptis
3338 4385 3557 4423 consen-

1967 4459 2095 4513 tiant
2119 4476 2139 4514 :
2164 4475 2268 4529 non
2296 4475 2461 4528 pauca
2486 4460 2722 4528 denique,
2756 4460 2943 4530 quibus
2970 4470 3167 4515 vetusta
3193 4459 3383 4515 Latina
3406 4463 3565 4517 editio

271 4556 334 4613 ad
360 4556 584 4613 formam
616 4556 932 4613 Latinorum
957 4599 973 4620 ,
1002 4565 1057 4614 ει
1086 4572 1116 4614 θ
1143 4557 1339 4613 Latina
1383 4559 1637 4615 versione
1683 4569 1859 4615 muta-
1886 4524 1940 4585 Β
1965 4553 2333 4607 corroboratur
2357 4566 2376 4605 :
2397 4568 2512 4622 qua:
2536 4552 2711 4607 omnia
2731 4553 3041 4624 proingenii
3070 4554 3169 4609 mei
3195 4555 3408 4609 modulo
3432 4556 3567 4611 inter

273 4652 427 4707 verit.
464 4649 600 4707 Illud
635 4650 781 4706 enim
805 4659 1031 4722 apparet
1063 4651 1114 4706 in
1146 4651 1353 4713 Graecis
1381 4650 1535 4708 Cant.
1571 4651 1857 4727 Ἠρὼδους,

269 4743 513 4807 Ἰωάννους
536 4784 553 4812 ,
589 4746 980 4823 Σαμαριτάνων,
1013 4744 1225 4816 aliaque
1254 4744 1307 4800 id
1335 4760 1507 4816 genus
1540 4745 1609 4801 ad
1638 4744 1859 4803 Latino-

271 4853 381 4894 rum
413 4839 644 4895 formam
678 4839 925 4895 confecta
948 4848 1094 4894 sunt.
1124 4840 1317 4896 Matth.
1344 4855 1466 4911 cap.
1500 4855 1567 4907 v,
1595 4854 1739 4895 vers.
1760 4839 1853 4908 2i,

270 4946 386 4987 cum
426 4930 679 4988 Latinum
720 4940 867 4989 esset
894 4930 1113 5000 offeres,
1146 4933 1399 5010 πρόσφερε
1432 4932 1660 4987 mutavit
1692 4931 1857 4988 libra-

270 5022 377 5079 rius
415 5025 465 5078 iu
508 5032 834 5102 προσφερεῖς.
871 5025 947 5079 Ea
972 5024 1117 5089 enim
1164 5023 1266 5095 ipsi
1305 5034 1422 5081 erat
1450 5024 1689 5100 secunda
1739 5040 1862 5095 per-

271 5132 396 5176 sena
444 5118 631 5177 futuri.
677 5120 1026 5188 Καταϐοιῖνον,
1069 5118 1270 5177 factum
1337 5120 1737 5189 καταϐαίνοντα,
1788 5118 1858 5175 01)

272 5343 623 5420 γνῳστὸν.λγαὶ
656 5343 907 5420 quoio-1:69,
939 5360 990 5407 I,
1026 5343 1125 5410 i9;
1161 5345 1337 5419 χρόνῳ
1368 5343 1684 5420 ὡςζχρὸνῳ,
1716 5345 1767 5399 ἐν
1794 5342 1856 5419 ᾧ,

272 5416 310 5475 I,
336 5416 430 5492 215
460 5416 639 5492 τῖάσας
663 5416 890 5492 σάρκας,
918 5421 1092 5471 πᾶσαν
1122 5416 1317 5492 σᾲῥκα,
1337 5433 1394 5483 ιι,
1425 5416 1487 5471 17
1505 5416 1860 5492 temporariam

274 5507 349 5564 gs,
381 5483 625 5564 chr-spat,
650 5483 767 5564 v,_8‘
786 5505 799 5552 ;
836 5490 892 5564 οὐ
930 5483 1271 5564 uapor/eligi,
1292 5483 1724 5564 ποιραοδροιρελὶοι,’γἱ
1752 5488 1855 5552 28;

272 5555 421 5636 δεξιέὶ,
450 5555 587 5636 δόξῃ,
624 5572 685 5636 ν,
708 5560 771 5613 51
798 5576 815 5636 ;_
844 5560 895 5612 ἐκ
921 5555 1016 5613 tofi
1040 5555 1307 5636 qbbeﬁpiou
1328 5601 1341 5624 ,
1367 5555 1451 5614 ’ἐν
1470 5555 1543 5633 ius
1562 5555 1825 5636 Δ’σπιθνςδλοίῳ
1842 5601 1857 5621 ,

271 5644 332 5692 v,
362 5618 462 5692 3’s;
497 5616 639 5685 οὗτοι
667 5631 950 5688 ἐστάθησαν
972 5672 982 5691 ,
1015 5630 1101 5692 οὓς
1141 5616 1399 5693 ἔστησαν,
1438 5618 1525 5696 γι,
1556 5629 1622 5696 6;
1654 5633 1700 5685 οἷ
1728 5616 1859 5692 inve;

272 5703 682 5791 rrpoo-lsuﬁ'épsv'or,
712 5704 795 5758 καὶ
820 5702 1431 5791 προσευξάμενοελὶῠίρά
1459 5708 1640 5791 τοῦτο..
1666 5710 1856 5791 ταῦτα,

273 5772 359 5835 Vit,
387 5773 407 5831 1
431 5788 447 5837 ;
472 5772 829 5847 ἐφυγάδευσεν,
854 5772 1052 5848 ἔφυγεν,
1080 5772 1171 5837 νη,
1192 5774 1297 5839 ⁸29ς
1322 5776 1417 5833 σὺν
1439 5776 1601 5850 χειρί,
1621 5776 1670 5830 ἐν
1695 5778 1858 5855 χειρί,

781 5868 1057 5930 ΡΑτιιυι.
1096 5866 1240 5929 Χ11.

1959 4659 2015 4697 se
2040 4650 2365 4715 comparata,
2389 4650 2437 4696 et
2466 4658 2583 4697 cum
2609 4642 2747 4713 Syra
2769 4652 2817 4697 et
2845 4643 3069 4699 Arabica
3098 4646 3326 4701 editione
3346 4646 3563 4716 collata,

1957 4736 2014 4791 in
2043 4738 2265 4807 majores
2298 4752 2437 4791 meas
2467 4736 2831 4794 adnotationes
2860 4755 2893 4794 a
2922 4756 3002 4796 me
3028 4756 3186 4811 super
3226 4742 3521 4797 emendatas
3547 4786 3561 4811 ,

1956 4840 2004 4884 et
2038 4830 2172 4901 brevi
2201 4829 2500 4901 prodituros
2527 4832 2780 4904 congessi.

1996 4976 1999 4978 .
2030 4921 2138 4978 Sed
2158 4939 2272 4996 age,
2304 4938 2387 4977 res
2419 4924 2529 4979 ltwc
2557 4933 2667 4980 tota
2698 4925 2885 4990 vestri,
2921 4926 3077 4980 sicuti
3106 4943 3203 4997 par
3231 4936 3325 4993 est,
3366 4930 3563 5000 judirii

1959 5024 2085 5070 esto.
2111 5015 2339 5071 Tantum
2362 5035 2393 5072 a
2414 5019 2555 5073 vobis
2578 5027 2717 5090 peto,
2742 5026 2799 5071 ut
2824 5018 2922 5072 hoc
2947 5018 3321 5089 qualecumque
3347 5039 3561 5077 summa:

1961 5111 2014 5167 in
2044 5120 2265 5169 vestram
2305 5111 2714 5185 Amplitudinem
2743 5111 3081 5168 observantiae
3117 5129 3245 5169 mea:
3268 5116 3425 5170 veluti
3454 5133 3565 5172 mo-

1960 5358 2069 5410 vu,
2104 5341 2205 5414 55;
2236 5341 2529 5414 ἐπήγαγον,
2564 5338 2835 5414 ἐπήγειραν
2853 5352 3021 5414 _,__x1v,
3062 5336 3127 5403 9.;
3166 5340 3335 5414 τορεῳ
3358 5380 3371 5403 ,
3396 5338 3563 5414 egw,

1964 5409 2060 5478 xv,
2078 5413 2174 5478 ‘15;
2200 5409 2641 5487 ἀπαγῖγελοῦνῖας,
2663 5409 3093 5487 ἀπαγγέλλοντας,
3114 5424 3209 5474 xv,
3234 5409 3335 5472 27';
3362 5409 3561 5487 εὐθέως,

1963 5488 2090 5561 αὐτῇ
2211 5483 2487 5561 apag)",
2518 5483 2591 5561 _i8
2615 5498 2637 5561 ;_
2661 5483 3107 5561 «pareta'ypévouc
3127 5521 3141 5545 ,
3172 5484 3564 5561 προστεταγμέ-

1962 5547 2080 5619 νονξ
2104 5599 2118 5623 ,
2150 5545 2426 5620 inﬂati;
2459 5545 2778 5624 ἐνθυμήσέως
2798 5594 2812 5619 ,
2846 5545 3230 5623 ἐῇιόυμήσεως,
3271 5568 3378 5605 XVII
3404 5594 3417 5615 ,
3447 5545 3561 5617 '29;

1961 5630 2303 5697 κατασείσας,
2328 5626 2685 5691 καταστείλας,
2712 5640 2824 5691 XIX,
2849 5625 2947 5691 '53;
2972 5626 3290 5698 ἐνομίσαμεν,
3314 5626 3563 5697 ἐνόμιζον,

1963 5718 2080 5766 ιιι,
2103 5700 2195 5755 29.

2035 5771 2112 5847 (a)
2153 5770 2326 5830 Carol.
2350 5770 2605 5841 Dufresne
2629 5767 2905 5826 Glossario
2929 5767 3068 5829 LaI.,
3095 5781 3224 5824 voce
3248 5767 3421 5822 δίοιτο.

2952 5861 3029 5923 28
