4010 6194
250 214 394 270 94'.)
1770 214 2153 275 EPISTOLE.
3501 221 3609 278 950

254 342 537 401 portatus
565 333 665 389 fuit
695 348 863 406 usque
887 333 953 390 ad
980 334 1286 407 Danielem)
1317 337 1397 393 sic
1425 352 1510 392 me
1536 336 1775 406 iudicavi
1817 334 1885 391 ad
1912 337 1969 398 Α
1994 344 2050 389 ιιι
2075 350 2214 406 quos
2247 336 2580 406 persuadere
2609 350 2716 392 non
2744 343 2981 407 poterat,
3018 336 3073 391 vi
3102 343 3159 392 et
3199 346 3468 404 potestate
3497 345 3608 393 ter-

253 441 386 480 vos
420 427 740 496 pervenisse
760 468 775 494 ,
804 428 932 482 dum
956 435 984 464 ει
1019 428 1354 499 singulorum
1400 430 1609 484 litteras
1654 430 1894 499 accipio,
1998 440 2167 483 reret.
2198 429 2561 499 Congregavit
2591 430 2774 496 itaque
2805 445 3031 483 suorum
3064 430 3493 498 multitudinem,
3517 432 3610 502 qui

257 520 537 589 dumque
567 531 785 576 sanctos
816 522 1023 578 amicos
1064 532 1282 578 vestros
1309 533 1363 578 et
1392 538 1639 578 amorem
1670 523 1724 578 in
1764 524 1900 578 scri-
1999 537 2098 576 nos
2129 522 2196 576 ad
2225 522 2501 577 officinam
2526 521 2863 577 inﬁdelitatis
2886 537 2999 577 suae
3019 522 3238 592 rapiunt
3259 532 3314 578 et
3339 522 3566 577 eludunt
3592 543 3605 576 :

258 615 397 685 ptis
433 614 631 668 vestris
660 629 946 684 percurro.
1996 626 2053 669 et
2089 623 2254 669 lotam
2289 615 2424 669 hanc
2468 623 2788 684 potestatem
2835 615 3089 669 traditam
3122 615 3225 670 sibi
3268 615 3335 671 ab
3367 618 3608 686 impera-

360 705 435 760 ΙΙ.
477 705 842 761 Miscebantur
889 706 1026 761 mihi
1076 721 1198 762 eum
1246 707 1450 778 gaudio
1498 707 1753 778 lacrymae
1782 724 1794 760 :
1846 717 1901 761 et
2000 717 2121 763 tore
2146 707 2354 761 dicunt.
2387 706 2484 761 His
2512 722 2643 777 ergo
2669 707 2833 760 multa
2866 707 3173 763 dicentibus
3203 717 3260 762 et
3289 707 3356 762 de
3385 723 3481 762 sua
3510 723 3607 777 po-

260 800 487 855 avidus
534 800 602 853 ad
652 798 940 871 legendum
995 800 1207 855 animus
1249 804 1607 872 occupatione
1638 802 1897 873 lacryma-
2002 810 2199 856 teState
2248 799 2626 871 gloriantibus,
2687 800 2742 854 in
2792 801 2891 853 hoc
2942 799 3049 853 illis
3099 798 3390 855 ostendere
3438 799 3605 863 volui,

262 910 416 950 rum
455 895 763 950 tenebatur.
798 895 867 950 Et
892 907 1047 951 erant
1079 906 1306 967 utraque
1336 897 1664 962 necessaria,
1697 908 1755 951 ut
1783 897 1897 951 sin-
2001 896 2126 965 quia
2158 895 2291 949 nihil
2323 906 2480 951 erant
2507 911 2628 965 qum
2657 904 2931 964 poterant,
2961 893 3090 949 dum
3120 904 3303 948 tacens
3331 903 3390 949 ut
3429 896 3611 950 carni-

264 990 401 1060 gnli
436 1004 631 1044 sensus
663 991 714 1044 in
749 989 855 1045 hoc
880 991 1342 1062 complementum
1375 991 1631 1046 desiderii
1679 1006 1773 1045 sua
1816 990 1901 1044 di-
2002 987 2193 1042 ﬁcibus
2234 1002 2433 1058 corpus
2462 986 2683 1053 tradidi,
2731 987 2875 1055 quod
2911 987 3173 1041 Dominus
3200 986 3417 1041 dicebat
3448 1000 3608 1055 posse

266 1083 544 1139 lectionis
571 1083 748 1138 ofﬁcia
782 1070 1047 1154 cuperent
1086 1087 1409 1154 praevenire.
1439 1084 1532 1140 Sic
1561 1101 1655 1155 per
1686 1083 1805 1139 dies
1846 1086 1898 1138 in
2003 1080 2054 1133 in
2090 1078 2748 1149 persecutionibns'tradi.
2783 1079 2955 1147 Quam
2987 1080 3161 1133 libero
3192 1088 3375 1133 autem
3409 1079 3604 1135 fuerim

266 1180 655 1247 occupatione
705 1179 802 1233 hac
848 1179 1131 1234 vobiscum
1186 1196 1271 1234 me
1317 1178 1573 1235 famulari
1608 1178 1857 1249 judicans
1884 1218 1897 1241 ,
2001 1172 2203 1235 animo.
2233 1173 2359 1226 dum
2389 1171 2458 1226 ab
2483 1172 2611 1241 ipsis
2645 1172 2842 1240 patior,
2879 1180 2935 1226 et
2966 1172 3235 1239 recludor,
3270 1181 3325 1226 et
3354 1187 3449 1241 per
3473 1188 3607 1242 qua-

270 1273 606 1342 praeteritos
650 1272 867 1327 labores
916 1272 1285 1327 ohliviscebar
1316 1291 1327 1325 ε
1356 1272 1426 1326 ita
1478 1272 1621 1327 enim
1663 1272 1902 1340 undique
2005 1265 2245 1318 triduum
2271 1278 2481 1331 servor,
2516 1274 2571 1319 et
2600 1263 2945 1318 diversorum
2970 1263 3372 1333 increpationes
3395 1274 3451 1320 et
3479 1281 3606 1335 per-

269 1364 711 1420 cireumdabant
740 1381 825 1421 me
852 1365 1078 1436 gaudia,
1113 1366 1237 1419 hinc
1265 1366 1514 1420 stabilem
1549 1364 1740 1431 fidem,
1774 1363 1901 1419 hinc
2004 1358 2289 1412 suasiones
2336 1359 2501 1412 audio
2541 1376 2555 1411 :
2588 1358 2639 1411 in
2683 1358 2786 1412 hoc
2828 1358 3066 1424 Ostendi,
3117 1359 3244 1428 quia
3294 1375 3396 1414 nec
3446 1377 3611 1415 unum

274 1457 647 1513 dilectionem
669 1500 684 1521 ,
717 1456 845 1513 hinc
873 1459 1106 1515 fructum
1155 1460 1522 1530 porrigentia;
1555 1468 1615 1513 ut
1644 1458 1695 1513 in
1738 1464 1819 1512 tot
1848 1466 1903 1512 et
2004 1467 2314 1507 sermonem
2338 1451 2471 1506 dixi.
2496 1451 2712 1506 Addere
2736 1452 3021 1508 voluerunt
3049 1452 3117 1507 ad
3141 1453 3403 1508 malitiam
3427 1468 3604 1521 suam,

275 1549 462 1603 tantis
509 1547 841 1604 constitutus
894 1550 1080 1616 bonis,
1129 1550 1311 1603 subito
1379 1566 1494 1614 me,
1548 1561 1605 1603 ιιι
1650 1549 1900 1618 superius

272 1640 431 1706 dixi,
463 1656 571 1695 non
604 1642 656 1696 in
687 1640 921 1709 exsilio,
950 1642 1046 1696 sed
1078 1642 1357 1697 vobiscum
1405 1656 1528 1696 esse
1571 1638 1894 1709 judicarem.

2006 1554 2120 1600 uta
2154 1562 2240 1600 me
2271 1555 2553 1601 cessarent
2579 1546 2795 1612 fratres,
2833 1547 2883 1601 id
2915 1559 3022 1612 est,
3062 1548 3368 1618 presbyteri
3411 1560 3466 1604 et
3495 1549 3613 1604 dia-

2004 1639 2157 1703 coni;
2190 1638 2285 1693 sed
2324 1648 2379 1693 et
2407 1651 2637 1693 caeteros
2665 1638 2928 1693 dicebant
2958 1654 3017 1693 se
3064 1653 3188 1693 esse
3210 1638 3609 1709 prohibituros,

276 1733 519 1790 Gaudeo
550 1738 755 1805 itaque,
787 1734 987 1790 fratres
1018 1735 1327 1790 charissimi
1351 1776 1367 1800 ,
1401 1734 1470 1789 de
1518 1733 1625 1788 ﬁde
1670 1741 1847 1788 vestra
1882 1750 1895 1786 :
1926 1731 1977 1792 B
2005 1750 2072 1788 ne
2101 1733 2167 1788 ad
2203 1750 2288 1788 me
2325 1734 2669 1791 accederent.
2706 1732 2846 1803 Ego,
2880 1749 2947 1789 ne
2976 1734 3043 1788 ab
3086 1734 3383 1790 inﬁdelium
3431 1736 3611 1790 mani-

277 1827 511 1897 gaudeo
554 1827 623 1882 de
660 1828 838 1883 salute
887 1842 1006 1896 quae
1048 1827 1209 1882 ﬁdem
1251 1828 1543 1898 sequitur:
1575 1826 1789 1894 gaudeo
1832 1824 1901 1881 de

280 1920 593 1987 fructibus,
625 1919 771 1990 quod
823 1936 930 1975 non
997 1920 1178 1975 solum
1232 1918 1343 1975 illic
1378 1918 1692 1983 constituti,
1719 1918 1815 1974 sed
1847 1928 1903 1974 et

278 2013 453 2085 longe
500 2015 743 2084 pergitis.
781 2012 847 2070 Ut
876 2013 1025 2068 enim
1055 2013 1298 2084 agricola
1337 2012 1520 2068 arbori
1551 2013 1707 2068 bonae
1746 2013 1898 2068 inse.

279 2108 400 2162 ruit
427 2107 543 2173 illi,
575 2122 697 2175 quae
726 2105 995 2161 fructuum
1038 2120 1199 2161 causa
1233 2122 1340 2160 non
1393 2105 1630 2161 securim
1661 2106 1861 2174 patitur
1883 2146 1898 2169 ,

283 2214 401 2255 non
431 2199 647 2269 ignibus
673 2199 1045 2269 mancipatur;
1080 2199 1152 2254 ita
1186 2209 1241 2253 et
1270 2214 1371 2253 nos
1400 2206 1597 2253 vestrae
1628 2198 1899 2252 sanctitati

284 2307 401 2347 non
430 2291 607 2346 solum
641 2292 923 2347 servitium
954 2290 1253 2346 secundum
1283 2306 1504 2345 carnem
1546 2290 1796 2344 vohnnus
1845 2296 1902 2344 et

282 2386 544 2456 cupimus
573 2383 874 2451 exhibere,
905 2383 1003 2438 sed
1050 2385 1262 2438 animas
1311 2392 1526 2436 nostras
1576 2396 1674 2451 pro
1722 2389 1899 2435 vestra

286 2480 472 2535 salute
501 2479 843 2549 impendere.
877 2478 1212 2532 Extendistis
1233 2518 1249 2543 ,
1284 2482 1345 2531 ut
1371 2474 1522 2541 dixi,
1556 2475 1744 2529 ﬁrmos
1775 2488 1897 2529 cum

285 2573 469 2629 fructu
501 2589 682 2628 ramos
706 2615 722 2640 ,
754 2582 810 2627 et
840 2587 938 2641 per
964 2579 1076 2626 tam
1110 2570 1272 2641 longa
1322 2578 1595 2624 terrarum
1625 2567 1800 2638 spatia
1831 2566 1901 2622 ad

288 2681 377 2719 me
408 2666 720 2737 pertingere
748 2664 1055 2719 laborastis.
1087 2663 1311 2719 Gaudeo
1338 2661 1607 2732 agricola,
1639 2668 1694 2714 et
1721 2659 1899 2716 libens

287 2757 316 2794 ι’
343 2759 511 2814 vestri
561 2759 763 2813 laboris
807 2772 969 2827 pullla
995 2757 1263 2827 decerpo,
1296 2757 1421 2826 quia
1472 2761 1678 2810 tantum
1722 2754 1899 2809 facere

290 2850 537 2906 voluistis
562 2870 574 2904 :
600 2864 700 2905 nec
718 2850 892 2906 solum
915 2865 1038 2919 ego,
1061 2849 1146 2903 vel
1166 2848 1257 2919 qui
1281 2862 1493 2902 mecum
1523 2856 1649 2901 sunt
1670 2847 1899 2900 sanctis-

290 2943 412 2998 simi
445 2945 617 2999 nostri
668 2943 972 3014 presbyteri
999 2952 1055 2996 et
1084 2942 1298 2996 diaconi
1340 2942 1425 2996 vel
1458 2940 1643 2995 caeteri
1676 2938 1894 3003 fratres,

290 3037 384 3091 sed
434 3049 490 3091 et
538 3050 728 3090 omnes
778 3036 870 3105 qui
920 3034 1298 3090 desiderantes
1344 3048 1560 3088 sumus.
1616 3031 1892 3103 RepleStis

2004 1827 2125 1893 bus,
2166 1827 2249 1881 vel
2296 1827 2478 1896 potius
2519 1836 2985 1897 transgressorum
3012 1826 3180 1898 (quod
3212 1826 3458 1883 deterius
3498 1828 3609 1899 est)

2005 1920 2331 1988 infidelium,
2370 1932 2425 1975 ut
2457 1920 2756 1991 Apostolus
2785 1920 2937 1984 dicit,
2983 1921 3371 1977 manducarem
3401 1922 3609 1988 cibum,

2005 2012 2249 2067 libellum
2281 2013 2346 2066 ad
2374 2012 2525 2081 ipsos
2558 2013 2663 2067 hoc
2693 2027 2846 2067 more
2876 2011 2980 2067 feci
3006 2031 3018 2065 :

2086 2122 2435 2167 EXEMPLAB
2461 2123 2711 2167 LIBELLI
2753 2122 2942 2167 FACT!
2977 2122 3064 2166 AD
3091 2122 3547 2168 PATIOPHILUM

2624 2226 2758 2269 CUM
2795 2225 2960 2268 SUIS.

2005 2312 2205 2366 Servus
2239 2310 2330 2365 Dei
2367 2310 2635 2365 Eusebius
2658 2326 2780 2365 enm
2818 2311 3102 2365 conservis
3130 2310 3244 2365 suis
3272 2311 3365 2381 qui
3392 2326 3606 2367 meeum

2077 2402 2199 2485 ﬁdei
2256 2418 2414 2457 causa
2474 2403 2752 2470 laborant,
2787 2399 2816 2440 δ
2847 2403 3170 2473 Patrophilo
3216 2405 3430 2459 custodi
3483 2419 3606 2460 cum

2076 2489 2210 2529 SlllS.

2075 2566 2163 2622 IV.
2207 2568 2480 2634 Quaeme
2514 2569 2562 2622 vi
2610 2568 2903 2629 multorum
2952 2567 3220 2624 ctfurore
3270 2584 3379 2625 non
3430 2570 3609 2627 solum

2004 2667 2236 2713 tractum
2281 2674 2377 2728 per
2405 2668 2630 2725 terram,
2676 2660 2771 2715 sed
2820 2660 3093 2714 interdum
3136 2660 3337 2717 nudato
3375 2678 3609 2733 corpore

2003 2754 2257 2823 supinum
2310 2756 2565 2821 portastis
2597 2752 2667 2807 de
2711 2753 2812 2806 hoc
2860 2751 3097 2822 hospitio
3138 2756 3280 2823 quod
3332 2754 3462 2810 mihi
3512 2772 3609 2826 per

2001 2855 2214 2899 vestros
2235 2854 2287 2898 et
2313 2857 2540 2915 agentes
2571 2845 2621 2899 in
2647 2845 2812 2901 rebus
2840 2844 3094 2913 dedistis,
3119 2863 3148 2902 e
3171 2862 3280 2918 quo
3312 2865 3606 2920 numquam

2002 2935 2102 2990 nisi
2137 2949 2312 2991 vestra
2342 2938 2599 2992 violentia
2631 2952 2888 3007 egressus
2934 2954 3089 3005 sum;
3120 2952 3174 2994 et
3206 2942 3351 2997 Deus
3396 2945 3522 3011 scit,
3553 2956 3609 3000 et

1999 3034 2189 3101 ciyitas
2222 3034 2391 3099 novit,
2427 3049 2528 3088 nec
2559 3048 2656 3088 vos
2684 3033 2771 3088 hic
2792 3045 2849 3088 et
2878 3036 2930 3088 in
2965 3032 3151 3089 futuro
3181 3051 3385 3106 negare
3417 3050 3603 3108 poteso

293 3129 432 3184 enim
455 3170 472 3196 ,
505 3137 564 3185 ut
613 3128 908 3198 Apostolus
953 3127 1306 3182 beatissimus
1349 3128 1479 3181 dicit
1526 3124 1795 3198 (Philem.
1829 3124 1892 3191 7:,
1924 3120 1975 3185 Ο
2004 3126 2090 3179 tis.
2116 3125 2242 3179 Ideo
2267 3126 2373 3179 Deo
2400 3140 2619 3180 causam
2650 3140 2892 3193 reservo,
2925 3135 2983 3180 ιιι
3006 3127 3467 3195 quemadmodum
3490 3129 3606 3200 ipse

292 3219 418 3294 20:),
451 3223 664 3278 viscera
699 3237 820 3277 mea
868 3237 989 3277 eum
1023 3221 1343 3291 complestis
1387 3219 1640 3277 mandata
1670 3218 1856 3274 divina
1878 3258 1893 3284 ,

294 3335 412 3391 quae
442 3330 465 3358 ο
493 3318 779 3388 complere
825 3317 1055 3374 decebat
1098 3315 1442 3372 Christianos
1487 3314 1539 3370 in
1574 3314 1895 3385 episcopum

294 3412 375 3469 vel
421 3412 823 3469 ecclesiasticos
874 3411 1052 3477 viros,
1079 3425 1217 3481 quos
1263 3411 1317 3465 in
1357 3407 1552 3463 exsilio
1582 3406 1704 3462 ﬁdei
1732 3420 1895 3461 causa

294 3504 463 3559 nostis
509 3503 779 3559 laborare.
812 3501 1142 3572 Complestis
1191 3518 1314 3572 qua:
1365 3500 1653 3568 Oportebat
1699 3498 1898 3554 fratres

296 3597 552 3653 fratribus
596 3596 794 3662 facere,
847 3607 902 3651 et
956 3596 1093 3666 patri
1129 3595 1273 3649 ﬁlios
1314 3593 1595 3649 exhibere.
1626 3592 1732 3648 Sed
1774 3607 1897 3646 cum

298 3705 394 3745 nos
435 3690 732 3745 secundum
781 3688 1033 3744 mandata
1081 3687 1297 3753 divina,
1341 3686 1491 3742 vobis
1541 3685 1784 3741 volentes
1830 3686 1899 3740 de

301 3784 531 3839 terrenis
555 3785 828 3853 caelestes,
863 3782 932 3837 de
957 3781 1179 3837 caducis
1205 3781 1434 3837 stabiles
1462 3823 1477 3847 ,
1504 3779 1573 3835 de
1613 3779 1898 3852 fragilibns

300 3875 656 3945 sempiternos
703 3871 915 3929 fructus
966 3871 1176 3936 facere;
1206 3871 1475 3943 cepimus
1523 3885 1619 3940 per
1659 3869 1898 3924 necessi-

302 3978 459 4026 tatem
504 3970 774 4041 patientes
823 3967 1071 4039 quotidie
1116 3966 1407 4021 seminare.
1460 3963 1782 4019 Gaudebant
1828 3962 1898 4018 de

304 4064 498 4118 vestris
528 4062 793 4118 fructibus
834 4074 1138 4130 pauperes:
1171 4057 1549 4129 gloriﬁcahant
1576 4057 1747 4113 Deum
1788 4073 1895 4111 non

301 4154 468 4210 solum
515 4154 751 4210 civitatis
799 4152 967 4224 ipsius
997 4152 1246 4206 homines
1269 4194 1285 4219 ,
1316 4149 1410 4205 sed
1458 4161 1512 4204 et
1540 4166 1733 4205 omnes
1766 4167 1778 4204 :
1806 4150 1898 4220 qui

303 4257 472 4302 autem
523 4247 708 4302 videre
742 4254 1064 4316 potuerunt,
1098 4259 1260 4314 quam
1292 4258 1501 4297 mecum
1550 4242 1898 4298 dilectionem

305 4339 606 4404 haberetis,
635 4354 704 4394 ex
748 4337 885 4410 ipsis
917 4335 1184 4393 fruetihus
1233 4334 1483 4390 videntes
1525 4334 1902 4401 glorifieabant

307 4433 489 4498 Deum,
518 4441 577 4489 et
604 4430 755 4487 omni
787 4446 887 4486 nos
910 4430 1117 4486 honore
1145 4444 1269 4485 cum
1296 4437 1476 4484 vestra
1512 4427 1900 4484 benedictione

308 4525 674 4581 nominabant.

372 4618 452 4675 Ill.
494 4617 699 4676 Videas
731 4617 833 4672 hoc
879 4615 1131 4671 diabolus
1166 4613 1539 4669 innocentium
1571 4613 1745 4669 hostis
1769 4654 1784 4680 ,
1812 4614 1901 4683 ju-

308 4714 463 4769 stitiae
510 4714 758 4768 inimicus
782 4755 795 4778 ,
831 4711 1139 4767 contrarius
1170 4709 1333 4774 ﬁdei,
1362 4709 1486 4779 quia
1520 4709 1569 4763 in
1604 4707 1706 4762 hoc
1731 4723 1900 4776 opere

310 4805 723 4861 benedicebatur
783 4805 962 4867 Dens,
1014 4799 1369 4857 inﬂammavit
1432 4800 1723 4854 adversum
1799 4813 1900 4853 nos

310 4898 669 4955 Ariomanitas
712 4912 877 4962 suos,
909 4897 999 4968 qui
1025 4896 1137 4965 jam
1182 4895 1339 4965 longo
1369 4903 1615 4963 tempore
1657 4893 1901 4963 suspira-

313 4994 426 5048 hant
473 5008 580 5048 non
609 4992 789 5047 solum
836 4990 902 5047 de
933 4991 1039 5046 hoc
1064 5003 1232 5060 opere
1254 5031 1267 5051 ,
1297 4987 1390 5042 sed
1434 4997 1488 5043 et
1517 4988 1584 5043 de
1629 5004 1727 5044 sua
1775 4989 1897 5043 infi-

312 5087 517 5142 delitate
562 5087 627 5141 ad
661 5102 821 5157 quam
872 5101 969 5139 nos
1020 5081 1350 5155 persuadere
1399 5097 1504 5137 non
1535 5092 1901 5153 poterant,nt

313 5183 626 5238 exsisterent
658 5181 916 5246 violenti;
949 5196 1098 5236 more
1130 5180 1230 5236 hoc
1252 5196 1358 5252 quo
1382 5197 1601 5253 semper
1638 5196 1720 5239 εει
1747 5200 1896 5251 usus,

378 5304 398 5331 ⁸
428 5295 516 5349 Al.
543 5292 683 5349 Dum
723 5304 892 5349 autem
925 5294 1367 5363 singulorum.....
1390 5297 1753 5367 miscebantur,
1786 5314 1892 5359 etc.

318 5372 578 5427 GALLAND.

378 5440 403 5479 b
431 5439 515 5494 Al.
554 5436 736 5492 Nostri
760 5437 864 5492 (ab.
898 5437 970 5493 In.

382 5524 402 5551 ε
434 5510 519 5565 Al.
548 5509 834 5577 Complere.
883 5551 894 5563 .
931 5548 944 5561 .
991 5552 1003 5565 .
1044 5510 1180 5563 uiros
1205 5510 1364 5565 decet.
1395 5511 1469 5569 lo.

378 5581 402 5622 ἀ
432 5582 544 5637 Cur
569 5581 943 5655 Patrophilum
980 5583 1240 5655 Ariannrn
1272 5584 1601 5655 antistitem,
1640 5591 1905 5646 custodem

327 5652 1024 5729 potiusqttam.episeqptrm
1068 5654 1305 5729 appelli}
1336 5652 1655 5729 Eusebius,
1704 5663 1905 5721 videsis

325 5727 596 5800 Baronium
627 5724 694 5785 ad
723 5724 855 5782 anui
878 5726 1005 5795 556,
1037 5740 1186 5779 num.
1216 5725 1306 5781 97.
1336 5726 1409 5792 ιι).

2002 3220 2360 3286 ordinaverit,
2390 3219 2554 3275 ﬁnem
2601 3219 2775 3289 possit
2811 3222 3084 3291 accipere.
3117 3220 3337 3276 interim
3386 3238 3471 3277 me
3502 3222 3606 3278 hoc

2001 3315 2315 3369 decrevisse
2362 3313 2548 3369 sciatis
2591 3312 2675 3383 (nt
2734 3313 2871 3368 ratio
2921 3328 3061 3368 nunc
3112 3322 3167 3368 et
3208 3314 3263 3368 in
3296 3313 3501 3384 futuro,
3548 3326 3605 3375 et

2002 3405 2092 3461 hic
2128 3405 2297 3475 possit
2340 3404 2542 3475 stare),
2577 3404 2630 3457 in
2662 3405 2897 3473 hospitio
2920 3420 3026 3475 quo
3059 3421 3145 3460 me
3172 3405 3417 3461 clausura
3449 3415 3602 3461 tene-

2003 3499 2091 3563 tis,
2124 3499 2175 3552 in
2204 3514 2312 3567 quo
2342 3513 2428 3553 me
2460 3510 2580 3569 post
2608 3500 2839 3569 primam
2871 3503 3235 3569 portationem
3260 3501 3602 3559 retrudentes

2000 3591 2301 3659 crudelius,
2333 3593 2451 3646 ausi
2484 3593 2661 3648 fuistis
2692 3593 2820 3648 inde
2856 3592 3049 3648 eodem
3080 3595 3244 3650 modo
3276 3605 3517 3667 portare,
3550 3610 3602 3654 et

2002 3686 2053 3738 in
2088 3700 2248 3738 unam
2289 3685 2482 3740 cellam
2520 3683 2539 3722 ί
2571 3686 2823 3756 rejicere,
2872 3702 2978 3741 non
3011 3703 3208 3758 panem
3250 3690 3612 3747 manducata-

2002 3796 2118 3833 rum
2151 3795 2328 3850 neque
2360 3795 2555 3850 aquam
2585 3780 2908 3847 bibiturum,
2955 3780 3058 3836 nisi
3092 3793 3219 3839 ante
3248 3784 3446 3855 singuli
3480 3800 3604 3856 pro-

2000 3872 2128 3928 fessi
2156 3872 2391 3938 fueritis,
2423 3888 2527 3928 non
2561 3873 2739 3928 solum
2762 3872 2950 3937 verbo,
2981 3874 3074 3929 sed
3098 3885 3154 3930 et
3180 3893 3342 3932 manu
3373 3893 3471 3933 vos
3495 3894 3602 3935 non

2003 3966 2397 4036 prohibituros,
2455 3965 2648 4023 fratres
2694 3983 2845 4022 meos
2896 3968 2990 4039 qui
3038 3985 3251 4026 mecum
3309 3972 3427 4029 hazc
3478 3974 3603 4030 ﬁdei

2000 4076 2161 4115 causa
2210 4061 2443 4115 libenter
2485 4064 2785 4131 patiuntur,
2832 4061 2900 4116 de
2944 4063 3183 4131 hostiitio
3221 4081 3330 4136 quo
3361 4075 3604 4132 manent,

2000 4152 2335 4207 necessarias
2359 4167 2515 4208 escas
2543 4151 2742 4208 offerre
2766 4169 2865 4208 nec
2894 4168 2989 4208 eos
3022 4156 3112 4225 qui
3141 4171 3228 4211 me
3250 4156 3456 4226 dignati
3484 4159 3604 4215 fne-

2001 4247 2109 4299 rint
2138 4247 2434 4318 requirere.
2468 4247 2797 4317 Oportuerat
2820 4248 3041 4317 quidem
3067 4250 3221 4304 exire
3248 4250 3317 4304 de
3345 4265 3600 4319 corpore,

2003 4353 2071 4394 ne
2095 4348 2303 4394 tantum
2342 4340 2519 4393 scelus
2546 4340 2692 4410 quod
2735 4339 3039 4408 contraius
3070 4340 3310 4395 divinum
3343 4353 3398 4398 et
3426 4344 3608 4413 publi-

2003 4450 2126 4488 cum
2160 4432 2532 4498 commisistis,
2565 4447 2710 4503 stupe
2743 4431 2886 4487 scire
2913 4434 3225 4490 volentibus
3268 4450 3493 4506 cogerer
3523 4439 3606 4493 di-

1925 4504 1978 4564 Ῑ)
2007 4542 2154 4581 cere.
2188 4524 2295 4579 Sed
2325 4541 2394 4579 ne
2423 4525 2542 4594 quis
2572 4525 2640 4579 de
2667 4524 2979 4581 inﬁdelibus
3013 4541 3111 4582 vos
3141 4527 3194 4582 in
3226 4504 3386 4584 nobis
3413 4530 3608 4587 crude-

2008 4622 2090 4675 les
2114 4618 2372 4688 appellet,
2399 4627 2454 4673 et
2486 4620 2800 4688 ignorantes
2821 4619 3002 4674 divina
3038 4631 3303 4692 praecepta
3334 4634 3483 4695 putet
3504 4640 3605 4681 nos

2008 4709 2383 4766 confusionem
2434 4712 2612 4779 potius
2662 4711 2831 4767 vitare
2877 4714 3119 4769 noluisse
3162 4731 3323 4786 quam
3372 4717 3604 4775 Domino

2012 4821 2223 4876 parere,
2273 4805 2392 4861 ideo
2423 4804 2528 4862 hoc
2562 4808 2797 4863 voluisse
2837 4824 3169 4881 praesumere
3199 4827 3212 4864 :
3246 4812 3440 4867 iterum
3481 4814 3605 4871 dico

2009 4901 2150 4970 quod
2184 4901 2285 4956 nisi
2320 4902 2552 4972 professi
2579 4912 2632 4957 et
2658 4904 2829 4959 verbo
2850 4911 2907 4958 et
2932 4906 3339 4976 conscriptione
3368 4908 3603 4976 fueritis,

2010 4993 2164 5049 erilis
2196 4994 2481 5050 homicidae
2512 4995 2877 5067 prohibendo.

2084 5089 2147 5144 V.
2188 5087 2351 5144 Novit
2401 5090 2503 5144 hoc
2548 5089 2893 5158 omnipotens
2944 5089 3085 5145 Deus
3135 5107 3147 5144 :
3189 5093 3342 5146 novit
3396 5103 3452 5148 et
3490 5093 3610 5163 ejus

2010 5181 2334 5253 Unigenitus
2377 5181 2820 5237 inenarrabiliter
2848 5183 2916 5236 de
2948 5184 3065 5252 ipso
3107 5193 3266 5239 natus
3293 5184 3483 5249 Filius,
3515 5185 3608 5257 qui

2078 5315 2100 5341 ε
2133 5299 2235 5367 Qui
2257 5312 2335 5371 me
2355 5295 2408 5371 in
2437 5294 2720 5371 multorum
2750 5298 2923 5364 furore
2950 5313 3049 5350 non
3077 5298 3246 5352 solum
3269 5308 3491 5354 tractum
3517 5320 3608 5371 per

2006 5385 2217 5437 terram,
2241 5369 2330 5421 sed
2348 5368 2613 5443 interdum
2640 5371 2836 5443 nudato
2855 5440 2865 5443 _
2882 5384 3097 5443 corpore
3132 5372 3374 5442 supinum
3403 5368 3609 5443 portas-

2008 5448 2094 5505 tis.
2120 5445 2182 5497 de
2214 5443 2307 5513 hoc
2338 5440 2561 5507 hospitio
2589 5438 2726 5505 quod
2767 5440 2897 5493 mihi
2943 5456 3037 5513 per
3079 5438 3273 5496 vestros
3307 5438 3512 5513 agentes
3556 5447 3611 5501 in

2007 5517 2159 5572 rebus
2186 5512 2421 5573 dedistis,
2464 5527 2542 5563 me
2577 5527 2855 5578 numquam
2898 5511 3000 5564 nisi
3027 5528 3143 5565 cum
3177 5511 3609 5572 vestra‘uiolentia

2010 5586 2188 5659 egredi
2222 5584 2359 5651 passi
2385 5582 2574 5653 fuistis.
2600 5580 2668 5634 Et
2703 5579 2842 5635 Deus
2871 5584 2989 5649 scit,
3021 5597 3128 5638 etc.
3156 5584 3329 5642 Minus
3356 5596 3525 5657 recte,
3552 5600 3611 5647 ιιι

2013 5661 2244 5716 videtur.

2089 5730 2111 5770 ί
2139 5729 2294 5802 Legit
2322 5723 2587 5784 Baronins
2616 5738 2739 5781 cum
2765 5726 2840 5783 al.
2872 5725 3104 5796 reﬁcere.
