4010 6194
411 213 508 270 951

1517 210 1764 268 SANCTI
1804 210 2078 268 EUSEBII
2119 211 2644 269 VERCELLENSIS
3695 210 3772 266 95i

411 327 606 384 salutis
653 338 855 383 nostrae
884 341 1045 382 causa
1079 327 1223 382 Deus
1272 327 1622 398 sempiterna:
1667 325 1882 381 virtutis
1915 326 2013 381 ho-
2045 329 2093 387 A
2123 326 2499 386 deﬁcientibus
2531 331 2712 397 nobis,
2745 331 2886 387 olim
2931 343 3086 385 cum
3123 327 3299 383 victu
3338 323 3538 380 venire
3563 327 3773 395 permise-

413 421 616 475 rninetn
666 419 966 488 perfectum
998 419 1196 484 indttit,
1232 420 1340 491 pati
1374 420 1568 483 voluit,
1619 427 1795 474 morte
1825 420 2015 474 trium-

410 517 576 586 phata
615 516 778 569 tertio
808 515 899 570 die
931 516 1254 582 resurrexit,
1294 515 1361 569 ad
1393 515 1671 570 dexteram
1705 515 1879 570 Patris
1924 531 2013 570 se-

411 610 526 674 det,
571 620 830 664 venturus
867 610 1112 679 judiCare
1143 609 1294 663 vivos
1337 617 1392 664 et
1438 617 1683 664 mortuos
1720 628 1732 663 :
1770 609 1920 663 novit
1961 618 2015 665 et

415 711 650 779 Spiritus
678 721 938 764 sanctus:
972 709 1124 765 testis
1169 718 1254 764 est
1298 708 1539 764 Ecclesia
1573 707 1863 773 catholica,
1894 722 2016 778 qua:

408 806 488 859 sic
512 805 806 858 conlitetur
829 819 841 854 :
867 803 990 872 quia
1022 817 1126 856 non
1153 818 1253 872 ego
1277 801 1328 855 in
1355 818 1439 856 me
1471 817 1597 856 reus
1621 816 1734 863 ero,
1766 800 1863 854 sed
1894 815 2014 867 vos,

410 900 501 967 qui
535 910 834 950 eonservos
861 910 1009 949 meos
1053 897 1360 949 necessaria
1394 894 1802 949 ministraturos
1832 893 2012 963 prohi-

409 989 541 1043 bere
571 989 834 1042 voluistis.
871 988 937 1041 Et
963 988 1008 1041 si
1038 986 1139 1042 hoc
1168 987 1510 1057 paraverilis,
1535 1001 1631 1040 vos
1659 986 1860 1041 debere
1885 1001 2014 1041 con-

409 1093 657 1138 temnere
687 1100 700 1134 :
737 1098 841 1134 non
865 1081 1020 1150 quasi
1055 1091 1284 1136 mortem
1317 1081 1623 1147 timentem,
1659 1080 1753 1134 sed
1796 1095 1864 1134 ne
1895 1089 2016 1148 post

401 1189 688 1228 excessum
724 1189 902 1226 meum
936 1173 1131 1228 dicatis
1178 1189 1263 1227 me
1301 1174 1610 1228 Voluntaria
1655 1183 1831 1228 morte
1863 1175 2015 1229 exire

410 1266 650 1319 voluisse
685 1273 739 1319 et
770 1273 796 1300 α
826 1263 1114 1333 quamdam
1166 1264 1323 1319 nobis
1360 1264 1614 1320 nebulam
1648 1266 2015 1320 accusationis

406 1361 695 1414 inveniatis
729 1377 739 1413 :
768 1370 1166 1414 conventurum
1198 1376 1283 1414 me
1323 1362 1519 1415 scitete
1554 1361 1851 1426 Ecl-lesias,
1879 1378 2014 1431 quas

408 1451 437 1492 δ
467 1453 666 1507 clausis
697 1454 912 1508 interim
949 1453 1144 1508 litteris
1165 1455 1368 1521 possim
1397 1453 1711 1524 pertingere
1737 1471 1750 1518 ;
1775 1469 2015 1509 conven-

410 1559 588 1602 turum
620 1557 672 1601 et
697 1547 789 1600 Dei
823 1562 1035 1611 servos,
1078 1557 1134 1600 ut
1167 1548 1218 1601 in
1267 1549 1398 1616 ipsis
1422 1549 1896 1613 eoncurretitibus,
1925 1566 2015 1604 or—

407 1641 492 1695 bis
537 1649 831 1704 terrarum,
876 1639 1001 1709 quid
1043 1639 1174 1694 ﬁdes
1219 1642 1427 1712 integra
1460 1658 1581 1712 qua:
1633 1643 1701 1696 ab
1745 1644 2015 1698 universis

2119 434 2265 474 rtmt.
2296 421 2423 477 llaec
2454 423 2636 493 itaque
2664 434 2794 479 sunt
2818 422 3388 480 Arimnanitarum
3417 433 3603 489 opera.

2190 515 2301 570 Vll.
2350 516 2563 582 Videte,
2596 518 2952 574 sanctissimi
2994 518 3262 578 fratres.
3286 515 3337 568 si
3372 529 3492 569 non
3532 522 3611 569 est
3638 527 3776 583 perse-

2115 610 2282 671 cutio,
2314 609 2440 663 dum
2472 610 2586 664 luec
2616 613 2851 680 patimur
2874 612 2990 682 qui
3025 609 3221 665 ﬁdem
3258 606 3615 664 catholicam
3639 617 3778 662 custo-

2116 701 2294 756 dimus
2329 721 2341 756 :
2372 713 2425 758 et
2453 704 2618 758 altius
2645 705 2911 774 cogitate,
2954 719 3116 758 num
3165 702 3352 756 valde
3385 701 3563 756 etiam
3587 700 3780 758 deterior

2115 794 2184 848 sit
2224 811 2383 864 quam
2435 796 2548 860 illa,
2581 813 2702 866 qua:
2735 797 2896 853 liebat
2941 812 3064 867 per
3104 795 3225 850 hos
3259 794 3366 864 qui
3404 793 3578 848 idolis
3616 795 3781 848 servie~

2117 886 2265 942 bant.
2302 888 2377 941 Illi
2413 889 2697 944 mittebant
2744 890 2797 945 in
2825 906 3180 956 carcerem,
3231 903 3358 942 non
3415 898 3607 941 tamen
3640 888 3783 956 prohi-

2118 983 2319 1037 bebant
2357 983 2422 1037 ad
2473 999 2531 1038 se
2576 985 2766 1039 venire
2816 1001 2980 1040 suos.
3045 984 3375 1053 Quantum
3431 996 3572 1052 ergo
3611 990 3786 1035 satam;

2118 1074 2394 1131 Ecclesias
2433 1077 2799 1135 vulneraverit
2846 1094 2949 1148 per
2985 1075 3549 1134 Ariomanitarum
3593 1074 3788 1129 crudeli.

2119 1173 2318 1225 tatem!
2355 1171 2409 1224 In
2439 1173 2687 1227 custodia
2724 1174 2940 1242 publica
2986 1175 3289 1240 mittunt,
3328 1171 3433 1243 qui
3465 1170 3698 1224 liberare
3717 1167 3788 1222 dc-

2117 1260 2266 1316 bent.
2313 1263 2640 1319 Violentiatn
2677 1264 2904 1331 faciunt,
2956 1266 3075 1336 qui
3135 1279 3204 1319 ut
3255 1266 3572 1334 patiantur
3594 1261 3786 1330 justitim

2117 1371 2279 1411 causa
2307 1357 2541 1413 discunt.
2596 1359 2788 1413 Aliena
2820 1361 3148 1430 diripiunt,
3187 1359 3294 1427 qui
3345 1373 3455 1412 sua
3501 1356 3706 1424 direpta
3738 1370 3788 1408 ne

2117 1460 2389 1517 repetant,
2421 1450 2489 1505 de
2519 1451 2706 1507 divina
2745 1454 2862 1524 lege
2891 1453 3238 1508 docentur.
3282 1452 3592 1506 Praetereo
3621 1455 3786 1517 quanta

2119 1541 2241 1595 illos
2272 1542 2470 1596 invasit
2495 1543 2813 1610 crudelitas,
2857 1545 2988 1600 dum
3037 1544 3460 1599 facultatibus
3503 1537 3785 1609 temporali-

2121 1633 2223 1687 bus
2248 1636 2506 1705 gaudent.
2557 1636 2610 1689 ln
2645 1652 2865 1692 carcere
2893 1637 3250 1692 latronibus
3307 1634 3539 1691 clausis
3583 1649 3612 1687 a
3643 1646 3788 1702 Quas—

410 1733 693 1786 catholicis
730 1733 999 1802 episcopis
1027 1710 1379 1801 eotnprobata
1421 1710 1527 1802 est,
1562 1736 1630 1789 ab
1660 1735 2016 1793 Ariomanitis
2049 1710 2091 1770 Β
2122 1727 2370 1781 ιῖυηίινίίε
2423 1729 2506 1782 νει
2564 1745 2594 1784 ³
2646 1730 2923 1800 Ιυάίυίῦυε
2979 1747 3111 1784 "0"
3173 1729 3532 1798 denegatur
3584 1725 3783 1779 mauu“

409 1827 649 1894 patiatur
674 1840 811 1894 quos
837 1835 963 1878 ante
989 1825 1286 1890 damnavit,
1324 1830 1498 1894 possit
1533 1841 1852 1896 agnoscere.
1886 1829 2014 1885 Item

413 1916 713 1985 subscripsi
743 1932 842 1987 ego
874 1917 1138 1972 Eusebius
1169 1919 1478 1988 episcopus.

484 2011 692 2079 Adjuro
723 2020 774 2064 te
804 2011 895 2080 qui
931 2010 1027 2064 has
1049 2012 1258 2066 litteras
1282 2013 1498 2082 legeris,
1535 2026 1630 2081 per
1657 2013 1894 2078 Patrem,
1931 2013 2018 2068 Fi-

412 2103 542 2157 lium
575 2113 628 2157 et
677 2102 942 2172 Spit-itum
986 2114 1258 2172 sanctum,
1294 2116 1354 2160 ut
1400 2122 1506 2160 non
1557 2107 1886 2177 supprimas,
1920 2109 2015 2164 sed

412 2195 500 2250 alii
531 2196 789 2266 legendas
819 2197 1025 2251 tradas.

487 2289 575 2344 Vl.
624 2291 684 2343 lli
709 2306 840 2360 ergo
868 2291 956 2344 vix
989 2301 1182 2361 quarta
1207 2291 1295 2346 die
1326 2291 1391 2346 ad
1423 2291 1565 2347 hunc
1591 2291 1831 2348 libellum
1865 2304 1885 2332 ο
1915 2293 2015 2346 mi-

413 2383 587 2452 tigati,
616 2382 836 2452 jejunos
866 2382 932 2436 ad
964 2383 1260 2452 hospitium
1319 2384 1371 2438 in
1423 2400 1532 2455 quo
1586 2401 1971 2442 manseramus
1996 2427 2012 2452 ,

412 2485 691 2530 revertere
714 2490 815 2530 nos
841 2477 1247 2546 compulerunt.
1278 2479 1540 2534 Viderunt
1564 2481 1797 2546 interea,
1824 2497 2014 2551 quem-

412 2569 706 2624 admodum
741 2585 842 2625 nos
863 2583 1207 2627 revertentes
1236 2574 1420 2643 populi
1442 2589 1564 2629 cum
1596 2577 1795 2647 gaudio
1825 2592 2013 2632 susce-

415 2669 634 2730 perunt.
683 2661 949 2717 Lucernis
1000 2674 1246 2718 nostrum
1292 2665 1585 2732 hoSpitium
1636 2669 2013 2723 circumdede-

413 2766 560 2810 runt.
595 2754 874 2826 Cmpimus
921 2768 1197 2813 annuente
1230 2759 1456 2814 Domino
1491 2761 1686 2816 iterum
1731 2763 2016 2832 egentibus

411 2850 750 2905 ministrare.
780 2850 897 2904 Non
932 2850 1037 2906 hoc
1068 2852 1328 2906 sustinuit
1351 2853 1592 2922 ipsorum
1626 2853 2012 2921 inhumanitas,

411 2951 468 2996 et
499 2954 745 2997 nostrum
778 2959 1021 2999 amorem
1071 2946 1124 2999 in
1175 2960 1332 3000 suum
1361 2947 1545 3001 odium
1569 2944 1595 2983 ά
1640 2948 2011 3016 perdiderunt.

411 3036 512 3092 Vix
545 3037 660 3092 fere
685 3038 876 3107 viginti
905 3049 959 3094 et
984 3039 1225 3109 quinque
1268 3041 1502 3095 tolerare
1533 3053 1834 3111 potuerunt
1872 3045 2008 3099 dies.

413 3132 720 3202 Erumpunt
745 3133 948 3200 denuo,
972 3143 1026 3188 et
1052 3149 1173 3188 cum
1207 3135 1414 3204 perdita
1447 3139 1736 3191 multorum
1763 3154 1923 3194 manu
1946 3140 2013 3195 ad

412 3236 660 3279 nostrum
721 3226 1014 3296 ImSpitium
1067 3228 1290 3283 veniunt
1349 3231 1542 3284 armati
1595 3230 1864 3301 fustibus,
1921 3251 2017 3305 per

413 3317 591 3372 aliena
634 3319 874 3375 claustra
917 3321 1177 3390 parietem
1212 3335 1491 3393 rumpunt,
1527 3333 1580 3380 et
1610 3324 1675 3378 ad
1714 3341 1814 3381 nos
1848 3337 1870 3364 θ
1902 3328 2018 3382 vio-

411 3411 545 3466 lenti
579 3415 927 3480 perveniunt.
956 3412 1156 3468 lterum
1203 3416 1441 3485 rapiunt,
1470 3429 1523 3472 et
1552 3419 1605 3472 itt
1630 3418 1867 3475 arctiore
1895 3436 2020 3476 eus-

413 3505 558 3561 todia
582 3522 704 3562 cum
736 3509 854 3562 solo
883 3509 1206 3565 charissima
1229 3509 1466 3582 'l‘egrino
1498 3513 1819 3584 presbytero
1843 3517 2021 3571 reclu-

414 3600 570 3654 dunt.
607 3600 838 3656 Nostros
867 3616 1085 3673 quoque
1114 3602 1332 3669 fratres,
1379 3604 1431 3659 id
1460 3615 1544 3660 est
1586 3608 1940 3679 presbyteros
1965 3619 2022 3664 et

416 3693 676 3748 diacmtos
709 3711 899 3749 omnes
933 3697 1146 3765 rapiunt
1195 3707 1249 3751 et
1293 3697 1592 3752 includunt.
1625 3699 1750 3752 Post
1781 3701 2018 3755 triduum

412 3793 685 3854 potestate
715 3801 810 3839 sua
857 3802 952 3856 per
979 3787 1096 3842 loca
1129 3788 1348 3843 diversa
1392 3790 1443 3843 in
1476 3791 1728 3846 exsilium
1776 3793 2015 3848 mittunt.

414 3877 568 3931 Alios
594 3876 790 3932 fratres
813 3881 903 3947 qui
936 3881 1003 3932 ad
1034 3897 1132 3935 nos
1165 3894 1430 3937 venerant
1462 3883 1783 3947 visitandos,
1813 3887 1863 3938 in
1897 3901 2016 3940 car-

415 3983 543 4023 cere
575 3969 790 4038 publico
822 3971 1062 4035 mittunt,
1098 3987 1192 4040 per
1222 3973 1482 4042 plurimos
1523 3974 1640 4029 dies
1667 3977 1912 4031 reclusos
1941 3988 2021 4031 te-

417 4069 569 4114 nent.
604 4061 937 4117 Advolantes
967 4063 1160 4118 iterum
1205 4065 1272 4118 ad
1320 4065 1637 4134 limpidum,
1673 4069 1854 4120 omnia
1897 4085 2018 4138 qua:

414 4155 594 4209 autin
643 4166 858 4226 sumptu
901 4165 995 4210 ant
1034 4157 1365 4226 pauperibus
1416 4161 1629 4213 inerant
1677 4171 2016 4230 comparata,

421 4246 440 4284 τ
473 4247 719 4302 diruunt.
764 4249 869 4304 Sed
923 4249 1048 4320 quia
1083 4251 1186 4305 hoc
1216 4252 1486 4320 publicum
1532 4251 1776 4322 ipserum
1810 4255 2020 4312 facinus

415 4341 484 4396 ab
521 4342 773 4396 omnibus
801 4343 1008 4396 civibus
1055 4344 1370 4410 notabatur,
1419 4355 1743 4415 argumento
1785 4346 1887 4402 hoc
1936 4349 2016 4402 usi

414 4445 565 4500 sunt,
595 4446 653 4489 ut
679 4437 855 4506 aliqua
882 4437 1174 4492 redderent
1199 4439 1423 4506 leviora,
1455 4448 1511 4494 et
1539 4457 1597 4495 se
1626 4442 1782 4497 nobis
1828 4451 2015 4496 nostra

416 4529 723 4583 reddidisse
743 4528 1034 4598 jactarent.
1083 4530 1342 4600 Sumptus
1377 4548 1505 4587 vero
1545 4534 1688 4603 apud
1730 4551 1791 4590 se
1825 4545 2015 4590 tenue-

417 4629 545 4674 runt
580 4638 592 4673 :
624 4630 676 4673 et
706 4630 827 4688 post
859 4630 1065 4674 tantum
1089 4623 1268 4677 scelus
1305 4626 1645 4694 quzrrebant,
1678 4626 1721 4681 si
1753 4630 1869 4684 fieri
1897 4643 2019 4698 pos-

419 4713 511 4776 sit,
545 4715 624 4768 sic
654 4729 878 4783 negare,
906 4722 962 4769 ut
992 4716 1198 4769 nullum
1231 4717 1299 4770 de
1326 4721 1462 4773 meis
1483 4722 1548 4772 ad
1581 4738 1666 4776 me
1690 4725 1876 4779 venire
1899 4739 2020 4794 per-

413 4806 716 4872 mitterent,
741 4809 831 4878 qni
855 4824 1008 4864 escas
1037 4811 1254 4878 corpori
1282 4815 1619 4869 necessarias
1653 4817 1894 4873 allen-ct.
1917 4818 2015 4873 Vix

412 4905 572 4953 sexta
615 4898 726 4963 die,
769 4901 1133 4956 clamantibus
1171 4901 1275 4956 sibi
1305 4904 1559 4971 diversis,
1616 4922 1778 4961 unum
1825 4911 2013 4965 venire

412 4990 804 5059 permiserunt.
829 4993 1097 5061 Quantum
1126 4995 1192 5049 ad
1215 5011 1274 5050 se
1302 4993 1424 5063 fuit,
1451 4999 1810 5054 ostenderunt
1842 5001 2014 5056 homi-

413 5083 553 5139 cida:
583 5084 817 5150 animos;
849 5102 1006 5154 quem
1040 5089 1296 5157 primum,
1328 5106 1439 5145 nea
1463 5092 1802 5162 malignitate
1831 5111 2014 5151 cessa-

414 5187 558 5244 rent,
591 5187 784 5248 quarta
815 5177 904 5234 die
932 5177 1279 5236 dimiserunt.
1313 5183 1666 5242 l’ostmodum
1714 5199 1869 5244 sexta
1901 5193 2010 5255 vix,

485 5394 510 5421 ιι
536 5385 619 5438 AI.
659 5384 722 5438 Et
753 5385 1029 5451 quamdam
1058 5387 1196 5440 vobis
1219 5388 1457 5443 nebulam
1485 5395 1853 5450 excusationis.

484 5453 510 5493 ι’
534 5455 620 5511 ΑΙ.
651 5455 895 5528 Clausus.
922 5457 1065 5522 Mox.
1100 5469 1157 5512 ut
1190 5460 1318 5528 ipsis
1341 5477 1486 5515 conc.

411 5538 512 5655 nec
541 5529 624 5649 r’ltl.
653 5527 919 5598 Mitigata.
969 5530 1036 5585 Et
1069 5527 1230 5600 paulo
1260 5542 1385 5602 post
1418 5551 1430 5586 :
1473 5533 1722 5591 Viderunt
1763 5539 2002 5594 interra.

500 5613 554 5650 nt
575 5614 689 5652 ηδε.

466 5611 689 5652 entlnse.

479 5665 507 5702 ἀ
527 5668 613 5738 Al.
650 5666 1024 5738 {ferviderunu
1180 5732 1182 5734 τ

488 5743 510 5770 ο
533 5737 621 5789 ΔΙ.
659 5725 914 5794 Votcnm.
935 5731 1386 5812 Corruptissime.

2044 4480 2097 4540 D

2118 1818 2337 1873 videndi
2391 1835 2521 1875 suos
2578 1838 2590 1875 :
2637 1838 2664 1874 a
2723 1823 2880 1877 nobis
2922 1833 2978 1876 et
3025 1822 3242 1876 nostri
3286 1819 3784 1890 prohibenturzet

2118 1913 2299 1967 devoti
2356 1912 2558 1970 fratres
2615 1931 2683 1970 ne
2734 1917 2974 1981 veniant,
3011 1932 3144 1970 non
3185 1914 3400 1969 solum
3437 1910 3513 1966 ab
3568 1908 3778 1977 hospitio

2117 2020 2375 2064 arcentur
2410 2026 2518 2080 quo
2559 2020 2832 2077 tenemur,
2883 2011 2977 2064 sed
3025 2026 3111 2066 ne
3163 2009 3403 2064 adeant
3437 2017 3464 2054 ε
3493 2015 3777 2062 carcerem.

2118 2103 2548 2158 comminatione
2572 2111 2868 2159 terrentur.
2896 2102 2987 2159 Sic
3015 2114 3296 2158 cunctus
3330 2099 3771 2169 suhjtigaverunt,

2119 2207 2176 2252 ut
2226 2197 2666 2252 manifestissime
2697 2197 3102 2269 hagnoverim.
3170 2195 3269 2250 Ab
3333 2189 3630 2264 episcopis
3673 2185 3778 2240 inci-

2118 2291 2262 2360 piam
2297 2289 2461 2344 :dum
2489 2289 2752 2345 b0n0rem
2778 2292 2995 2360 quidam
3032 2293 3269 2344 timent
3317 2287 3614 2345 amittere,
3647 2281 3769 2347 ipsos

2118 2384 2278 2440 ﬁdem
2310 2383 2652 2454 perdidisse;
2679 2383 2920 2454 dumque
2949 2384 3276 2438 facultates
3313 2389 3584 2436 terrenas
3610 2383 3662 2427 et
3686 2373 3768 2425 im-

2117 2479 2411 2533 munitates
2439 2477 2634 2531 nolunt
2662 2477 2918 2546 perdere,
2952 2477 3241 2532 caelestes
3274 2476 3592 2528 thesauros
3619 2474 3669 2520 ct
3691 2479 3761 2516 νεα

2119 2479 2411 2533 munitates
2439 2478 2634 2531 nolunt
2662 2478 2918 2546 perdere,
2952 2478 3241 2532 caelestes
3274 2478 3592 2528 thesauros
3619 2478 3669 2520 ct
3691 2479 3761 2516 νεα

2119 2589 2237 2630 ram
2267 2574 2619 2629 securitatem
2648 2572 2852 2627 nullam
2875 2571 3193 2641 judicasse.
3242 2569 3346 2624 Sic
3378 2578 3609 2635 quoque
3635 2556 3759 2614 ducti
3941 2478 3944 2648 Ι

2118 2667 2324 2728 caeteri.
2355 2665 2481 2720 dum
2512 2667 2798 2735 episcopos
2829 2666 2944 2719 haec
2969 2665 3258 2720 timentes
3287 2659 3540 2732 perdere
3574 2654 3750 2715 videnl.

2118 2774 2302 2814 amare
2333 2764 2620 2828 coeperunt
2664 2774 2784 2827 qua:
2817 2773 3034 2827 semper
3085 2757 3326 2811 habere
3376 2767 3490 2807 non
3523 2750 3749 2819 possunt.
3941 2735 3944 2834 λ

2193 2851 2329 2907 Vlll.
2372 2852 2463 2907 Sic
2511 2850 2870 2908 Ariomanitw
2924 2852 3139 2906 divites
3201 2855 3458 2912 terrent,
3509 2843 3634 2898 dum
3681 2837 3750 2890 his

2119 2948 2575 3018 proscriptionem
2606 2947 2884 3001 minantur
2915 2965 2927 3000 :
2963 2947 3040 3001 sic
3070 2959 3394 3016 pauperes,
3429 2940 3560 2994 dum
3589 2941 3746 3006 ρηιεεο

2121 3051 2282 3098 tatem
2319 3043 2370 3096 in
2407 3057 2630 3098 carcere
2672 3042 2985 3097 recludendi
3020 3040 3269 3097 habent.
3325 3039 3396 3093 Et
3444 3041 3642 3105 quanta
3671 3027 3742 3126 in:

2120 3139 2269 3193 sania
2293 3140 2410 3192 est!
2444 3139 2501 3193 In
2534 3139 2653 3192 loco
2685 3153 2794 3208 quo
2826 3146 3094 3200 tenemur,
3123 3152 3245 3191 non
3283 3133 3472 3188 solum
3495 3126 3637 3181 viros
3660 3134 3734 3189 qm

2122 3231 2280 3286 nobis
2317 3231 2563 3287 serviunt
2603 3231 2654 3284 in
2687 3245 2965 3285 carcerem
3012 3230 3278 3292 mittunt,
3330 3223 3436 3280 sed
3469 3230 3527 3276 et
3553 3213 3735 3286 puellas

2120 3323 2561 3379 sanctimoniales
2601 3322 2718 3377 sine
2761 3324 2876 3378 ullo
2907 3321 3092 3377 divino
3126 3323 3346 3376 timore
3398 3317 3453 3371 itt
3503 3305 3730 3368 custodia

2119 3418 2336 3488 publica
2375 3415 2685 3471 recludunt.
2725 3415 2830 3472 Sed
2865 3425 2923 3469 ut
2952 3415 3123 3485 gavisi
3160 3429 3284 3469 non
3337 3416 3474 3466 sunt
3503 3401 3727 3460 seniores

2121 3510 2272 3576 mali,
2302 3510 2391 3580 qui
2437 3507 2750 3579 pudicitiam
2797 3507 3064 3563 Susannae
3109 3507 3334 3562 violare
3381 3497 3720 3572 qumrebant;

2123 3605 2193 3656 ita
2231 3617 2332 3657 nec
2371 3601 2426 3657 hi
2455 3601 2770 3672 gaudebunt
2808 3616 3046 3669 semper,
3077 3601 3172 3670 qui
3211 3595 3533 3655 Ecclesiatn
3562 3596 3726 3682 perse:

2121 3696 2344 3750 cutione
2374 3695 2528 3748 varia
2579 3704 2633 3749 et
2659 3693 3012 3763 depressione
3059 3693 3234 3747 nimia
3271 3703 3393 3744 sua:
3436 3677 3714 3740 inlidelilali

2121 3798 2389 3842 conantur
2442 3787 2734 3855 subjicere.
2781 3787 2923 3840 Dixit
2971 3784 3115 3840 enim
3159 3794 3400 3839 sanctus
3443 3769 3624 3832 Daniel
3661 3763 3714 3817 οδ

2121 3883 2243 3936 illos
2275 3900 2286 3934 :
2321 3881 2410 3936 Sic
2451 3882 2686 3933 timentes
2726 3880 2853 3948 filia:
2885 3878 3055 3934 Israel
3103 3877 3525 3934 concumbcbant
3560 3862 3703 3921 vobis-

2120 3970 2422 4039 cum(Dan.
2449 3987 2565 4035 xm,
2596 3971 2712 4040 57).
2742 3970 2848 4027 Sed
2873 3970 3114 4036 recedat,
3142 3965 3512 4028 sanctissimi,
3544 3959 3711 4051 huma-

2121 4081 2222 4120 nus
2260 4065 2422 4118 timor
2468 4080 2493 4116 a
2530 4064 2724 4118 vestris
2772 4063 2989 4126 animis,
3036 4078 3158 4116 cum
3211 4061 3465 4118 habeatis
3514 4044 3699 4107 Domini

2120 4161 2569 4227 consolationem,
2605 4159 2694 4227 qui
2725 4158 2853 4213 dicit
2890 4179 2902 4212 :
2939 4157 3122 4212 Nolite
3147 4160 3334 4213 timere
3360 4154 3479 4208 illos
3504 4144 3588 4217 qui
3606 4151 3703 4194 cor-

2120 4271 2216 4324 pus
2243 4253 2516 4317 occidunt,
2565 4251 2791 4304 animum
2841 4258 3012 4302 autem
3059 4249 3299 4303 occidere
3353 4260 3456 4299 mm
3505 4235 3697 4305 possunt

2120 4347 2330 4415 (Matth.
2389 4363 2442 4413 x,
2495 4345 2609 4413 18).
2657 4344 2896 4413 Tempus
2944 4353 3028 4397 est
3075 4340 3417 4411 probationis
3465 4331 3695 4392 :thnP"5

2121 4449 2225 4508 est,
2278 4453 2333 4495 ut
2378 4440 2589 4510 probati
2631 4435 3022 4494 innotescanti
3060 4436 3355 4492 manifesti.
3403 4429 3522 4485 Ideo
3557 4428 3690 4510 ηίξοεο

2123 4543 2319 4605 perunt
2351 4533 2644 4586 humanum
2675 4531 3031 4602 adjutorium,
3060 4529 3188 4598 quia
3211 4528 3450 4583 divinum
3479 4531 3576 4573 nou
3602 4508 3681 4562 ha-

2121 4627 2251 4683 bent
2281 4645 2292 4681 :
2319 4624 2464 4697 quod
2489 4625 2534 4680 si
2559 4625 2844 4690 haberent,
2874 4638 3167 4694 numquam
3199 4627 3468 4693 potestate
3497 4612 3678 4668 terraml

2122 4721 2493 4777 innocentium
2523 4718 2626 4773 sibi
2655 4717 2866 4772 animas
2892 4718 3268 4788 subjugarent.

2196 4813 2290 4868 IX.
2334 4814 2493 4868 Multa
2517 4811 2583 4866 de
2616 4812 2829 4865 illorum
2857 4811 3036 4875 malis,
3065 4809 3262 4880 quibus
3284 4822 3387 4863 non
3413 4800 3553 4858 solus
3572 4801 3672 4880 ego:

2125 4922 2218 4962 seu
2245 4906 2460 4976 plurimi
2488 4903 2870 4973 deprimimur,
2893 4902 3262 4957 debuerantus
3290 4899 3553 4956 scribere;
3593 4875 3670 4937 Sed

2122 5016 2190 5055 ne
2231 5014 2515 5069 possemus
2549 4999 2649 5052 hoc
2691 4998 2890 5061 facere,
2942 5004 2997 5049 et
3045 4996 3286 5064 ipsorum
3332 4983 3671 5069 crudelitatem
3735 5051 3752 5067 Ι

2123 5095 2327 5149 litteris
2368 5093 2640 5153 intimare,
2693 5090 3001 5144 arctissima
3047 5089 3295 5144 custodia
3337 5065 3666 5141 servatuqu

2123 5189 2277 5260 ipsis.
2303 5188 2429 5244 Ideo
2452 5189 2517 5242 ad
2547 5201 2669 5253 nos,
2698 5195 2752 5241 et
2772 5184 2865 5240 alii
2891 5185 3060 5239 nostri
3093 5193 3149 5240 et
3177 5185 3336 5240 amici
3360 5173 3667 5255 prohibentur

2194 5393 2367 5464 fLeg.
2395 5391 2668 5459 diripiunt.

2187 5475 2211 5514 8
2239 5455 2539 5518 Nevadeant
2568 5478 2850 5533 carcerem,
2881 5465 3123 5519 commin.
3155 5464 3245 5520 Al.
3276 5480 3336 5520 ne
3358 5459 3539 5516 adeant.
3563 5455 3631 5498 ίαν
3635 5467 3650 5480 ⁸

2116 5555 2288 5594 rerum
2323 5536 2568 5591 commin.

2187 5607 2214 5646 ¹ι
2238 5608 2417 5680 Locus
2449 5607 2693 5680 mutilus.

2195 5680 2206 5716 ί
2237 5682 2324 5736 ΑΙ.
2351 5677 2699 5749 Manifestati.
