4010 6194
315 296 421 352 953

1489 304 1580 361 DE
1621 302 1994 361 TRINITATE
2033 304 2433 363 CONFESSIO.

3505 317 3612 374 954

305 414 600 472 accedere.
633 415 738 472 Sed
779 418 1054 475 concessit
1085 417 1215 474 mibi
1248 418 1508 474 Dominus
1532 416 1667 475 hanc
1700 421 1903 491 episto-
1926 419 1980 480 A
2008 420 2730 486 necessitate,scriberenon
2759 423 2934 493 potui.
2966 422 3039 478 Ita
3065 422 3119 479 in
3148 424 3247 481 hac
3270 439 3364 481 vos
3389 440 3607 496 omnes,

303 508 416 565 lam
449 526 546 580 per
573 510 954 565 charissimam
999 520 1246 566 nostrum
1275 511 1341 566 ad
1372 527 1468 568 vos
1500 511 1694 585 Syrum
1722 514 1905 569 diaco-

305 617 438 657 num
489 604 728 669 mittere,
772 620 934 676 quem
991 605 1044 660 in
1088 616 1354 676 pctestate
1406 607 1653 662 mittendi
1705 607 1897 674 habui;

304 699 432 770 quia
478 699 814 770 providentia
863 701 1075 757 Domini
1116 702 1286 757 nostri
1325 719 1392 758 eo
1435 715 1681 773 tempore
1727 704 1792 758 ad
1823 705 1904 759 vi-

304 793 483 848 demla
513 795 629 849 loca
659 805 846 850 sancta
874 806 1208 865 accesserat,
1239 807 1293 853 et
1319 813 1440 854 cum
1477 799 1694 854 caeteris
1722 797 1902 854 fratri-

302 886 409 942 bus
430 887 681 943 inventus
710 905 816 943 non
845 898 948 944 est.

379 980 448 1035 Χ.
490 981 760 1037 Caeterum
793 985 882 1039 vix
906 983 1048 1040 hanc
1075 985 1367 1056 epistolam
1396 989 1902 1061 quomodocumque

300 1075 759 1145 conscripsimus,
791 1078 956 1131 Deum
988 1093 1208 1148 semper
1246 1080 1604 1150 postulantes,
1639 1089 1695 1135 ut
1721 1091 1903 1137 custo-

296 1164 400 1221 des
434 1169 484 1220 itt
533 1168 695 1222 horas
722 1170 1042 1235 rel'renaret,
1093 1181 1147 1225 et
1193 1172 1540 1237 concederet,
1584 1189 1652 1229 ne
1698 1175 1765 1228 ad
1803 1188 1901 1230 vos

294 1260 566 1316 diaconus
611 1263 856 1318 nuntium
889 1265 1061 1335 magis
1093 1265 1298 1320 laboris
1341 1267 1533 1334 nostri,
1566 1283 1725 1336 quam
1768 1285 1901 1339 qua-

289 1352 617 1424 lescumque
661 1356 1007 1412 salutationis
1038 1357 1245 1413 litteras
1277 1358 1460 1415 ferret.
1491 1360 1722 1431 Propter
1755 1361 1899 1432 quod

288 1448 432 1501 satis
466 1463 562 1502 vos
610 1457 755 1518 peto,
805 1461 863 1503 ut
906 1466 1028 1505 cum
1074 1453 1222 1506 omni
1267 1453 1547 1524 vigilantia
1578 1457 1900 1511 custodiatis

290 1539 484 1605 ﬁdem,
529 1546 764 1598 servetis
802 1545 1176 1612 concordiam,
1227 1548 1568 1604 orationibus
1617 1551 1894 1608 incumba-

291 1633 391 1700 tis,
419 1635 592 1689 nostri
620 1652 894 1693 memores
929 1640 1048 1693 sine
1088 1639 1490 1698 intermissione
1529 1644 1651 1699 sitis
1683 1664 1695 1700 :
1727 1657 1781 1699 ut
1816 1645 1900 1701 di-

285 1738 491 1796 gnetur
518 1727 778 1784 Dominus
807 1731 1104 1787 Ecclesiam
1135 1748 1285 1787 suam
1319 1734 1554 1790 liberare
1583 1753 1703 1804 quin
1729 1754 1894 1809 super

2007 513 2222 579 fratres,
2256 514 2350 569 sed
2381 523 2434 569 et
2473 523 2674 570 sancta:
2720 529 2962 583 sorores,
2996 515 3093 572 lilii
3125 527 3180 573 et
3207 517 3357 585 filias,
3388 535 3606 576 omnem

2006 621 2194 662 sexum
2239 608 2482 678 appello,
2531 623 2749 664 omnem
2803 620 3020 664 :etatcm
3055 620 3200 680 peto,
3253 613 3442 669 uthac
3470 629 3607 669 con-

2007 705 2139 756 tenti
2168 701 2519 766 salutatione,
2554 715 2747 757 noswo
2775 703 3058 773 obsequio,
3087 705 3252 760 etiam
3282 704 3385 761 hos
3410 707 3503 777 qui
3531 709 3610 763 fo-

2006 795 2082 850 ris
2108 807 2254 859 sunt,
2283 805 2339 851 et
2368 809 2469 850 nos
2495 796 2789 867 dignantur
2829 797 3082 868 diligere,
3128 798 3374 855 salutare
3418 800 3609 871 digne-

2003 889 2156 942 mini.
2190 889 2440 945 Salutant
2471 903 2568 944 vos
2594 888 2792 944 fratres
2835 892 3012 946 nostri
3056 892 3146 962 qui
3189 908 3402 948 mecum
3455 902 3605 963 sunt,

2002 983 2308 1054 presbyteri
2363 993 2418 1038 et
2448 983 2730 1048 diacoues,
2780 983 2876 1038 sed
2927 994 2984 1039 et
3024 1000 3216 1039 omnes
3256 986 3430 1040 nostri
3468 1003 3480 1039 :
3512 989 3601 1058 qui

2004 1092 2108 1132 una
2140 1091 2348 1131 mceutn
2377 1077 2509 1132 satis
2539 1087 2746 1145 petunt,
2782 1087 2839 1132 ut
2869 1077 3037 1133 nostri
3068 1093 3362 1142 memores,
3402 1095 3601 1136 omnes

2000 1181 2212 1226 vestros
2251 1181 2440 1227 nostro
2471 1171 2767 1242 dignemini
2795 1172 3061 1242 obsequio
3099 1175 3358 1229 salutare.
3389 1174 3598 1230 Trans-

2002 1265 2124 1318 misi
2150 1277 2412 1335 prmterea
2464 1265 2697 1331 litteras,
2731 1281 2866 1336 quas
2894 1266 2962 1321 ad
2996 1267 3366 1337 Patrophilum
3417 1279 3602 1325 custo-

2000 1358 2123 1412 dem
2149 1374 2330 1412 meum
2364 1357 2489 1424 feci,
2523 1367 2582 1412 ut
2603 1375 2666 1413 es
2701 1359 2785 1414 his
2807 1361 3139 1430 agnoscatis,
3167 1375 3265 1416 uos
3291 1361 3604 1418 Ariomani-

2003 1461 2179 1506 tarum
2214 1467 2314 1507 nec
2340 1453 2501 1507 minis
2534 1467 2691 1520 posse
2723 1454 2936 1517 terreri,
2970 1469 3145 1524 neque
3176 1454 3422 1524 ipsorum
3476 1471 3600 1512 scr-

2002 1545 2219 1614 pentina
2254 1544 2449 1598 blanda
2477 1545 2776 1600 subtilitate
2811 1560 2972 1616 posse
2997 1544 3061 1599 ad
3092 1547 3332 1618 ipsorum
3362 1549 3600 1604 societa-

2001 1647 2107 1694 tem
2154 1639 2400 1710 perduci.
2461 1640 2723 1695 Divinitas
2779 1655 2875 1695 vos
2921 1652 3194 1713 protegat,
3236 1643 3602 1717 florentesque

1999 1733 2185 1788 vivere
2217 1743 2272 1786 et
2303 1733 2390 1787 hic
2430 1742 2486 1787 et
2517 1736 2570 1788 in
2631 1736 2813 1789 futuro
2840 1733 3006 1789 faciat
3039 1751 3164 1790 cum
3193 1737 3449 1793 omnibus
3475 1753 3600 1794 ves-

288 1819 606 1875 universum
631 1822 821 1877 orbem
852 1823 1088 1892 laborat,
1113 1833 1168 1880 et
1190 1835 1249 1880 ut
1272 1840 1372 1880 nos
1397 1828 1487 1895 qui
1512 1828 1890 1899 deprimimur,
1925 1813 1970 1874 Β
2002 1825 2120 1892 tris,
2157 1824 2354 1880 fratres
2385 1824 2690 1880 charissimi
2715 1834 2768 1881 et
2794 1827 2930 1881 satis
2960 1827 3435 1885 desideratissimi.

287 1913 568 1984 possimus
601 1917 882 1972 vobiscum
917 1919 1130 1975 liberati
1160 1921 1396 1992 gaudere
1427 1924 1600 1993 :qnod
1633 1935 1894 1994 praestare

285 2004 606 2076 dignabitur
653 2008 938 2073 Dominus.
990 2013 1296 2082 petentibus
1349 2015 1521 2083 vobis,
1568 2035 1662 2086 per
1707 2019 1891 2076 Domi-

284 2113 420 2152 num
452 2111 696 2155 nostrum
731 2101 917 2157 Jesum
946 2103 1221 2161 Christum
1245 2110 1332 2178 qui
1364 2118 1446 2164 est
1468 2125 1650 2165 secum
1678 2122 1702 2147 ιι
1729 2114 1892 2170 bene-

285 2192 470 2247 dictus
519 2209 549 2248 a
610 2197 824 2252 sarculis
872 2207 926 2253 et
975 2199 1029 2254 in
1080 2200 1262 2255 omnia
1304 2204 1500 2257 scecnla
1543 2206 1890 2276 SLCCIIIOI‘UID,

279 2284 488 2342 Amen.

358 2378 451 2433 XI.
491 2379 694 2438 lterum
741 2393 886 2454 peto,
919 2398 974 2442 et
1016 2403 1111 2444 vos
1151 2406 1248 2460 per
1300 2393 1735 2452 misericordiam
1786 2397 1881 2453 Dei

280 2489 442 2545 rogo,
473 2484 534 2528 ut
565 2479 933 2549 unusquisque
972 2481 1023 2536 in
1074 2482 1173 2538 hac
1213 2487 1443 2556 epistola
1492 2493 1880 2550 salutationem

278 2583 436 2622 suam
473 2579 783 2641 nuncupet;
815 2575 943 2644 quia
973 2575 1222 2647 singulis,
1251 2591 1308 2634 ut
1350 2583 1613 2652 solebam,
1647 2586 1882 2644 faciente,

2558 1921 2896 1979 EPISTOLA
2939 1923 3027 1978 Ill.

2251 2035 2318 2073 AD
2345 2032 2650 2074 GREGORIUH
2692 2033 2982 2074 EPISCOPUM
3019 2033 3352 2074 SPANENSEH.

2000 2111 2306 2166 Gratulatur
2341 2109 2594 2164 Eusebius
2621 2109 2874 2182 Gregorio
2899 2111 3039 2180 quod
3079 2113 3348 2166 restitisset
3394 2112 3518 2168 Osio
3552 2125 3600 2170 et
3669 2141 3680 2154 κ

2070 2204 2308 2273 plurimis
2335 2203 2632 2257 cadentibus
2659 2202 2894 2259 Arimino
2917 2204 2968 2258 in
2993 2205 3460 2260 communicatione
3492 2204 3597 2261 Va-

2067 2299 2217 2353 lentis
2247 2307 2291 2350 et
2324 2295 2550 2352 Ursacii.

1991 2412 2150 2476 (Hanc
2176 2410 2429 2476 epistolam
2449 2410 2637 2476 rideat!
2658 2418 2838 2476 tornum
2865 2410 2905 2459 Χ
2926 2419 3102 2463 nostris
3127 2411 3438 2476 Patrologiae,
3467 2419 3596 2466 inter

2052 2489 2202 2535 Opera
2225 2474 2454 2522 historica
2481 2475 2534 2522 S.
2565 2473 2764 2535 Hilarii,
2791 2472 2987 2535 Fragm.
3041 2490 3120 2534 χι,
3171 2475 3264 2525 col.
3314 2472 3433 2527 7'15.
3466 2477 3592 2528 Vide

2052 2537 2509 2602 etiaiii__b;pistolas_
2543 2535 3021 2602 Liberiiwpapteiad
3064 2536 3329 2588 Eusebium
3353 2579 3367 2602 ,
3411 2539 3592 2591 Patrol.

2055 2608 2167 2650 tom.
2199 2599 2332 2662 Vlll,
2359 2598 2470 2648 coll.
2494 2599 2634 2662 1.350,
2665 2599 2802 2660 155.3,
2834 2600 3012 2664 1556.)

359 2765 383 2793 ἰ
409 2757 569 2815 Deest
603 2760 720 2816 haec
750 2777 850 2820 vox
881 2766 1022 2836 apud
1052 2768 1368 2838 Baroninm,
1395 2789 1554 2843 quam
1581 2784 1762 2831 tamen
1785 2775 1986 2833 habent
2011 2777 2101 2832 alti
2129 2777 2284 2833 editi.

301 2868 3552 2903 Μ

1120 2951 1838 3106 SANCTI
1937 2962 2732 3108 EUSEBII

1168 3137 1761 3204 VERCELLENSIS
1790 3143 2138 3208 EPISCOPI
2167 3146 2270 3205 ET
2293 3144 2710 3206 MARTYRIS

745 3250 988 3380 DE
1075 3259 1336 3383 TR]
1360 3262 1470 3382 Ν
1491 3264 1970 3388 ITATE

2081 3261 3096 3396 CONFESSIO

1313 3445 1390 3501 Ex
1461 3463 1752 3504 ANECDOTIS
1790 3464 1971 3505 sacms
2002 3449 2232 3504 Euosnu
2260 3465 2328 3504 DE.
2357 3448 2544 3504 Μίνω.

1700 3690 1779 3758 Μ
1792 3689 1935 3761 ON
1945 3690 2217 3761 ITUM
2227 3736 2251 3760 .

355 3791 638 3864 Postquam
679 3797 1002 3867 prmfationis
1047 3798 1194 3852 initio
1222 3810 1469 3871 suscepta:
1508 3817 1539 3854 a
1578 3818 1631 3855 se
1662 3802 2050 3857 Anecdotorum
2081 3803 2390 3874 vulgationis
2428 3819 2545 3857 cum
2585 3801 2906 3856 occasionem
2946 3811 3054 3854 tum
3081 3799 3354 3853 utilitatem
3385 3813 3579 3853 memo-

277 3883 446 3948 ravit,
477 3886 551 3938 sic
579 3889 906 3957 progreditur
927 3889 1005 3942 vir
1024 3889 1403 3944 eruditissimus
1432 3892 1494 3945 de
1521 3889 1670 3946 Levis
1712 3909 1731 3946 :
1771 3893 2070 3962 Exordior,
2107 3895 2172 3949 de
2203 3895 2262 3949 S.
2317 3894 2556 3950 Eusebio
2599 3893 2937 3950 Vercellonsi
2988 3893 3251 3964 episcopo
3286 3891 3446 3961 hujus
3488 3904 3588 3945 no-

282 3977 441 4033 minis
473 3981 646 4048 primo
689 3983 948 4053 (Malleus
980 3983 1309 4039 Arianorum
1343 3986 1677 4056 appellatus)
1708 3989 2084 4056 confessionem
2113 3990 2236 4059 ﬁdei
2279 3989 2524 4044 adversus
2573 3988 2795 4042 Arianos
2843 3988 2945 4042 luci
2988 3985 3348 4041 mandandum
3384 3984 3580 4048 statui,

279 4083 436 4139 quam
466 4071 587 4127 lidei
607 4071 890 4128 formulam
916 4075 1090 4131 tribus
1117 4078 1167 4130 in
1193 4076 1330 4130 l'oliis
1361 4079 1790 4135 membranaeeis
1816 4080 2216 4150 pertinentibus
2256 4081 2366 4152 jam
2391 4081 2454 4134 ad
2488 4083 2799 4152 perinsigne
2829 4080 3220 4135 ruonastcriunt
3249 4081 3575 4134 Sanctorum

281 4161 584 4232 Michaelis,
627 4176 681 4222 et
705 4167 943 4225 Januarii
975 4172 1226 4241 martyris
1258 4173 1324 4226 de
1354 4173 1589 4229 Lucedio
1614 4178 1811 4243 reperi,
1841 4187 1893 4230 et
1915 4176 2146 4231 exseribi
2179 4179 2383 4230 curavi.
2419 4177 2571 4247 Quod
2604 4178 2994 4231 monasterium
3029 4175 3309 4230 conditura
3343 4173 3442 4228 fuit
3473 4188 3586 4227 sa:—

282 4257 406 4312 culo
445 4259 712 4332 septimo,
751 4271 810 4317 ut
861 4278 962 4319 suo
995 4265 1115 4319 loco
1172 4265 1359 4321 videre
1389 4277 1502 4329 est,
1547 4277 1601 4321 et
1650 4269 1750 4323 sub
1790 4267 2015 4338 speciali
2061 4270 2225 4324 tutela
2271 4269 2651 4340 episcoporum
2706 4269 3156 4324 Vercellcnsiunt.
3206 4268 3355 4334 Quos
3403 4271 3588 4318 autem

280 4351 639 4410 Vercellcnsis
681 4356 940 4412 Ecclesia:
983 4358 1041 4414 S.
1088 4359 1356 4414 antistites
1400 4362 1600 4414 swculo
1641 4360 1822 4415 forsan
1857 4371 2048 4416 octavo
2074 4364 2314 4433 regimen
2347 4363 2506 4431 hujus
2534 4363 2848 4416 monasterii
2883 4360 3272 4428 sumpsissc.ct
3293 4356 3584 4412 retinuisse

281 4463 448 4519 usque
488 4450 554 4505 ad
607 4452 665 4506 S.
700 4452 1016 4508 Bonomium
1059 4455 1164 4508 vita
1212 4453 1451 4510 functum
1497 4454 1669 4521 1026,
1704 4471 1758 4510 Ill
1786 4454 1896 4510 kal.
1941 4457 2293 4526 Septembris.
2338 4455 2532 4510 Verum
2577 4455 2796 4524 quidem
2849 4463 2967 4517 est,
3009 4451 3149 4518 quod
3199 4466 3391 4513 nemo,
3425 4466 3583 4520 quem

279 4544 442 4599 sciant
476 4559 542 4598 ex
593 4545 988 4601 recentioribus
1035 4547 1156 4601 huic
1205 4556 1394 4602 sancto
1444 4547 1776 4604 Vcrcellcnsi
1811 4550 2068 4621 episcopo
2089 4549 2324 4604 Eusebio
2356 4549 2630 4619 inscripsit
2668 4548 2825 4602 aliam
2871 4547 3268 4602 confessionem
3324 4546 3583 4601 adversus

280 4641 538 4706 Arianos,
577 4660 736 4712 qualn
789 4643 938 4699 illam
992 4644 1286 4714 vulgariter
1335 4645 1658 4714 appellatam
1702 4645 2007 4716 Symbolum
2048 4647 2385 4714 quicumque,
2429 4643 2498 4698 de
2554 4659 2661 4712 quo
2718 4643 2962 4698 scribunt
3012 4641 3248 4697 Joannes
3272 4640 3583 4711 Stephanus

279 4733 557 4793 Ferrarius
584 4738 948 4794 Vcrcellensis
974 4738 1210 4803 Pra'sul,
1245 4739 1302 4794 P.
1329 4736 1618 4796 Corbellini
1640 4782 1654 4804 ,
1685 4739 1897 4793 Marcus
1918 4737 2173 4792 Aurelius
2204 4738 2478 4805 (Insanus,
2508 4737 2726 4806 aliique.
2752 4735 2857 4793 Sed
2883 4737 2927 4791 si
2959 4746 3164 4791 attente
3190 4733 3572 4805 perpendimus

276 4831 463 4905 qnzeS.
483 4833 673 4889 doctor
699 4834 1063 4904 scripsitcum
1094 4835 1153 4892 S.
1181 4836 1479 4892 Athanasio
1521 4838 1587 4891 ad
1631 4836 2002 4891 Antiochenos
2022 4877 2035 4901 ,
2063 4851 2168 4888 non
2202 4849 2489 4904 possumus
2533 4835 2655 4889 huic
2683 4834 2922 4904 opinioni
2957 4847 3280 4888 consensum
3326 4832 3569 4901 prtehere

277 4928 518 4998 adeoque
550 4927 852 4998 Symbolum
874 4930 1175 5000 quicumque
1198 4930 1489 4984 conflatum
1525 4931 1918 5000 posteriorilms
1944 4930 2158 4985 s:rculis
2180 4929 2525 4999 iudicandum
2549 4929 2822 4985 duxerunt
2845 4927 3319 4998 permulti,quibus
3342 4927 3575 4983 libenter

275 5019 618 5076 assentimus.
647 5020 792 5091 Opus
817 5021 879 5076 de
907 5022 1115 5078 Unitute
1141 5022 1411 5078 Trinitatis
1451 5021 1732 5091 scripsisse
1759 5021 1819 5078 S.
1855 5021 2146 5077 Eusebium
2171 5021 2335 5077 tradit
2361 5025 2607 5078 laudatus
2629 5027 2918 5092 episcopus
2953 5019 3236 5076 Ferret-ins
3270 5019 3373 5075 lide
3406 5021 3569 5074 unius

277 5112 488 5171 Codicis
512 5117 564 5170 in
588 5115 840 5172 Vaticana
867 5116 1196 5172 Bibliotheca
1227 5114 1547 5180 existeulis,
1581 5131 1740 5185 quem
1771 5113 2014 5185 sequitur
2039 5114 2374 5186 Hyacinthus
2401 5115 2599 5171 Galizia
2635 5114 2752 5169 Vite
2781 5115 2860 5168 de’
2888 5115 3062 5173 Santi.
3098 5125 3229 5170 tom.
3254 5115 3292 5181 1,
3330 5132 3380 5184 p.
3445 5116 3573 5180 177,

275 5210 512 5265 scribens
546 5211 823 5279 exemplar
856 5209 1012 5280 hujus
1050 5208 1230 5278 Operis
1263 5210 1313 5263 in
1365 5207 1703 5263 Bibliotheca
1738 5208 1844 5262 PP.
1890 5208 2124 5262 Oratorii
2171 5207 2228 5262 S.
2277 5205 2507 5277 Philippi
2561 5205 2706 5260 Nerii
2748 5205 2966 5260 Taurini
2994 5207 3264 5261 asservari
3321 5222 3384 5261 ex
3431 5206 3576 5261 dono

275 5301 484 5357 abbatis
514 5301 784 5356 Laurentii
812 5301 982 5358 Scoti.
1008 5301 1161 5366 Quod
1189 5301 1471 5369 exemplar
1499 5299 1606 5355 vidi
1635 5315 1777 5354 anno
1807 5298 1969 5368 1762,
1996 5315 2062 5354 ex
2093 5314 2200 5368 quo
2223 5299 2367 5352 aliud
2399 5299 2766 5355 transcribere
2797 5315 3134 5356 curaveram.
3161 5300 3281 5368 Quo
3309 5300 3582 5368 exscripto

275 5396 434 5452 didici
467 5397 631 5453 alium
673 5397 871 5452 librum
900 5394 1187 5466 scripsisse
1211 5395 1272 5448 de
1302 5396 1498 5466 optimo
1528 5411 1710 5468 genere
1733 5393 2106 5465 interpretandi
2133 5409 2331 5447 sacrant
2355 5391 2685 5460 Scripturam
2713 5409 2877 5464 super
2906 5393 3000 5448 illa
3029 5393 3211 5448 verba:
3238 5391 3316 5446 Ex
3340 5391 3576 5462 qupto

275 5491 446 5546 vocavi
479 5491 646 5561 ﬁlium
669 5506 860 5556 meum,
892 5496 950 5542 ut
984 5489 1034 5542 in
1070 5490 1176 5542 line
1216 5488 1338 5543 libri
1367 5505 1400 5543 ν
1433 5488 1630 5560 legitur
1664 5499 1784 5559 post
1829 5486 2220 5558 professionem
2251 5489 2596 5542 Arianorum.
2629 5487 2906 5544 Consultis
2958 5498 3136 5542 tatnen
3170 5486 3320 5542 hisce
3349 5487 3584 5557 quinque.

275 5584 466 5650 libris,
520 5599 614 5640 seu
662 5598 827 5653 opere
857 5582 926 5637 de
959 5581 1178 5638 Unitate
1217 5580 1497 5637 Trinitatis
1537 5598 1660 5638 cum
1703 5583 1961 5653 operibus
1993 5581 2056 5636 S.
2101 5581 2389 5638 Athanasii
2419 5583 2596 5654 reperi
2644 5585 2742 5639 hos
2789 5583 2980 5648 libros,
3005 5599 3099 5637 sru
3146 5599 3282 5650 opus
3318 5581 3577 5636 Faustino

277 5679 594 5750 presbytero
621 5675 938 5731 attributmn
960 5717 974 5739 ,
1014 5673 1116 5729 etsi
1156 5672 1373 5729 diverso
1399 5675 1590 5730 ordine
1636 5691 1796 5746 quam
1843 5676 1893 5729 in
1923 5675 2082 5731 editis
2111 5676 2459 5732 distributum
2493 5677 2585 5730 sit.
2615 5676 2994 5732 Persei-utatns
3029 5677 3191 5732 etiam
3223 5677 3295 5731 fui
3343 5676 3574 5731 maxima

279 5787 393 5828 cum
426 5769 707 5842 diligentia
741 5770 783 5824 si
809 5783 929 5838 qute
953 5768 1005 5823 in
1038 5767 1140 5821 hoc
1168 5782 1335 5837 opere
1357 5767 1643 5833 adessent,
1671 5783 1790 5838 qua:
1823 5767 1982 5823 nobis
2008 5777 2216 5824 certum
2241 5781 2517 5824 auctorem
2547 5767 2888 5834 indicarent,
2911 5777 2964 5823 et
2996 5769 3231 5824 maxime
3263 5767 3314 5822 in
3346 5767 3572 5840 epistola

280 5844 531 5936 Angusta!
553 5852 822 5919 Flaccilla:
849 5846 996 5927 data;
1025 5856 1127 5931 qua
1151 5859 1289 5928 opus
1313 5865 1466 5915 suum
1497 5857 1696 5916 dicavit
1720 5871 1732 5924 ς
1759 5857 1890 5913 nihil
1929 5863 2106 5916 tamen
2135 5860 2348 5924 inveni;
2386 5859 2492 5917 nisl
2519 5859 2794 5918 variantes
2821 5860 3006 5932 plures
3036 5861 3335 5929 lectiones.
3377 5868 3432 5917 et
3457 5865 3581 5930 post
