4010 6194
426 279 535 337 955
1522 279 1768 338 SANCTI
1809 281 2077 339 EUSEBII
2117 281 2636 342 VEBCELLENSIS
3642 285 3723 340 97-6

431 409 822 481 Professionem
847 414 1099 469 Arianam
1128 457 1141 480 ,
1185 429 1306 486 qua:
1335 414 1425 469 hic
1466 415 1518 470 iu
1551 417 1742 486 quinto
1774 417 1917 471 libro
1947 425 2160 484 exstat,
2191 419 2539 488 reperiuntur
2569 421 2722 490 plura
2754 421 2964 475 inedita
2990 464 3005 485 ,
3038 421 3202 476 inter
3241 436 3402 490 quae,
3439 422 3724 490 uljmidixi,

436 517 707 561 memorat
734 524 891 562 suum
917 508 1111 564 librum
1148 509 1216 564 de
1241 511 1453 581 optimo
1481 525 1686 579 genere
1717 509 2111 579 interpretandi
2145 526 2354 565 sacram
2395 513 2752 582 Scripturam.
2785 513 2923 569 Num
2968 529 3117 568 vero
3154 513 3266 567 hoc
3313 529 3454 583 opus
3481 529 3507 566 a
3529 513 3580 570 S.
3607 515 3734 569 Ense-

428 599 520 654 bio
553 602 926 671 conscriptum
968 604 1037 657 sit
1067 619 1095 656 a
1126 604 1310 657 inultis
1334 603 1752 672 sapientissimis
1781 603 1911 657 viris
1937 603 2237 658 dubitatum
2271 604 2363 657 fuit
2389 645 2404 670 ,
2432 603 2576 659 inter
2606 621 2746 675 quos
2778 623 2886 660 non
2919 615 3018 660 est
3044 605 3414 660 omittendus
3444 604 3512 658 cl.
3539 603 3591 657 F.
3616 604 3740 658 Joan-

425 709 524 749 nes
557 694 796 764 Baptista
827 695 1109 750 Audifrcdi
1143 713 1208 750 ex
1239 695 1442 750 Ordine
1473 696 1650 751 Pratd.
1677 695 2064 751 Casanatensis
2106 696 2449 751 bibliothecae
2484 699 2805 768 pra-fectus,
2831 701 2920 769 qui
2950 715 3094 754 eum
3122 715 3261 753 eum
3291 698 3743 768 rogavissem,jam

425 790 494 844 ah
522 804 665 844 anno
697 790 856 853 1771.
886 799 944 844 ut
963 807 1058 845 sua
1093 791 1339 861 pervigili
1367 807 1494 846 cura
1520 800 1957 859 perscrutaretur
1981 791 2033 844 in
2060 788 2318 844 Vaticana
2345 790 2490 846 hunc
2521 790 2790 853 codicem.
2817 793 2950 848 mihi
2985 809 3096 846 sua
3123 794 3377 861 epistola
3407 794 3475 846 de
3495 794 3579 847 die
3603 792 3662 846 29
3681 808 3748 845 uo-

422 883 663 938 vembris
698 884 858 944 i776,
891 898 1214 952 responsum
1238 884 1387 937 dedit
1417 885 1470 937 in
1496 882 1684 937 codice
1709 883 1848 952 sign.
1887 881 2120 953 13l9,p.
2145 883 2273 944 ‘253,
2305 893 2520 936 exstare
2554 900 2784 950 opus....
2822 885 2883 939 S.
2915 885 3150 938 Eusebii
3177 884 3428 954 episcopi
3456 885 3631 950 incipit
3656 882 3747 935 iiber

425 975 488 1028 de
540 975 752 1029 Unitate
785 973 1073 1029 Trinitatis.
1108 975 1324 1030 Initium
1371 978 1554 1043 operis
1604 976 1753 1029 hisce
1797 974 1983 1030 verbis
2011 975 2236 1044 incipit:
2266 974 2343 1028 Tu
2376 993 2505 1028 unus
2526 975 2704 1042 Pater,
2737 990 2782 1031 et
2812 975 2996 1033 Filius
3017 1021 3030 1040 ,
3063 989 3118 1031 et
3160 977 3230 1032 S.
3263 978 3535 1047 Spiritus,
3569 978 3645 1046 qui
3669 978 3751 1029 inti-

423 1075 577 1118 tatem
597 1109 611 1131 ,
644 1065 880 1118 deitatem
913 1066 1058 1118 nobis
1087 1066 1398 1128 dectarasti,
1429 1074 1562 1132 elc.,
1606 1065 1830 1133 eXplicit
1859 1075 2091 1136 quatuor
2115 1067 2288 1120 libris.
2320 1065 2484 1121 Liber
2516 1067 2736 1122 ultimus
2767 1067 2887 1122 ﬁnit
2918 1070 3008 1124 his
3042 1070 3286 1124 verbis:
3326 1069 3492 1125 Unita
3525 1081 3597 1123 est
3620 1086 3753 1122 eam

420 1159 656 1226 Operatio
693 1157 746 1210 in
779 1159 984 1227 [actura
1007 1197 1021 1222 ,
1068 1167 1121 1212 et
1150 1157 1394 1227 sequitur
1426 1157 1771 1211 immediate:
1806 1155 2038 1226 Explicit
2077 1156 2207 1211 liber
2233 1168 2468 1228 quartus.
2504 1157 2696 1227 Incipit
2728 1159 2855 1214 liber
2889 1161 2954 1214 de
3000 1161 3368 1231 professione
3409 1159 3693 1220 Catholica,
3717 1169 3757 1213 et

427 1249 740 1304 immediate
780 1250 921 1304 alter
953 1249 1091 1304 liber
1121 1249 1199 1303 De
1227 1252 1549 1320 professione
1597 1250 1758 1319 impia
1799 1249 2113 1304 Arianorum
2159 1253 2249 1320 qui
2295 1253 2411 1307 finit
2447 1252 2596 1309 hisce
2636 1255 2852 1309 verbis:
2897 1256 2961 1311 Si
2990 1273 3172 1310 aures
3207 1257 3399 1310 surda:
3428 1265 3549 1310 sunt
3586 1265 3756 1308 cratera-

430 1360 546 1398 rum
571 1386 585 1406 ,
621 1356 754 1408 etc.,
789 1343 842 1396 in
869 1359 972 1410 qua
1005 1359 1099 1397 sua
1132 1345 1368 1413 epistola
1409 1359 1515 1397 non
1547 1343 1813 1398 dubitavit
1834 1344 2106 1400 afﬁrmare
2137 1343 2379 1402 Faustini
2415 1349 2714 1420 presbyteri
2750 1366 2857 1405 non
2887 1367 3052 1419 esse,
3088 1351 3200 1406 sed
3240 1354 3434 1421 potius
3465 1351 3525 1406 S.
3554 1350 3755 1404 Eusebii.

427 1434 742 1502 Quinitmno
774 1435 826 1490 in
857 1436 962 1490 alia
993 1451 1088 1490 sua
1128 1437 1357 1504 epistola
1390 1435 1458 1490 de
1483 1436 1572 1490 die
1619 1436 1685 1492 i3
1708 1436 1848 1503 junii
1878 1437 2016 1492 1778
2054 1438 2375 1507 epistolam,
2411 1453 2508 1494 seu
2557 1442 2796 1496 libellqu
2826 1442 2895 1498 de
2924 1442 3284 1497 Curionibus
3333 1441 3756 1509 Evangeliorum,

425 1533 516 1601 qui
565 1532 758 1601 legitur
808 1532 858 1585 in
905 1530 1148 1600 pluribus
1183 1530 1516 1585 editionibus
1557 1530 1614 1585 8.
1648 1529 1976 1599 Scriptura),
2017 1544 2139 1585 esse
2176 1532 2419 1600 ejusdem
2468 1535 2709 1588 auctoris
2750 1535 3093 1601 affirmavit,
3155 1536 3392 1591 etiamsi
3449 1535 3681 1604 pluribus
3715 1534 3759 1586 S.

431 1624 730 1694 Scriptura:
759 1625 1093 1679 editionihus
1121 1622 1311 1679 Graece
1361 1632 1565 1678 tantum
1628 1623 1743 1678 lnec
1791 1623 2035 1695 legatur:
2083 1625 2300 1678 tandem
2342 1625 2654 1681 observavit
2707 1627 2763 1682 in
2809 1630 3051 1685 editione
3108 1627 3759 1696 Orthodoxograpltorum

435 1716 576 1770 hanc
627 1716 914 1786 epistolam
958 1731 1174 1771 exsmre
1206 1717 1394 1770 Graece
1436 1727 1489 1769 et
1533 1716 1726 1770 Latine
1765 1717 2022 1784 scriptam
2068 1732 2134 1771 ex
2179 1721 2345 1772 veleri
2399 1720 2650 1775 versione
2694 1720 2910 1785 Latina,
2945 1732 3000 1777 et
3052 1724 3112 1776 in
3157 1722 3424 1790 linguam
3461 1719 3687 1774 Latinam
3722 1719 3762 1771 in

434 1817 582 1863 tomo
616 1808 678 1863 Vl
721 1808 1074 1863 Bibliotheca:
1113 1807 1302 1864 Greca:
1343 1808 1610 1873 Fabricii,
1651 1825 1772 1877 qua:
1814 1810 2033 1879 quidem
2087 1812 2262 1865 omnia
2300 1814 2579 1867 maturiori
2617 1817 2850 1870 consilio
2885 1817 3187 1871 tractanda
3241 1825 3452 1882 erunt,
3505 1825 3559 1868 ut
3597 1814 3760 1867 veritas

429 1907 658 1962 oriatur.
693 1906 826 1960 Nam
876 1905 1088 1961 etiamsi
1137 1904 1288 1961 hisce
1319 1903 1798 1958 observationibus
1849 1907 2135 1975 perpensis
2183 1910 2464 1979 exeuplar
2511 1909 2862 1968 Taurinensis
2912 1912 3413 1985 Congregationis
3458 1912 3517 1967 S.
3562 1911 3763 1978 Philippi

431 1999 577 2056 Nerii
605 1999 932 2069 reperissent
964 1997 1248 2053 conformo
1279 1999 1455 2067 quoad
1492 1997 1874 2062 substantiam,
1909 2013 2032 2052 cum
2067 2009 2245 2054 tamen
2292 2000 2532 2058 siluisset
2559 2045 2572 2069 ,
2617 2021 2744 2060 num
2777 2007 2945 2062 codex
2982 2009 3074 2063 ille
3114 2009 3420 2063 Vaticana:
3445 2005 3759 2064 Bibliotheca:

436 2095 509 2148 sit
552 2094 605 2146 in
648 2095 966 2148 membrana
1016 2093 1362 2161 conscriptus
1402 2104 1605 2157 necne,
1637 2090 1884 2144 siluisset
1920 2095 2298 2148 character-um
2347 2094 2600 2162 formam,
2636 2108 2689 2151 et
2719 2099 2922 2152 codicis
2975 2110 3214 2154 atatem
3249 2100 3628 2172 :reticuissct,
3655 2093 3758 2165 mihi

431 2195 605 2246 visum
641 2192 726 2245 hic
760 2191 858 2245 fuit
899 2189 1156 2244 utendum
1197 2205 1303 2242 non
1332 2202 1454 2242 esse
1483 2185 1705 2256 hujusce
1734 2187 1916 2256 operis
1948 2189 2302 2251 auctoritate,
2334 2192 2400 2243 ad
2435 2192 2827 2247 ostendendam
2857 2193 3126 2249 doctrinae
3166 2195 3457 2248 unitatem
3488 2193 3545 2246 S.
3575 2186 3757 2244 Eusebii

431 2287 692 2341 adversus
718 2287 946 2340 Arianos
971 2288 1024 2339 in
1053 2285 1150 2338 hac
1169 2283 1515 2338 confessione
1538 2297 1566 2336 a
1601 2281 1758 2334 nobis
1788 2280 1996 2334 edenda
2025 2323 2038 2345 ,
2071 2296 2246 2351 neque
2277 2283 2438 2337 etiam
2473 2293 2836 2354 opportunum
2867 2285 3032 2342 edere
3063 2305 3128 2341 ea
3168 2288 3374 2342 omnia
3399 2327 3413 2348 ,
3444 2302 3564 2355 qua!
3589 2281 3758 2336 inedita

433 2392 650 2452 reperta
684 2389 812 2436 sunt
843 2381 896 2434 in
922 2381 1023 2434 hoc
1048 2394 1217 2448 Opere
1246 2376 1500 2431 Faustino
1533 2374 1817 2429 attributo.
1868 2373 2067 2440 Quanti
2097 2375 2167 2428 sit
2211 2376 2459 2431 facienda
2509 2376 2783 2432 confessio
2833 2379 2957 2434 fidei
3005 2381 3174 2451 hujus
3219 2379 3406 2435 nostri
3454 2378 3511 2432 S.
3555 2373 3754 2429 doctoris

432 2477 685 2540 Eusebii,
726 2477 987 2530 lectorem
1043 2476 1264 2529 remitto
1312 2471 1379 2525 ad
1433 2468 1902 2540 prasfatiuuculam
1949 2468 2253 2537 appositam
2299 2478 2424 2524 ante
2475 2481 2678 2524 testam
2706 2513 2722 2538 ,
2765 2480 2821 2526 et
2853 2472 2916 2526 ad
2967 2490 3133 2542 parva
3171 2468 3589 2528 commentaria
3619 2476 3754 2532 Super

437 2571 606 2640 ipsam
653 2567 1055 2623 confessionem
1106 2565 1269 2630 facta,
1326 2565 1376 2618 in
1431 2563 1629 2634 quibus
1669 2570 1817 2616 certa
1862 2571 1914 2616 et
1955 2559 2294 2616 evidentiora
2338 2575 2656 2633 argumenta
2697 2564 2968 2620 habentur
2998 2568 3065 2622 de
3109 2585 3257 2622 vero
3303 2579 3536 2621 auctore
3563 2562 3751 2630 hujusce

427 2664 657 2736 symboli
680 2705 694 2726 ,
729 2662 902 2732 deque
944 2675 1069 2715 vera
1102 2673 1214 2713 sua:
1254 2658 1378 2712 fidei
1417 2655 1785 2726 professione,
1817 2663 1872 2708 et
1901 2653 2173 2709 catholico
2201 2655 2487 2726 dogmate,
2533 2659 2603 2710 ita
2642 2669 2695 2712 ut
2735 2659 2995 2716 lectorem
3039 2678 3067 2715 a
3100 2660 3386 2723 consilio,
3423 2667 3478 2712 et
3503 2651 3740 2710 sententia

433 2777 552 2816 mea
593 2763 956 2816 discessurum
998 2775 1104 2812 non
1136 2755 1300 2811 credo
1333 2754 1481 2808 hisce
1512 2751 1768 2807 omnibus
1810 2751 2112 2821 perpensis.
2155 2750 2289 2804 Nam
2323 2751 2372 2804 in
2424 2749 2535 2804 illis
2573 2765 2733 2821 quam
2763 2767 3004 2808 consona
3049 2755 3122 2809 sit
3168 2753 3438 2810 doctrina
3471 2752 3526 2804 8.
3561 2741 3746 2800 Eusebii

431 2854 539 2907 ill:e
565 2854 623 2909 S.
649 2849 1321 2920 AthanasiigAlexandrite,
1349 2847 1683 2915 reliquorum
1710 2856 2020 2899 sanctorum
2047 2844 2293 2908 Patrum,
2323 2845 2607 2912 probatum
2641 2855 2743 2900 est.
2776 2847 2923 2914 Quas
2953 2864 3082 2904 vero
3114 2849 3438 2919 peculiares
3477 2838 3745 2898 sententias

435 2948 728 3019 protulerit
778 2947 837 3000 S.
888 2945 1159 3000 Eusebius
1198 2952 1253 2997 et
1297 2941 1606 2996 conformes
1652 2954 1823 2994 sacra:
1866 2939 2195 3010 Scriptura,
2245 2940 2481 3009 antiquis
2509 2941 2797 3006 l’atrihus,
2843 2955 2897 2998 et
2944 2947 3197 3001 conciliis
3232 2946 3670 3000 demonstratum
3702 2935 3741 2986 in

431 3043 540 3098 illis
587 3041 706 3096 fuit.
743 3041 902 3095 llisce
941 3040 1018 3094 sic
1051 3039 1214 3094 editis
1258 3037 1479 3092 habebit
1513 3037 1682 3090 lector
1728 3050 1865 3089 nova
1914 3045 2234 3104 argumenta
2266 3035 2332 3089 ad
2384 3036 2710 3092 Arianorum
2753 3037 3004 3096 lmresim
3052 3041 3426 3106 confutanda,
3467 3051 3624 3093 noras
3660 3032 3740 3086 cir-

432 3133 793 3190 cumstantias
832 3132 897 3186 ad
932 3129 1310 3185 illustrandam
1352 3127 1637 3182 historiam
1668 3124 1814 3179 illius
1850 3125 2132 3193 temporis.

457 3241 3688 3272 Μ

1436 3321 2157 3434 DISQUISITIO
2267 3326 2735 3410 PIUEVIA

1105 3489 1207 3550 DE
1251 3484 1560 3549 EUSEBII
1598 3481 2190 3546 VERCELLENSIS
2232 3483 2449 3547 FIDEI
2490 3485 3052 3565 EXPOSITIONE,

1522 3633 1640 3684 SEU
1679 3633 1762 3684 DE
1795 3631 2092 3685 AUCTORE
2126 3631 2328 3683 HUJUS
2367 3632 2664 3687 SYMBOLI.

505 3870 717 3925 Acriter
757 3868 868 3938 jam
922 3884 953 3922 a
986 3866 1170 3921 multis
1200 3865 1521 3921 clarissimis
1549 3863 1680 3918 viris
1708 3862 2042 3932 diSptttatum
2090 3859 2096 3872 ”

436 3965 539 4019 fuit
567 3962 636 4017 de
661 3961 911 4032 symbolo
942 3960 1286 4028 Quicumque,
1309 3958 1431 4012 aliis
1455 3959 1513 4011 S.
1546 3956 1845 4011 Athanasio
1873 3955 2050 4010 vindi-

435 4056 689 4113 cantibus
727 4052 894 4117 illud,
925 4051 1048 4106 aliis
1093 4048 1384 4104 Anastasio
1428 4048 1653 4104 Siuaita:
1682 4090 1696 4112 ,
1750 4047 1934 4102 multis
1980 4047 2046 4102 ab

433 4161 658 4206 auctore
688 4147 882 4203 Latino
915 4145 1234 4200 adornatmu
1276 4144 1444 4199 fuisse
1495 4144 1880 4214 pugnantibus,
1912 4159 2047 4198 non-

436 4245 601 4300 nullis
631 4261 658 4299 a
691 4241 902 4299 Gallico
927 4240 1198 4309 scriptore
1227 4237 1534 4293 coniectum
1565 4238 2042 4304 contendentibus,

435 4354 502 4393 ex
539 4337 740 4408 quibus
794 4334 1044 4405 Vigilium
1099 4329 1456 4402 Tapsitanum
1511 4329 1663 4385 ιι;υ1ιί
1711 4331 2048 4385 contendunt

435 4440 738 4495 auctorem,
770 4427 861 4482 alii
911 4426 1252 4481 Vincentium
1279 4424 1623 4479 Lirincusem
1648 4439 1662 4488 ;
1689 4433 1743 4478 et
1771 4437 1897 4476 suas
1923 4437 2046 4478 sen-

436 4525 634 4580 tentias
664 4521 892 4577 fulcinnt
922 4518 1258 4575 ostendendo
1288 4519 1338 4573 in
1369 4519 1461 4572 illo
1490 4516 1737 4589 symbolo
1764 4515 2048 4572 damnatas

437 4619 676 4673 haereses
706 4614 1042 4683 Eutychetis,
1073 4621 1130 4669 et
1157 4611 1391 4668 Nestor-ii
1419 4619 1541 4682 post
1563 4611 1768 4666 ohitum
1796 4611 1852 4665 8.
1871 4609 2043 4664 Atha-

438 4710 575 4765 nasii
595 4716 836 4764 exortas.
855 4706 925 4761 At
947 4706 1074 4775 quid
1105 4705 1231 4760 inde
1261 4705 1304 4760 si
1323 4705 1444 4775 quis
1467 4704 1672 4759 diceret
1697 4713 1915 4760 sanctos
1944 4702 2046 4757 Pa-

439 4815 549 4859 tres
579 4814 994 4872 praeoccupasse
1022 4840 1036 4863 ,
1086 4807 1142 4854 et
1187 4799 1512 4866 pr.rcavisse
1560 4797 1656 4852 bas
1689 4799 1954 4866 Increses,
1985 4809 2046 4854 ut

429 4901 542 4969 jam
575 4898 926 4954 observatqu
959 4908 1045 4953 est
1074 4896 1142 4950 ab
1195 4895 1497 4962 historicis,
1539 4911 1708 4965 penes
1755 4897 1939 4966 plures
1980 4897 2039 4955 S.

437 4994 629 5048 Patres
658 4993 1031 5063 antiquiores?
1050 4992 1201 5047 Tunc
1227 4990 1430 5045 nullius
1461 4993 1720 5046 momenti
1751 5003 1936 5047 essent
1959 4993 2043 5049 ha:

437 5085 698 5140 rationes.
744 5085 900 5154 Quod
951 5095 1132 5140 autem
1190 5084 1422 5154 alicujus
1465 5085 1666 5154 negotii
1711 5099 1741 5138 a
1792 5084 2043 5154 pluribus

433 5177 727 5247 Thcologis
768 5178 1068 5245 judicatum
1106 5178 1244 5244 fuit,
1295 5177 1424 5232 illud
1473 5191 1598 5232 esse
1627 5177 1848 5246 dicam,
1896 5179 2041 5249 quod

434 5269 758 5325 auctoritate
781 5269 927 5324 illius
957 5270 1189 5340 symboli
1229 5285 1568 5341 nequaquam
1595 5270 1771 5326 Latini
1805 5271 1885 5326 usi
1915 5281 2043 5327 sunt

435 5365 500 5418 ad
531 5362 1012 5420 demonstrandam
1066 5365 1330 5418 adversus
1383 5363 1604 5420 Grazcos
1656 5366 2039 5424 schismaticos

435 5457 702 5528 originem
734 5459 876 5512 illam
908 5456 1144 5526 Spiritus
1176 5458 1349 5511 sancti
1375 5472 1404 5510 a
1432 5456 1596 5523 Filio,
1619 5473 1716 5514 seu
1745 5462 2038 5528 processio-

435 5567 571 5616 nem,
607 5563 662 5605 ut
687 5552 886 5606 docent
909 5551 1193 5620 Theologi.
1214 5547 1312 5605 Cui
1348 5550 1541 5606 rationi
1568 5551 1725 5608 facile
1753 5554 2038 5624 quisquam

435 5660 713 5714 opponere
757 5659 937 5716 posset
965 5651 1023 5703 S.
1055 5648 1316 5702 Basilintn
1349 5646 1597 5718 Magnum
1623 5690 1637 5713 ,
1671 5657 1722 5703 et
1751 5648 2040 5719 Didymutu

441 5737 866 5794 Alexandrinum
913 5741 1052 5794 hanc
1080 5743 1454 5809 processionem
1479 5740 1799 5810 agnovisse,
1833 5750 1890 5796 ct
1935 5753 2036 5798 tra-

459 5825 684 5896 didisse,
717 5845 948 5904 quorum
979 5834 1333 5891 auctoritates
1358 5844 1549 5895 contra
1579 5835 1798 5898 Gratcos
1826 5836 2042 5899 fuerunt

2152 3866 2341 3923 relata:
2368 3885 2396 3921 a
2422 3868 2735 3942 Tlteologis.
2767 3869 2877 3925 Hos
2900 3879 3082 3926 autem
3106 3871 3306 3930 Patres
3333 3861 3558 3926 aetates.
3583 3855 3722 3913 Atha-

2151 3963 2313 4027 nasii,
2349 3973 2403 4018 et
2431 3965 2488 4018 S.
2518 3964 2736 4021 Eusebii
2767 3965 3137 4022 Vercellensis
3175 3965 3428 4037 episcopi
3459 3959 3612 4014 fuisse
3636 3961 3714 4002 ne-

2149 4071 2238 4110 mo
2271 4055 2541 4111 iuliciatur
2569 4075 2581 4111 :
2613 4057 2858 4128 adeoque
2887 4073 3112 4114 necesse
3155 4075 3262 4114 nou
3313 4059 3410 4114 fuit
3436 4059 3612 4108 attines
3633 4039 3714 4093 Pa-

2152 4160 2284 4214 tres,
2317 4159 2372 4204 ct
2398 4152 2601 4221 scripta
2633 4167 2822 4207 eorum
2850 4153 2954 4208 illis
2977 4153 3250 4223 objicere,
3287 4164 3343 4210 et
3377 4145 3599 4204 maxime
3624 4132 3715 4187 for-

2145 4257 2240 4297 San
2266 4259 2384 4313 quae
2413 4245 2464 4298 in
2499 4245 2744 4300 omnium
2773 4261 2867 4300 ore
2912 4248 3270 4303 versabantur
3295 4290 3312 4314 ,
3364 4254 3420 4300 ιιι
3457 4233 3709 4309 probetur.

2146 4352 2267 4405 qum
2298 4337 2591 4392 traditione
2616 4337 2908 4404 dabantur,
2939 4339 3264 4394 auctoritate
3313 4341 3529 4395 Patrum
3569 4320 3704 4417 robo-

2148 4439 2263 4485 rata
2292 4430 2478 4485 fuisse.
2505 4430 2660 4497 Nam,
2693 4431 2797 4486 etsi
2816 4449 2878 4486 ex
2909 4431 3013 4496 his,
3045 4433 3136 4502 qui
3162 4447 3262 4503 pro
3289 4443 3454 4502 supra
3479 4419 3705 4511 enarratis

2147 4525 2461 4578 auctoribus
2491 4537 2748 4596 pugnant,
2781 4527 2935 4594 pauci
2967 4527 3073 4580 sint
3099 4567 3114 4592 ,
3148 4527 3242 4596 qui
3295 4542 3394 4597 pro
3424 4523 3476 4576 S.
3508 4505 3704 4569 Eusebio

2153 4616 2484 4672 Vercellcnsi
2537 4617 2902 4686 scripserint,
2953 4627 3008 4673 et
3062 4619 3394 4673 sententiain
3445 4611 3570 4665 hanc
3592 4607 3698 4694 tat-n-

2146 4726 2307 4780 quam
2332 4710 2990 4778 communemretuleriut
3018 4711 3250 4766 :scimus
3283 4722 3454 4765 tamen
3477 4694 3700 4782 antiqu'sj

2146 4807 2290 4860 simo
2322 4813 2570 4874 tempore
2589 4802 2896 4874 symbolum
2924 4803 3053 4858 illud
3072 4803 3122 4857 in
3153 4785 3694 4880 EcclesiaVercellcnst

2147 4899 2371 4956 recitari
2402 4896 2776 4964 consuevisse,
2818 4909 2872 4953 et
2919 4898 3267 4953 traditionem
3300 4899 3440 4952 illius
3475 4879 3698 4977 EcclfSIRf‘

2149 5009 2248 5049 nos
2295 4993 2528 5049 educere
2562 4993 2665 5048 hoc
2720 4993 3025 5064 symbolum
3058 4992 3251 5047 Latine
3281 4992 3528 5057 scriptum
3558 4973 3691 5068 fuisse

2148 5086 2493 5142 Alexandria}
2527 5085 2886 5155 priescntibus
2918 5084 3018 5142 SS.
3052 5085 3369 5151 Athanasio,
3408 5089 3456 5137 et
3492 5071 3691 5156 ASlet‘ll‘,

2152 5195 2207 5238 et
2239 5182 2296 5239 S.
2334 5182 2568 5237 Eusebio
2600 5181 2818 5235 laudato
2841 5223 2856 5247 ,
2898 5191 2953 5235 et
2983 5197 3104 5234 cttm
3135 5181 3270 5234 actis
3301 5181 3408 5234 illic
3450 5161 3686 5258 εθ¹ξ¹¹ξίξ¹ξ⁵

2152 5274 2344 5330 Latine
2374 5274 2599 5329 redditis
2625 5273 2693 5326 ab
2723 5243 2917 5326 eodem
2933 5273 3133 5327 oblatis
3155 5287 3368 5327 summo
3391 5249 3596 5340 pontifici
3615 5243 3685 5300 Li'

2149 5367 2323 5423 herio.
2357 5369 2557 5424 Omnes
2579 5364 2871 5432 scriptores
2904 5365 2971 5420 de
3003 5365 3246 5420 Ecclesia
3279 5344 3580 5422 Ver-cellensi
3600 5346 3682 5434 trt-

2148 5461 2285 5516 dttnt
2315 5462 2365 5516 in
2399 5462 2506 5515 ritu
2561 5459 2872 5514 Eusebiano
2897 5501 2914 5527 ,
2947 5469 3003 5514 et
3034 5460 3086 5514 in
3121 5458 3272 5513 horis
3303 5445 3552 5513 canonicis
3572 5439 3681 5488 auti-

2146 5557 2327 5624 quitus
2360 5555 2734 5624 praescriptam
2769 5554 2936 5609 fuisse
2956 5554 3327 5609 recitationem
3353 5551 3547 5618 hujusce
3567 5536 3678 5598 53""

2150 5651 2255 5706 b0”
2287 5693 2300 5717 .
2328 5660 2380 5704 et
2411 5649 2607 5706 festum
2640 5649 2909 5707 celebrari
2959 5649 3028 5704 de
3073 5649 3415 5704 sanctissima
3444 5632 3678 5718 Trinitate,

2150 5762 2218 5802 ex
2250 5762 2359 5817 quo
2382 5745 2487 5800 ritu
2515 5745 2777 5799 Alcuinus
2807 5744 3036 5798 Flaccos
3066 5754 3312 5810 tempore
3341 5733 3502 5797 Caroli
3526 5723 3670 5817 Maii”:

2154 5848 2212 5898 ut
2240 5809 2458 5898 novitiis
2483 5837 2861 5899 Sacerdotibus
2905 5834 3145 5894 traderet
3177 5809 3394 5896 iacilem
3429 5809 3676 5892 rnetlﬂt‘l‘“.n

3877 6003 3890 6077 ἶ
