4010 6194
308 296 441 354 957

1513 289 1599 346 DE
1640 285 2014 344 ΊῊΙΝΙΤΑἸἘ
2053 283 2452 343 CONFESSIO.

3528 276 3649 333 9:38.

301 405 647 462 celebrandi
671 420 910 474 sacrum,
943 405 1161 462 Missam
1200 406 1270 461 de
1290 404 1636 460 sanctissima
1659 401 1930 458 Trinitate
1955 405 2006 464 Α
2034 399 2343 455 emendatis
2367 396 2673 465 erroribus,
2704 404 2762 452 ut
2787 394 3018 467 quisque
3062 392 3352 463 impolluto
3407 399 3461 446 et
3494 387 3629 444 iuofo

304 500 372 553 in
436 499 681 554 Ecclesia
714 498 1051 553 Vercelleusi
1092 498 1313 554 recitari
1355 497 1560 568 pluries
1586 500 1929 559 consuetam,

301 589 520 645 diebus
541 589 833 645 dominicis
861 590 1197 661 praescripsit
1228 588 1319 663 (ne
1347 590 1523 644 dicam
1550 587 1719 642 alium
1749 584 1929 640 Aleui-

305 698 456 737 nnm
472 682 785 752 episcopum
798 680 1199 737 Vcrccllensem
1218 681 1319 737 hac
1344 681 1458 751 ipsa
1485 687 1808 749 tempestate
1825 676 1930 731 Ec-

303 772 550 829 clesium
606 771 754 826 illam
798 771 1315 843 administrantem)
1370 773 1544 826 donec
1583 769 1727 824 facili
1770 765 1931 822 modo

304 872 555 936 possent
584 864 661 919 illi
693 866 977 920 scerdotes
1017 866 1208 920 novitii
1240 866 1486 920 ediscere
1517 877 1673 916 nsum
1701 859 1930 915 aliorum

305 960 689 1031 plurimorum
723 960 993 1014 codicum.
1053 957 1151 1014 Cui
1180 959 1420 1029 opinioni
1446 958 1610 1013 robur
1632 970 1791 1027 quam
1819 968 1933 1008 ma-

308 1052 533 1106 ximum
564 1051 723 1106 affert
749 1051 981 1122 epistola
1020 1051 1277 1123 synodica
1312 1052 1474 1105 misso
1519 1048 1589 1102 ab
1632 1046 1932 1103 Athanasio

309 1145 389 1198 ad
424 1144 823 1210 Antiochenus,
855 1144 997 1199 circa
1028 1143 1190 1199 finem
1224 1143 1340 1198 haec
1370 1141 1580 1198 habens
1608 1160 1621 1196 :
1666 1139 1794 1195 Haec
1818 1140 1933 1210 qui-

310 1238 442 1292 dem
474 1253 566 1291 nos
597 1246 705 1292 tum
732 1238 855 1307 quia
882 1242 1030 1310 nefas
1076 1248 1153 1292 est
1193 1237 1461 1308 quicquam
1494 1237 1632 1291 ultra
1658 1233 1933 1289 Nica’num

310 1334 603 1388 concilium
633 1334 913 1403 requirere,
945 1342 1033 1386 aut
1060 1333 1402 1386 contentiosas
1429 1331 1707 1386 sententias
1732 1330 1931 1397 recipe-

310 1441 398 1491 re,
434 1435 539 1478 tum
570 1425 648 1479 uel
694 1424 757 1480 ob
803 1441 981 1497 pacem
1011 1426 1201 1489 solum,
1236 1438 1281 1479 et
1320 1441 1383 1478 uc
1419 1424 1508 1495 qui
1538 1432 1676 1478 recte
1704 1422 1933 1476 sentiunt

315 1538 420 1591 pro
444 1521 647 1593 rejectis
677 1518 965 1574 habeantur
1008 1520 1075 1574 ad
1104 1521 1261 1575 istum
1289 1520 1497 1573 modum
1535 1519 1854 1577 censuimus.
1885 1525 1934 1570 et

315 1629 505 1667 eorum
539 1613 946 1668 Conrassron'mt
986 1613 1157 1681 qualis
1186 1613 1364 1682 fuerit,
1398 1627 1512 1679 nos,
1542 1610 1630 1678 qui
1656 1609 1820 1664 relicti
1844 1625 1932 1663 su-

316 1723 444 1761 mus
473 1706 805 1761 Alexandria:
830 1748 844 1771 ,
892 1707 1075 1777 paucis
1100 1706 1439 1759 indicavimus
1467 1720 1486 1770 ;
1526 1704 1680 1775 idque
1708 1705 1760 1756 in
1788 1719 1931 1756 cont-

2037 492 2192 553 fenso
2212 494 2352 563 pede
2371 509 2471 550 eos
2496 495 2674 565 legere
2701 499 2905 564 posset.
2931 492 2988 547 In
3011 491 3112 546 hac
3137 506 3268 544 vero
3289 487 3636 546 confessione

2035 589 2107 646 de
2148 589 2307 660 huius
2357 599 2559 645 nostra:
2608 590 2788 644 carnis
2833 585 3248 643 resurrectione
3295 592 3642 653 pertractans

2034 696 2281 738 errorem
2342 681 2595 753 Origenis
2642 684 2783 737 circa
2834 695 3128 750 corporum
3178 676 3642 733 resurrectionem

2034 776 2282 846 corripit.
2307 777 2450 848 Ergo
2472 777 2607 832 nulli
2637 774 2834 831 melius
2860 790 3019 844 quam
3046 774 3107 829 8.
3139 771 3379 828 Eusebio
3398 770 3646 828 tribuen—

2034 867 2162 923 dum
2214 868 2317 923 hoc
2358 868 2665 941 symbolum
2703 868 3010 922 crederem.
3046 865 3113 920 Et
3143 866 3246 921 hoc
3284 863 3467 919 forsan
3510 860 3643 917 illud

2035 979 2180 1031 esse,
2205 979 2272 1019 ex
2298 979 2404 1035 quo
2426 962 2719 1018 conflatum
2747 956 3491 1031 posterioribnstemporibns
3508 953 3639 1013 illud

2037 1058 2332 1128 vulgariter
2360 1056 2691 1127 appellatum
2728 1036 3064 1125 Quicumque.

2106 1151 2164 1208 Si
2197 1153 2412 1207 tandem
2453 1163 2571 1206 acta
2603 1150 2847 1219 ejusdem
2880 1148 2938 1205 S.
2973 1146 3192 1203 Eusebii
3230 1145 3647 1201 considerentur

2035 1245 2104 1301 ab
2135 1244 2365 1316 Ugliello
2391 1244 2513 1299 Ital.
2543 1243 2668 1300 Sac.
2698 1252 2828 1299 tom.
2856 1240 2945 1304 IV,
2978 1256 3029 1310 p.
3062 1239 3188 1304 759,
3212 1239 3379 1305 edita,
3409 1237 3645 1307 ipsamet

2038 1354 2138 1396 nos
2170 1341 2443 1395 instruunt
2467 1338 2874 1394 confessionem
2912 1351 3066 1392 suam
3098 1334 3319 1390 Liberio
3350 1345 3510 1404 papae
3542 1332 3641 1386 tle-

2037 1433 2185 1488 tlisse
2225 1432 2447 1499 Romae,
2482 1442 2774 1502 antequam
2807 1430 2909 1484 iter
2935 1444 3093 1483 suum
3130 1425 3410 1482 Vercellas
3447 1422 3647 1494 dirige-

2038 1538 2139 1585 ret.
2170 1527 2401 1582 Sanctus
2430 1536 2604 1581 autem
2633 1524 2890 1578 Eusebius
2926 1522 3119 1576 athleta
3148 1518 3343 1577 Christi
3371 1519 3495 1573 data
3522 1533 3646 1571 cou-

2036 1622 2261 1692 fessione
2309 1620 2433 1692 fidei
2476 1636 2619 1688 suto,
2668 1628 2715 1674 et
2748 1620 2915 1691 posita
2959 1615 3138 1670 Romae
3184 1616 3236 1668 in
3278 1629 3425 1668 sacro
3454 1611 3645 1667 scrinio

2036 1714 2350 1783 valefaciens
2374 1714 2578 1769 Liberio
2607 1729 2759 1785 papa:
2781 1728 2899 1767 cum
2921 1709 3115 1766 cteteris
3148 1707 3398 1781 fratribus
3425 1706 3521 1760 iter
3547 1721 3640 1774 age

319 1816 482 1854 mune
503 1817 606 1855 una
636 1816 753 1854 cum
783 1800 993 1871 reliquis
1025 1799 1392 1853 comministris
1418 1813 1685 1853 sacrorum
1728 1796 1931 1852 Asteria

2050 1826 2245 1883 gressus
2273 1819 2367 1865 est.
2398 1807 2531 1876 Qum
2561 1820 2742 1863 autem
2768 1806 2950 1861 omnia
2976 1818 3214 1860 consona
3246 1801 3501 1857 vitientur
3521 1812 3645 1855 esse

320 1902 373 1948 et
418 1892 666 1947 Eusebio.
712 1890 851 1946 Nam
888 1892 1072 1963 reliqui
1100 1908 1163 1947 ea;
1189 1892 1375 1946 nostris
1402 1890 1671 1961 quisquam
1711 1894 1779 1944 ad
1816 1907 1935 1943 suas

325 1986 626 2057 provincias
655 1985 913 2041 abierunt.
956 1984 1056 2040 Vos
1084 2001 1265 2039 rursus
1288 1985 1341 2038 in
1371 1999 1660 2051 commune,
1688 1982 1775 2037 ubi
1803 1983 1936 2037 sole-

329 2080 398 2134 tis
429 2088 703 2133 conventus
730 2094 901 2145 agerc,
929 2078 1027 2132 ista
1047 2077 1278 2132 videbitis
1307 2077 1620 2147 pervulgari,
1646 2091 1802 2140 eoque
1827 2091 1938 2127 om-

332 2189 426 2227 nes
452 2182 673 2227 evocate.
702 2169 938 2242 Equum
980 2182 1052 2227 est
1095 2172 1227 2227 enim
1267 2181 1325 2226 ut
1366 2174 1417 2227 in
1453 2188 1511 2225 eo
1558 2172 1673 2225 loco
1712 2171 1938 2242 primum

331 2264 555 2338 epistola
577 2266 830 2332 recitatur,
860 2278 965 2322 etc.
994 2266 1142 2336 Ergo
1168 2283 1232 2323 ex
1259 2267 1359 2323 hac
1383 2266 1711 2321 auctoritate
1736 2275 1791 2320 et
1810 2281 1940 2320 cun-

336 2357 580 2413 fessionc
604 2359 661 2414 S.
681 2358 899 2413 Eusebii
946 2357 1218 2414 etAsterii
1239 2359 1471 2414 indicata
1491 2358 1848 2414 Antiochenis
1870 2357 1939 2412 ab

336 2450 640 2505 Athanasio
664 2453 1006 2522 probatur,et
1029 2468 1185 2508 suum
1209 2453 1515 2526 symbolum
1541 2468 1660 2508 cum
1683 2452 1940 2523 epistola.

410 2544 670 2614 Quaenam
714 2548 930 2601 fuerunt
960 2547 1071 2602 illae
1120 2548 1529 2609 confessiones.
1563 2563 1659 2602 seu
1691 2546 1940 2618 symbola

341 2639 501 2694 nobis
530 2639 929 2709 incompertum
966 2652 1071 2708 est,
1101 2656 1227 2696 num
1256 2642 1562 2714 symbolum
1595 2639 1939 2714 Quicumque,

341 2732 429 2787 vel
459 2733 574 2787 haec
603 2733 898 2800 confessio,
926 2750 1087 2806 quam
1114 2737 1256 2807 typis
1285 2736 1626 2790 mandamus.
1660 2735 1738 2792 De
1770 2737 1946 2807 primo

343 2826 683 2881 contendunt
713 2829 1014 2897 scriptores
1043 2830 1185 2884 inter
1205 2844 1287 2896 se,
1321 2837 1380 2883 ut
1408 2829 1757 2884 observatum
1787 2846 1946 2901 snpe-

345 2915 460 2972 rius
488 2916 609 2973 fuit.
640 2921 828 2975 Altera
860 2935 1029 2987 vero,
1072 2921 1142 2977 de
1175 2936 1283 2990 qua
1308 2924 1671 2992 qutestionem
1703 2925 1948 2980 institui-

348 3025 469 3064 mus
508 3010 785 3068 confessio
814 3011 932 3070 haec
960 3024 1039 3069 eSt
1065 3056 1079 3080 ,
1110 3030 1271 3085 quam
1312 3016 1430 3071 sine
1457 3017 1697 3074 aucturis
1730 3019 1950 3077 nomine

345 3104 519 3160 tribus
562 3106 614 3159 in
646 3104 798 3163 foliis
836 3107 1088 3163 maximis
1110 3108 1476 3178 conscriptam
1523 3111 1725 3166 sacculo
1762 3127 1841 3180 tx,
1892 3120 1949 3168 tit

2038 1904 2143 1968 eis,
2177 1917 2297 1972 quae
2335 1902 2560 1971 scripsit
2578 1898 2806 1955 Rufinus
2824 1899 2953 1954 hist.
2978 1915 3015 1965 t,
3040 1911 3163 1968 cap.
3182 1894 3276 1961 28,
3300 1894 3393 1958 99,
3418 1893 3506 1959 30,
3534 1902 3646 1948 etc.

2040 1995 2233 2053 Narrat
2261 1995 2403 2049 enim
2434 1993 2735 2049 Eusebium
2763 1988 3151 2047 Alexandriam
3182 1985 3492 2059 porrexisse
3522 1999 3645 2042 cum

2039 2089 2161 2144 aliis
2200 2088 2608 2145 confessoribns
2652 2087 2756 2141 title
2798 2084 3029 2155 integris
3071 2083 3253 2153 ibique
3291 2082 3479 2137 mitius
3520 2095 3645 2136 cum

2040 2183 2211 2255 lapsis
2256 2183 2472 2254 egisse,
2518 2190 2571 2236 et
2621 2180 3059 2251 procurationem
3109 2176 3422 2235 Occidentis
3465 2174 3646 2231 eidem

2040 2275 2245 2343 delata,
2279 2284 2337 2329 ut
2364 2272 2586 2330 Asterie
2615 2271 2874 2338 Orientis,
2906 2270 3120 2324 additur
3146 2285 3270 2323 sane
3315 2269 3368 2321 in
3400 2268 3494 2321 illo
3526 2282 3648 2322 con-

2041 2372 2149 2427 cilii
2189 2371 2394 2427 decreto
2423 2369 2575 2423 etiam
2607 2367 2673 2421 de
2709 2366 2919 2433 Spiritu
2945 2374 3122 2419 sancto
3160 2362 3363 2436 plenior
3405 2361 3648 2431 disputa-

2044 2468 2137 2531 tio,
2170 2478 2222 2520 ut
2248 2463 2479 2539 ejusdem
2508 2460 2829 2526 substantia,
2859 2476 2920 2513 ac
2945 2459 3169 2521 deitatis,
3204 2458 3356 2528 cujus
3390 2452 3565 2517 Pater,
3601 2460 3650 2507 et

2046 2560 2238 2625 Filius,
2292 2559 2446 2613 etiam
2500 2556 2731 2627 Spiritus
2774 2563 2983 2610 sanctus
3033 2550 3325 2605 crederetur
3373 2547 3519 2619 (cap.
3551 2542 3644 2613 29,

2048 2670 2102 2725 p.
2134 2650 2287 2724 211),
2319 2669 2413 2706 nec
2438 2650 2719 2721 quidquam
2752 2663 2963 2717 prorsus
2994 2646 3045 2698 in
3073 2643 3331 2698 Trinitate
3350 2683 3363 2707 ,
3390 2650 3479 2694 aut
3510 2656 3654 2694 crea-

2044 2756 2175 2810 tum,
2207 2743 2551 2815 autinferius,
2582 2731 3312 2811 posteriusvediceretur.Sed
3336 2742 3383 2786 et
3405 2732 3467 2784 de
3490 2729 3655 2802 diffe-

2048 2839 2215 2893 rentia
2268 2835 2710 2899 substantiarum,
2757 2841 2805 2886 et
2853 2828 3304 2883 subsistentiarum
3344 2840 3513 2880 sermo
3544 2824 3657 2894 ejus

2049 2947 2140 3002 per
2161 2930 2473 3000 scripturam
2511 2936 2679 2979 motus
2704 2932 2798 2977 est.
2830 2921 3001 2976 Graeci
3026 2922 3233 2984 οὐσίας,
3267 2928 3315 2972 et
3337 2917 3654 2976 ὑποστάσεις

2051 3029 2265 3087 vocant,
2305 3017 2521 3092 quidam
2552 3016 2740 3070 etenim
2768 3013 3006 3068 dicebant
3037 3010 3416 3075 substantiam,
3452 3018 3501 3062 et
3536 3006 3658 3060 sub-

2050 3115 2338 3171 sistentiatn
2368 3128 2530 3167 unum
2573 3109 2735 3164 uideri
2770 3123 2786 3163 :
2817 3119 2862 3162 et
2891 3107 3011 3177 quia
3054 3114 3156 3160 tres
3197 3101 3510 3158 substantias
3556 3114 3659 3154 non

349 3199 685 3256 characteris
719 3200 889 3255 forma
933 3201 1091 3256 nobis
1121 3202 1362 3258 indicare
1404 3203 1639 3270 videtur,
1672 3220 1792 3275 quae
1825 3207 1945 3275 qui-
1970 3188 2015 3252 Ο
2050 3210 2271 3263 dicimus
2290 3208 2343 3261 in
2364 3205 2494 3271 Deo,
2514 3220 2608 3259 nec
2625 3214 2727 3257 tres
2752 3200 3107 3256 subsistentias
3121 3197 3291 3253 dicere
3310 3196 3655 3251 debeamus...

350 3291 470 3345 dem
504 3291 676 3347 tribus
715 3291 862 3347 foliis
892 3295 1327 3351 membranaceis
1369 3296 1512 3351 inter
1542 3297 1684 3366 alia,
1714 3312 1834 3368 quae
1878 3297 1947 3353 ad

350 3386 740 3440 monasterium
769 3384 866 3441 SS.
898 3386 1178 3443 Michaelis
1209 3398 1265 3445 et
1289 3388 1532 3445 Januarii
1573 3390 1644 3446 Μ.
1673 3393 1741 3446 de
1778 3391 1950 3448 Lucc-

349 3479 439 3534 dio
477 3479 735 3536 dimcesis
787 3480 1149 3539 Vercellensis
1176 3484 1523 3555 pertinebant
1573 3487 1748 3541 relata
1795 3495 1943 3553 sunt,

350 3573 585 3628 exscribi
616 3575 947 3630 curavimus.
993 3574 1192 3631 Parum
1238 3577 1458 3647 quidem
1498 3577 1760 3632 differunt
1805 3579 1951 3633 inter

351 3681 408 3721 se
448 3666 756 3738 symbolum
800 3667 1155 3737 Quicumque,
1185 3676 1241 3726 et
1281 3670 1397 3725 ltazc
1438 3670 1712 3726 confessio
1738 3714 1751 3736 ,
1796 3672 1840 3726 si
1882 3671 1950 3728 de

351 3759 490 3831 stylo
522 3759 817 3832 loquimur,
850 3769 1031 3819 tamen
1075 3763 1127 3818 in
1170 3763 1359 3819 multis
1394 3773 1522 3820 sunt
1557 3764 1865 3831 dissimilia,
1895 3773 1953 3822 et

355 3855 492 3912 hanc
515 3858 884 3927 antiquiorem
910 3858 1004 3914 illo
1033 3857 1340 3914 crederem.
1381 3858 1440 3915 Si
1471 3874 1604 3915 vero
1639 3859 1953 3915 considere-

356 3965 492 4016 mus,
508 3950 816 4022 hypostasis
828 3950 1022 4021 dogma
1043 3950 1250 4007 eisdem
1271 3950 1480 4008 Graecis
1505 3951 1833 4007 verbisillud
1858 3967 1952 4007 ex-

354 4044 535 4115 plicat,
562 4045 755 4115 quibus
779 4045 835 4101 S.
859 4043 1196 4102 Athanasius
1222 4047 1273 4101 in
1304 4061 1401 4102 sua
1433 4047 1659 4119 epistola
1686 4047 1952 4119 synodica

361 4139 470 4207 jam
505 4139 1011 4209 landuta,adeoque
1040 4138 1334 4213 ὁμοούσιον,
1370 4142 1552 4202 οὐσίας
1599 4140 1851 4213 leguntur
1898 4142 1950 4197 in

355 4229 454 4284 hoc
478 4229 727 4301 symbolo
749 4229 817 4284 ad
844 4230 1226 4299 esplieandam
1253 4230 1398 4296 Filii,
1422 4240 1477 4286 et
1502 4232 1676 4286 Patris
1703 4234 1952 4288 subslan-

357 4326 480 4377 tiam
513 4338 698 4387 unam,
731 4323 1093 4393 eamdemque
1119 4337 1264 4389 esse,
1295 4333 1351 4380 et
1383 4324 1658 4395 loquendo
1689 4325 1750 4384 S.
1782 4326 1955 4383 Euse-

356 4414 471 4471 bius
501 4414 570 4470 dc
600 4413 987 4487 hypostasibus
1009 4416 1060 4469 in
1084 4430 1179 4470 sua
1211 4413 1557 4472 confessione
1581 4415 1719 4472 facta
1744 4419 1796 4472 in
1820 4432 1951 4489 syn-

355 4508 456 4563 odo
495 4506 889 4572 Alexandrina,
920 4515 976 4561 et
1014 4508 1191 4562 relata
1218 4509 1269 4563 in
1296 4507 1402 4564 fine
1423 4508 1669 4579 ejusdem
1700 4509 1949 4581 epistolae

349 4603 454 4672 jam
488 4600 721 4655 laudata:
747 4600 812 4653 ad
840 4598 1217 4656 Antiochenos
1244 4603 1319 4657 ait
1344 4619 1357 4653 :
1386 4576 1647 4669 Quantum
1677 4576 1856 4661 atlinet
1880 4608 1950 4661 ad
1977 4576 2028 4635 D

355 4693 670 4766 hypostttses,
700 4696 867 4767 fateor
894 4709 975 4749 me
1003 4711 1205 4765 quoque
1228 4696 1365 4751 idem
1395 4699 1607 4765 sentire,
1636 4716 1798 4768 neque
1818 4703 1871 4755 in
1895 4700 1950 4754 id

354 4789 518 4843 solunt
547 4789 807 4843 calculum
835 4805 1003 4843 meum
1031 4787 1192 4854 addo,
1220 4788 1312 4843 sed
1349 4790 1503 4844 etiam
1541 4791 1952 4845 incarnationem

358 4878 640 4935 Saluatoris
672 4881 834 4935 nostri
869 4881 1157 4944 consentio,
1200 4897 1316 4934 eum
1343 4881 1596 4944 videlicet,
1629 4898 1745 4936 cum
1777 4881 1952 4936 Filius

359 4971 450 5027 Dei
471 4983 625 5037 esset,
651 4972 908 5027 hominem
929 4990 1037 5027 esse
1060 4978 1278 5044 factum,
1300 4983 1350 5027 et
1372 4986 1585 5043 excepto
1611 4986 1819 5045 peccata
1842 4992 1953 5030 ont-

359 5065 461 5131 nia,
494 5080 608 5135 qua:
637 5064 816 5119 ueteris
844 5074 991 5120 erant
1020 5077 1210 5120 nostra
1230 5066 1565 5121 humanitatis
1583 5068 1948 5139 assumpsisse.

360 5156 519 5228 quue
548 5169 700 5229 prout
744 5158 892 5214 habet
919 5160 1151 5231 epistolte
1182 5169 1544 5232 argumentum
1594 5162 1722 5216 meis
1752 5161 1949 5231 suffra-

358 5252 452 5321 giis
475 5252 749 5318 conﬁrmo.

423 5344 563 5413 Quid
593 5361 725 5418 ergo
769 5346 971 5402 clarius
1023 5346 1225 5403 habere
1270 5347 1691 5417 desideramus,
1744 5359 1857 5407 tum
1885 5366 1955 5407 ex

358 5440 413 5495 8.
442 5438 765 5507 Athanasio,
795 5454 906 5495 tum
933 5454 998 5497 ex
1024 5439 1261 5510 ipsumet
1281 5442 1338 5497 S.
1362 5443 1598 5500 Eusebio
1618 5444 1955 5514 approbante

359 5548 417 5588 ea
443 5531 647 5598 omnia,
676 5548 799 5604 quze
828 5533 888 5588 8.
916 5531 1246 5588 Athanasius
1275 5535 1514 5605 scripsit.
1543 5536 1859 5606 Quinimmo
1886 5554 1953 5605 es

359 5625 410 5681 S.
444 5626 776 5697 Hieronymo
802 5624 980 5681 edocti
1004 5641 1193 5682 sumus
1222 5628 1277 5682 S.
1312 5626 1608 5691 Eusebium
1647 5631 1956 5689 Vercellen-

360 5734 464 5779 sein
506 5719 806 5775 antistitem
856 5719 1109 5788 Origenis
1152 5724 1578 5780 commentarios
1624 5726 1678 5781 in
1733 5725 1954 5783 Davidis

392 5815 592 5879 salinas
622 5814 689 5869 de
714 5812 904 5879 Graeco
931 5812 984 5878 in
1020 5812 1269 5880 Latinum
1300 5820 1648 5885 transtulisse
1668 5864 1682 5890 ,
1728 5822 1953 5902 ejusque

360 6038 391 6069 ἢ

2052 3300 2191 3367 Sed,
2236 3309 2282 3355 et
2311 3299 2374 3354 de
2415 3296 2776 3351 incarnatione
2820 3290 3036 3346 Domini
3079 3287 3504 3360 comprehensum
3550 3293 3655 3348 est,

2048 3396 2172 3467 quia
2216 3411 2402 3467 corpus
2450 3391 2588 3462 quod
2636 3396 2933 3453 susceperat
2983 3382 3274 3449 Dominus,
3334 3395 3496 3451 neque
3546 3380 3658 3431 sine

2050 3504 2202 3543 sensu
2224 3528 2237 3551 ,
2267 3500 2429 3555 neque
2472 3485 2582 3538 sine
2621 3482 2798 3536 anima
2835 3478 3159 3547 suscepisset.
3190 3472 3388 3540 Quibus
3420 3470 3660 3526 omnibus

2052 3591 2226 3646 caute,
2252 3578 2616 3648 moderateque
2652 3572 2950 3643 compositis
2976 3568 3333 3638 unusquisque
3355 3566 3538 3620 itinere
3564 3579 3657 3618 suo

2051 3691 2171 3729 cum
2198 3689 2322 3744 pace
2337 3668 2686 3742 perrexit._De
2703 3668 2852 3722 hisce
2875 3661 3188 3722 omnibusin
3202 3661 3304 3716 hac
3316 3658 3664 3715 confessione

2054 3775 2435 3840 pertractatur.
2468 3762 2779 3831 Quinimmo
2800 3759 3029 3816 Rufinus
3052 3766 3109 3813 et
3130 3756 3420 3811 Eusebium
3459 3752 3652 3809 eodem

2051 3860 2147 3916 lib.
2179 3874 2282 3930 cap
2310 3858 2415 3924 50,
2446 3857 2876 3912 circumeuntem
2908 3851 3189 3907 Orientem
3215 3892 3230 3917 ,
3260 3860 3423 3918 atque
3449 3846 3659 3902 Italiam

2054 3953 2252 4008 medici
2283 3951 2508 4022 pariter,
2541 3958 2596 4006 et
2639 3947 2939 4005 sacerdotis
2973 3946 3282 4015 fungentem
3342 3941 3522 3997 officio
3564 3941 3665 3997 dc-

2052 4046 2374 4118 scrihit,qui
2406 4046 2639 4119 singulas
2666 4059 2893 4115 quasque
2915 4040 3177 4096 Ecclesia:
3206 4040 3446 4113 abjurata
3474 4036 3662 4103 inﬁde-

2053 4143 2202 4197 litate
2224 4141 2293 4195 ad
2321 4139 2594 4193 sanitatem
2628 4147 2763 4192 recte
2788 4137 2910 4207 ﬁdei
2931 4134 3224 4198 revocabat,
3262 4133 3485 4186 maxime
3523 4131 3662 4198 quod

2056 4235 2323 4291 Hilarium
2367 4230 2834 4309 (Pictaviensem),
2886 4245 3037 4301 quem
3075 4228 3271 4280 dudum
3301 4242 3415 4279 cum
3461 4224 3657 4279 caeteris

2056 4327 2391 4402 Episcopisin
2411 4326 2651 4383 exsilium
2674 4335 2869 4378 trusum
2893 4340 3003 4375 esse
3024 4318 3438 4383 memorauimus,
3461 4332 3663 4385 regres-

2054 4438 2167 4476 sum
2186 4425 2324 4495 jam,
2356 4429 2404 4474 et
2434 4419 2489 4473 in
2521 4416 2683 4471 Italia
2714 4414 2940 4479 positum
2968 4410 3078 4466 lucc
3105 4409 3282 4463 eadem
3309 4424 3430 4477 erga
3456 4408 3661 4460 instau-

2053 4514 2247 4567 randas
2274 4508 2552 4573 Ecclesias,
2582 4506 2840 4574 ﬁdemque
2864 4512 3067 4572 patrum
3094 4500 3441 4570 reparandum
3465 4498 3659 4563 reperit

2052 4605 2367 4659 molientem.
2430 4599 2511 4655 En
2574 4597 2846 4670 quomodo
2910 4592 3052 4667 apud
3120 4592 3284 4648 Italos
3346 4601 3401 4647 et
3470 4590 3659 4647 Gallos

2052 4697 2247 4765 dogma
2276 4702 2463 4749 contra
2486 4691 2722 4749 Arianos
2741 4688 2998 4745 diffusum
3047 4696 3103 4744 et
3121 4687 3516 4758 promulgatum
3534 4682 3659 4739 fuit.

2123 4787 2309 4857 Neque
2354 4786 2640 4841 crederem
2694 4799 2782 4840 me
2832 4784 3127 4854 deceptum
3188 4782 3460 4836 dicentem
3521 4779 3661 4834 hanc

2054 4880 2476 4945 confessionem,
2512 4893 2611 4934 seu
2644 4876 2956 4950 symbolum
2987 4875 3195 4931 auctori
3240 4871 3506 4929 Breviarii
3533 4871 3663 4927 fidei

2057 4985 2269 5041 notum,
2295 4974 2439 5045 quod
2468 4972 2807 5028 Breviarium
2837 4970 2961 5025 fidei
2990 4968 3255 5024 adversus
3280 4966 3517 5022 Arianos
3541 4964 3664 5020 Bal-

2057 5072 2216 5128 lerini
2244 5070 2442 5127 fratres
2470 5070 2641 5127 Leoni
2671 5068 2713 5123 I.
2750 5068 2809 5122 8.
2841 5067 2899 5121 P.
2934 5065 2988 5120 in
3018 5064 3125 5119 fide
3152 5064 3383 5118 duorum
3410 5060 3662 5117 codicum

2058 5165 2405 5222 tribuendum
2438 5163 2667 5227 volunt,
2713 5160 2815 5216 etsi
2851 5158 2980 5214 olim
3026 5157 3391 5223 Sirmnndus,
3440 5154 3663 5211 Gallan-

2056 5259 2199 5324 dius,
2239 5267 2291 5311 et
2340 5253 2587 5310 nonnulli
2631 5253 2721 5308 alii
2771 5253 2982 5308 incerto
3023 5250 3253 5305 auctori.
3296 5248 3429 5303 Nam
3476 5247 3665 5318 plures

2058 5350 2345 5407 sententiae
2373 5350 2440 5404 de
2471 5346 2640 5402 verbo
2666 5345 2734 5401 ad
2777 5344 3003 5400 verbum
3035 5342 3378 5412 transcripta
3406 5341 3663 5411 leguntur

2062 5444 2115 5498 in
2146 5444 2258 5497 illo.
2304 5441 2567 5497 Alcuinus
2598 5454 2729 5493 vero
2772 5437 3002 5493 Flaccus
3042 5437 3094 5491 in
3139 5450 3239 5489 suo
3275 5433 3420 5488 libro
3449 5432 3517 5487 de
3559 5431 3664 5487 fide

2062 5534 2345 5591 Trinitatis
2375 5532 2441 5588 ad
2472 5531 2725 5588 Carolum
2766 5531 3036 5601 Magnum,
3082 5536 3137 5585 et
3166 5529 3217 5583 in
3257 5524 3664 5595 Qumstionibus

2062 5631 2129 5687 ad
2157 5628 2539 5700 Fredegesinm
2569 5626 2800 5696 si-arsim
2833 5624 3078 5695 quaedam
3104 5624 3287 5679 retulit
3326 5623 3446 5677 sine
3474 5629 3667 5675 aucto.

2060 5727 2136 5783 ris
2166 5725 2380 5779 immitte
2405 5764 2418 5789 ,
2444 5736 2611 5793 pauca
2645 5727 2827 5775 autem
2862 5719 3094 5774 iudicata
3125 5724 3251 5773 sunt
3280 5717 3393 5774 suis
3425 5716 3477 5773 in
3508 5715 3667 5787 locis,

2064 5836 2131 5886 ne
2162 5819 2263 5876 siin
2294 5814 2559 5902 prolixior
2585 5829 2745 5899 quam
2781 5828 2868 5874 res
2896 5813 3152 5895 postulat,

3688 5768 3799 5839 ,1-
