4010 6194
341 235 442 292 961

1527 230 1614 289 DE
1655 225 2030 288 ΤΙὶΙΧΙΤΛΤΕ
2073 225 2466 286 CONFESSIO.

3538 231 3648 290 969.

413 352 502 407 IV.
545 351 800 407 Sanctum
833 367 1046 422 quoque
1084 351 1342 423 Spiritum
1367 393 1381 418 ,
1422 367 1580 422 quem
1625 352 1836 407 tertiam
1887 350 1939 404 in
1970 355 2014 414 Α
2047 363 2302 404 sonarnm
2339 349 2647 404 nominibus
2669 391 2683 416 ,
2723 349 2881 403 Pater
2912 347 2978 402 ad
3017 347 3234 413 Filium,
3268 348 3435 404 Filius
3457 351 3521 405 ad
3546 353 3649 407 Pa-

339 445 607 500 Trinitate
640 461 926 516 personam
963 461 1150 510 unum,
1186 457 1347 515 alque
1377 445 1636 516 arqualem
1676 461 1798 500 cum
1834 444 1942 498 Deo

341 539 523 603 Patre,
549 551 601 593 et
622 539 761 593 Filio
784 539 1053 595 credimus
1075 554 1196 594 esse
1225 540 1389 594 Deum
1419 539 1580 593 unius
1602 539 1940 604 substantiae,

341 634 503 688 unius
532 642 760 700 natum,
795 649 904 688 non
935 644 1111 689 tamen
1143 634 1404 704 genitum,
1438 635 1525 689 vel
1554 644 1817 698 creatum,
1850 631 1945 686 sed

340 725 411 779 ab
446 734 678 796 utroque
724 725 1106 795 procedentem
1157 727 1440 781 amborum
1489 741 1608 782 esse
1657 725 1944 796 Spiritum.

342 819 444 874 llic
472 819 634 874 etiam
663 819 899 889 Spiritus
926 831 1146 874 sanctus
1168 861 1180 883 ,
1214 835 1312 875 nec
1343 820 1642 890 ingenitus,
1673 833 1770 874 nec
1796 817 1950 890 geni-

345 921 432 965 tus
459 910 723 966 creditur.
752 910 832 966 Ne
862 912 906 966 si
938 911 1235 982 ingenitum
1265 913 1584 980 dixerimus,
1609 913 1744 966 duos
1768 923 1950 984 patres

343 1005 721 1069 dicamus,aut
752 1006 795 1058 si
827 1004 1091 1074 genitum,
1123 1005 1262 1060 duos
1293 1006 1432 1060 lilios
1463 1005 1755 1074 pr:rdicare
1795 1023 1949 1062 mon-

343 1112 599 1156 stremus.
640 1099 794 1168 Quod
830 1108 1009 1156 tamen
1044 1115 1144 1156 nec
1179 1101 1356 1155 Patris
1397 1111 1602 1156 tantum
1630 1143 1643 1167 ,
1685 1116 1786 1157 nec
1827 1101 1949 1157 Filii

345 1203 586 1259 tantum,
619 1193 713 1248 sed
752 1193 914 1249 simul
958 1193 1165 1258 Patris,
1208 1201 1258 1246 et
1303 1192 1423 1246 Filii
1456 1193 1690 1262 Spiritus
1729 1192 1946 1249 dicitur.

343 1286 458 1342 Nec
482 1286 626 1340 enim
651 1285 717 1340 de
745 1286 903 1340 Patre
937 1284 1182 1354 procedit
1214 1286 1265 1338 itt
1298 1283 1514 1350 Filium,
1546 1285 1626 1341 vel
1659 1284 1729 1340 de
1755 1285 1894 1340 Filio
1923 1294 1948 1323 ⁸

346 1379 589 1450 procedit
618 1378 685 1434 ad
716 1379 1156 1434 sanetilicandam
1185 1389 1516 1444 creaturam,
1559 1379 1654 1434 sed
1689 1380 1852 1433 simul
1882 1380 1951 1435 ab

347 1474 590 1540 Uil’iStlue
618 1473 948 1544 processisse
981 1485 1340 1538 monstratur,
1383 1473 1508 1543 quia
1547 1471 1805 1538 Charitas,
1839 1474 1953 1529 sive

346 1567 605 1622 sanctitas
627 1567 910 1620 amborum
928 1580 1050 1620 esse
1068 1565 1399 1636 agnoscitur.
1425 1566 1520 1618 llic
1542 1565 1701 1634 igitur
1719 1563 1953 1634 Spiritus

346 1671 568 1716 sanctus
600 1659 626 1697 ιι
671 1660 867 1714 missus
905 1659 973 1714 ab
1011 1659 1288 1730 utrisque,
1334 1660 1472 1715 sicut
1515 1659 1684 1715 Filius
1721 1675 1752 1714 a
1795 1660 1953 1716 Patre

2049 452 2223 509 trem,
2272 443 2505 512 Spiritus
2543 452 2761 498 sanctus
2808 442 2874 496 ad
2923 453 3185 512 utrosque
3225 442 3485 505 refertur,
3531 460 3651 516 qua:

2046 553 2169 592 cum
2211 537 2434 592 relative
2473 545 2585 592 tres
2618 552 2862 606 persona:
2890 537 3172 602 dicantur,
3212 553 3313 592 una
3350 546 3526 594 tamen
3559 553 3656 592 na-

2051 639 2192 696 tura,
2230 630 2280 685 id
2313 639 2394 684 cst
2429 629 2730 685 substantia
2769 630 3028 685 creditur.
3067 628 3176 686 Nec
3205 630 3348 686 sicut
3387 639 3496 687 tres
3537 647 3660 703 per-

2050 740 2234 790 sonas,
2279 725 2350 778 ita
2396 736 2505 779 tres
2544 724 2875 779 substantias
2914 723 3271 794 praedicamus
3296 766 3309 790 ,
3349 723 3443 780 sed
3489 740 3651 781 unam

2048 817 2423 882 substantiam,
2459 826 2567 872 tres
2593 827 2771 872 autem
2806 832 3067 887 personas
3103 815 3146 872 ί.

2128 913 2210 967 γι.
2252 913 2406 981 Quod
2436 913 2577 968 enim
2616 913 2773 967 Pater
2801 923 2883 968 cst
2913 928 3020 966 non
3048 927 3078 966 a
3111 928 3190 978 se,
3215 913 3310 969 sed
3341 913 3407 968 ad
3437 914 3651 971 Patrem

2050 1017 2152 1063 est.
2187 1008 2481 1074 Similiter,
2519 1016 2576 1062 et
2612 1006 2844 1076 Spiritus
2882 1018 3100 1061 sanctus
3140 1023 3244 1062 non
3273 1022 3301 1061 a
3333 1022 3394 1064 se
3410 1003 3441 1069 ,’
3466 1010 3559 1065 sed
3588 1009 3657 1066 ad

2053 1103 2265 1157 Patrem
2298 1112 2348 1157 et
2373 1101 2565 1156 Filium
2590 1102 2813 1156 relative
2836 1100 3073 1156 refertur
3104 1102 3154 1156 in
3178 1117 3268 1168 eo,
3305 1103 3446 1172 quod
3482 1104 3660 1162 Patris

2053 1207 2106 1250 et
2140 1195 2259 1249 Filii
2295 1195 2530 1264 Spiritus
2565 1195 2910 1262 praedicatur.
2957 1194 3084 1250 item
3113 1210 3234 1250 cum
3263 1195 3491 1261 dicimus
3515 1196 3662 1252 Deus

2055 1303 2162 1342 non
2205 1288 2269 1342 ad
2314 1287 2517 1354 aliquid
2557 1287 2788 1355 dicitur,
2833 1289 2973 1342 sicut
3005 1288 3164 1342 Pater
3193 1288 3258 1342 ad
3301 1287 3530 1355 Filium,
3574 1287 3667 1344 vel

2053 1380 2223 1434 Filius
2248 1380 2312 1434 ad
2343 1380 2582 1447 Patrem,
2614 1380 2695 1435 vel
2727 1379 2964 1450 Spiritus
2993 1393 3212 1436 sanctus
3239 1381 3303 1436 ad
3339 1381 3575 1446 Patrem,
3603 1391 3664 1438 et

2058 1471 2285 1534 Filium,
2316 1471 2410 1526 sed
2443 1471 2509 1526 ad
2541 1487 2600 1528 se
2630 1473 2938 1542 specialiter
2968 1473 3165 1529 dicitur
3195 1475 3356 1530 Deus.
3393 1473 3525 1530 Nam
3555 1474 3660 1532 etsi

2055 1569 2122 1624 de
2151 1569 2376 1638 singulis
2411 1569 2654 1638 personis
2696 1570 3196 1639 interrogaremur,
3235 1571 3406 1626 Deum
3437 1585 3665 1628 necesse

2056 1671 2158 1725 est,
2195 1662 2483 1717 fateamur.
2523 1661 2665 1716 Deus
2714 1677 2844 1732 ergo
2878 1663 3058 1729 Pater,
3100 1663 3242 1717 Deus
3279 1661 3488 1728 Filius,
3520 1663 3666 1720 Deus

345 1753 590 1809 creditur
612 1793 626 1818 ,
659 1751 756 1808 sed
795 1753 970 1806 minor
1000 1751 1183 1817 Patre,
1217 1761 1269 1806 et
1312 1750 1447 1806 Filio
1476 1766 1581 1805 non
1627 1751 1854 1805 habetur
1901 1763 1949 1818 ο,
1985 1766 2028 1826 Β
2058 1755 2291 1826 Spiritus
2339 1765 2592 1820 sanctus,
2623 1764 2647 1802 ε
2683 1754 3030 1825 singulariter
3065 1754 3264 1811 dicitur
3291 1797 3306 1820 ,
3342 1770 3452 1810 non
3483 1764 3664 1814 tamen

349 1849 525 1913 sicut,
567 1857 621 1902 et
661 1845 855 1900 Filium
892 1855 1114 1916 propter
1149 1855 1480 1913 assumptam
1519 1860 1738 1901 carnem
1777 1847 1953 1902 mino-

349 1958 463 1997 rem
495 1939 522 1978 ιι
554 1941 712 1996 Patre
742 1950 798 1995 et
827 1939 1030 2010 Spiritu
1061 1950 1250 1996 sancto
1278 1955 1398 1996 esse
1433 1950 1712 1996 testamur.

428 2035 487 2089 V.
533 2033 660 2089 Hazc
694 2042 780 2087 est
818 2041 1006 2087 sancta
1044 2031 1317 2098 Trinitas,
1362 2040 1420 2086 ut
1459 2032 1560 2087 fert
1602 2031 1747 2088 credi
1789 2033 1958 2088 relata

351 2127 624 2193 narratio,
659 2141 782 2196 qua:
811 2141 917 2179 non
950 2124 1170 2194 triplex,
1203 2123 1298 2179 sed
1331 2124 1607 2178 a-ternitas
1637 2134 1690 2178 et
1727 2124 1829 2179 dici
1850 2167 1864 2190 ,
1906 2132 1962 2179 et

350 2223 497 2279 credi
540 2231 740 2294 potest.
782 2219 893 2275 Nec
921 2230 1071 2276 recte
1105 2218 1208 2274 dici
1247 2217 1410 2273 debet
1441 2229 1490 2272 ut
1528 2219 1578 2272 in
1612 2234 1719 2273 uno
1753 2219 1861 2273 Deo
1891 2219 1962 2273 sit

351 2315 623 2383 Trinitas,
669 2312 764 2369 sed
794 2328 936 2368 unus
971 2313 1115 2367 Deus
1144 2311 1385 2368 Trinitas
1419 2319 1441 2348 ε
1476 2310 1528 2365 in
1567 2311 1806 2366 relativis
1836 2327 1958 2381 per-

353 2454 507 2516 niret,
531 2450 775 2520 adeoque
797 2457 947 2503 recte
967 2446 1163 2520 dicitur
1183 2461 1452 2520 summum
1477 2444 1680 2499 bonum
1711 2445 1853 2520 ,lons
1870 2489 1883 2507 .
1902 2455 1957 2502 et

351 2515 506 2591 origo
532 2515 770 2576 omnium
801 2535 1006 2585 rerum,
1030 2519 1119 2589 qui
1147 2519 1266 2588 fecit
1289 2515 1537 2591 mundum
1562 2527 1609 2570 et
1635 2519 1826 2581 omnia,
1846 2534 1959 2588 qum

353 2597 405 2651 in
431 2587 488 2650 eo
519 2604 637 2648 sunt
663 2609 677 2655 ;
711 2594 794 2645 hic
822 2593 934 2646 caeli
959 2603 1002 2644 et
1032 2587 1182 2644 terrte
1211 2606 1326 2641 cum
1356 2591 1422 2641 sit
1452 2587 1703 2642 Dominus
1726 2629 1741 2654 ,
1776 2587 1873 2642 non
1901 2591 1958 2643 in

357 2667 663 2729 manuI’actis
689 2665 889 2733 templis
917 2663 1109 2716 habitat
1136 2703 1149 2724 ,
1181 2677 1272 2715 nec
1299 2661 1532 2714 manibus
1560 2661 1796 2733 humanis
1826 2663 1956 2715 coli-

359 2749 462 2804 tur,
493 2753 593 2790 non
626 2731 861 2805 indigens
896 2736 1072 2803 aliquo
1112 2749 1225 2786 cum
1253 2733 1364 2801 ipse
1401 2735 1481 2783 det
1514 2731 1754 2805 omnibus
1780 2733 1956 2798 vitam,

355 2821 404 2865 et
435 2802 918 2880 inspirationemLet
948 2802 1123 2880 omnia
1153 2805 1314 2880 (rich,
1352 2818 1481 2880 xvtt.
1507 2802 1740 2880 21,25).

434 2892 457 2918 ἰ
498 2874 758 2935 Ᾱιριιὶηιιε
803 2876 1029 2931 Flaccus
1083 2877 1159 2929 sic
1205 2875 1367 2928 habet
1419 2877 1488 2929 de
1534 2874 1728 2928 Trinit.
1775 2875 1867 2929 lib.
1921 2891 1958 2940 t,

358 2967 477 3022 Cap.
509 2953 574 3007 15
607 2967 618 3003 :
651 2950 881 3022 Spiritus
910 2946 1164 3022 siquidem
1197 2956 1521 3022 sanctusnec
1550 2947 1804 3022 ingenitus
1828 2988 1842 3010 ,
1868 2963 1964 3022 nec

360 3017 559 3090 genitus
590 3022 772 3075 alicubi
815 3018 1030 3084 dicitur,
1063 3034 1126 3072 ne
1166 3017 1210 3071 si
1248 3018 1508 3090 ingenitus
1541 3017 1796 3090 diceretur
1834 3018 1966 3070 sicut

359 3082 543 3158 Pater,
578 3096 679 3147 duo
711 3091 893 3145 Patres
934 3092 987 3144 in
1018 3082 1200 3144 sancta
1244 3082 1498 3142 Trinitate
1536 3088 1963 3157 intelligerentur.

366 3168 428 3223 Si
458 3167 658 3236 genitus
690 3166 943 3216 diceretur
961 3163 1093 3216 sicut
1139 3158 1356 3236 FiliusL
1374 3164 1477 3236 duo
1520 3159 1713 3236 ibidem
1754 3159 1877 3212 Filii
1916 3161 1969 3212 in

363 3229 543 3294 eadem
571 3236 943 3291 wstitttarentnr
974 3249 1080 3286 esse
1106 3243 1283 3284 saneta
1319 3229 1591 3294 Trinitate,
1623 3232 1713 3285 sed
1741 3241 1972 3285 tantum-

547 3275 820 3378 ρῖοσέάιγε
845 3306 908 3378 de
929 3304 1090 3378 Patre
1116 3315 1160 3356 et
1189 3275 1664 3378 Ftl_io,sal_pa_ﬁ'de,
1697 3303 1966 3378 dicendus.
1999 3275 2043 3337 (ἶ

369 3383 473 3448 Qui
498 3372 663 3434 tamen
695 3394 794 3431 non
826 3377 889 3429 de
921 3373 1326 3448 Patreprocedit
1354 3375 1403 3427 in
1434 3372 1651 3448 Filium,
1677 3383 1721 3428 cl
1747 3375 1808 3427 de
1833 3373 1972 3448 Filio

368 3446 601 3524 procedit
644 3449 714 3524 ad
748 3447 1177 3524 sanctificandam
1229 3457 1550 3524 creaturam,
1592 3446 1727 3524 sicut.
1765 3446 1974 3524 quidam

369 3517 507 3578 male
527 3523 866 3589 intelligentes
887 3519 1196 3589 credendum
1219 3534 1328 3569 esse
1349 3517 1616 3589 putabant,
1639 3517 1727 3569 sed
1754 3521 1815 3568 de
1837 3527 1980 3589 utro-

369 3613 465 3666 que
478 3579 853 3667 procedit",quia
865 3589 1024 3667 Pater
1038 3588 1189 3642 talem
1212 3579 1386 3659 genuit
1403 3585 1623 3667 ilium,
1641 3600 1702 3667 .ut
1725 3585 1975 3654 quemad-

372 3658 583 3720 modum
596 3670 658 3719 de
675 3658 823 3729 se,ita
841 3663 904 3716 de
918 3663 1007 3715 illo
1030 3658 1226 3730 quoque
1243 3659 1486 3723 procedat
1504 3658 1734 3727 Spiritus
1749 3668 1976 3710 sumtus.

443 3738 470 3776 ι)
516 3739 574 3792 Si
608 3741 738 3808 forte
767 3737 893 3808 dicit
923 3733 1111 3800 aliquis
1141 3747 1160 3784 :
1189 3730 1317 3783 Ideo
1347 3731 1514 3808 minor
1542 3741 1616 3808 est
1642 3730 1763 3808 quia
1795 3730 1981 3808 missus

373 3810 585 3880 legitur,
608 3799 666 3861 ἐι
693 3807 818 3880 quid
841 3805 1071 3880 dicturus
1100 3813 1173 3880 est
1201 3819 1316 3880 cum
1341 3802 1459 3880 legit
1485 3803 1537 3854 in
1561 3799 1706 3880 Isaia
1734 3805 1980 3870 propheta

373 3872 445 3936 ea?
481 3872 714 3949 persona
746 3876 936 3932 Christi
976 3875 1192 3949 dicentis
1218 3891 1250 3949 _:
1285 3875 1544 3949 Dominus
1579 3872 1723 3949 misit
1770 3888 1892 3937 tne,
1929 3880 1984 3926 et

376 3945 611 4022 Spiritus
659 3949 816 4017 ejus;
877 3957 922 4002 et
975 3945 1102 3999 alibi
1149 3962 1162 4022 ς
1211 3946 1447 4022 Spiritus
1501 3945 1984 4022 Dominussuper

378 4016 584 4079 me...”
633 4016 903 4086 Quomodo
939 4034 1059 4090 ergo
1094 4017 1263 4090 minor
1295 4016 1576 4090 credendus
1608 4027 1678 4070 est
1709 4016 1796 4085 qui
1823 4017 1985 4090 etiam

379 4093 544 4158 Deus,
579 4096 666 4164 qui
693 4094 824 4146 sicut
855 4094 961 4164 ipse
989 4086 1205 4164 (aqualis
1231 4096 1304 4142 est
1338 4086 1789 4164 I’atri._ita_auct.
1820 4087 1979 4141 Brcv.

379 4167 503 4222 lidei
527 4157 788 4219 adversus
829 4157 1076 4216 Arianos.
1108 4162 1273 4215 Sirtn.
1307 4176 1424 4230 pag.
1457 4159 1584 4213 25L
1614 4159 1673 4212 Β.
1706 4157 1767 4212 C.

456 4249 476 4276 ε
523 4233 1003 4292 Evidentissimum
1033 4242 1115 4288 est
1144 4248 1208 4286 ex
1254 4227 1523 4286 historicis
1554 4230 1806 4283 omnibus
1836 4227 1989 4283 Soci-

383 4310 574 4366 nianos
604 4349 618 4373 ,
671 4305 1092 4362 Macedonianos
1123 4345 1138 4368 ,
1184 4312 1346 4372 atque
1395 4303 1627 4355 Arianos
1662 4342 1675 4366 ,
1724 4299 1988 4369 Spiritum

382 4389 626 4437 sanctum
670 4379 874 4432 nullum
917 4390 1038 4431 esse
1075 4383 1275 4444 pra-ter
1313 4373 1697 4428 charismatum
1740 4387 1987 4436 mttncra,

383 4452 528 4524 quod
551 4451 747 4524 falsum
779 4464 965 4504 eorum
997 4447 1213 4514 dogma,
1241 4456 1510 4524 tamquam
1544 4444 1876 4524 contrarium
1907 4457 1994 4524 sa-

383 4514 494 4579 cra:
543 4522 840 4590 Scriptura:
900 4527 956 4573 et
999 4529 1310 4590 sanctorum
1373 4514 1592 4590 Patrum
1665 4514 1991 4590 testimoniis

386 4597 575 4650 Patres
617 4588 831 4648 concilii
876 4589 1078 4645 Nicmni
1105 4631 1120 4654 ,
1153 4597 1210 4643 et
1235 4588 1586 4644 Alexandrini
1614 4589 1990 4649 OSIendernnt,

388 4676 502 4721 tum
533 4667 718 4718 Matth.
745 4677 930 4725 xxvrtt,
958 4661 1045 4725 19,
1071 4670 1124 4714 et
1151 4661 1372 4715 historia
1402 4661 1624 4714 Anania:
1647 4660 1769 4714 Act.
1796 4675 1848 4723 v,
1873 4673 1992 4711 cum
2022 4661 2076 4720 D

389 4737 543 4793 Pauli
575 4736 752 4791 verbis
786 4735 963 4788 lla-bc.
994 4747 1072 4791 In.
1104 4731 1124 4785 ι
1153 4733 1217 4785 ad
1248 4730 1560 4786 Corinthios
1585 4747 1664 4793 III,
1696 4742 1752 4785 ut
1781 4731 1998 4781 omitta-

393 4824 516 4864 mus
539 4807 754 4863 Veteris
775 4805 1109 4860 'l‘e5tamenti
1139 4805 1490 4858 auctoritates
1519 4804 1761 4871 pluribus
1788 4800 1842 4854 in
1868 4797 2000 4852 locis

394 4881 596 4936 relatas
621 4895 648 4930 :t
680 4877 886 4932 sanctis
915 4875 1161 4930 Patribus
1183 4916 1196 4936 ,
1224 4882 1280 4930 et
1307 4874 1554 4927 conciliis
1578 4915 1591 4937 ,
1620 4884 1678 4927 ut
1707 4873 2001 4942 probarent

395 4961 449 5004 et
478 4950 820 5005 existi-ratium
863 4948 920 5004 S.
948 4946 1183 5014 Spiritus
1209 4987 1223 5011 ,
1257 4944 1593 4999 divinitatem
1621 4987 1636 5010 ,
1669 4955 1722 4998 et
1754 4942 2000 4997 eamdem

394 5037 518 5077 cum
546 5023 725 5086 Patre,
749 5031 803 5075 ιιι
823 5019 962 5074 Filio
983 5018 1296 5087 dignitatem
1321 5029 1480 5085 atque
1505 5018 1864 5082 maiestatem.
1893 5014 2004 5068 Hoc

395 5095 593 5164 dogma
615 5093 744 5146 illud
768 5097 874 5155 est,
899 5091 1042 5164 quod
1079 5089 1606 5164 littlinttsmetnorat
1635 5088 1687 5164 in
1712 5102 1804 5139 sua
1836 5087 2006 5164 histo-

397 5156 495 5220 ria'
525 5163 694 5218 luisse
736 5179 764 5216 a
809 5156 1043 5217 concilio
1086 5160 1460 5215 Alexandrino
1505 5159 1786 5212 definitum
1837 5156 2003 5230 (Hist.

399 5237 525 5291 eccl.
557 5236 644 5288 lib.
681 5251 736 5294 ι.
765 5250 881 5302 cap.
914 5233 984 5286 29
1011 5274 1025 5298 ,
1064 5249 1185 5303 pag.
1214 5231 1644 5303 21l).ﬂAdditur,
1677 5230 1771 5295 ait,
1802 5229 2010 5303 sane‘in

398 5308 492 5362 illo
536 5307 742 5360 concilii
786 5299 987 5359 decreto
1041 5299 1196 5356 etiam
1245 5299 1554 5370 tle'Spititu
1593 5313 1768 5355 sancto
1809 5299 2013 5371 plenior

402 5379 688 5448 disputatio
712 5420 726 5448 ,
753 5388 808 5429 ut
849 5375 1093 5448 eiusdenr
1117 5374 1445 5448 substantite,
1483 5390 1545 5426 ac
1589 5373 1790 5448 deitatis
1815 5414 1830 5439 ,
1864 5373 2012 5441 cujus

404 5445 589 5515 Pater,
615 5461 659 5503 et
684 5447 855 5503 Filius
879 5449 1030 5501 etiam
1057 5445 1287 5519 Spiritus
1311 5446 1852 5519 sanctuscrederetur,
1880 5459 2010 5519 prte-

403 5513 613 5576 l'erente
637 5521 694 5577 S.
721 5520 936 5574 Asterio
961 5513 1306 5587 procuratore
1327 5517 1589 5580 Orientis,
1621 5527 1675 5570 et
1696 5515 1753 5571 S.
1784 5513 2018 5587 Eusebio

405 5592 718 5648 Occidentis
754 5586 1038 5654 Ecclesiae,
1080 5606 1200 5660 qua:
1233 5597 1412 5643 autem
1446 5591 1626 5643 omnia
1657 5589 1814 5655 plane
1843 5586 2024 5660 discu-

410 5666 617 5718 tiutttur
665 5666 716 5718 in
753 5662 1028 5716 Breviario
1080 5655 1202 5716 [idei
1253 5661 1516 5713 adversus
1558 5660 1794 5715 Arianos
1842 5655 2023 5725 (Bibl.

415 5733 538 5789 Pat.
574 5735 821 5789 Galland.
857 5743 980 5788 tom.
1017 5730 1126 5788 Vlll
1147 5774 1162 5797 ,
1215 5748 1336 5802 pag.
1369 5732 1472 5787 592
1504 5742 1550 5786 et
1576 5729 1708 5801 seq.)
1737 5771 1751 5794 ,
1783 5729 2028 5802 adeoque

413 5821 537 5883 qum
569 5808 622 5863 in
652 5804 971 5881 praefatione
1010 5799 1323 5862 notavimus
1352 5803 1441 5861 hic
1469 5799 2026 5873 clarins'probantur.

2063 1856 2173 1902 tres
2207 1848 2321 1912 Dei,
2349 1847 2442 1902 sed
2468 1863 2604 1901 unus
2627 1853 2712 1903 est
2735 1847 2899 1902 Deus.

2140 1939 2251 1995 VII.
2279 1939 2432 2003 item,
2457 1951 2510 1995 et
2535 1939 2699 1996 Pater
2725 1940 3091 2010 omnipotens,
3123 1950 3177 1996 et
3207 1941 3379 1997 Filius
3409 1941 3664 2013 omnipo-

2071 2043 2211 2100 tens,
2238 2044 2293 2088 et
2319 2033 2553 2102 Spiritus
2581 2042 2804 2088 sanctus
2831 2035 3180 2103 omnipotens
3211 2033 3564 2104 singulariter
3590 2033 3674 2090 di-

2068 2136 2288 2192 cuntur,
2315 2142 2413 2181 nec
2444 2136 2622 2180 tamen
2657 2137 2768 2180 tres
2796 2125 3233 2196 omnipotentes,
3264 2126 3357 2182 sed
3388 2141 3528 2181 unus
3551 2141 3672 2182 om-

2073 2220 2345 2290 nipotens.
2395 2219 2586 2286 Sicut,
2621 2227 2675 2274 et
2699 2235 2862 2273 unum
2898 2219 3080 2274 lumen
3107 2216 3135 2256 ¹ι
3169 2235 3442 2290 unumque
3471 2219 3672 2288 princi-

2073 2311 2219 2381 pium
2250 2311 2598 2380 praedicatur.
2646 2310 3012 2381 Singulariter
3059 2324 3188 2382 ergo
3239 2320 3297 2366 ut
3333 2325 3671 2384 unaquaque

2063 2446 2372 2514 Quinimmo
2403 2461 2584 2510 nemo,
2619 2455 2678 2501 ut
2707 2447 2963 2514 sciamus,
3005 2446 3108 2502 hoc
3135 2447 3328 2518 dogma
3369 2449 3527 2505 nobis
3549 2449 3676 2506 reli-

2063 2519 2179 2589 quit
2205 2518 2500 2573 simillimis
2529 2519 2706 2573 verbis
2729 2521 3124 2585 Conscriptum.

2135 2589 2160 2627 ιι
2207 2589 2317 2642 Nos
2359 2592 2493 2643 enim
2519 2590 2762 2644 catholici
2805 2590 3085 2644 Dominum
3123 2589 3296 2646 Deum
3322 2602 3555 2646 nostrum
3582 2591 3677 2648 Je-

2063 2679 2173 2716 sum
2203 2660 2486 2722 Christum,
2521 2670 2570 2714 et
2595 2663 2843 2733 minorem
2866 2662 3088 2716 dicimus
3116 2661 3301 2724 Patre,
3331 2674 3378 2719 et
3401 2666 3673 2733 azqualem.

2065 2733 2324 2806 Minorem
2356 2744 2564 2801 propter
2585 2732 2956 2787 humanitatem
2978 2747 3314 2806 assumptum,
3339 2732 3466 2804 quia
3487 2753 3603 2790 cum
3624 2736 3679 2789 in

2065 2809 2234 2878 {arma
2261 2804 2372 2878 Dei
2414 2813 2544 2858 esset
2570 2846 2607 2878 ,η
2618 2809 2838 2875 formam
2865 2805 3000 2859 servi
3045 2804 3258 2860 induere
3298 2808 3539 2878 dignatus
3563 2808 3676 2877 :esl.

2069 2875 2349 2951 {Equalem
2393 2892 2509 2951 vero
2555 2875 2778 2951 dicimus
2807 2887 3035 2951 propter
3079 2879 3318 2951 deitatem
3357 2875 3684 2951 perpetuam.

2067 2946 2378 3002 lta'auctor
2433 2948 2696 3018 Breviarii
2751 2946 2874 3002 lid'ei
2927 2947 3192 3003 adversus
3246 2946 3480 3003 Ariano's
3533 2950 3680 3018 apud

2072 3019 2351 3073 Sirmund.
2402 3019 2534 3073 edit.
2591 3017 2781 3072 Venet.
2812 3028 2943 3073 tom.
2983 3018 3046 3085 Il,
3097 3019 3369 3088 pag.195.
3418 3021 3486 3076 Ει
3524 3017 3684 3089 paulo

2075 3101 2195 3159 post
2221 3092 2293 3165 ait
2314 3108 2337 3165 _:
2368 3089 2496 3165 Cum
2521 3106 2774 3156 nusquam
2803 3093 3014 3144 omnino
3041 3089 3185 3165 Deus
3209 3093 3378 3145 minor
3409 3109 3517 3147 esse
3544 3093 3687 3165 lega-

2076 3173 2189 3225 tur,
2223 3163 2322 3215 nisi
2360 3170 2411 3214 ut
2442 3163 2633 3214 dictum
2679 3171 2750 3214 est
2788 3172 2997 3231 propter
3039 3163 3475 3231 dispensationem
3512 3163 3686 3219 carnis

2075 3244 2376 3300 assumptte,
2413 3235 2464 3285 in
2491 3250 2592 3300 qua
2614 3249 2713 3286 non
2745 3236 2911 3287 solum
2938 3233 3000 3286 ab
3027 3235 3227 3303 angelis
3255 3236 3542 3289 minoratus
3573 3247 3646 3290 est
3668 3276 3685 3303 ,

2076 3307 2168 3358 sed
2197 3316 2244 3358 et
2276 3315 2436 3358 matre
2461 3321 2552 3375 sua
2565 3305 2751 3375 jnnior
2773 3305 3052 3375 inuenitur,
3082 3306 3214 3375 sicut
3228 3306 3342 3374 jam
3365 3306 3613 3360 diximus.

2155 3386 2176 3411 θ
2221 3376 2474 3428 Alcuintts
2504 3373 2728 3428 Flaccus
2752 3375 2844 3429 lib.
2872 3390 2895 3446 t_
2917 3376 2986 3430 de
3013 3373 3145 3429 Fide
3169 3373 3450 3429 Trznitatis
3476 3392 3596 3446 cap.
3627 3377 3681 3445 4,

2081 3462 2200 3515 pag.
2229 3446 2352 3505 710,
2371 3447 2444 3498 ait
2471 3463 2483 3497 :
2513 3446 2760 3510 Quwdam
2784 3446 2846 3498 de
2871 3444 2978 3498 Deo
2995 3446 3400 3501 substantialiter
3419 3444 3688 3516 dicuntur,

2080 3528 2132 3570 ut
2159 3529 2232 3571 est
2263 3516 2401 3570 Deus
2431 3533 2648 3587 magnus
2679 3517 3026 3582 omnipotens,
3051 3518 3302 3587 quidquid
3330 3519 3398 3571 ad
3427 3535 3481 3572 se
3501 3519 3690 3574 dicitur

2080 3589 2215 3641 idem
2255 3586 2589 3659 substantiam
2624 3586 2940 3659 Divin_itatis.
2986 3586 3235 3659 Quazdam
3268 3589 3439 3659 itaque
3480 3591 3694 3646 relative

2083 3661 2346 3723 dicuntur,
2378 3669 2431 3712 ut
2460 3657 2618 3712 Pater
2648 3659 2714 3711 ad
2744 3656 2966 3719 Filium,
2997 3669 3042 3712 et
3079 3658 3247 3713 Filius
3278 3656 3612 3725 ad'Patrem,
3641 3671 3692 3718 et

2084 3731 2314 3802 Spiritus
2351 3743 2559 3802 sanctus
2596 3729 2808 3783 relative
2827 3730 2904 3802 ad
2933 3729 3165 3796 Patrem,
3206 3741 3251 3785 et
3281 3731 3328 3785 F
3331 3733 3514 3799 ilium,
3546 3735 3614 3787 ad
3641 3750 3696 3789 se

2083 3800 2254 3856 autem
2299 3803 2402 3855 sive
2451 3800 2638 3872 Pater,
2679 3802 2782 3872 siue
2814 3800 3022 3868 Filius,
3054 3802 3440 3872 siuaSpiritus
3487 3817 3697 3863 sanctus

2089 3873 2227 3949 Deus
2253 3873 2463 3927 dicitur.
2511 3871 2697 3949 Itaque
2722 3871 2903 3949 Pater,
2934 3890 2992 3927 eo
3021 3891 3124 3949 quo
3157 3871 3416 3949 Deus__est,
3454 3880 3550 3932 hoc
3579 3880 3696 3949 ipso

2085 3947 2371 4018 substantia
2383 3955 2471 4018 _est
2496 3987 2508 4008 ,
2535 3947 2656 4018 quia
2697 3945 2928 4015 ejusdem
2957 3945 3254 4000 substantia:
3284 3946 3486 4014 Filius,
3517 3945 3700 4018 procul

2087 4017 2265 4089 dubio,
2293 4028 2340 4070 et
2372 4015 2735 4089 Filius_Deus,
2779 4017 3007 4089 Spiritus
3035 4027 3241 4072 sanctus
3273 4018 3429 4073 Deus.
3479 4015 3545 4074 At
3581 4035 3700 4074 vero

2089 4088 2254 4162 Deus,
2283 4105 2337 4141 eo
2370 4090 2508 4159 quod
2539 4087 2698 4142 Pater
2720 4097 2793 4142 est
2824 4087 3272 4162 i-elatiue_t_licitur,
3306 4092 3428 4162 quia
3450 4108 3553 4145 non
3579 4091 3702 4144 sub-

2088 4161 2294 4231 stantia:
2317 4158 2499 4213 nomen
2526 4202 2540 4225 ,
2573 4162 2663 4213 sed
2689 4162 2908 4231 refertur
2935 4161 3006 4213 ad
3036 4158 3256 4213 Filium.
3305 4158 3430 4214 Non
3459 4164 3534 4216 sic
3565 4163 3699 4214 dici—

2090 4249 2203 4287 mus
2217 4229 2266 4283 F
2271 4232 2417 4285 ilium
2439 4231 2650 4285 Patrem
2671 4229 2781 4285 esse
2801 4231 3059 4294 quo-modo
3082 4233 3299 4286 dicintus
3318 4231 3515 4286 Filium
3529 4231 3700 4285 Deum.

2091 4320 2218 4367 esse,
2247 4320 2336 4358 nec
2360 4304 2432 4356 ita
2460 4302 2682 4354 dicimus
2711 4301 2918 4355 Patrem
2944 4300 3138 4354 Filium
3167 4317 3296 4362 esse.
3327 4304 3457 4356 sicut
3481 4304 3704 4357 dicimus

2093 4374 2262 4428 Deum
2292 4390 2400 4427 esse
2421 4415 2434 4436 ,
2468 4374 2587 4437 quia
2614 4371 2755 4426 Deus
2781 4371 3192 4426 substantialiter
3221 4372 3416 4428 dicitur
3443 4373 3622 4437 Pater,
3656 4384 3706 4429 et

2095 4445 2286 4507 Filius,
2325 4455 2369 4498 et
2403 4445 2633 4514 Spiritus
2668 4453 2877 4495 sanctus
2905 4444 3115 4514 relative
3153 4443 3416 4499 dicuntur.
3455 4444 3705 4514 Prorsus,

2095 4527 2140 4570 et
2161 4517 2389 4586 Spiritus
2413 4513 2619 4569 sanctus
2633 4514 2844 4567 relative
2862 4513 3050 4568 dicitur
3089 4515 3155 4586 ad
3175 4514 3385 4572 Patrem
3417 4528 3462 4572 et
3486 4513 3706 4586 Filium,

2095 4586 2185 4641 sed
2207 4585 2310 4638 non
2338 4586 2516 4638 eodem
2548 4586 2700 4638 modo
2727 4601 2830 4652 quo
2860 4585 2994 4638 inter
3023 4602 3077 4640 se
3102 4585 3261 4641 Pater
3288 4599 3335 4643 et
3367 4587 3555 4644 Filius.

2178 4657 2195 4694 ί
2241 4657 2527 4711 Credantur
2549 4671 2668 4729 ergo
2694 4667 2793 4711 tres
2824 4673 3074 4729 personat,
3099 4661 3188 4712 sed
3218 4676 3320 4714 non
3347 4671 3448 4716 tres
3471 4661 3710 4716 substan-

2103 4731 2227 4794 tia";
2256 4739 2355 4782 tres
2387 4727 2726 4797 proprietates
2751 4770 2767 4795 ,
2799 4727 2890 4782 sed
2928 4746 3028 4782 non
3063 4741 3165 4784 tres
3209 4742 3505 4798 potestates.
3545 4732 3709 4790 Brev.

2105 4801 2196 4855 lid.
2227 4799 2355 4871 adv.
2387 4799 2572 4871 Ariani.
2609 4799 2774 4857 Sirm.
2811 4811 2941 4854 tum.
2977 4799 3021 4865 l,
3055 4816 3175 4871 pag.
3199 4802 3329 4858 295.

2178 4881 2202 4918 ε
2237 4869 2379 4924 Nam
2403 4872 2444 4924 si
2468 4869 2758 4925 Ecclesium
2803 4869 3114 4925 catholicam
3135 4869 3429 4941 interrogas
3458 4876 3522 4930 de
3552 4875 3712 4934 Patre

2105 4944 2230 5012 quid
2258 4946 2324 4998 sit
2350 4985 2362 5007 ,
2407 4943 2536 4996 dicit
2564 4941 2754 5007 Deum,
2775 4944 2863 4996 sed
2885 4955 2930 4994 et
2967 4941 3162 4997 Filium
3185 4946 3309 5000 dicit
3338 4935 3530 5013 Deum,
3561 4949 3649 5004 sed
3670 4957 3718 5003 ct

2110 5016 2366 5084 Spiritum
2411 5024 2646 5068 sanctum
2675 5014 2796 5067 dicit
2827 5013 3028 5084 Deum,
3053 5027 3100 5068 et
3133 5027 3302 5072 tamen
3328 5035 3431 5073 non
3457 5020 3580 5074 dicit
3614 5031 3717 5075 tres

2114 5087 2270 5142 Deos.
2304 5087 2527 5149 ibidem,
2563 5097 2617 5138 et
2647 5087 2786 5157 apud
2810 5083 3065 5141 Galland.
3099 5086 3238 5143 Bibl.
3273 5089 3377 5145 PP.
3415 5103 3549 5146 tom.
3582 5090 3719 5157 VIII,

2114 5173 2236 5229 pag.
2272 5159 2414 5229 5927,
2449 5167 2641 5229 qumst.
2673 5155 2761 5211 i9.

2185 5227 2214 5266 ιι
2246 5231 2306 5282 ι).
2341 5226 2614 5294 Numquid
2641 5226 2788 5280 aliud
2827 5227 3006 5298 lumen
3037 5241 3110 5285 est
3145 5229 3305 5287 Pater
3329 5274 3341 5298 ,
3375 5244 3421 5287 et
3452 5233 3600 5288 aliud
3632 5233 3729 5288 Fi-

2117 5301 2215 5354 lius
2243 5301 2268 5353 ?
2301 5300 2393 5370 n.7,
2412 5300 2753 5370 Nequaquam
2779 5297 2926 5352 aliud
2952 5339 2968 5362 ,
3001 5303 3091 5355 sed
3126 5320 3282 5357 unum
3311 5297 3483 5359 lumen
3510 5315 3582 5360 est
3616 5304 3727 5359 Pa-

2119 5381 2193 5425 ter
2218 5411 2232 5434 ,
2268 5383 2313 5426 et
2346 5369 2518 5425 Filius
2551 5371 2684 5424 sicut
2711 5387 2818 5424 una
2846 5372 3152 5429 substantia.
3196 5374 3327 5430 Ideo
3362 5388 3499 5431 recte
3535 5378 3727 5431 dicitur

2121 5441 2295 5513 lumen
2322 5444 2385 5496 de
2414 5442 2610 5513 lumine
2635 5483 2652 5509 ,
2677 5443 2809 5495 sicut
2837 5440 2979 5497 Deus
3001 5444 3065 5498 de
3095 5445 3202 5500 Deo
3221 5488 3235 5513 ,
3266 5449 3398 5502 sicut
3426 5465 3559 5503 unus
3583 5447 3727 5503 Deus

2125 5526 2197 5569 est
2229 5512 2408 5571 Pater.
2440 5527 2489 5571 et
2520 5512 2714 5571 Filius.
2739 5515 2812 5566 ita
2843 5531 3004 5568 unum
3027 5516 3200 5571 lumen
3224 5512 3322 5572 est.
3356 5519 3434 5575 Ita
3469 5522 3730 5576 Alcuinus

2129 5585 2276 5663 Flac.
2307 5588 2371 5663 ad
2399 5585 2751 5663 Fredegisum
2783 5585 2851 5639 de
2872 5584 3073 5663 Trinit.
3096 5589 3274 5663 Δ(17.19,
3301 5606 3354 5663 p.
3385 5590 3510 5646 766.
3531 5593 3730 5663 Quem-

2127 5658 2406 5711 admodum
2453 5659 2589 5733 enim
2619 5673 2825 5733 ea:un
2857 5660 2968 5733 face
2993 5659 3146 5733 multi
3174 5658 3320 5733 ignei
3348 5658 3726 5732 accenduntur,

2133 5747 2223 5785 nec
2254 5742 2423 5784 tamen
2455 5730 2638 5800 prima:
2681 5729 2812 5798 facis
2843 5727 2904 5781 ob
2948 5730 3124 5800 plures
3165 5727 3406 5790 accensas
3451 5727 3758 5868 (item-

2133 5801 2457 5858 imminuitur
2483 5817 2503 5868 ;
2553 5801 2626 5858 sic
2657 5799 2869 5858 verbum
2900 5816 2966 5860 ex
2993 5799 3174 5864 Patris
3217 5807 3448 5868 potentia
3487 5823 3552 5868 nr

2133 5799 2503 5871 imminuitur;
2553 5801 2626 5858 sic
2657 5799 2869 5858 verbum
2900 5799 2966 5860 ex
2993 5799 3174 5864 Patris
3217 5799 3462 5882 potentia
3487 5823 3552 5884 pr
