4024 6192
461 248 568 316 965

1567 247 1816 307 SANCTI
1855 231 2131 306 sessui!
2175 237 2692 320 \‘EtiCELLENSts
3651 253 3730 310 9m

462 388 691 444 persona
738 372 932 441 plenus
983 369 1158 435 Deus,
1207 377 1262 421 ct
1314 376 1441 422 totae
1493 375 1603 422 tres
1639 381 1885 436 personae
1924 381 2064 421 unus
2091 365 2145 426 Α
2171 365 2332 435 igitur
2363 369 2415 421 in
2451 382 2806 438 personarum
2835 366 3203 422 distinctione
3234 367 3574 438 agnoscimus
3601 411 3613 430 ,
3643 375 3734 425 uui-

466 469 607 523 Deus
630 464 940 529 confitetur,
967 474 1019 519 et
1041 462 1283 518 creditur
1299 479 1401 517 una
1426 463 1531 518 illis
1558 478 1662 517 non
1687 462 1880 530 divisa,
1906 472 2066 532 atque

459 558 683 628 :eqn.iIis
716 561 994 626 maiestas,
1029 557 1226 621 deitas,
1257 566 1419 624 atque
1449 566 1711 624 potestas,
1742 571 1844 611 nec
1888 557 2066 610 mino-

465 662 614 706 ratur
640 661 664 686 ιι
699 652 751 705 in
783 649 1030 720 singulis,
1061 664 1161 704 nec
1192 663 1421 719 augetur
1447 649 1497 702 in
1529 647 1720 702 tribus.

539 745 670 801 VIII.
697 745 830 810 Quia
863 760 966 798 nec
993 742 1193 813 aliquid
1224 743 1378 796 abest
1409 757 1532 795 cum
1568 755 1905 811 unaquaeque
1941 756 2067 808 per-

466 858 598 897 stina
627 841 772 894 Deus
805 837 1151 909 singulariter
1196 836 1396 890 dicitur
1416 877 1431 901 ,
1482 851 1580 890 nec
1624 827 1858 905 amplius
1887 832 1913 870 ι)
1942 849 2065 888 cum

466 947 592 990 tota:
621 946 729 989 tres
759 947 1006 1002 personae
1039 944 1176 984 unus
1202 929 1346 983 Deus
1374 929 1709 982 enuntiatur.
1763 925 1891 980 Hice
1936 940 2068 995 ergo

469 1040 653 1082 sineta
695 1024 959 1086 Trinitas,
990 1037 1108 1091 quae
1140 1035 1279 1073 unus
1301 1029 1423 1083 est,
1468 1029 1521 1072 et
1565 1033 1727 1072 verus
1777 1017 1918 1073 Deus
1958 1033 2065 1071 non

461 1123 667 1180 recedit
694 1137 723 1175 a
755 1135 983 1174 numero
1007 1160 1021 1183 ,
1067 1132 1170 1173 nec
1207 1118 1422 1186 capitur
1465 1132 1695 1171 numero
1729 1126 1772 1166 α.
1827 1115 1881 1169 In
1920 1115 2066 1170 rela-

465 1218 613 1270 tione
644 1215 787 1267 enim
818 1226 1172 1278 personarum
1201 1225 1466 1264 numerus
1491 1209 1756 1264 cernitur.
1785 1208 1843 1263 In
1872 1208 2068 1262 divini-

465 1308 590 1361 tatis
633 1321 761 1359 vero
807 1302 1109 1357 substantia
1153 1301 1282 1372 quid
1334 1301 1734 1354 ituiunterattmi
1794 1301 1904 1367 sit,
1957 1315 2065 1354 non

463 1395 972 1465 comprehenditur.
1000 1395 1140 1465 Ergo
1164 1394 1267 1448 hoc
1289 1394 1466 1449 solum
1496 1410 1778 1449 numerum
1806 1393 2064 1456 insinuat,

464 1491 608 1560 quod
638 1491 704 1546 ab
737 1489 969 1543 invicem
1000 1496 1128 1542 sunt
1154 1529 1168 1551 ,
1197 1495 1255 1542 et
1281 1488 1332 1540 in
1363 1487 1466 1540 hoc
1493 1488 1668 1542 Solum
1703 1501 1934 1540 numero
1975 1501 2069 1540 ca-

465 1595 608 1649 rent,
638 1583 780 1653 quod
807 1582 874 1636 ad
905 1597 963 1636 se
993 1578 1186 1636 suntd.
1222 1579 1360 1635 Nam
1393 1581 1464 1634 ita
1496 1579 1624 1634 huic
1653 1589 1860 1635 sancta:
1889 1579 2069 1634 Trini-

465 1678 557 1732 tati
604 1693 771 1730 unum
805 1675 1056 1729 naturale
1087 1674 1347 1728 convenit
1391 1689 1586 1727 nomen
1614 1715 1628 1738 ,
1678 1682 1735 1726 ut
1787 1673 1838 1726 in
1890 1672 2065 1726 tribus

2174 469 2335 514 tatem
2371 469 2591 530 propter
2619 469 2867 516 naturam
2893 461 2977 516 vel
3016 461 3403 514 substantiam
3455 463 3736 530 profitemur.

2170 551 2295 605 Tria
2325 568 2456 622 ergo
2483 555 2583 607 ista
2618 569 2786 608 unum
2819 565 2945 606 sunt
2976 562 3175 608 natura
3213 555 3470 616 scilicet,
3523 571 3616 609 non
3649 573 3739 625 per-

2171 660 2326 709 sona,
2364 660 2463 700 nec
2489 654 2668 700 tamen
2705 657 2816 701 tres
2843 646 2963 700 ista:
2995 661 3264 715 personae
3305 649 3633 718 separabiles
3655 654 3744 707 exi-

2167 736 2453 789 stimanda:
2481 748 2611 792 sunt
2635 779 2648 803 ,
2678 754 2800 792 eum
2834 748 2856 772 ε
2893 739 3038 792 nulla
3063 751 3203 794 ante
3237 741 3408 794 aliam
3438 782 3451 804 ,
3497 742 3628 796 nulla
3656 755 3748 812 post

2169 829 2328 881 aliam
2357 870 2372 892 ,
2426 829 2571 882 nulla
2604 829 2724 885 sine
2753 831 2855 885 alia
2892 831 2973 885 vel
3005 833 3303 886 exstitisse
3332 875 3346 895 ,
3382 833 3467 887 vel
3514 835 3744 905 quidpiam

2169 937 2429 989 operasse
2457 921 2748 992 aliquando
2781 925 3056 978 credatur.
3091 923 3515 995 Inseparabilcs
3541 928 3668 982 cnim
3689 931 3748 983 in-

2171 1013 2460 1068 veniuntur
2479 1023 2534 1066 et
2558 1014 2713 1080 ineo,
2739 1014 2881 1085 quod
2901 1025 3050 1081 sunt,
3071 1026 3132 1069 et
3164 1019 3219 1070 in
3255 1033 3326 1071 eo
3355 1018 3498 1085 quod
3525 1019 3744 1084 laciunt‘;

2169 1108 2240 1162 ita
2303 1108 2444 1163 inter
2503 1120 2849 1179 generantem
2899 1110 3150 1175 Patrem,
3206 1121 3269 1167 et
3309 1124 3621 1182 generatum
3678 1115 3746 1168 Fi-

2169 1201 2299 1254 lium
2358 1202 2438 1256 vel
2489 1204 2873 1271 procedentem
2933 1205 3207 1274 Spiritum
3270 1217 3525 1261 sanctum
3579 1208 3749 1262 nullum

2171 1293 2338 1349 fuisse
2364 1294 2636 1350 credimus
2667 1298 2931 1366 temporis
2965 1299 3357 1365 intervallum,
3388 1314 3498 1370 quo
3523 1312 3608 1353 aut
3633 1302 3752 1368 geni-

2171 1399 2255 1444 tor
2283 1390 2526 1460 genitum
2550 1391 2842 1461 aliquando
2865 1394 3234 1462 praecederet,
3271 1405 3366 1448 aut
3398 1397 3608 1465 genitus
3633 1397 3752 1465 geni-

2171 1484 2272 1537 tori
2301 1485 2538 1549 deesset,
2574 1497 2663 1538 aut
2696 1486 2998 1554 procedens
3026 1489 3276 1556 Spiritus
3305 1488 3456 1542 Patri
3481 1530 3495 1551 ,
3539 1490 3616 1542 rel
3641 1487 3752 1542 Filio

2171 1576 2440 1643 poszerior
2464 1587 2771 1646 appareret.
2799 1577 2881 1633 Ob
2903 1578 3005 1633 hac
3040 1596 3174 1648 ergo
3199 1580 3594 1652 inseparabilis
3617 1590 3661 1634 et
3691 1583 3753 1634 in-

2167 1674 2394 1728 confusa
2425 1673 2544 1726 inec
2569 1669 2810 1725 Trinitas
2837 1687 2866 1725 a
2898 1673 3055 1727 nobis
3083 1683 3140 1728 et
3169 1673 3518 1740 prmdicatur
3542 1714 3554 1736 ,
3578 1684 3625 1727 et
3650 1688 3750 1727 cre-

459 1771 714 1841 personis
744 1784 852 1823 non
886 1767 1059 1836 possit
1088 1782 1212 1820 esse
1245 1765 1478 1834 plurale.
1520 1764 1602 1819 0b
1631 1768 1732 1818 IlOC
1763 1763 2062 1819 secundum
2095 1755 2145 1817 Β
2170 1768 2335 1822 ditur.
2371 1767 2505 1821 Tres
2529 1768 2693 1837 igitur
2725 1768 2840 1822 istte
2872 1784 3118 1836 persona:
3149 1769 3427 1824 dicuntur
3465 1770 3609 1840 juxta
3637 1771 3750 1840 quod

465 1865 593 1919 illud
624 1863 675 1917 in
718 1861 886 1917 sacris
912 1859 1108 1914 litteris
1152 1859 1351 1912 dicitur
1385 1856 1658 1920 Dominus,
1682 1856 1938 1911 Dominus
1970 1874 2064 1910 no-

459 1967 562 2015 ster
587 1999 601 2023 ,
635 1967 680 2010 et
719 1972 908 2025 magna
947 1953 1108 2006 virtus
1139 1953 1251 2022 ejus
1273 1993 1287 2016 ,
1329 1961 1379 2004 et
1404 1951 1672 2021 sapientia:
1709 1952 1823 2020 ejus
1864 1966 1964 2003 non
1997 1959 2067 2003 est

463 2067 708 2106 numerus
739 2048 1114 2120 (Psal.cuv1,
1143 2043 1220 2117 5).
1255 2044 1366 2099 Nec
1392 2045 1514 2114 quia
1544 2055 1653 2098 tres
1676 2042 1774 2096 has
1802 2057 2066 2112 personas

464 2161 586 2203 esse
628 2144 860 2200 dicimus
899 2157 1064 2197 unum
1097 2142 1310 2206 Deum,
1359 2139 1611 2196 eumdem
1657 2154 1780 2193 esse
1822 2138 2064 2202 Filium,

462 2253 624 2308 quem
660 2236 869 2290 Patrem
900 2277 914 2298 ,
948 2243 1042 2288 aut
1064 2233 1316 2289 eumdem
1345 2274 1360 2298 ,
1407 2232 1554 2303 quod
1581 2234 1817 2301 Spiritus
1844 2241 2067 2288 sanctus

464 2340 568 2395 est,
602 2329 839 2395 Patrem,
872 2326 955 2382 vel
986 2325 1184 2381 Filium
1206 2325 1392 2381 dicere
1421 2326 1740 2394 poterimus.

538 2420 630 2476 IX.
659 2420 773 2475 Non
803 2421 948 2474 enim
981 2420 1093 2489 ipse
1125 2427 1210 2473 est
1236 2419 1417 2484 Pater,
1448 2419 1536 2488 qui
1569 2417 1757 2484 Filius,
1785 2417 2068 2473 necFilius

469 2517 585 2585 ipse
613 2557 624 2576 ,
657 2515 748 2584 qui
781 2513 976 2577 Pater,
1007 2525 1106 2567 nec
1136 2511 1373 2582 Spiritus
1403 2521 1625 2565 sanctus
1653 2511 1768 2579 ipse
1795 2552 1809 2576 ,
1855 2510 1946 2581 qui
1987 2519 2070 2566 est

469 2611 549 2663 vel
585 2610 764 2672 Pater,
799 2606 882 2661 vel
909 2605 1099 2668 Filius,
1130 2618 1251 2658 cum
1283 2613 1461 2657 tamen
1487 2605 1602 2672 ipsc
1625 2604 1694 2657 sit
1720 2603 1902 2670 Pater,
1922 2603 2064 2672 quod

469 2703 679 2770 Filius,
731 2703 848 2770 ipse
884 2701 955 2754 sit
1000 2698 1172 2753 Filius
1199 2741 1212 2763 ,
1261 2697 1400 2768 quod
1447 2696 1642 2763 Pater,
1697 2696 1808 2765 ipse
1836 2696 2068 2766 Spiritus

464 2806 705 2858 sanetus,
729 2792 870 2863 quod
902 2805 981 2846 cst
1014 2791 1192 2855 l'a:cr,
1219 2799 1274 2844 et
1305 2789 1498 2851 Filius,
1522 2788 1572 2842 id
1597 2798 1677 2842 est
1704 2798 1894 2842 natura
1928 2803 2068 2842 unus

463 2887 630 2943 Deus.
677 2884 813 2940 Cum
848 2885 992 2939 enim
1025 2883 1257 2936 dicimus
1289 2897 1394 2935 non
1457 2885 1630 2948 ipsum
1673 2896 1795 2935 esse
1850 2880 2064 2936 Patrem

465 2997 626 3054 quem
655 2979 876 3041 Filium,
907 2979 971 3031 ad
1004 2991 1356 3047 personarum
1378 2974 1782 3030 distinctionem
1811 2975 2062 3029 refertur.

533 3073 604 3128 Χ.
635 3070 771 3126 Cum
805 3078 986 3123 autem
1018 3067 1251 3122 dicimus
1278 3070 1454 3136 ipsum
1489 3082 1610 3120 esse
1643 3065 1856 3120 Patrem
1879 3107 1892 3132 ,
1921 3066 2065 3136 quod

2171 1861 2407 1928 majores
2434 1860 2716 1925 deﬁniunt,
2752 1873 2809 1915 ut
2837 1873 3277 1933 cognoscantur,
3305 1881 3418 1918 non
3446 1873 3503 1919 ut
3530 1880 3752 1935 separen-

2173 1965 2276 2008 tur.
2311 1954 2440 2008 Nam
2473 1956 2518 2008 si
2541 1955 2886 2012 attendamus
2929 1957 3057 2012 illud
3087 2001 3101 2024 ,
3135 1958 3288 2027 quin]
3322 1959 3600 2030 Scriptura
3625 1973 3748 2013 sacra

2169 2047 2382 2102 dicitde
2405 2049 2703 2119 sapientia:
2731 2050 2980 2118 splendor
3001 2063 3074 2106 est
3104 2054 3250 2107 lucis
3281 2053 3657 2126 wternw(Sap.
3675 2069 3748 2118 vn,

2169 2141 2278 2207 26;
2325 2141 2459 2195 Ht’b.
2495 2158 2532 2204 ι.
2567 2143 2646 2212 5),
2676 2144 2815 2198 sicut
2845 2145 3196 2210 splendorem
3235 2157 3263 2195 ε
3295 2148 3409 2202 luci
3437 2147 3751 2202 videmusui-

2170 2235 2546 2304 scparabiliter
2568 2235 2839 2292 inium-rere
2859 2280 2874 2305 ,
2920 2238 2999 2292 sic
3028 2239 3370 2295 conﬁtemur
3401 2241 3590 2295 Filium
3617 2255 3645 2294 a
3671 2239 3749 2292 Pa-

2171 2339 2252 2382 tre
2277 2330 2518 2398 separari
2552 2344 2656 2384 non
2689 2345 2868 2400 posse.
2900 2331 3036 2385 Tres
3063 2347 3199 2403 ergo
3226 2333 3353 2388 illas
3381 2334 3544 2387 unius
3565 2375 3578 2397 ,
3620 2340 3751 2401 atque

2174 2424 2552 2494 inseparabilis
2593 2436 2800 2480 natura:
2851 2443 3113 2496 personas
3157 2431 3304 2486 sicut
3355 2447 3464 2484 non
3503 2428 3750 2485 confundi-

2172 2532 2292 2571 inus
2325 2559 2340 2582 ,
2372 2518 2441 2572 ita
2473 2517 2810 2587 separabiles
2838 2520 3150 2576 nullatenus
3181 2523 3568 2592 praedicamus.
3598 2523 3751 2590 Quan-

2170 2611 2460 2680 doquidem
2513 2611 2582 2666 ita
2623 2613 2783 2667 nobis
2834 2614 2937 2668 hoc
2984 2615 3207 2686 dignata
3262 2627 3350 2674 est
3401 2619 3513 2688 ipsa
3543 2617 3746 2673 Trinitas

2171 2703 2451 2759 evidenter
2481 2705 2809 2772 ostendere,
2855 2721 2979 2761 cum
3030 2709 3196 2764 etiam
3251 2711 3306 2766 in
3357 2709 3444 2766 bis
3473 2709 3745 2765 nominibus

2171 2797 2367 2866 quibus
2397 2797 2563 2852 voluit
2589 2798 2902 2870 singillatim
2935 2817 3200 2867 personas
3236 2805 3488 2875 agnosci,
3515 2819 3662 2858 unam
3684 2803 3739 2854 si-

2171 2904 2239 2943 ne
2270 2889 2372 2942 alia
2416 2904 2523 2943 non
2572 2892 2846 2959 permittat
2895 2891 3158 2963 intelligi,
3213 2913 3322 2952 nec
3369 2897 3526 2951 Pater
3571 2895 3743 2964 absque

2174 2983 2312 3036 Filio
2360 2985 2708 3053 agnoscitur,
2762 3000 2860 3039 nec
2891 2985 3011 3041 sine
3045 2986 3218 3046 'Patre
3265 2988 3436 3045 Filius
3479 2988 3735 3044 invenitur.

2171 3079 2384 3133 Relatio
2414 3079 2614 3149 quippe
2644 3079 2755 3148 ipsa
2789 3081 3036 3136 vocabuli
3081 3099 3355 3150 peremtas
3403 3082 3634 3154 separari
3668 3096 3737 3133 ve-

467 3169 692 3234 FIIIIIITI,
725 3165 901 3237 ipsum
933 3163 1130 3218 Filium
1159 3203 1174 3228 ,
1205 3161 1348 3231 quod
1386 3162 1597 3214 Patrem
1626 3202 1640 3226 ,
1675 3161 1849 3229 ipsum
1895 3160 2061 3230 Spiri-

2173 3183 2268 3237 tat,
2298 3190 2434 3242 quas
2461 3175 2622 3230 etiam
2653 3174 2781 3228 dmn
2813 3191 2921 3230 non
2955 3177 3111 3231 simul
3135 3181 3410 3244 nominat,
3445 3178 3596 3232 simul
3631 3173 3736 3228 insi-

469 3273 578 3316 tutn
612 3269 861 3314 sanctum
888 3299 903 3322 ,
951 3254 1096 3326 quod
1126 3254 1341 3308 Patrem
1372 3261 1426 3307 et
1455 3251 1671 3318 Filium,
1702 3251 1768 3305 ad
1793 3263 2060 3321 naturam,

461 3372 564 3425 qua
599 3354 747 3409 Deus
769 3361 873 3418 est,
909 3349 995 3405 vel
1018 3348 1377 3404 substantiam
1405 3347 1680 3415 pertinere
1707 3357 2062 3403 monstratur.

460 3445 647 3516 Quoad
692 3443 1051 3500 substantiam
1103 3455 1265 3494 unum
1298 3446 1458 3503 sunt,
1509 3453 1771 3509 personas
1811 3440 1954 3494 enim
1983 3441 2065 3495 di-

456 3539 828 3610 stinguimus,
879 3549 985 3588 non
1033 3532 1298 3586 Deitatcm
1347 3544 1687 3599 separamus.
1732 3529 2052 3589 Trinitatem

463 3657 737 3723 genitorem
768 3649 907 3705 verbi
958 3655 1217 3723 expertem
1260 3661 1360 3698 non
1393 3645 1547 3723 fecit.
1598 3643 1754 3723 Sicut.
1800 3645 2061 3723 Tatiauus

462 3715 714 3796 Essyrius
741 3731 928 3796 contra
951 3721 1122 3796 Graia.
1145 3724 1356 3796 or.it._n.
1391 3717 1612 3796 ὕβρι-ιι]
1638 3716 1887 3772 Gallaud.
1917 3718 2055 3796 Bibl.

459 3786 732 3852 PPitoai.
762 3793 783 3846 I
813 3835 826 3857 ,
857 3807 978 3861 pag.
1012 3790 1106 3842 6M
1141 3831 1154 3853 ,
1202 3788 1293 3842 sed
1319 3858 1329 3861 Α
1350 3796 1403 3840 et
1429 3786 1671 3840 Justinus
1722 3801 1929 3860 martyr
1959 3791 2060 3843 hoc

461 3868 592 3922 lacis
623 3858 872 3931 exemplo
906 3858 1094 3922 utitur,
1127 3871 1181 3910 ut
1209 3858 1442 3925 explicet
1471 3869 1726 3931 militum"!
1751 3858 2060 3926 generatio-

460 3956 622 4001 nem,
681 3939 732 3987 in
783 3928 888 4001 qua
940 3932 1078 3983 Deus
1132 3941 1298 4001 totam
1321 3945 1493 4001 _suam
1524 3928 1661 4001 Filio
1693 3933 2053 3986 substantiam

458 3998 880 4064 communicavit
913 4001 1116 4068 Dialog.
1150 4016 1202 4052 n.
1242 3998 1364 4056 128.
1398 4012 1453 4051 ut
1494 3999 1814 4054 observetur
1842 4017 1870 4054 a
1904 4003 2059 4059 nobis

460 4091 719 4136 {etcrnam
752 4072 1178 4143 generationem,
1213 4079 1266 4143 et
1293 4070 1696 4143 processionem
1729 4087 1756 4123 a
1789 4082 2060 4142 tempora-

460 4153 536 4205 ria
569 4139 1262 4218 progréssinngdijudicari
1295 4150 1348 4194 et
1375 4142 1460 4218 sic
1494 4157 1505 4192 :
1535 4139 1713 4218 ‘Illant
1759 4139 1931 4218 autem
1958 4147 2059 4198 vir-

458 4210 618 4276 tutem
651 4210 824 4285 q'uam,
850 4228 895 4271 et
929 4210 1089 4268 Deum
1116 4228 1282 4266 sermo
1309 4210 1637 4285 propheticus
1662 4253 1676 4276 ,
1703 4224 1756 4265 ut
1786 4216 1959 4267 multis
1981 4219 2056 4270 si-

459 4283 1083 4348 militerdcmonstratum
1106 4293 1182 4340 est
1212 4325 1225 4348 ,
1251 4293 1296 4336 et
1325 4283 1562 4351 angelum
1595 4293 1768 4350 vocat,
1815 4303 1914 4339 non
1948 4289 2057 4342 solo

458 4367 687 4430 nomine,
720 4373 772 4417 ul
802 4376 976 4417 LUCEM
1003 4372 1169 4422 sous,
1189 4355 1473 4430 numerari,
1499 4355 1589 4409 sed
1606 4367 1649 4409 rt
1673 4373 1888 4430 numero
1911 4360 2059 4412 aliud

457 4437 583 4510 quid
623 4427 734 4490 esse
776 4440 791 4457 ‘
823 4436 974 4510 etiam
996 4428 1397 4510 supranbrncviter
1422 4429 1642 4510 disserui
1669 4427 1685 4497 (
1712 4439 1770 4510 ut
1798 4431 2055 4510 observa.

458 4499 571 4563 t'um
605 4508 702 4561 luit
732 4505 983 4576 superius
1012 4501 1279 4576 col.__959,
1311 4515 1459 4576 num.
1493 4499 1549 4569 2)
1580 4515 1696 4552 cum
1726 4501 1962 4576 virtutem
1985 4503 2060 4576 fil-

457 4585 585 4646 lum,
610 4597 670 4633 ea:
697 4571 852 4631 Patre
879 4578 1075 4628 unitum
1097 4573 1334 4634 dicerem,
1369 4573 1656 4646 uirtuteLet
1686 4571 1947 4646 uoluntate
1976 4575 2059 4641 ip-

455 4641 582 4714 sius,
619 4667 720 4704 non
753 4665 868 4701 vero
894 4663 981 4716 per
1002 4657 1376 4699 ansatsswusu
1406 4646 1550 4710 quasi
1571 4641 1745 4716 Patris
1773 4645 2056 4700 substantia

455 4723 766 4776 divideretur
796 4737 813 4785 ;
843 4715 1273 4787 quemadmodum
1309 4724 1491 4787 Cretera
1513 4715 1689 4767 omnia
1711 4757 1723 4780 ,
1773 4733 1888 4786 qua:
1928 4718 2058 4771 divi-

457 4799 651 4848 duntur
675 4836 690 4858 ,
734 4801 777 4846 et
808 4785 1118 4844 scinduntur
1159 4802 1263 4858 non
1295 4785 1472 4858 endem
1489 4797 1616 4858 sum
1639 4827 1650 4849 ,
1695 4802 1760 4858 ac,
1782 4785 2057 4857 antequam

455 4855 825 4920 scinderentnr.
857 4860 1008 4930 Apud
1037 4856 1288 4930 Galland.
1316 4855 1594 4930 Bibl."PP.
1629 4872 1682 4924 p.
1708 4855 1833 4914 580.
1863 4855 1992 4914 toni.
2014 4861 2050 4913 Ι.

531 4947 556 4972 ιι
588 4935 741 5005 Apud
768 4926 996 4986 homines
1015 4932 1126 4984 ideo
1150 4929 1397 4982 minorem
1445 4926 1613 5005 [il-ium
1655 4939 1863 5005 generat
1883 4943 2054 5000 pater,

2169 3279 2318 3322 nuat.
2350 3267 2520 3320 Nemo
2547 3274 2726 3321 autem
2755 3267 2944 3324 audire
2975 3281 3150 3339 potest
3178 3269 3600 3342 unumquodque
3636 3268 3737 3322 isto-

2173 3375 2290 3414 rum
2324 3359 2600 3412 nominum
2624 3399 2639 3424 ,
2687 3359 2740 3413 in
2771 3375 2878 3430 quo
2911 3377 3018 3416 non
3048 3362 3366 3438 intelligere
3405 3372 3619 3434 cogatur
3641 3401 3654 3425 ν
3690 3364 3733 3411 εί

2169 3454 2422 3507 alterum.

2235 3526 2327 3581 XI.
2364 3525 2495 3578 Cum
2528 3523 2690 3594 igitur
2720 3523 2835 3580 haec
2865 3531 2966 3581 tria
2995 3528 3103 3583 sint
3133 3546 3307 3586 unum
3329 3574 3343 3599 ,
3377 3539 3432 3586 et
3457 3543 3606 3584 unum
3631 3523 3725 3588 tria,

2239 3654 2259 3678 ι·
2293 3639 2558 3707 Quicquid
2590 3655 2718 3708 ergo
2747 3638 2811 3693 ad
2847 3655 2908 3695 se
2959 3641 3131 3708 ipsum
3157 3644 3362 3701 dicitur
3387 3645 3525 3699 Deus
3546 3687 3558 3707 ,
3601 3650 3646 3694 et
3679 3640 3731 3691 de

2165 3713 2394 3781 singulis
2430 3711 2673 3779 personis
2705 3710 2902 3766 dicitur
2930 3713 3089 3768 Patre
3111 3756 3124 3778 ,
3177 3728 3232 3770 et
3267 3718 3407 3773 Filio
3439 3760 3451 3780 ,
3484 3728 3528 3770 et
3561 3714 3729 3781 Spiritu

2163 3778 2374 3857 sancto,
2401 3778 2452 3857 et
2482 3781 2642 3857 simul
2672 3783 2738 3857 de
2768 3783 2878 3850 ipsn
2910 3783 3173 3857 Trinitate
3201 3805 3311 3844 non
3351 3778 3632 3857 plu—raliter,
3651 3778 3728 3857 scd

2161 3855 2512 3917 singulariter
2539 3853 2831 3907 dicendum
2873 3864 2977 3908 est.
3009 3855 3274 3914 Alcuinus
3307 3853 3375 3915 de
3408 3860 3510 3912 lidc
3534 3873 3640 3922 cap.
3669 3853 3725 3916 8ο

2161 3945 2218 3999 p.
2247 3927 2357 3999 7|
2381 3942 2392 3978 :
2429 3922 2496 3976 Id
2523 3934 2795 3999 estuttres
2823 3943 3093 3996 personas,
3125 3941 3171 3982 et
3203 3949 3367 3986 unum
3397 3925 3726 3986 Denmintellt-

2161 3995 2275 4070 pas.
2307 3995 2426 4070 Non
2459 3996 2612 4070 semel
2641 3995 2834 4051 dicunt.
2873 4013 2934 4050 ne
2961 4001 3380 4068 singularitatem
3405 4003 3611 4062 credas;
3644 4012 3723 4070 non

2163 4067 2260 4133 bis,
2290 4086 2351 4122 ne
2381 4067 2635 4135 Spiritum
2660 4077 2890 4138 sanctum
2911 4067 3160 4124 excludas
3184 4090 3202 4138 ;
3225 4092 3326 4130 non
3356 4075 3531 4128 Sancti
3547 4067 3723 4125 Domini

2159 4138 2424 4215 Sabaoth,
2451 4155 2513 4190 ne
2535 4151 2648 4215 trcs_
2664 4137 2801 4192 Deos
2828 4156 2966 4215 more
2991 4137 3262 4213 gentilium
3299 4146 3523 4215 fatearis.
3547 4138 3722 4215 Sediti-

2161 4221 2285 4265 cunt
2315 4210 2546 4282 Sanctus
2570 4251 2584 4275 ,
2617 4210 2877 4276 Sanctus,
2908 4209 3141 4270 Sanctus
3161 4256 3176 4282 ,
3210 4209 3472 4272 Dominus
3501 4216 3623 4268 Deus
3646 4209 3724 4264 Sa-

2163 4283 2325 4338 baoth
2363 4281 2519 4346 (Isai.
2553 4297 2624 4344 ιι,
2660 4282 2740 4338 5).

2234 4352 2260 4390 ά
2301 4352 2344 4406 ll
2353 4353 2402 4406 bi
2427 4354 2558 4405 enim
2580 4369 2709 4405 unus
2735 4352 2871 4406 Deus
2899 4356 3148 4423 creditur,
3176 4360 3248 4413 ibi
3278 4362 3445 4415 minor
3464 4400 3476 4422 ,
3507 4366 3551 4410 et
3577 4353 3716 4422 majof

2162 4425 2475 4498 excluditur.
2506 4423 2706 4498 Nescit
2737 4427 2871 4478 enim
2907 4443 3173 4498 numerum
3217 4435 3418 4497 unitas,
3465 4442 3514 4484 et
3533 4423 3716 4498 grati!!!”

2163 4513 2264 4548 non
2307 4495 2534 4548 admittit
2575 4498 2862 4562 requa/itas.
2917 4497 3078 4553 Brev.
3120 4502 3214 4557 Iid.
3267 4493 3476 4558 advers.
3518 4493 3598 4552 Ᾰτ.
3625 4493 3714 4549 Sir'

2163 4568 2348 4620 mund.
2375 4565 2648 4636 pag.‘2I5.

2240 4649 2261 4674 θ
2288 4632 2548 4717 Aleum-us
2575 4635 2799 4691 Flaccus
2832 4640 2927 4693 lib.
2962 4656 3014 4717 t‘,
3039 4657 3156 4717 cap.
3191 4645 3250 4717 ξ,
3283 4663 3335 4717 p.
3363 4646 3496 4700 6I7:
3526 4632 3713 4704 Scripsit

2161 4717 2324 4762 totum
2356 4708 2488 4762 illud
2521 4718 2710 4776 caput,
2747 4725 2849 4778 quo
2880 4713 3063 4779 probat
3092 4715 3154 4772 S.
3185 4708 3478 4773 Trinitatem
3519 4728 3606 4766 non
3625 4718 3710 4760 esse

2161 4780 2507 4848 separabilem
2530 4782 2582 4832 in
2602 4789 2812 4842 natura,
2841 4799 2932 4838 nec
2958 4784 3009 4836 in
3041 4789 3292 4851 personis.

2241 4851 2257 4888 ί
2292 4851 2397 4907 Sed
2423 4852 2590 4905 adhuc
2617 4856 2748 4921 forte
2778 4853 2928 4918 dicis,
2959 4849 3093 4911 sicut
3124 4861 3270 4915 habet
3291 4859 3504 4916 carnalis
3523 4849 3712 4908 intellec-

2162 4932 2244 4976 tus
2268 4925 2401 4996 inter
2427 4925 2714 4993 gigttenlcm
2739 4923 2968 4985 Patrem,
2994 4939 3040 4980 ct
3069 4932 3295 4996 genitura
3321 4932 3501 4987 Filium
3528 4939 3615 4979 non
3627 4933 3706 4996 po-

454 5008 595 5072 quia,
622 4989 802 5078 e'tripse
830 5006 998 5058 minor
1019 5012 1113 5066 est,
1142 5007 1418 5078 generatur
1439 4989 1469 5049 a
1489 4989 1676 5078 Patre;
1700 4989 1894 5052 idcircd
1924 4989 2062 5078 gres;
2086 4994 2142 5055 D
2169 4995 2327 5078 {"5888
2350 4989 2464 5078 [ἱεξὶ
2620 5037 2633 5057 .
2666 5006 2722 5049 ut
2749 4998 2960 5078 aliquod
3010 4989 3190 5078 [uisset
3222 5007 3459 5078 spatium.
3500 4989 3706 5078 Spatium

458 5070 600 5133 cente
654 5070 761 5143 [ilio
809 5088 954 5145 pater
1022 5070 1272 5134 senescit,
1323 5080 1372 5145 et
1388 5070 1663 5145 moriente
1712 5081 1858 5145 patre
1916 5073 2060 5139 ﬁlius

456 5142 728 5204 succedere
754 5142 1113 5217 comprobatur
1138 5187 1152 5209 ,
1204 5154 1249 5217 et
1275 5142 1487 5217 melior,
1521 5158 1583 5194 ac
1612 5143 1872 5217 potentior
1916 5155 2061 5213 patre

458 5235 842 5285 nonnumquam
869 5212 1142 5288 'ef/icitur.
1199 5213 1351 5284 Apud
1390 5212 1559 5288 Deum
1576 5229 1691 5288 vero
1726 5230 1826 5267 non
1857 5212 1928 5288 ita
1960 5229 2054 5284 est,

457 5293 578 5358 quia
609 5293 696 5345 ubi
721 5285 943 5343 crescere
972 5329 986 5349 ,
1038 5288 1115 5358 vel
1136 5299 1419 5358 senescere
1452 5285 1704 5358 divinitas
1731 5302 1833 5340 non
1861 5285 2011 5342 habet
2038 5331 2053 5355 ,

458 5354 555 5417 hoc
593 5373 666 5417 est
703 5364 1013 5434 dignamut
1038 5354 1255 5434 filium
1286 5355 1495 5408 dilectio
1538 5354 2051 5434 ltabca_t__wqualem.

458 5435 616 5490 Brev.
646 5433 736 5487 lid.
757 5427 891 5486 'adv.
917 5427 1276 5485 Ar.Ga||and.
1306 5437 1362 5479 ut
1393 5441 1514 5494 sup.
1547 5441 1668 5498 pag.
1691 5428 1815 5484 688.

532 5505 561 5544 ι)
585 5506 786 5574 Supple
806 5503 970 5557 adest.

519 5661 538 5679 ‘
571 5661 786 5707 Nmnero
808 5657 944 5706 aliud
967 5670 1071 5706 esse
1097 5655 1225 5703 idem
1253 5664 1331 5703 est
1361 5667 1434 5713 ac,
1459 5651 1627 5704 Patris
1660 5653 1810 5704 alium
1832 5666 1966 5714 esse,
2001 5662 2055 5706 ut

460 5727 596 5782 patet
622 5733 681 5782 ex
710 5720 1147 5782 consequentibus,
1159 5717 1422 5782 quiailluin
1447 5728 1542 5764 non
1563 5716 1798 5766 discernit
1821 5718 2053 5766 substan—

451 5778 539 5835 Cia.
565 5778 654 5828 sed
679 5786 862 5826 tantum
883 5778 1223 5840 aulisistentia,
1249 5789 1338 5826 seu
1366 5789 1590 5838 persona.

2167 5066 2312 5120 Itone
2340 5067 2537 5147 faciunt
2567 5067 2729 5147 liora},
2764 5066 2904 5122 horta
2927 5066 3124 5147 tempus
3154 5066 3436 5147 designant.
3468 5086 3521 5122 ac
3546 5070 3706 5147 fil???

2167 5153 2263 5218 pus
2291 5139 2561 5218 anteponis
2593 5136 2729 5218 Filio
2752 5155 2851 5218 non
2875 5136 3047 5218 omnia
3075 5162 3166 5211 per
3193 5136 3361 5214 ipsum
3383 5154 3509 5218 {arta
3535 5136 3698 5218 fati,de

2166 5201 2326 5263 Brev.
2491 5209 2612 5261 adv.
2767 5201 3241 5288 §irntttnd.'__pag'.
3297 5201 3414 5276 2‘21.
3467 5201 3543 5288 Et:
3571 5201 3704 5288 titing

2163 5289 2285 5356 post
2315 5279 2452 5356 :_Sic
2480 5297 2620 5356 ergo
2634 5281 2730 5356 fuit
2760 5280 2916 5337 Pater
2938 5285 3046 5339 sine
3067 5275 3230 5356 Filia,
3255 5275 3382 5345 sicut
3415 5298 3463 5339 tu
3488 5281 3600 5356 dicis
3620 5275 3702 5356 [Mil

2161 5345 2270 5428 sine
2309 5351 2512 5428 virtute,
2538 5345 2641 5428 Tuit
2663 5353 2774 5428 sine
2801 5357 3071 5428 sapientia,
3100 5362 3198 5428 fuit
3218 5345 3352 5416 ἐἰπε
3376 5361 3488 5420 vita,
3510 5345 3698 5428 fuitsitlt

2158 5420 2504 5502 vpritaleﬁcd
2523 5417 2645 5491 quia
2667 5424 2775 5502 sine
2793 5417 2872 5502 his
2894 5417 3169 5502 numquam
3184 5417 3700 5502 fuissed’ater'cred‘tll'

2167 5491 2262 5574 dus
2285 5502 2380 5557 est,
2409 5491 2506 5546 hoc
2532 5487 2762 5573 convenit
2788 5499 2955 5574 saluti
2974 5487 3076 5554 tuiz’
3094 5543 3108 5565 ,
3136 5487 3196 5555 ui
3216 5507 3373 5574 juxta
3394 5500 3529 5572 ﬁdem
3547 5487 3692 5574 cat/to-

2165 5561 2956 5642 lican_t_conset_upiter1iurupturi
2964 5583 3028 5633 ,et
3043 5558 3292 5642 a’qualiam
3307 5558 3488 5630 Filium
3503 5558 3690 5642 fatuari:-

2241 5643 2264 5679 ις
2297 5633 2391 5687 Hic
2412 5625 2626 5708 videtur
2656 5636 2714 5689 s.
2749 5639 2850 5692 llil.
2896 5625 3029 5696 Pici.
3065 5625 3532 5708 item;ligant
3554 5625 3688 5708 ":9?"

2163 5701 2280 5757 lucc
2301 5705 2622 5773 sumpsisse,
2649 5710 2747 5761 etsi
2778 5709 2887 5766 alio
2909 5713 3089 5775 modo,
3116 5725 3166 5769 et
3218 5701 3542 5772 similitudine
3581 5701 3687 5775 it!!!“

2161 5768 2503 5840 utaltir,utiii
2531 5768 2623 5830 lib.
2657 5793 2896 5843 \‘t,num.
2929 5781 3020 5848 'I2,
3053 5768 3448 5854 delumbis—curn
3477 5768 3687 5845 lampade-
