4024 6192
343 253 453 310 9ἰὸ

1536 255 1624 310 DE
1665 254 2042 312 TRINITA'I‘E
2082 251 2478 312 CONFESSIO.

3551 261 3654 315 {Ii-6

332 385 420 429 est
455 383 635 427 tamen
667 373 957 441 unicuique
987 385 1238 441 persona:
1258 387 1479 426 manens
1503 389 1596 426 sua
1618 373 1943 443 proprietas.
1979 375 2021 432 Α
2055 371 2228 425 denda
2261 381 2342 425 est
2370 413 2382 436 ,
2435 373 2560 441 quia
2598 371 2976 441 inseparabilia
3005 381 3130 427 sunt
3161 388 3323 444 opera
3353 372 3656 429 Trinitatis.

339 467 502 521 Pater
529 467 671 520 enim
702 466 1062 520 mternitatem
1091 464 1254 520 habet
1279 465 1396 520 sine
1425 466 1708 521 nativitate
1733 506 1748 533 ,
1779 465 1946 519 Filius

337 561 678 615 nativitatem
706 574 828 614 cum
856 559 1163 614 aeternitate
1189 599 1204 624 ,
1259 559 1494 628 Spiritus
1540 574 1670 615 vero
1715 559 1949 616 Sanctus

336 651 750 720 processiouem
783 651 901 706 sine
936 652 1215 707 nativitate
1245 667 1365 705 cum
1398 652 1722 705 mternitate.
1762 652 1834 705 De
1865 651 1948 706 his

338 749 512 801 tribus
543 747 794 813 personis
824 748 995 800 solam
1027 747 1149 801 Filii
1180 761 1466 815 persnnam
1499 761 1598 814 pro
1621 745 1948 800 liberatione

340 840 567 893 humani
611 838 830 908 generis
878 839 1153 892 hominem
1201 855 1387 892 verum
1420 839 1538 893 sine
1570 845 1794 907 peccato
1823 846 1848 872 δ
1875 836 1947 892 de

338 942 527 987 sancta
581 941 639 985 et
689 932 1038 986 immaculata
1073 931 1238 985 Maria
1270 930 1492 1000 Virgine
1533 930 1807 985 credimus
1855 945 1946 983 as-

337 1027 643 1096 sumpsisse
671 1069 684 1091 ,
713 1026 783 1080 de
808 1042 912 1097 qua
943 1041 1082 1081 novo
1111 1027 1304 1082 ordine
1329 1068 1344 1091 ,
1377 1042 1622 1097 novaque
1668 1027 1948 1080 nativitate

337 1131 425 1175 est
453 1120 667 1187 genitus
693 1162 706 1182 ,
753 1121 878 1189 quia
933 1121 1132 1174 intacta
1162 1120 1452 1190 Virginitas
1502 1121 1710 1174 virilem
1744 1121 1946 1174 coitum

339 1213 609 1275 nescivit,
659 1223 715 1265 et
759 1210 988 1266 fecunda
1035 1227 1132 1282 per
1179 1211 1441 1282 Spiritum
1487 1224 1736 1268 sanetum
1767 1214 1947 1266 cat-nis

340 1306 626 1360 materiam
662 1305 1009 1360 ministravit.
1072 1306 1176 1370 Qui
1222 1314 1404 1374 partus
1447 1305 1683 1370 Virginis
1714 1319 1814 1360 nec
1859 1319 1948 1358 ra-

339 1402 492 1455 tione
516 1400 792 1468 colligitur
818 1441 833 1464 ,
881 1415 984 1454 nec
1013 1400 1266 1468 exemplo
1293 1409 1648 1454 monstratur.
1701 1398 1854 1466 Quod
1900 1399 1943 1452 si

338 1495 550 1549 ratione
580 1493 872 1562 colligitur,
895 1508 1000 1546 non
1020 1501 1106 1546 est
1133 1491 1400 1547 mirabile.
1431 1492 1484 1546 Si
1509 1491 1762 1560 exemplo
1785 1507 1942 1544 mon-

337 1597 566 1652 stratur,
599 1604 703 1640 non
733 1597 816 1641 est
841 1585 1140 1656 singulare.
1171 1585 1280 1640 Nec
1307 1597 1485 1638 tamen
1515 1585 1748 1654 Spiritus
1789 1599 1946 1639 sanc-

341 1690 430 1734 tus
465 1679 626 1733 Pater
657 1695 778 1734 esse
807 1679 1114 1734 credendus
1141 1688 1224 1734 eet
1252 1677 1378 1733 Filii
1411 1694 1508 1746 pro
1534 1693 1600 1734 eo
1626 1721 1639 1744 ,
1669 1678 1810 1748 quod
1835 1678 1946 1732 Ma-

2053 461 2218 518 Solus
2257 472 2435 518 tamen
2469 463 2636 517 Filius
2663 463 2892 517 formam
2929 465 3139 534 accepit
3186 466 3237 520 in
3285 465 3661 535 singularitate

2053 571 2298 626 personat
2321 598 2335 622 ,
2366 572 2470 610 non
2507 557 2559 611 in
2595 559 2799 613 unitate
2826 559 3030 613 Divma'
3062 570 3288 615 naturae.
3341 560 3397 614 In
3429 559 3480 614 id
3511 560 3654 630 quod

2051 658 2136 702 est
2177 651 2455 718 proprium
2510 649 2669 710 Filii.
2723 665 2828 705 non
2873 652 3014 722 quod
3048 667 3338 708 commune
3367 653 3648 720 Trinitati,

2053 755 2172 809 qua:
2204 740 2376 796 for-ma
2407 742 2494 796 illa
2540 743 2606 796 ad
2657 744 2917 798 unitatem
2971 758 3215 811 personae
3245 745 3461 815 quidem
3493 745 3658 798 allata

2052 845 2167 896 est,
2201 835 2334 890 adeo
2364 851 2417 890 ut
2452 836 2624 890 Filius
2658 837 2785 902 Dei,
2841 847 2894 891 et
2923 836 3094 891 Filius
3127 837 3364 892 hominis
3405 852 3545 891 unus
3586 839 3654 890 sit

2052 927 2320 992 Christus,
2347 928 2397 980 id
2424 928 2774 984 estChristus
2803 930 2856 982 in
2893 928 2974 982 Itis
3006 929 3216 984 duabus
3245 932 3454 985 naturis
3477 931 3656 985 tribus

2051 1030 2224 1073 exstat
2249 1020 2569 1077 substantiis
2598 1020 2922 1090 verbi,quod
2947 1023 3013 1075 ad
3041 1022 3213 1077 solius
3239 1023 3334 1077 Dei
3359 1025 3651 1080 essentiam

2055 1111 2397 1165 referendum
2432 1122 2535 1178 est,
2584 1114 2831 1183 corporis
2861 1121 2917 1167 ct
2944 1114 3158 1177 animm.
3192 1115 3334 1185 quod
3366 1117 3431 1170 ad
3461 1134 3647 1171 verum

2055 1203 2328 1258 hominem
2363 1206 2621 1273 pertinet.
2660 1206 2833 1260 IIabet
2861 1207 3022 1276 igitur
3048 1207 3100 1259 in
3128 1222 3185 1261 se
3215 1208 3483 1276 geminant
3523 1209 3649 1263 sub-

2051 1296 2302 1349 stantiam
2335 1295 2635 1350 divinitatis
2667 1313 2777 1350 sua:
2809 1305 2864 1352 et
2892 1297 3246 1352 humanitatis
3293 1309 3513 1352 nostrm.
3557 1300 3654 1354 Ilic

2049 1387 2213 1442 etiam
2248 1402 2341 1456 per
2372 1387 2494 1450 hoc,
2528 1390 2670 1457 quod
2701 1390 2769 1444 de
2806 1391 2914 1444 Deo
2945 1391 3104 1447 Patre
3129 1393 3250 1446 sine
3280 1392 3414 1446 vitio
3456 1393 3656 1464 prodiit

2051 1494 2208 1538 natus
2233 1492 2471 1539 tantum.
2500 1484 2634 1539 Nam
2665 1501 2842 1556 neque
2872 1487 3064 1552 factus,
3093 1501 3271 1557 neque
3305 1489 3657 1556 praedestina-

2049 1586 2137 1632 tus
2164 1579 2446 1648 accipitur.

2124 1671 2265 1725 XIV.
2305 1673 2406 1726 Per
2441 1674 2543 1728 hoe
2569 1685 2750 1727 tamen
2776 1715 2790 1739 ,
2835 1674 2978 1743 quod
3011 1674 3078 1727 de
3109 1673 3275 1727 Maria
3311 1673 3528 1744 Virgine
3558 1689 3652 1728 na-

341 1771 416 1826 ria
444 1772 637 1825 eodem
671 1771 876 1840 Spiritu
906 1781 1094 1825 saneto
1127 1770 1446 1824 obumbrata
1495 1771 1746 1836 concepit
1769 1769 1827 1832 ι),
1871 1786 1943 1824 ne
1972 1769 2020 1827 Β
2050 1773 2134 1819 tus
2161 1778 2241 1817 est
2267 1806 2279 1826 ,
2311 1777 2361 1818 et
2398 1767 2812 1834 prtctlcstinatus
2839 1782 2961 1821 esse
2987 1767 3295 1821 credendus
3328 1778 3429 1821 est.
3458 1767 3646 1822 Ambae

340 1866 528 1921 Patres
553 1863 675 1918 Filii
706 1862 988 1918 videamur
1012 1879 1258 1918 aSserere
1285 1906 1296 1924 .
1326 1863 1469 1932 quod
1505 1862 1655 1916 nefas
1684 1871 1772 1916 est
1806 1861 1937 1916 dici.

340 1958 395 2012 In
449 1973 556 2026 quo
600 1956 836 2010 mirabili
869 1965 1135 2026 conceptu
1183 1955 1485 2010 aediﬁcante
1519 1957 1625 2010 sibi
1660 1955 1940 2022 Sapientia

344 2064 363 2089 ε
389 2052 631 2114 domum,
673 2048 888 2103 Verbum
912 2066 1033 2103 caro
1051 2052 1248 2120 factum
1273 2059 1367 2110 est,
1383 2058 1432 2102 et
1459 2047 1704 2102 habitavit
1721 2049 1776 2100 in
1796 2047 1942 2100 nobis

341 2146 541 2216 (Joan.
599 2161 650 2210 ι,
683 2142 749 2198 M
778 2143 817 2214 ).
871 2142 982 2197 Nec
1010 2151 1190 2196 tamen
1228 2143 1450 2196 verbum
1479 2143 1656 2210 ipsum
1691 2142 1742 2193 in
1773 2154 1942 2195 carne

335 2254 700 2301 conversum,
743 2246 908 2307 atque
937 2247 1201 2290 mutatum
1229 2245 1348 2300 est,
1399 2244 1452 2289 ιιι
1497 2234 1788 2290 desiStcret
1821 2247 1943 2288 esse

341 2333 505 2398 Deus,
535 2331 674 2402 quod
701 2331 862 2385 homo
880 2345 1002 2385 esse
1032 2329 1314 2383 voluisset.
1340 2327 1445 2383 Sed
1469 2327 1541 2382 ita
1581 2326 1800 2380 Verbum
1823 2343 1943 2380 cara

340 2431 536 2497 factum
561 2436 657 2488 est,
687 2433 748 2478 ut
776 2439 880 2478 non
907 2432 1117 2477 tantum
1149 2423 1223 2476 ibi
1256 2424 1323 2475 sit
1357 2424 1580 2476 \‘Ct‘htllll
1615 2421 1735 2483 Dei,
1765 2431 1818 2474 et
1846 2419 1942 2473 Ito-

341 2521 502 2574 minis
532 2533 684 2580 caro,
710 2516 804 2571 sed
829 2518 993 2570 etiam
1022 2515 1304 2570 rationalis
1336 2512 1578 2567 hominis
1624 2511 1828 2576 anima,
1863 2523 1944 2565 at-

338 2629 444 2683 que
474 2611 576 2666 Itoc
609 2618 778 2664 totum
804 2651 818 2675 ,
869 2619 923 2664 et
951 2609 1092 2663 Deus
1121 2607 1335 2662 dicatur
1369 2615 1589 2676 propter
1629 2606 1836 2672 Deum,
1887 2613 1944 2660 et

343 2711 505 2757 homo
537 2713 762 2773 pmpter
789 2702 1085 2756 hominem.
1123 2701 1178 2754 Ιιι
1207 2715 1315 2770 quo
1345 2699 1440 2753 Dei
1485 2698 1626 2753 Filio
1662 2699 1795 2753 duas
1825 2714 1945 2752 cre-

339 2799 520 2852 dimus
547 2812 665 2851 esse
697 2805 915 2850 naturas
939 2838 951 2860 ,
1007 2810 1166 2849 unam
1199 2793 1505 2848 Ditinitatis
1530 2835 1545 2857 ,
1590 2794 1812 2848 alteram
1843 2791 1942 2847 htt-

342 2889 638 2943 tnanitatis.

414 2980 528 3035 XII.
561 2981 707 3047 Quas
738 2980 808 3034 ita
842 2981 892 3034 in
926 2994 984 3034 se
1015 2994 1120 3033 una
1149 2979 1352 3034 Christi
1385 2994 1613 3048 persona
1642 2979 1812 3032 nnivit
1839 3021 1850 3042 ,
1889 2988 1944 3033 ιιι

343 3091 445 3128 nec
475 3074 737 3128 Divinitas
765 3075 834 3127 ab
864 3073 1198 3127 humanitate
1225 3114 1238 3137 ,
1272 3088 1371 3126 nrc
1405 3074 1713 3128 humanitas
1741 3091 1768 3126 a
1808 3074 1943 3128 Dii-i-

344 3169 511 3222 nitatc
573 3168 743 3238 possit
802 3167 1092 3235 aliquando
1141 3167 1372 3236 sejungi.
1457 3166 1614 3222 Unde
1675 3167 1945 3236 perfectus

344 3263 510 3323 Dens,
547 3259 820 3326 terlecuts
853 3259 1025 3313 Homo
1054 3259 1106 3312 in
1144 3260 1352 3313 unitate
1383 3274 1651 3328 personae.
1686 3275 1826 3314 unus
1861 3269 1946 3314 est

341 3354 610 3410 Christus.
656 3353 765 3408 Nec
793 3364 970 3407 tamen
1009 3353 1133 3422 quia
1165 3353 1302 3406 duas
1328 3353 1561 3407 diximus
1596 3354 1644 3406 in
1675 3351 1814 3406 Filio
1843 3351 1944 3406 Dei

345 3463 467 3501 csse
517 3455 758 3508 naturas,
791 3444 926 3498 duas
955 3444 1302 3499 causabimus
1325 3445 1374 3496 in
1404 3459 1469 3498 eo
1499 3459 1621 3498 esse
1655 3458 1937 3510 personas,

344 3537 674 3594 neTrinitati
687 3580 700 3600 ,
717 3537 857 3602 quod
874 3537 1034 3600 absit,
1051 3539 1310 3591 accodcre
1326 3535 1568 3589 videatur
1584 3536 1826 3602 quaterni
1840 3547 1939 3587 tas.

422 3631 556 3685 XIII.
604 3631 752 3685 Deus
795 3632 940 3684 enim
976 3630 1202 3684 verbum
1253 3644 1360 3682 non
1405 3628 1612 3694 acet-pit
1656 3642 1942 3694 personam

348 3725 603 3785 hominis,
639 3724 733 3778 sed
763 3733 1009 3776 naturam
1037 3763 1050 3786 ,
1082 3731 1136 3776 et
1162 3721 1212 3774 in
1243 3730 1501 3774 aeternam
1531 3733 1814 3786 personam
1862 3718 1946 3771 Di-

346 3821 592 3875 vinitalis
650 3819 1005 3886 temporalem
1068 3815 1280 3885 accepit
1317 3815 1677 3868 substantiam
1742 3812 1940 3866 carnis.

347 3915 478 3970 Item
506 3930 626 3969 cum
660 3913 819 3967 unius
864 3912 1190 3966 substantia:
1227 3910 1503 3965 credimus
1535 3925 1657 3966 esse
1691 3908 1940 3972 Patrem,

346 4023 397 4063 et
431 4009 648 4071 Filium,
681 4017 734 4061 et
762 4006 1022 4074 Spiritum
1052 4015 1322 4068 sanetum,
1356 4019 1461 4057 non
1490 4015 1667 4056 tamen
1693 4003 1942 4068 dicimus,

349 4111 402 4155 ut
438 4100 596 4168 hujus
627 4098 908 4153 Trinitatis
943 4097 1204 4151 unitatem
1255 4095 1417 4150 Maria
1452 4097 1612 4166 Virgo
1655 4096 1943 4166 genuerit,

349 4195 443 4250 sed
477 4193 850 4248 tantummodo
883 4192 1101 4258 Filium,
1137 4192 1225 4258 qui
1254 4192 1401 4246 solus
1423 4204 1672 4245 naturam
1707 4202 1945 4247 nostram

350 4289 404 4342 ιιι
434 4288 640 4341 unitate
680 4302 791 4339 sine
838 4298 1085 4355 personae
1133 4284 1447 4352 assumpsit.
1510 4284 1946 4340 lncarnationem

349 4396 567 4452 quoque
598 4381 759 4450 ltujns
789 4380 905 4434 Filii
937 4378 1036 4434 Dei
1080 4388 1190 4433 tota
1235 4377 1475 4433 Trinitas
1525 4393 1784 4448 operasse
1825 4395 1949 4434 cre-

2048 1868 2226 1913 tamen
2268 1858 2319 1912 itt
2345 1860 2436 1913 illo
2463 1861 2844 1928 generationes
2869 1861 3166 1925 tnirabiles,
3194 1862 3342 1927 quia,
3371 1870 3421 1914 et
3453 1861 3520 1915 de
3548 1859 3653 1915 Pa-

2047 1962 2126 2004 tre
2157 1960 2281 2005 ante
2307 1951 2505 2005 satcnla
2539 1955 2657 2005 sine
2689 1965 2866 2006 matre
2885 1959 3130 2021 genitus,
3163 1961 3221 2005 ct
3248 1953 3299 2006 in
3335 1953 3439 2006 line
3477 1965 3651 2007 saecu-

2045 2046 2220 2100 Iorum
2251 2048 2317 2099 de
2335 2055 2509 2100 matre
2532 2047 2649 2099 sine
2677 2057 2829 2112 patre
2855 2055 2940 2099 cst
2953 2056 3262 2115 generatus.
3288 2047 3440 2114 Quod
3468 2057 3648 2102 tamen

2045 2140 2341 2195 svcundum
2376 2141 2517 2210 quod
2547 2149 2632 2194 est
2661 2140 2805 2195 Deus
2833 2141 3042 2195 creavit
3069 2140 3318 2208 Mariam,
3345 2142 3645 2196 secundum

2046 2235 2190 2302 quod
2227 2236 2386 2288 homo
2419 2246 2506 2290 est
2538 2246 2754 2288 creatus
2789 2250 2853 2290 ex
2889 2235 3078 2302 Maria,
3128 2237 3244 2302 ipse
3285 2235 3446 2290 Pater
3473 2236 3655 2291 Maria:

2047 2329 2239 2383 matris
2269 2344 2403 2391 sine,
2437 2340 2491 2384 et
2525 2328 2717 2382 Filius.

2118 2421 2235 2477 XV.
2288 2423 2419 2476 Item
2474 2439 2572 2492 per
2623 2422 2727 2477 hoc
2760 2421 2902 2492 quod
2935 2422 3081 2477 Deus
3120 2434 3246 2490 'eSt,
3295 2423 3520 2494 atqttalis
3573 2432 3655 2478 est

2045 2516 2230 2582 Patri,
2274 2521 2378 2582 iper
2403 2515 2510 2570 hoc
2563 2516 2705 2584 quod
2755 2517 2939 2580 homo,
2973 2517 3150 2570 ntinor
3179 2526 3261 2570 est
3287 2516 3471 2571 Patre.
3513 2518 3652 2571 'Item

2047 2619 2103 2663 et
2146 2609 2338 2678 major,
2391 2620 2442 2664 et
2494 2610 2672 2663 minor
2715 2624 2838 2664 esse
2887 2609 3189 2665 credendus
3230 2621 3332 2666 est.
3389 2611 3446 2665 ιιι
3481 2611 3654 2665 I'ortna

2046 2699 2192 2756 enim
2225 2699 2321 2754 Dei
2349 2701 2515 2754 etiam
2551 2700 2667 2770 ipse
2697 2701 2875 2756 Filius
2907 2697 2930 2736 ί¹
2956 2716 3015 2755 se
3045 2703 3160 2770 ipso
3183 2701 3358 2770 major
3387 2712 3469 2756 est
3491 2715 3654 2770 prop-

2050 2803 2133 2847 ter
2167 2794 2562 2847 humanitatem
2611 2805 2968 2864 assumptam.
3001 2795 3138 2861 Quia
3171 2795 3436 2850 Divinitas
3483 2796 3658 2866 major

2047 2896 2149 2942 est.
2183 2886 2238 2941 In
2269 2887 2445 2942 forma
2491 2897 2674 2942 autem
2719 2887 2953 2942 hominis
2998 2888 3162 2943 etiam
3218 2889 3333 2960 ipse
3365 2887 3540 2944 Filius
3596 2905 3656 2945 se

2050 2981 2167 3051 ipso
2189 2981 2361 3051 major
2390 2991 2474 3036 est
2495 2981 2557 3035 ad
2584 2981 3000 3047 humanitatem,
3025 2999 3143 3052 qua:
3167 2986 3352 3038 minor
3374 2984 3658 3040 divinitate

2047 3074 2334 3144 accipitur.
2372 3073 2446 3128 Ita
2475 3074 2770 3129 secundum
2795 3074 3160 3139 divinitatem,
3179 3093 3299 3144 qua:
3329 3079 3555 3148 {equalis
3577 3086 3661 3132 est

1973 3154 2016 3216 C
2055 3168 2232 3234 Patri,
2269 3169 2404 3238 ipse,
2459 3182 2514 3224 ct
2546 3168 2706 3225 Pater
2756 3170 2930 3238 major
2961 3182 3044 3225 est
3075 3169 3316 3230 homine.
3350 3189 3511 3240 quem
3545 3176 3660 3227 Sola

2053 3261 2174 3316 Filii
2201 3278 2432 3330 persona
2458 3263 2779 3332 assumpsit.
2813 3263 2946 3317 Item
2980 3264 3031 3317 in
3066 3279 3154 3328 eo,
3184 3263 3333 3334 quod
3364 3267 3531 3333 quaari
3565 3282 3662 3334 po-

2055 3365 2159 3409 tcst
2183 3397 2195 3418 ,
2224 3355 2393 3409 Filius
2414 3357 2491 3410 sic
2525 3356 2768 3424 arqualis,
2805 3362 2861 3409 et
2896 3355 3072 3409 minOr
3094 3371 3216 3410 esie
3259 3356 3522 3411 creditur.
3553 3357 3662 3412 Re-

2052 3446 2415 3516 spondeatnns
2437 3449 2717 3500 secundum
2743 3451 2962 3517 [orntum
2989 3445 3084 3501 Dei
3113 3449 3243 3502 sert-i
3268 3447 3492 3520 (Phil-7p.
3520 3465 3579 3514 ιι,
3602 3449 3656 3520 7)

2050 3539 2228 3591 tttinor
2257 3549 2308 3591 ct
2338 3538 2500 3592 Patre
2528 3547 2581 3592 et
2628 3537 2833 3606 Spiritu
2863 3549 3074 3593 sancto.
3118 3539 3253 3604 Quia
3289 3555 3388 3594 nec
3419 3541 3656 3609 Spiritus

2048 3631 2282 3687 Sanctus
2315 3632 2514 3686 dicitur
2545 3632 2705 3688 Pater
2736 3645 2781 3686 υ.
2819 3632 2925 3688 Sed
2960 3633 3073 3687 sola
3101 3633 3226 3687 Filii
3258 3649 3491 3704 persona
3537 3649 3657 3688 sus-

2049 3727 2461 3795 cepitearncm,
2524 3742 2620 3795 per
2651 3740 2812 3794 quam
2859 3727 3036 3780 minor
3087 3741 3210 3782 esse
3259 3726 3498 3782 creditur
3548 3727 3657 3783 illis

2051 3819 2304 3887 personis
2355 3818 2591 3873 duabus.
2653 3818 2788 3874 Item
2839 3819 2924 3874 hic
2969 3811 3143 3874 Filius
3173 3835 3201 3874 a
3258 3821 3365 3876 Deo
3395 3820 3558 3876 Patre
3605 3831 3660 3876 ct

2053 3909 2260 3978 Spiritu
2292 3921 2479 3964 sancto
2515 3911 2955 3980 inseparabiliter
2973 3911 3242 3968 discretus
3261 3915 3506 3969 creditur
3535 3931 3657 3969 esse

2054 4018 2282 4073 persona
2313 4004 2381 4058 ab
2413 4003 2633 4059 homine
2663 4017 2941 4075 assumpto
2973 4021 3036 4060 ex
3072 4005 3259 4061 Maria.
3294 4007 3422 4062 Item
3457 4024 3575 4062 rum
3603 4010 3653 4063 itt

2057 4099 2275 4153 homine
2321 4115 2422 4151 una
2476 4109 2652 4154 exstat
2685 4115 2914 4168 persona
2951 4100 3009 4166 ί,
3037 4117 3160 4155 cum
3205 4101 3368 4157 Patte
3411 4118 3538 4157 vero
3567 4144 3580 4166 ,
3604 4113 3660 4157 et

2056 4191 2262 4261 Spiritu
2312 4202 2500 4246 sancto
2559 4202 2751 4248 natura
2807 4194 3119 4248 Divinitatis
3151 4211 3264 4248 suae
3312 4196 3654 4260 substantia,

2059 4287 2258 4341 missus
2286 4296 2468 4340 tamen
2507 4285 2682 4339 Filius
2710 4301 2816 4340 non
2841 4285 3018 4339 solum
3053 4300 3080 4338 a
3115 4286 3297 4349 Patre,
3326 4285 3418 4339 sed
3460 4301 3490 4338 a
3536 4286 3658 4355 Spi-

2061 4383 2164 4436 ritu
2218 4382 2423 4434 Sancto
2475 4389 2499 4425 8
2541 4379 2740 4434 missus
2787 4394 2909 4434 esse
2960 4379 3270 4434 credendus
3319 4391 3424 4434 est.
3471 4381 3527 4435 ltt
3559 4397 3658 4453 eo,

423 4528 447 4554 τι
481 4516 538 4569 S.
573 4516 811 4570 Hilarius
844 4516 944 4569 hoc
973 4523 1348 4591 argumentum
1399 4516 1448 4568 in
1491 4526 1720 4571 tractatu
1753 4521 1946 4588 psalm.
1980 4526 2032 4586 1)
2059 4521 2242 4591 gelista
2267 4518 2538 4591 conﬁrmat
2569 4517 2744 4570 omnia
2769 4515 2962 4591 afFilio
2989 4535 3098 4573 esse
3125 4528 3367 4572 creata...
3402 4519 3529 4572 Cum
3555 4530 3660 4575 tam

351 4605 616 4654 cxxxvm,
646 4603 740 4656 per
781 4598 952 4640 tomm
986 4586 1190 4640 diserte
1228 4597 1538 4647 net-tractat.
1562 4597 1612 4641 et
1646 4591 1696 4642 in
1723 4586 1861 4645 libro
1891 4610 1946 4657 κ,

352 4681 405 4716 ιι.
444 4662 531 4723 17,
563 4662 629 4712 de
657 4658 941 4712 Triuitate.
977 4658 1108 4731 Quae
1133 4658 1348 4727 quidem
1381 4661 1805 4728 respondenteis
1829 4680 1949 4731 qua:

348 4732 570 4787 definita
605 4731 818 4785 fuerunt
843 4731 896 4783 in
924 4730 1154 4802 concilio
1173 4730 1436 4783 Alexandt
1456 4733 1565 4795 ittu,
1591 4744 1809 4802 propter
1831 4730 1948 4802 qum,

349 4806 408 4862 S.
444 4802 712 4857 Eusebius
761 4817 820 4855 se
865 4801 1216 4855 subscribens
1266 4804 1512 4867 epistolm
1562 4801 1948 4872 synodit-zead

352 4876 725 4932 Antiochenos
755 4878 935 4927 missae
965 4888 991 4924 a
1012 4874 1068 4928 S.
1094 4872 1394 4925 Athanasio
1417 4875 1633 4927 scribit:
1663 4874 1771 4928 Sed
1798 4877 1951 4929 etiam

352 4948 760 5002 incarnationem
789 4945 1079 4998 Saluatoris
1111 4947 1270 4997 nostri
1303 4947 1591 4998 consensio.

427 5021 451 5058 δ
480 5021 538 5076 S.
573 5017 812 5073 Hzlarius
839 5016 907 5070 de
930 5016 1083 5069 Trin.
1127 5017 1220 5068 lib.
1255 5031 1284 5069 ι
1315 5057 1327 5078 ,
1352 5032 1412 5089 tt.
1456 5017 1516 5070 l5
1544 5034 1564 5089 :7
1616 5016 1776 5089 Virgo
1817 5021 1955 5073 enim

354 5094 562 5149 nonnisi
583 5109 644 5144 ea:
664 5108 757 5143 suo
780 5099 955 5143 sancto
984 5089 1188 5156 Spiritu
1210 5088 1402 5155 genuit,
1428 5088 1567 5158 quod
1591 5088 1783 5160 genuit.

430 5177 451 5203 ο
486 5164 558 5218 Ac
599 5163 823 5216 Verbum
852 5179 972 5214 caro
1008 5164 1214 5232 factum,
1243 5170 1335 5213 (tut
1355 5161 1500 5214 aliud
1524 5177 1652 5226 esse,
1677 5177 1831 5229 quam
1864 5179 1954 5215 no-

351 5247 473 5291 stra:
497 5237 669 5288 carnis
689 5233 832 5287 'Deus
859 5250 976 5286 σαι-ο
1009 5237 1175 5358 (ιισιιιδ
1195 5243 1342 5286 esset.
1370 5233 1425 5287 S.
1456 5232 1690 5286 Ililarins
1713 5233 1779 5286 de
1799 5232 1950 5290 Tritt.

354 5310 446 5358 lib.
480 5324 531 5358 ιιι
557 5350 570 5358 .
599 5325 650 5358 ιι.
681 5306 756 5358 16
784 5348 794 5358 .
827 5318 879 5358 et
925 5305 976 5357 itt
1035 5306 1149 5358 ihru
1193 5305 1260 5358 de
1299 5305 1530 5358 Svnodis
1553 5347 1565 5358 .
1600 5319 1694 5358 seu
1728 5305 1794 5358 dc
1823 5303 1950 5358 Fide

354 5310 446 5362 lib.
480 5324 531 5361 χι
557 5350 570 5372 ,
599 5325 650 5361 ιι.
681 5306 756 5359 16
784 5348 794 5364 ,
827 5318 879 5359 et
925 5305 976 5357 in
1011 5303 1149 5359 libro
1193 5305 1260 5358 de
1299 5305 1530 5376 Synodis
1553 5347 1565 5369 ,
1600 5319 1694 5359 seu
1728 5305 1794 5359 de
1823 5303 1954 5360 Fide

354 5379 566 5434 Orient.
599 5378 885 5431 anatltema
912 5392 965 5430 ιι.
1005 5376 1090 5437 ii,
1117 5391 1238 5446 pag.
1270 5377 1395 5432 584.

430 5449 454 5487 ιι
490 5450 608 5504 "ac
631 5465 783 5502 carne
823 5451 990 5520 major
1016 5456 1088 5501 est
1113 5447 1272 5500 Patre
1301 5466 1313 5500 :
1344 5447 1560 5518 aequatis
1585 5449 1755 5509 verbo,
1785 5448 1956 5520 major

357 5539 534 5585 carne,
587 5520 801 5590 irquttlis
840 5519 916 5574 ei.
955 5534 1239 5590 perﬂquem
1267 5521 1386 5590 fecit
1428 5536 1541 5582 nos,
1591 5519 1760 5590 major
1785 5536 1843 5572 eo
1872 5519 1958 5588 qui

359 5595 530 5662 fartus
555 5602 626 5643 est
645 5588 858 5662 propter
888 5588 1000 5643 nos.
1031 5589 1168 5662 Nam
1196 5590 1333 5662 quod
1363 5589 1498 5644 Deus
1519 5591 1584 5644 sit
1623 5588 1812 5662 Filius,
1838 5591 1954 5644 licet

360 5661 523 5717 multo
548 5661 838 5716 testimonia
867 5661 1104 5726 superius
1135 5661 1300 5725 posita
1317 5662 1570 5715 evidenter
1602 5661 1909 5726 perdoceant
1936 5702 1951 5726 ,

363 5747 532 5790 tamen
589 5735 760 5787 adhuc
790 5749 956 5803 pttm‘lt
999 5733 1195 5786 credidi
1245 5732 1625 5804 subjungenda.
1681 5730 1741 5784 ln
1774 5731 1958 5804 (genesi

362 5809 609 5877 scriptum
638 5818 709 5859 est
743 5801 990 5860 :Cteatit
1020 5805 1162 5859 Deus
1185 5801 1478 5859 coelum”;
1505 5814 1551 5856 et
1583 5804 1754 5873 utique
1782 5801 1956 5857 Evan-

2058 4590 2580 4662 prtcseutibtts,qunnt
2604 4590 2878 4659 praeteritis
2907 4592 3232 4662 testimoniis,
3252 4607 3365 4657 quae
3393 4592 3454 4644 de
3482 4591 3658 4661 Scrip-

2057 4659 2184 4715 tttris
2216 4661 2404 4712 sanctis
2434 4661 2721 4730 prostulntn
2752 4659 3053 4726 sunt,Dens
3105 4679 3214 4717 esse
3247 4662 3418 4715 Filius
3445 4659 3660 4716 diunon-

2056 4743 2243 4786 strctur
2275 4773 2287 4794 ,
2323 4731 2481 4783 miror
2521 4748 2614 4784 cur
2660 4730 2790 4800 forte
2831 4750 2944 4786 eum
2970 4735 3131 4802 aliqui
3159 4749 3397 4789 HINOBEM
3443 4735 3658 4790 dicenth

2059 4804 2408 4873 blasphemare
2440 4819 2542 4855 non
2576 4814 2828 4866 metuunt,
2853 4821 2970 4858 cum
2993 4823 3244 4871 nusquam
3273 4806 3479 4859 omnino
3523 4805 3659 4861 Ileus

2058 4877 2226 4929 minor
2243 4891 2350 4926 csse
2373 4874 2945 4946 legatttrBreviarium
2971 4878 3091 4930 lidei
3113 4878 3380 4932 adversus
3404 4877 3654 4934 Arianos.

2134 4956 2156 4983 θ
2193 4946 2392 5013 Supple
2423 4962 2515 4999 nec
2542 4948 2820 5016 assumpsit
2851 4964 3076 5000 carnem.

2136 5017 2153 5055 ί
2188 5017 2409 5073 Scilicet
2435 5034 2664 5085 persona
2695 5020 2927 5072 discreta
2953 5021 3019 5072 ab
3040 5019 3279 5083 homine,
3315 5035 3407 5072 seu
3469 5019 3658 5074 huma-

2061 5090 2230 5144 nitate
2275 5099 2550 5156 assumpta
2585 5105 2648 5143 ex
2684 5089 2868 5143 Maria.
2907 5089 3147 5158 Namque
3205 5093 3385 5159 posuit
3439 5105 3657 5156 semper

2062 5162 2318 5215 hominem
2353 5177 2447 5226 pro
2477 5160 2812 5233 humanitate
2857 5164 3306 5233 quotiescumque
3342 5163 3391 5216 id
3423 5164 3661 5219 nominis

2060 5233 2375 5305 usurparit,
2410 5241 2467 5284 ttt
2492 5231 2677 5305 ridere
2706 5241 2790 5285 est
2835 5232 3081 5300 pluribus
3115 5236 3165 5288 itt
3207 5231 3342 5290 Iocis
3364 5277 3377 5300 ,
3414 5235 3660 5305 adeoque

2061 5304 2150 5356 hic
2199 5302 2542 5356 solummodo
2574 5301 2676 5356 hoc
2702 5305 2950 5359 annotari
3001 5306 3068 5360 ab
3111 5309 3364 5361 omnibus
3394 5316 3524 5375 opto
3547 5301 3661 5373 {ne

2059 5375 2268 5444 longior
2300 5376 2424 5433 sint.
2458 5388 2617 5442 quam
2648 5389 2736 5427 res
2765 5377 3025 5444 postulat.

2133 5454 2162 5519 tt
2192 5444 2341 5510 Quod
2365 5445 2427 5498 de
2455 5445 2595 5519 aceto
2608 5445 2871 5519 descendit
2894 5490 2908 5512 ,
2936 5459 3194 5517 concepta:
3223 5451 3285 5504 de
3311 5452 3514 5519 Spiritu
3547 5455 3656 5508 ori—

2057 5517 2190 5593 gin-is
2221 5534 2376 5593 causa
2405 5525 2522 5593 est._
2548 5515 2667 5570 Non
2697 5518 2832 5570 enim
2861 5521 3066 5588 corpori
3093 5515 3266 5574 Maria
3294 5515 3543 5593 originem
3568 5527 3656 5578 de-

2061 5590 2136 5642 dit
2184 5605 2202 5665 ς
2242 5589 2358 5642 licet
2407 5588 2476 5640 ad
2494 5588 2855 5665 incrementa,‘
2894 5600 3198 5665 partumque
3240 5588 3470 5665 corporis
3513 5612 3663 5651 omne

2063 5659 2200 5730 quod
2245 5676 2396 5731 sexus
2422 5661 2504 5712 sui
2533 5668 2608 5712 est
2647 5659 2882 5713 naturale
2910 5659 3203 5731 contulerit.
3241 5659 3394 5731 Quod
3420 5682 3536 5720 vero
3567 5667 3664 5721 Ito-

2064 5728 2222 5807 ininis
2254 5728 2422 5784 Filius
2449 5739 2544 5807 est,
2570 5740 2820 5807 susceptae
2854 5748 2906 5784 tn
2952 5730 3160 5802 Virgine
3179 5728 3351 5791 carnis
3373 5749 3444 5790 est
3463 5751 3667 5807 partus.

2073 5801 2222 5868 Quod
2255 5811 2424 5854 mttznt
2447 5801 2496 5855 in
2530 5802 2685 5866 iwlis,
2718 5815 2762 5854 ct
2785 5801 3197 5876 ttotttrwscmper
3219 5801 3475 5865 manentis
3499 5821 3672 5880 pom-
3743 5851 3803 5897 4.
