4024 6192
478 231 583 286 967

1083 230 1329 292 SANCTI
1366 231 1640 293 EUSEBII
1682 233 2200 297 VERCELLENSIS
2244 241 2328 296 DE
2371 238 2741 298 'I‘RINI’I‘ATE
2778 238 3201 301 CONFESSIO.
3684 245 3762 303 968

477 347 622 419 quod
655 348 772 416 ipse
826 362 925 420 per
957 348 1285 422 Prophetam
1323 352 1498 408 dicit:
1546 353 1614 408 Et
1639 371 1775 409 nunc
1817 354 2074 410 Dominus
2102 363 2150 422 Α
2183 355 2340 415 ﬁnein
2381 360 2708 417 saeculorum
2742 359 2915 416 Judex
2945 359 3210 416 omnium
3259 355 3518 412 vivorum
3561 368 3612 414 et
3649 377 3764 416 mor-

481 443 619 496 misit
639 459 748 509 me,
780 452 826 497 et
857 443 1071 513 spiritus
1098 445 1212 512 eius
1241 444 1399 517 (Isai.
1431 463 1630 514 XLVIII,
1670 448 1782 517 I6).
1810 450 1848 502 Α
1876 464 1936 504 se
1963 450 2080 518 ipso

480 549 698 606 quoque
729 537 929 590 missus
979 537 1248 607 accipitur
1279 547 1303 574 ιι
1327 554 1427 608 pro
1457 553 1547 605 eo,
1577 539 1720 610 quod
1750 539 1868 595 sine
1923 556 2082 610 para-

480 627 640 693 bolis,
666 645 772 682 non
799 629 979 684 solum
1012 631 1288 697 voluntas,
1314 632 1411 687 sed
1442 643 1495 688 et
1513 633 1764 703 operatio
1789 637 1956 689 totius
1985 635 2084 689 tri-

482 719 664 774 uitatis
685 721 1020 791 agnoscitur.
1056 722 1152 778 Hic
1183 724 1330 780 enim
1377 725 1470 796 qui
1493 734 1620 781 ante
1661 727 1859 782 saecula
1892 727 2084 800 unige-

479 813 624 869 nitus
647 824 980 870 estvocatus
1011 817 1396 887 spiritualiter,
1433 820 1826 889 primogenilus
1859 830 1941 875 est
1972 821 2082 876 fac-

479 914 583 961 tus.
608 905 938 978 Unigenitus
964 920 1190 980 propter
1216 909 1527 966 Divinitatis
1549 911 1932 967 substantiam.
1959 913 2080 968 Pri.

477 999 782 1069 mogenitus
811 1009 1036 1071 propter
1062 1014 1360 1072 assumpta:
1388 1006 1573 1058 carnis
1592 1013 1862 1070 naturam,
1896 1007 1946 1058 in
1977 1021 2083 1076 qua

476 1094 717 1164 suscepti
752 1093 989 1149 hominis
1020 1095 1360 1165 formajuxta
1384 1099 1754 1168 evangelicam
1788 1098 2080 1154 veritatem

479 1184 506 1223 δ
538 1185 656 1240 sine
686 1195 911 1256 peccato
940 1199 1258 1258 conceptus,
1303 1189 1422 1244 sine
1471 1199 1700 1260 peccato
1747 1202 1938 1257 natus,
1965 1192 2082 1246 sine

477 1289 707 1346 peccato
732 1291 976 1334 mortuus
1001 1281 1270 1344 creditur,
1301 1283 1390 1353 qui
1419 1283 1568 1339 solus
1593 1299 1688 1351 pro
1713 1284 1869 1340 nobis
1891 1299 2084 1354 pecca-

481 1381 569 1427 tor
595 1381 680 1427 est
708 1371 902 1439 factus,
928 1373 980 1429 id
1003 1382 1088 1430 est
1114 1375 1441 1430 sacriﬁcium
1471 1392 1566 1445 pro
1595 1379 1832 1448 peccatis
1855 1378 2079 1433 nostris.

481 1465 548 1520 Et
570 1475 752 1522 tamen
779 1469 1086 1536 passionem
1121 1469 1328 1539 ipsant,
1361 1471 1510 1526 salva
1543 1471 1837 1528 Divinitate
1862 1489 1957 1528 sua
1983 1487 2082 1545 pro

477 1559 695 1617 delictis
741 1563 946 1618 nostris
997 1564 1286 1630 sustinuit,
1346 1567 1617 1636 mortique
1654 1566 1969 1636 judicatus,
2028 1574 2084 1622 et

489 1654 637 1708 cruci
670 1669 854 1710 veram
885 1656 1066 1712 carnis
1110 1667 1343 1712 mortem
1387 1657 1621 1730 excepit.
1652 1660 1833 1715 Tertia
1864 1675 2084 1732 quoque

2187 466 2423 510 IUOI‘UIII.

2254 548 2419 604 XVII.
2462 547 2590 605 Inde
2613 564 2736 604 cum
2767 549 2971 604 sanctis
2995 548 3280 604 omnibus
3305 547 3498 603 veniet
3525 547 3585 601 ad
3613 547 3770 606 facien-

2183 641 2312 696 dum
2359 641 2659 712 judicium,
2714 642 2946 697 reddere
2977 642 3329 718 .ttnicuique
3359 639 3657 696 mercedem
3682 657 3774 711 pro—

2186 737 2300 806 prie
2331 737 2568 792 debitam
2594 779 2608 804 ,
2652 748 2804 809 prout
2833 736 3047 807 quisque
3079 737 3319 808 gesserit
3353 736 3410 789 in
3441 752 3646 804 corpore
3671 737 3776 804 posi-

2185 841 2266 885 tus
2287 873 2301 898 ,
2331 833 2435 886 sive
2464 831 2654 885 bonum
2676 874 2690 898 ,
2719 832 2822 886 sive
2850 831 3043 884 malum
3078 831 3099 901 (
3132 830 3153 884 I
3181 831 3318 885 Cor.
3354 845 3422 894 v,
3469 828 3583 898 10).

2257 921 2557 976 Ecclesiatn
2582 932 2823 976 sanctam
2849 920 3184 977 catholicam
3219 920 3414 992 pretio
3435 921 3520 975 sui
3551 922 3780 991 sanguinis

2183 1023 2551 1086 comparatam
2582 1030 2704 1071 cum
2753 1031 2818 1071 eo
2858 1015 3140 1070 credimus
3175 1015 3234 1068 in
3272 1024 3603 1084 perpetuum
3628 1029 3782 1084 regna-

2185 1115 2381 1162 turam.
2416 1108 2560 1162 Intra
2587 1108 2744 1178 cujus
2773 1109 3035 1178 gremium
3064 1107 3382 1163 constituti
3431 1123 3595 1162 unum
3625 1106 3785 1177 baptis-

2187 1218 2272 1256 ma
2318 1203 2622 1269 credimus;
2655 1214 2708 1258 et
2751 1203 3074 1258 conﬁtemur
3120 1202 3184 1257 in
3220 1201 3562 1256 remissione
3588 1202 3784 1257 omnium

2188 1306 2557 1365 peccatorum.
2593 1296 2705 1352 Sub
2731 1312 2837 1366 qua
2866 1296 2991 1361 ﬁde,
3021 1303 3077 1351 ct
3121 1295 3559 1351 resurrectione
3588 1306 3786 1350 mortuo-

2187 1403 2306 1442 rum
2338 1387 2606 1443 veraciter
2633 1388 2942 1456 credimus,
2978 1399 3034 1444 et
3059 1387 3246 1443 futuri
3281 1387 3484 1442 saeculi
3513 1388 3696 1457 gaudia
3715 1404 3788 1444 cx-

2188 1490 2520 1552 spectamus.

2260 1575 2373 1631 Hoc
2420 1584 2629 1631 tantum
2677 1577 2837 1633 nobis
2865 1579 3132 1634 orandum
3169 1589 3300 1646 est,
3337 1590 3397 1636 et
3429 1578 3712 1651 petendum
3749 1587 3788 1632 ut

2187 1687 2308 1727 cum
2344 1680 2605 1743 peracto,
2639 1671 2898 1743 ﬁnitoque
2922 1674 3132 1742 judicio
3167 1674 3481 1731 tradiderit
3510 1674 3673 1730 Filius
3723 1688 3790 1728 re-

489 1745 582 1801 die
631 1747 833 1802 virtute
881 1747 1097 1820 propria
1147 1750 1442 1806 suscitatus
1513 1752 1582 1808 de
1647 1754 1899 1824 sepulcro
1962 1769 2075 1809 sur-

2188 1782 2349 1837 gnum
2385 1766 2492 1820 Deo
2521 1775 2576 1820 et
2603 1765 2772 1832 Patri,
2803 1767 3101 1837 participes
3137 1783 3250 1822 nos
3278 1765 3497 1822 efﬁciat
3527 1767 3668 1835 regni
3690 1763 3788 1828 sui,

482 1840 644 1896 rexit.

547 1933 688 1989 XVI.
732 1935 845 1990 Hoc
870 1951 1001 2008 ergo
1030 1937 1284 2009 exemplo
1323 1938 1516 2009 capitis
1547 1939 1718 1994 nostri
1751 1941 2080 1996 conﬁtemur

474 2042 656 2082 veram
692 2027 806 2081 ﬁeri
856 2028 1318 2086 resurrectionem
1363 2031 1541 2086 carnis
1573 2031 1812 2086 omnium
1844 2041 2085 2088 mortuo-

474 2135 618 2175 rum.
653 2118 768 2174 Nec
814 2120 866 2175 in
918 2121 1100 2188 aeria,
1145 2123 1228 2178 vel
1271 2124 1516 2194 qualibet
1558 2124 1663 2180 alia
1712 2141 1881 2182 carne
1927 2137 1982 2192 ο,
2027 2133 2086 2181 ut

474 2215 694 2286 quidam
720 2214 958 2270 delirant
989 2225 1399 2272 resurrecturos
1427 2233 1523 2274 vos
1552 2217 1829 2274 credimus
1854 2262 1869 2286 ,
1902 2219 1998 2275 sed
2031 2220 2083 2275 in

475 2306 612 2373 ista,
644 2322 749 2377 qua
775 2306 1030 2375 vivimus,
1057 2310 1408 2365 consistimus
1442 2321 1496 2367 et
1524 2326 1828 2367 movemus.
1857 2311 2086 2368 Peracto

477 2399 639 2470 huius
667 2411 871 2456 sancta:
898 2403 1324 2458 resurrectionis
1367 2405 1620 2474 exemplo
1654 2404 1794 2460 idem
1829 2404 2088 2461 Dominus

476 2504 696 2562 noster,
729 2507 895 2566 atque
925 2495 1178 2551 Salvator
1209 2507 1493 2567 paternam
1523 2498 1871 2556 ascendendo
1897 2499 2084 2556 sedem

477 2590 773 2661 repetivit,
807 2589 876 2646 de
907 2606 1013 2661 qua
1046 2606 1342 2663 numquam
1377 2608 1475 2664 per
1502 2593 1843 2649 divinitatem
1875 2594 2084 2650 disces-

474 2683 562 2739 sit.
595 2684 730 2739 Illuc
757 2682 826 2738 ad
853 2683 1132 2739 dexteram
1161 2683 1340 2740 Patris
1383 2685 1581 2741 sedens
1628 2695 1978 2757 exspectatus
2028 2686 2081 2742 in

477 2855 553 2899 tas
581 2855 679 2907 est,
710 2859 826 2914 qua:
853 2844 1072 2910 initiata,
1123 2843 1432 2914 conditaque
1463 2861 1553 2912 per
1590 2860 1644 2898 se
1673 2861 1845 2906 carne,
1891 2861 1992 2899 non
2021 2861 2074 2900 se

478 2932 545 2988 ea:
575 2916 850 2988 inﬁnitatis
873 2931 982 2988 suae
1007 2917 1192 2988 uirtute
1215 2916 1350 2988 intra
1378 2919 1637 2988 regionem
1663 2917 1862 2988 deﬁniti
1893 2933 2077 2980 corpo-

478 2987 552 3041 ris
581 2987 874 3041 coarctavit.
909 2987 968 3043 S.
1015 2985 1120 3040 lliI.
1153 2986 1221 3040 de
1250 2985 1402 3040 Trin.
1429 2985 1522 3040 lib.
1551 3002 1577 3040 κ
1597 3027 1610 3048 ,
1645 3004 1698 3041 n.
1734 2987 1832 3050 16,
1861 3002 1914 3055 p.
1944 2988 2068 3043 551.

553 3067 580 3095 τι
603 3057 709 3112 Sed
739 3061 871 3127 forte
898 3057 1022 3111 dicit
1045 3057 1232 3125 aliquis
1249 3056 1408 3110 :ldeo
1433 3059 1599 3110 minor
1625 3067 1720 3122 est,
1742 3059 1866 3127 quia
1889 3059 2073 3113 missus

480 3128 690 3201 legitur.
727 3127 790 3182 Et
819 3129 944 3199 quid
964 3129 1296 3201 dicturusnest
1319 3143 1434 3180 cum
1475 3129 1596 3201 legit
1628 3127 1825 3201 Isaiam
1849 3128 2076 3201 prophe-

481 3199 584 3254 tam
611 3216 675 3254 ea:
702 3215 923 3270 persona
952 3199 1141 3270 Christi
1171 3199 1421 3270 dicentem
1451 3214 1470 3252 :
1500 3199 1760 3254 Dominus
1789 3200 1937 3256 misit
1957 3199 2071 3265 me,

2189 1868 2247 1914 ut
2289 1859 2380 1930 qui
2410 1874 2507 1927 per
2537 1860 2675 1914 banc
2709 1859 2867 1916 ﬁdem
2913 1860 2988 1916 illi
3019 1860 3380 1917 inhaeremus
3421 1876 3551 1916 eum
3578 1859 3662 1915 illo
3695 1857 3786 1914 sine

2191 1955 2299 2010 ﬁne
2334 1970 2642 2025 regnemus.

2261 2047 2387 2103 Haec
2410 2044 2438 2084 ἀ
2469 2058 2552 2103 est
2583 2048 2944 2104 confessionis
2991 2059 3203 2105 nostra:
3235 2049 3380 2105 ﬁdes
3412 2045 3652 2120 exposita
3674 2086 3688 2108 .
3712 2060 3784 2113 per

2191 2159 2352 2215 quam
2387 2144 2763 2199 ltmretieoruttt
2805 2143 3000 2214 dogma
3047 2145 3393 2216 perimitur.
3428 2159 3530 2214 per
3555 2157 3703 2214 quam
3741 2139 3786 2192 ft—

2192 2237 2394 2293 dclium
2440 2238 2601 2293 corda
2635 2237 2984 2303 mandantur,
3018 2255 3118 2310 per
3148 2256 3328 2309 quam
3360 2236 3624 2294 etiamad
3650 2237 3780 2290 Ilettm

2191 2334 2430 2403 gloriose
2459 2333 2763 2400 acceditur,
2788 2334 2944 2402 cujus
2971 2345 3344 2390 sacrosancto
3371 2349 3572 2401 sapore
3600 2330 3691 2386 sub
3711 2329 3782 2384 Iri-

2190 2425 2372 2482 duano
2396 2426 2604 2482 dierum
2628 2425 2838 2495 jejunio
2864 2427 3123 2482 continua
3154 2428 3506 2484 relationem
3529 2424 3778 2480 collatione

2189 2531 2466 2578 ructantes
2488 2519 2554 2575 ad
2581 2536 2642 2574 ea
2663 2559 2676 2584 ,
2703 2535 2823 2590 qua:
2852 2520 3080 2576 subnisa
3109 2532 3247 2576 sunt
3278 2518 3539 2591 sequenti
3587 2515 3670 2571 die
3707 2529 3780 2568 ex-

2191 2615 2439 2686 ponenda
2489 2613 2861 2669 transivimus.

2176 2843 2394 2898 fuerunt
2445 2839 2790 2911 Bardesanus
2838 2836 3044 2910 Syrus,
3093 2851 3149 2897 et
3207 2840 3306 2894 alii
3353 2839 3539 2911 plures
3562 2878 3591 2911 ,A
3614 2844 3769 2911 contra

2176 2930 2312 2984 quos
2347 2915 2537 2985 Patres
2567 2907 2946 2985 Aquileienses
2972 2911 3043 2985 _in
3077 2907 3673 2985 symbolo'apostolico
3696 2907 3770 2960 ad-

2179 2980 2433 3042 diderunt
2476 2983 2542 3057 ad
2592 2981 2746 3037 illum
2790 2981 3088 3057 articulum
3108 2980 3313 3039 carnis
3337 2980 3767 3057 resurrectionem

2177 3072 2480 3128 pronomen
2513 3055 2703 3128 hujus,
2736 3062 2793 3107 ut
2835 3052 3030 3128 docet_
3062 3053 3435 3128 Ιὶιιῆιιιιςᾲζίιξ).
3485 3069 3514 3128 I_
3545 3051 3763 3128 Itivrtjtit.

2180 3121 2230 3184 in
2274 3129 2330 3185 8.
2367 3121 2684 3198 ΙΙὶθΓοιιῇνιη.
2712 3141 2861 3198 num.
2887 3127 2918 3180 4
2950 3143 2960 3177 :
2996 3125 3162 3181 Sacra
3193 3125 3540 3198 aquileiﬁensis
3572 3121 3766 3198 Ecclesia

2182 3201 2276 3254 Dei
2303 3200 2489 3265 spiritu
2518 3192 2723 3269 fn'turas
2751 3195 3019 3249 adversum
3045 3215 3137 3251 nos
3163 3192 3469 3269 calumnias
3493 3192 3761 3269 pravideate

479 3282 536 3328 et
565 3261 802 3349 Spiritus
841 3271 1043 3349 eius...
1083 3269 1414 3349 Credeadum
1442 3282 1522 3349 est
1547 3271 1700 3349 mitti,
1755 3273 1842 3340 qui
1889 3261 2073 3349 ubique
2101 3287 2146 3349 ρ
2179 3261 2639 3349 ubitr'aditca'rnis
2667 3269 3270 3349 resurrectionem,addit
3307 3268 3468 3346 unius
3484 3261 3762 3349 pronominis

478 3359 591 3416 esse
615 3343 1167 3416 dignoscitur._llirev‘.
1202 3342 1452 3416 tid._adv.
1496 3343 1660 3416 Arian
1683 3383 1698 3408 ,
1741 3353 1798 3396 ut
1827 3343 2073 3414 sequitur

482 3415 543 3470 8.
579 3412 834 3469 Hilarius.
867 3417 923 3467 Α
948 3413 1091 3469 Filio
1125 3412 1456 3468 Paracletum
1484 3415 1696 3468 missum
1721 3412 2069 3480 meminimus,

479 3488 606 3541 etin
659 3487 918 3554 principio
950 3487 1045 3557 hoc
1073 3485 1202 3555 ﬁdes
1244 3485 1359 3552 ipsa
1389 3487 1644 3554 exposuit.
1679 3486 1786 3539 Sed
1809 3486 1929 3549 quia
1965 3487 2072 3557 [re-

475 3569 689 3627 qucnter
721 3574 809 3622 per
831 3556 1175 3624 indi/ferentis
1213 3566 1412 3610 natura:
1453 3558 1691 3611 virtutem
1738 3574 1893 3626 Opera
1937 3575 2032 3611 sna
2057 3599 2072 3624 ,

478 3644 635 3699 opera
665 3627 843 3699 Patris
872 3645 983 3684 esse
1021 3629 1153 3683 dixit
1181 3629 1379 3694 dicens,
1416 3627 1572 3684 .Ioan.
1605 3645 1662 3692 Χ,
1693 3629 1784 3685 57.
1817 3627 2074 3683 Missurus

476 3698 676 3771 quoque
705 3698 1041 3755 Puracletum
1062 3701 1215 3754 sicuti
1267 3703 1559 3771 frequenter
1601 3701 1879 3767 spopondit
1913 3701 2072 3754 inter-

477 3770 602 3824 dum
631 3789 744 3825 eunt
769 3781 818 3826 et
845 3771 1146 3826 mittendum
1175 3771 1306 3824 dixit
1331 3769 1366 3823 a
1383 3769 1562 3842 Patre,
1589 3771 1714 3823 dum
1738 3787 1903 3836 omne,
1937 3773 2074 3842 quod

476 3853 670 3914 ageret,
696 3843 778 3914 pie
807 3847 1000 3914 referre
1020 3853 1124 3907 est,
1153 3843 1336 3896 solitus
1375 3841 1445 3895 ad
1482 3841 1713 3906 Patrem,
1750 3859 1814 3895 ea:
1839 3841 2072 3912 quo/tte-

473 3913 622 3983 retici
647 3913 966 3983 occasionem
993 3917 1284 3983 frequenter
1330 3914 1626 3980 arripiunt,
1658 3923 1712 3966 ut
1754 3915 1924 3983 ipsum
1964 3930 2074 3967 esse

473 3980 674 4052 Filium
702 3980 1028 4038 Paracletunt
1057 3985 1359 4038 ntittendum
1385 4001 1416 4037 α
1449 3983 1611 4037 Patre
1651 3985 1718 4039 sit
1744 3980 2068 4052 precaturus,

472 4051 821 4126 diﬂ'erentiam
860 4055 1002 4108 missi
1047 4056 1375 4126 rogantisque
1401 4055 1677 4124 signiﬁcet.
1712 4051 1802 4109 SIC
1835 4055 1893 4110 S.
1929 4056 2070 4110 IIiIao

476 4125 590 4198 rius
621 4126 715 4181 lib.
765 4127 836 4198 tle
883 4123 1384 4198 Synodisprietttn
1433 4123 1546 4198 seu;
1575 4128 1642 4180 de
1685 4128 1788 4179 ﬁde
1815 4126 2070 4180 Orienta-

476 4195 718 4268 liutnin.
750 4197 855 4260 20,
900 4194 1022 4268 pag.
1072 4194 1239 4260 494.;
1288 4207 1344 4250 et
1388 4196 1650 4268 sequitur.
1684 4212 1834 4251 nnm.
1865 4198 1973 4268 ‘ZI:
2011 4198 2072 4253 Si

473 4268 590 4339 quis
610 4267 875 4340 Spiritum
902 4266 1156 4324 sanctum
1199 4277 1393 4340 partem
1416 4270 1553 4322 dicat
1599 4266 1780 4322 Patris
1809 4267 1888 4323 vel
1917 4267 2067 4336 Filii,

472 4338 748 4394 anathema
775 4341 861 4397 sit.

546 4409 573 4450 δ
599 4411 752 4479 Quod
805 4413 891 4469 hic
937 4412 1148 4482 legatur
1180 4429 1192 4464 :
1239 4411 1350 4466 sine
1379 4419 1586 4480 peccato
1615 4420 1912 4477 conceptus,
1959 4411 2070 4465 sine

474 4493 679 4551 peccato
707 4498 879 4549 natus,
937 4481 1048 4538 sine
1099 4494 1310 4554 peccato
1358 4494 1589 4538 mortuus
1632 4481 1905 4549 creditur,
1951 4482 2068 4542 lia-c

471 4555 640 4609 credo
695 4555 982 4611 referenda
1013 4553 1134 4611 esse
1188 4554 1254 4608 ad
1307 4554 1509 4610 illamet
1554 4555 1714 4609 verba
1754 4553 1811 4610 S.
1850 4554 2066 4608 Eusebii

466 4625 862 4698 subscribentis
901 4627 1148 4698 epistola:
1197 4627 1472 4698 synodicae
1519 4626 1630 4696 jam
1671 4627 1905 4698 laudata:
1933 4642 1961 4678 a
1989 4626 2062 4698 _S.

471 4695 775 4752 Athanasio
803 4699 868 4751 ad
895 4695 1273 4752 Antiocltenos
1303 4698 1484 4752 missas
1512 4695 1564 4751 in
1593 4699 1698 4752 ftnc
1713 4697 1868 4767 cujus
1894 4696 2067 4766 scrip-

472 4768 544 4821 sit
573 4769 716 4823 idetn
747 4769 1016 4825 Eusebius
1052 4786 1065 4822 :
1114 4767 1180 4821 Et
1209 4779 1417 4840 excepto
1468 4779 1680 4837 peccata
1709 4771 1903 4837 omnia,
1951 4785 2066 4840 qua:

470 4840 654 4893 veteris
681 4853 825 4895 erant
853 4850 1040 4896 nostra:
1061 4840 1400 4892 humanitatis
1418 4880 1431 4903 ,
1456 4851 1564 4895 etc.

547 4920 568 4948 ο
611 4911 689 4965 Ex
722 4911 824 4968 Itoc
851 4921 1041 4978 aperte
1081 4911 1290 4966 eruitur
1322 4925 1561 4980 pugnare
1605 4911 1897 4966 Eusebium
1942 4926 2072 4966 con-

469 4987 556 5035 tra
575 4996 817 5055 errorem
846 4981 1099 5055 Origenis
1121 4980 1379 5055 docentis
1402 4998 1507 5035 non
1536 4997 1792 5055 cantent.
1827 4983 1930 5055 sed
1951 4998 2073 5055 cor-

470 5065 604 5121 pora
654 5051 1009 5122 suSt-itattda,
1063 5069 1238 5121 neque
1284 5053 1474 5108 eadem
1503 5094 1516 5117 ,
1563 5053 1656 5108 sed
1696 5052 1800 5106 alia
1848 5051 2069 5106 subtilia

466 5136 623 5179 aerea
656 5125 897 5182 caelestia
917 5167 930 5184 .
965 5141 1086 5192 qua:
1116 5125 1364 5180 indtttura
1393 5133 1520 5179 sunt
1551 5127 1746 5179 anima:
1779 5125 1895 5177 loco
1925 5139 2075 5178 cras-

470 5194 632 5249 sioris
660 5197 805 5251 illius
829 5196 1128 5251 tnaterialis
1147 5239 1159 5261 ,
1185 5207 1238 5251 et
1264 5199 1445 5252 earnei
1468 5239 1482 5260 ,
1511 5199 1656 5268 quod
1685 5211 1826 5268 nunc
1849 5203 2074 5268 regunt,

469 5273 524 5339 ει
568 5269 832 5339 animant.
882 5268 1036 5334 Quod
1087 5268 1320 5339 dogma,
1362 5284 1456 5324 seu
1513 5265 1761 5323 limresitn
1810 5267 1864 5322 itt
1915 5265 2070 5339 Cum.

464 5333 667 5410 Psalm.
707 5348 838 5394 tom.
887 5333 919 5395 Ii
949 5340 1080 5395 edit.
1112 5333 1309 5394 VEttet.
1349 5352 1552 5396 recent.
1590 5356 1711 5410 pag.
1755 5341 1894 5398 598.
1931 5338 2071 5406 399,

467 5409 720 5475 tradidit,
750 5423 804 5468 et
834 5412 884 5466 itt
916 5409 1103 5466 Matth.
1133 5425 1254 5480 pag.
1287 5410 1423 5475 5M,
1457 5409 1602 5477 446,
1637 5409 1767 5467 tum.
1792 5410 1946 5474 XIII,
1978 5427 2072 5465 seu

467 5483 602 5534 tom.
646 5480 749 5551 III,
781 5483 1146 5541 conﬁrmavit.
1168 5486 1344 5549 Quam
1385 5483 1636 5538 haeresim
1683 5485 1854 5539 secuti
1884 5491 2072 5553 postea

2178 3345 2467 3414 syllabam,
2508 3351 2681 3414 etgpro
2721 3356 2814 3401 eo,
2866 3339 3000 3406 quod
3029 3342 3210 3395 dicunt
3255 3341 3438 3392 carnis
3476 3333 3763 3389 resurrectio—

2179 3412 2293 3470 n'em
2321 3457 2331 3475 ,
2364 3431 2454 3467 nos
2482 3412 2703 3465 dicimus
2728 3427 2745 3464 :
2773 3425 2935 3465 unius
2961 3427 3148 3466 CABNIS
3179 3421 3670 3467 RESURBECTIONEI.

2251 3486 2308 3540 Itt
2340 3485 2442 3540 hoc
2472 3481 2722 3554 symbolo
2749 3498 2849 3535 nec
2876 3483 2930 3535 in
2959 3485 3102 3536 aeria
3121 3526 3134 3545 ,
3176 3487 3262 3540 rel
3297 3479 3760 3554 qualibetaliacar-

2179 3577 2242 3614 ne
2265 3600 2278 3624 ,
2306 3569 2360 3612 ut
2384 3549 2592 3630 quidam
2624 3553 2851 3630 delirant
2878 3565 3270 3630 resurrecturos
3304 3549 3407 3608 nos
3436 3550 3609 3630 tradit.
3641 3549 3755 3611 Ergo

2179 3640 2367 3686 eontra
2398 3629 2521 3682 illos
2543 3666 2556 3680 .
2590 3629 2682 3696 qui
2711 3627 3163 3696 resttrrectiOnem
3197 3628 3400 3680 aliena:
3435 3627 3605 3696 carnis
3627 3660 3640 3679 .
3680 3631 3753 3696 seu

2180 3703 2462 3766 materiae,
2523 3693 2682 3768 quam
2741 3695 2898 3772 hujus
2954 3698 3127 3772 nostri
3175 3697 3434 3772 Corporis
3489 3693 3755 3772 docuerunt

2178 3776 2370 3844 dogma
2410 3766 2976 3844 stattiitur_,_adeoque
3003 3809 3018 3833 ,
3040 3769 3193 3844 sicut
3228 3766 3346 3844 jzitn
3395 3767 3449 3820 in
3481 3766 3750 3844 prmlationc

2179 3839 2413 3899 dixvintus
2442 3858 2561 3897 eum
2589 3840 2648 3896 S.
2677 3839 3008 3910 Hieronymo
3035 3840 3094 3896 S.
3129 3841 3430 3894 Eusebium
3460 3840 3751 3890 commenta-

2180 3919 2290 3971 rios
2313 3916 2642 3984 psalmorum
2668 3911 2918 3984 Qr‘igettis
2943 3910 3010 3984 de
3033 3911 3224 3967 Graeco
3252 3913 3304 3965 in
3333 3911 3574 3984 Latinum
3599 3916 3752 3956 amen.

2177 3978 2621 4042 datis-erroribus
2651 3978 2870 4036 dedisse
2890 4023 2904 4043 ,
2940 3982 3100 4038 facile
3130 3985 3335 4054 cuique
3371 3980 3479 4032 crit
3508 3978 3586 4054 ltic
3612 3985 3745 4054 agito:

2177 4040 2370 4122 scere,
2404 4065 2594 4111 eontra
2624 4069 2784 4126 quem
2818 4040 2922 4126 hoc
2966 4055 3171 4126 dogma
3200 4040 3490 4126 deﬁnitum
3523 4040 3664 4126 fuerit
3695 4040 3746 4126 alt

2177 4119 2584 4194 anctorcliujus
2628 4119 2992 4179 confessionis
3036 4119 3271 4181 maxime
3314 4140 3437 4179 cum
3481 4124 3529 4174 in
3558 4119 3744 4180 relitlu's

2176 4196 2613 4274 synibolis,ttiltil
2644 4207 2905 4274 statutum
2936 4198 3106 4274 fuerit
3127 4198 3740 4274 l:tnlt;larllltl¢0tllfa'

2176 4258 2355 4329 rorem
2387 4258 2640 4341 Urigenis
2670 4267 2844 4321 verbo
2874 4270 2988 4334 ipsa
3020 4268 3411 4341 referentibus,
3454 4262 3613 4341 utbic
3641 4258 3744 4341 legi-

2178 4353 2286 4400 tur.
2320 4345 2392 4398 Ile
2415 4335 2513 4408 qua
2543 4341 2794 4409 Origenis
2823 4342 3040 4410 haeresi,
3065 4341 3143 4394 sic
3165 4339 3222 4395 S.
3257 4335 3578 4410 Epiplmjtjlts
3600 4339 3740 4410 εςηιξῖ

2174 4393 2254 4469 ι’
2273 4393 2574 4484 spe—cimini
2596 4393 2775 4465 inulib.
2805 4393 3112 4466 Ancora'tus
3132 4393 3434 4484 t'tagiriti'lti
3454 4405 3552 4484 .356
3576 4421 3586 4453 :
3616 4398 3670 4453 At

2176 4466 2256 4541 his
2276 4466 2424 4540 satis
2471 4484 2666 4557 dictum
2714 4499 2821 4557 esse
2849 4493 2974 4554 puto
2999 4524 3013 4545 ,
3046 4466 3240 4557 panici;
3270 4466 3298 4538 e
3323 4480 3498 4557 multis
3533 4466 3739 4557 exetttplt't

2173 4577 2204 4611 a
2236 4558 2382 4612 nobis
2409 4556 2718 4628 productis;
2731 4550 2979 4628 Craterum
3007 4550 3069 4628 de
3099 4554 3180 4608 Itis
3199 4598 3211 4614 ,
3242 4556 3330 4627 qui
3363 4550 3731 4628 (ρἸινίδιὶαηίίξδξ

2172 4609 2438 4692 uidentur:
2470 4642 2645 4679 verum
2679 4623 2891 4692 Origeni
2917 4627 3130 4681 credunt
3157 4609 3211 4681 et
3235 4609 3543 4681 mortuorum
3567 4609 3733 4684 quidm

2171 4700 2596 4756 resurrectionem
2641 4696 2952 4763 conﬁtentur
2979 4739 2992 4760 ,
3041 4709 3144 4752 tum
3189 4701 3362 4752 carnis
3402 4692 3730 4763 nostra’,‘tttttl

2174 4753 2407 4844 corporis
2436 4768 2675 4830 Domini,
2698 4753 2869 4820 sdncti
2895 4753 3037 4823 illius
3063 4786 3126 4844 ea:
3149 4769 3320 4824 Maria
3345 4753 3727 4844 tturtmplthEhf

2175 4822 2346 4900 autem
2377 4857 2584 4897 carnem
2610 4822 2713 4894 non
2745 4855 3011 4912 resurgere
3036 4843 3243 4900 dicunt.
3275 4839 3364 4897 sed
3386 4839 3526 4912 etiam
3552 4842 3631 4912 ηνο

2178 4935 2240 4973 ex
2273 4916 2382 4970 Deo
2411 4913 2569 4968 dari:
2599 4909 2857 4981 quomodo
2894 4903 3001 4966 non
3043 4915 3322 4967 dixerimus
3362 4907 3516 4980 magis
3553 4903 3726 4981 impiae!

2327 4968 2512 5042 habere
2541 4968 3041 5059 ipios__op_inione_m,
3072 4998 3117 5038 et
3147 4968 3628 5059 stolidiqrerhiguam
3665 4968 3722 5016 est

2184 5061 2398 5124 Graeca,
2425 5073 2586 5127 quam
2619 5055 2744 5110 alibi
2779 5055 3024 5127 haeresim
3059 5067 3115 5108 ttt
3145 5059 3234 5112 Itic
3263 5055 3520 5110 refutavit.

2253 5105 3507 5202 5"ltitsi'i‘I-tfitat:—jtei'itidovideantr'auctorem

2179 5203 2299 5258 aliis
2335 5201 2525 5256 diebus
2555 5187 2792 5252 locutum
2839 5197 3006 5252 fuisse
3031 5199 3100 5254 de
3133 5199 3235 5254 hoc
3265 5193 3506 5270 tnysl¢|fi°
3528 5187 3718 5270 §",",c_'f,s'

2179 5252 2663 5328 siittvmw'frinitatis
2687 5287 2701 5336 ;
2736 5280 2919 5323 tamen
2954 5271 3007 5324 itt
3039 5252 3229 5324 codice
3257 5252 3382 5324 nihil
3410 5252 3540 5336 aliud
3566 5252 3716 5336 ξάεξξν

2180 5324 2499 5400 eti-ultimam
2521 5324 2524 5325 ν
2550 5324 2800 5412 paginam
2829 5355 3052 5397 vacuam
3081 5340 3267 5410 habet,
3289 5337 3412 5396 alibi
3440 5334 3539 5390 haec
3563 5324 3708 5379 for-an

2181 5416 2410 5488 petenda
2446 5423 2622 5470 erunt.

1917 5678 2264 5696 ‘———I—
