4024 6192
259 236 388 298 969
989 252 1535 316 EUSEBIANORUM
1572 255 1859 317 OPERUM
1898 258 2242 322 EDITIONIS
2280 262 2877 340 COMPLEMENTUM,
3481 282 3587 341 970

256 424 1813 559 EUSEBIANORQMUQEEREM
1869 446 2473 535 EDITIONIS
2552 454 3587 559 COMPLEMENTUM,

1076 551 1159 612 ΙΝ
1209 552 1373 628 QUO
1424 555 1529 614 DE
1574 557 1965 622 AUCTORIS
2016 563 2210 624 VITA
2253 565 2356 626 ET
2406 568 2754 633 SCRIPTIS

1356 654 1663 708 NOTANDA
1706 659 1993 720 QU/EDAM
2034 664 2490 723 EXPONUN'I‘UR.

259 822 307 880 1.
338 822 421 881 De
440 822 652 882 Eusebii
680 826 1017 885 Vercellensis
1038 830 1142 885 vita
1168 837 1214 886 et
1235 831 1461 905 scriptis,
1480 848 1545 887 ea:
1565 831 1867 888 Gallandio.
1896 836 1949 893 Α
1977 835 2365 902 Alexandriam
2400 866 2461 906 ιιο

343 919 615 977 Eusebius
648 923 866 979 natione
895 922 1102 979 Sardus
1136 924 1245 996 (α),
1281 933 1425 981 terra
1466 942 1560 980 sua
1594 934 1648 980 et
1677 939 1878 995 cogna-

260 1013 421 1070 tione
459 1014 643 1070 relicta
663 1058 677 1081 ,
708 1023 872 1088 atque
911 1017 1024 1073 otio
1050 1019 1353 1075 domestico
1385 1021 1875 1092 peregrinationem

256 1104 609 1174 prmferens,
661 1115 720 1161 ut
763 1109 935 1179 inquit
972 1122 1195 1165 sanctus
1245 1110 1569 1168 Ambrosius
1622 1111 1730 1185 (b),
1770 1112 1880 1182 pri-

260 1212 420 1252 mum
468 1198 726 1256 Ecclesiae
755 1200 1015 1258 Romanae
1040 1203 1211 1260 lector
1233 1247 1246 1271 ,
1284 1204 1481 1260 deinde
1512 1206 1878 1261 Vercellensis

260 1293 559 1362 episcopus
589 1302 675 1350 est
714 1296 1017 1355 ordinatus.
1072 1299 1140 1354 Et
1178 1301 1303 1370 jure
1346 1300 1563 1370 quidem
1607 1300 1874 1356 creditum

263 1385 379 1456 (ί),
409 1387 553 1458 quod
586 1389 651 1443 ad
684 1406 879 1446 munus
918 1393 1230 1463 episcopale
1259 1394 1445 1449 divino
1475 1402 1625 1450 esset
1671 1395 1879 1449 electus

258 1477 524 1548 judicio:
570 1497 731 1551 quem
789 1485 934 1539 enim
991 1501 1283 1557 numquam
1339 1496 1467 1542 ante
1505 1497 1881 1559 cognoverant

264 1572 576 1642 electores,
609 1576 938 1645 posthabitis
965 1578 1202 1644 civibus,
1247 1580 1407 1634 simul
1447 1590 1508 1635 ut
1536 1581 1793 1636 viderunt
1825 1589 1881 1637 et

265 1668 681 1735 probaverunt;
740 1678 1059 1741 tantumque
1107 1671 1351 1727 interfuit
1397 1680 1458 1726 ut
1510 1675 1875 1743 probaretur,

265 1771 532 1833 quantum
585 1770 644 1816 ut
689 1763 1005 1820 videretur:
1050 1765 1296 1837 adeoque
1343 1768 1540 1822 merito
1570 1767 1653 1822 vir
1701 1778 1879 1824 tantus

265 1855 477 1920 evasit,
504 1869 664 1926 quem
694 1854 903 1911 scilicet
945 1856 1212 1913 divinitus
1242 1867 1489 1914 vocatum
1518 1860 1696 1914 omnis
1721 1857 1885 1930 elegit

269 1950 525 2006 ecclesia.
557 1949 774 2005 Primus
816 1952 1059 2007 omnium
1092 1953 1174 2023 (ά)
1205 1953 1259 2007 in
1291 1953 1594 2008 occidentis
1637 1953 1881 2023 partibus

270 2042 629 2099 monasticam
660 2044 825 2097 vitam
855 2043 1093 2099 clericali
1139 2044 1423 2115 conjunxit
1457 2063 1469 2098 ;
1502 2046 1673 2100 redux
1722 2045 1882 2100 nimi-

270 2152 393 2192 rum
431 2152 498 2192 ex
527 2135 793 2209 IEgypto,
826 2137 919 2192 ubi
944 2140 1200 2193 exsulans
1230 2148 1540 2194 sanctorum
1583 2140 1882 2195 monacho—

2466 864 2630 948 gante
2675 860 2975 923 Athanasio
3005 884 3065 927 se
3108 878 3376 948 contulit,
3407 883 3499 940 ubi
3540 894 3595 944 et

1980 934 2191 1036 synodo
2221 937 2467 1000 interfuit
2493 947 2560 1002 ab
2591 952 2781 1009 eodem
2811 959 3111 1020 Athanasio
3141 934 3376 1029 coactas:

1980 1024 2294 1096 singillatim
2311 1049 2569 1095 enarrare
2582 1059 2703 1113 qua:
2728 1047 2780 1102 in
2798 1050 2888 1106 illa
2901 1058 3480 1126 synodoAlexandrina
3497 1088 3591 1143 ge-

1983 1124 2495 1221 sta'sunt,prolixius
2510 1148 2630 1191 esse
2646 1154 2803 1207 quam
2822 1124 3051 1203 instituti
3069 1156 3242 1209 nostri
3268 1163 3403 1213 ratio
3426 1124 3587 1221 ferat.

2056 1209 2191 1268 Illud
2228 1227 2403 1275 tamen
2437 1222 2581 1281 haud
2616 1237 3141 1297 praetermittendum
3172 1249 3550 1313 existimamus
3572 1302 3588 1324 ,

1981 1302 2276 1363 Eusebium
2325 1313 2579 1373 nimirum
2612 1321 2758 1379 illius
2799 1332 2992 1400 synodi
3041 1336 3429 1399 Alexandrinae
3457 1302 3593 1405 actis

1980 1395 2172 1505 Latine
2197 1404 2593 1505 subscripsisse
2618 1431 2631 1481 ;
2665 1420 2807 1487 quod
2829 1395 3059 1491 quidem
3086 1395 3597 1505 refertip's—evA—tlia:

1982 1493 2165 1548 nasius
2196 1495 2278 1552 his
2309 1503 2494 1556 verbis
2522 1506 2597 1577 (Ιί)
2626 1527 2639 1565 :
2684 1510 2801 1583 Ego
2834 1514 3109 1587 Eusebius,
3144 1530 3429 1585 secundum
3472 1550 3595 1589 exa-

1983 1595 2115 1641 ctam
2164 1602 2385 1649 vestram
2436 1602 2710 1673 utriusque
2748 1612 2911 1677 partis
2956 1620 3366 1691 confessionem,
3393 1643 3493 1696 qua
3542 1630 3598 1683 in

1982 1686 2214 1742 eamdem
2260 1690 2397 1745 circa
2431 1695 2734 1767 hypostases
2782 1709 3088 1763 sententiam
3141 1719 3495 1785 convenistis,
3542 1722 3599 1776 in

1981 1781 2215 1835 eamdem
2264 1802 2466 1857 quoque
2495 1797 2711 1849 conveni
2739 1814 2759 1851 :
2789 1801 2880 1853 sed
2910 1804 3061 1857 etiam
3093 1808 3231 1862 circa
3280 1812 3599 1871 incarnatio-

1984 1889 2098 1927 nem
2148 1875 2438 1936 Salvatoris
2482 1888 2678 1955 nostri,
2714 1908 2895 1964 nempe
2948 1894 3049 1951 Dei
3094 1897 3296 1956 Filium
3337 1906 3596 1965 hominem

1984 1970 2173 2036 factum
2204 1990 2313 2029 esse
2333 2020 2346 2043 ,
2382 1986 2429 2030 et
2475 1982 2649 2035 omnia
2680 1997 2865 2053 praeter
2894 2003 3159 2056 peccatum
3211 2004 3559 2069 assumpsisse
3579 2047 3594 2072 ,

1983 2063 2272 2129 cujusmodi
2296 2078 2403 2121 erat
2432 2074 2675 2144 antiquus
2703 2091 2875 2134 noster
2902 2084 3055 2139 ltomo
3079 2101 3097 2139 :
3121 2087 3278 2157 idque
3290 2092 3451 2160 juxta
3473 2112 3599 2150 con-

1983 2160 2177 2209 textum
2202 2156 2457 2225 Epistolas
2487 2181 2597 2221 meo
2628 2168 2879 2240 suﬂ'ragio
2911 2156 3235 2244 conﬁrmavi.
3270 2156 3337 2234 Et
3366 2188 3601 2254 quando~

272 2247 395 2287 rum
420 2232 731 2288 institutum
761 2232 1055 2304 diligenter
1082 2236 1470 2304 perquisierat,
1503 2245 1561 2291 ut
1585 2244 1774 2291 auctor
1798 2245 1881 2291 est
1910 2261 1959 2321 Β
1984 2248 2188 2316 quidem
2215 2254 2423 2308 exclusa
2453 2258 2646 2313 dicitur
2675 2232 3245 2326 sardicensis'concilii
3272 2232 3461 2331 tabe'lla
3487 2322 3501 2345 ,
3536 2297 3599 2335 ne

274 2326 542 2383 Baronius
570 2328 664 2401 (e).
695 2330 856 2386 Auno
903 2341 1082 2385 autem
1115 2332 1219 2387 554
1263 2347 1373 2400 quo
1418 2342 1664 2403 tempore
1715 2333 1883 2402 potis-

273 2421 470 2476 simum
506 2422 809 2478 Ecclesium
840 2423 1131 2478 divexabat
1176 2424 1376 2480 Ariana
1402 2425 1687 2495 impietas,
1722 2424 1884 2481 Libe-

273 2514 388 2570 rius
417 2531 550 2585 papa
578 2516 789 2572 litteras
813 2517 880 2572 ad
910 2517 1208 2574 Eusebium
1239 2517 1388 2573 dedit
1414 2519 1483 2590 (f)
1505 2561 1519 2584 ,
1560 2520 1758 2590 quibus
1803 2520 1885 2588 ip-

276 2623 393 2662 sum
428 2608 687 2679 rogabat,
734 2619 790 2664 ut
819 2626 924 2665 una
964 2625 1089 2665 cum
1135 2610 1281 2666 sedis
1324 2612 1641 2680 apostolicae
1690 2612 1882 2684 legatis

276 2701 401 2757 ﬁdei
435 2702 792 2772 patrocinium
823 2704 965 2774 apud
995 2704 1375 2759 Constantium
1406 2705 1727 2775 susciperet.
1774 2705 1886 2760 Ro-

275 2810 439 2851 mano
482 2797 723 2867 pontiﬁci
753 2812 959 2853 morem
990 2813 1189 2867 gerens
1219 2798 1413 2853 beatus
1442 2800 1672 2854 antistes
1693 2842 1707 2865 ,
1739 2800 1883 2870 lega-

275 2886 455 2957 tisque
481 2886 743 2944 Vercellis
772 2889 1073 2945 honoriﬁce
1101 2891 1442 2961 comiterque
1472 2891 1748 2964 exceptis,
1780 2892 1882 2946 vim

270 2981 429 3054 juxta
458 2994 619 3054 atque
646 2983 932 3055 legationis
960 2985 1219 3040 comitem
1242 3000 1365 3040 sese
1392 2985 1621 3051 obtulit,
1668 3000 1883 3054 unaque

273 3088 395 3131 cum
430 3076 533 3130 illis
562 3075 629 3129 ad
660 3077 1049 3145 imperatorem
1074 3077 1126 3131 in
1151 3075 1355 3133 Gallias
1386 3077 1687 3133 contendit.
1716 3078 1885 3151 Cujus

274 3167 353 3223 rei
382 3168 583 3222 certior
627 3167 799 3224 factus
829 3183 1079 3224 summus
1119 3168 1363 3239 pontifex
1384 3211 1398 3233 ,
1429 3185 1553 3225 mox
1586 3170 1652 3224 ad
1704 3171 1881 3239 ipsum

274 3258 557 3329 rescripsit
588 3259 700 3331 (g),
751 3258 1067 3329 signiﬁcans
1108 3270 1307 3331 quanta
1354 3260 1540 3316 laetitia
1593 3260 1760 3317 fuerit
1806 3263 1886 3317 af-

273 3354 471 3422 fectus,
490 3354 616 3410 dum
638 3370 760 3410 eum
783 3355 949 3426 ipsius
970 3356 1161 3427 legatis
1179 3372 1239 3413 se
1256 3356 1570 3427 adjunxisse
1591 3357 1879 3415 intellexit.

343 3450 525 3521 Itaque
555 3452 695 3523 apud
728 3450 1107 3507 Constantium
1141 3452 1359 3507 enixius
1387 3468 1553 3523 agens
1579 3453 1844 3509 Eusebius
1865 3493 1879 3515 ,

271 3545 532 3617 quidquid
562 3561 623 3600 ea
658 3546 931 3617 legatione
972 3547 1258 3617 petebatur
1287 3546 1563 3611 obtinuit,
1599 3561 1795 3617 nempe
1824 3551 1883 3601 ut

1984 2341 2123 2395 ultra
2148 2341 2416 2401 Nictenam
2444 2350 2599 2419 [idem
2624 2353 2825 2426 aliquid
2850 2361 3042 2424 exponi
3064 2364 3297 2419 videatur
3320 2384 3338 2421 :
3367 2386 3458 2439 ego
3482 2341 3600 2425 ltuic

1982 2448 2183 2503 quoque
2208 2438 2283 2490 rei
2311 2443 2580 2497 consentio
2602 2486 2616 2511 ,
2652 2463 2715 2500 ne
2755 2466 2845 2515 per
2887 2452 3032 2505 illam
3066 2453 3286 2511 Nicazna
3336 2460 3465 2528 ﬁdes
3514 2479 3603 2517 ea-

1982 2527 2128 2581 clusa
2175 2531 2439 2602 videatur,
2487 2553 2648 2605 neque
2691 2545 3059 2614 proferendam
3106 2564 3216 2602 eant
3259 2567 3370 2606 esse
3413 2558 3599 2611 sentio'

1987 2620 2124 2691 Opto
2155 2624 2210 2678 in
2258 2625 2485 2684 Domino
2536 2649 2624 2687 vos
2657 2635 2783 2689 bene
2828 2640 3019 2694 valere.
3072 2641 3347 2701 Hactenus
3376 2647 3597 2705 Eusebii

1985 2716 2345 2788 subscriptio;
2379 2724 2465 2778 cui
2513 2724 2629 2782 haec
2660 2731 2943 2797 praemittit
2988 2733 3357 2793 Athanasius;
3390 2743 3604 2804 Τούτοις

1977 2813 2069 2865 ’καὶ
2111 2815 2353 2877 Εὐσέϐιος
2426 2819 2693 2896 ὑπέγραφε
2754 2822 3075 2898 Ῥωμαϊστὶ,
3135 2828 3200 2883 ὧν
3258 2834 3287 2890 ἡ
3338 2834 3599 2909 ἐρμηνεία’

1983 2903 2107 2981 Ἐγὼ
2130 2911 2381 2973 Εὐσέϐιος
2408 2936 2456 2967 κ.
2490 2938 2540 2971 τ.
2564 2916 2611 2969 λ.
2645 2916 2741 2971 His
2769 2917 3024 2975 Eusebius
3048 2939 3249 2995 quoque
3267 2903 3452 2981 Latine
3479 2932 3599 2983 sub-

1984 3002 2209 3069 scripsit,
2230 3019 2448 3071 quornm
2465 3008 2574 3060 lucc
2592 3018 2663 3062 est
2678 3009 3004 3079 intepretatio
3019 3030 3037 3066 :
3056 3014 3167 3071 Eoo
3188 3016 3471 3085 Eusentus,
3488 3031 3592 3077 etc.

2057 3090 2195 3146 Hine
2227 3108 2359 3149 vero
2381 3096 2560 3152 minus
2592 3110 2743 3156 recte
2782 3104 3027 3172 arguisse
3057 3108 3267 3163 videtur
3298 3110 3600 3169 Tillemon-

1988 3180 2093 3235 tius
2123 3183 2226 3255 (ι),
2272 3187 2565 3243 Eusebium
2607 3190 2839 3249 fortasse
2876 3195 3118 3253 Graecam
3166 3200 3404 3271 linguam
3454 3206 3597 3260 haud

1986 3274 2262 3343 calluisse,
2298 3291 2586 3349 prepterea
2606 3286 2750 3354 qttod
2771 3288 2980 3357 synodo
2998 3290 3381 3347 Alexandrina:
3406 3295 3596 3352 Latine

1987 3368 2393 3438 subscripserit.
2413 3374 2635 3429 Scilicet
2663 3376 2853 3433 Graece
2878 3380 3162 3449 imperitus
3190 3384 3356 3441 fuerit
3387 3389 3598 3457 episco-

1986 3475 2091 3530 pus
2118 3462 2206 3517 ille
2236 3463 2628 3534 Vercellensis,
2658 3472 2749 3540 qui
2787 3481 2926 3528 teste
2958 3474 3289 3549 Hieronymo
3311 3482 3407 3550 (nt)
3434 3484 3594 3538 edidit

1988 3552 2041 3604 in
2072 3552 2313 3608 Psalmos
2358 3562 2755 3615 commentarios
2788 3562 2999 3619 Eusebii
3047 3566 3382 3626 Ctvsariensis
3408 3615 3421 3637 ,
3465 3592 3591 3646 quos

271 3639 556 3695 concilium
582 3640 988 3695 celebraretur:
1019 3640 1161 3711 quod
1193 3640 1380 3710 utique
1406 3655 1553 3695 anno
1584 3640 1873 3709 insequen-
1904 3650 1949 3712 C
1982 3657 2049 3696 ne
2081 3641 2285 3699 Gneco
2326 3662 2376 3700 IN
2406 3648 2652 3705 LATINUM
2690 3667 2995 3711 VERTERAT.
3037 3658 3219 3715 Satius
3268 3678 3400 3733 ergo
3428 3664 3594 3723 fuerit

271 3740 324 3788 te
352 3732 640 3789 Mediolani
675 3733 775 3788 fuit
804 3743 1074 3789 coactum.
1114 3733 1181 3788 Et
1210 3734 1260 3787 itt
1291 3749 1357 3789 eo
1387 3733 1607 3806 quidem
1640 3734 1874 3788 concilio

267 3828 492 3884 eminuit
523 3826 742 3884 Eusebii
777 3827 1040 3883 fortitudo
1071 3838 1234 3896 atque
1264 3828 1434 3883 animi
1468 3828 1700 3882 ﬁrmitas
1742 3826 1820 3901 (It)
1855 3845 1869 3881 :

267 3922 531 3993 siquidem
564 3938 672 3979 non
722 3923 936 3988 minas,
989 3938 1098 3977 non
1142 3923 1391 3987 vincula,
1424 3930 1481 3978 et
1522 3938 1590 3978 ne
1632 3922 1868 3993 gladium

268 4017 482 4090 quidem
511 4017 816 4072 districtum
852 4025 1135 4083 metuens,
1168 4014 1421 4072 exsilium
1455 4032 1551 4085 pro
1580 4014 1867 4071 ministerii

268 4112 350 4167 sui
393 4110 576 4166 ofﬁcio
606 4124 749 4165 anno
780 4108 885 4164 557
938 4109 1211 4179 suscepit,
1252 4108 1628 4181 Scythopolim
1661 4110 1869 4179 relega-

268 4212 389 4260 tus:
420 4203 511 4259 ubi
541 4203 776 4275 primum
808 4202 877 4256 ab
922 4201 1162 4271 Josepho
1209 4201 1408 4256 comite
1459 4200 1869 4271 perhumaniter

266 4304 522 4365 exceptus
544 4296 641 4368 (i);
675 4295 934 4366 deinceps
960 4309 1092 4349 vero
1114 4311 1142 4347 a
1169 4293 1489 4364 Patrophilo
1510 4335 1524 4359 ,
1547 4292 1663 4348 Arii
1695 4309 1870 4363 quon-

265 4392 384 4448 dam
414 4393 597 4459 soeio,
628 4389 849 4446 homine
879 4390 1039 4460 plane
1065 4389 1399 4455 saevissimo,
1433 4388 1550 4443 dire
1584 4387 1683 4442 fuit
1703 4404 1866 4444 vexa-

264 4493 368 4541 tus.
400 4483 531 4553 Quae
562 4492 741 4537 autem
773 4491 828 4536 et
867 4489 1067 4551 quanta
1118 4479 1448 4535 fortissimus
1478 4478 1678 4534 Christi
1724 4494 1861 4535 con-

263 4581 434 4639 fessor
463 4590 590 4636 tunc
620 4594 808 4648 passus
837 4578 1034 4641 fuerit;
1068 4578 1271 4646 scripto
1294 4575 1361 4632 ad
1390 4575 1643 4632 eumdem
1673 4575 1860 4631 Patro-

1977 3734 2113 3788 illud
2162 3739 2429 3807 SItSpiCnri
2455 3782 2469 3808 ,
2503 3742 2796 3799 Eusebium
2829 3746 3018 3804 Grmce
3051 3750 3194 3819 lotlui
3223 3764 3317 3810 aut
3348 3758 3591 3815 scribere

1978 3830 2161 3900 potius
2214 3835 2496 3903 nescisse,
2549 3853 2712 3908 quam
2769 3840 3021 3898 Graecam
3083 3846 3316 3919 linguam
3371 3854 3589 3923 penitus

1976 3923 2259 3993 ignorasse
2287 3944 2300 3979 :
2331 3928 2416 3983 vel
2450 3930 2612 3985 etiam
2635 3973 2650 3996 ,
2683 3933 2824 4002 quod
2876 3936 3091 4006 quidem
3145 3942 3330 3998 malim
3356 3986 3368 4007 ,
3411 3945 3584 4016 ipsunt

1972 4016 2101 4073 licet
2131 4019 2322 4076 Grmce
2347 4022 2565 4079 doctum
2588 4064 2601 4089 ,
2635 4028 2826 4096 synodi
2858 4028 3063 4087 Graecae
3085 4036 3221 4090 actis
3242 4036 3431 4094 Latine
3459 4042 3589 4095 sub-

1971 4109 2213 4166 scribere
2230 4112 2491 4184 voluisse,
2508 4132 2615 4188 quo
2630 4119 2887 4176 Ecclesia:
2906 4123 3190 4196 utriusque
3207 4144 3505 4188 consensus
3527 4137 3579 4190 in

1971 4200 2243 4271 dogmatis
2291 4205 2617 4265 deﬁniendis
2688 4213 2899 4282 plenius
2942 4217 3183 4273 evidenti
3211 4236 3381 4293 usque
3450 4240 3580 4282 con-

1972 4305 2166 4352 staret.

2039 4391 2158 4448 Jam
2199 4410 2371 4462 vero,
2422 4397 2697 4453 celebrata
2755 4400 2968 4471 synodo
2998 4401 3404 4475 Alexandrina,
3452 4425 3577 4466 san-

1964 4496 2085 4544 ctus
2111 4489 2479 4547 Vercellensis
2515 4493 2839 4559 antiSIes,ut
2873 4495 3313 4557 habctSocrates
3338 4502 3419 4575 (η)
3453 4515 3575 4574 post

1960 4578 2215 4636 Ruﬁnum
2247 4583 2322 4655 (ο)
2363 4585 2529 4640 instar
2554 4588 2847 4657 praestantis
2894 4590 3080 4644 medici
3110 4593 3320 4647 orientis
3362 4599 3571 4666 provin-

262 4676 465 4747 philum
509 4675 767 4729 Arianum
816 4672 1005 4727 libello
1029 4711 1045 4738 ,
1078 4686 1238 4740 quem
1276 4671 1477 4727 litteris
1518 4670 1743 4741 illigavit
1786 4669 1854 4725 ad
1954 4674 2062 4728 cias
2091 4692 2373 4746 peragrans
2394 4719 2409 4743 ,
2443 4694 2528 4733 eos
2568 4680 2656 4748 qui
2685 4679 2739 4732 in
2766 4679 2871 4749 ﬁde
2897 4680 3096 4749 inﬁrmi
3121 4694 3304 4752 erant,
3334 4688 3403 4741 ad
3439 4689 3571 4745 inte-

261 4784 385 4825 suos
403 4770 456 4823 in
480 4768 688 4822 italiam
715 4765 927 4829 missis,
952 4764 1183 4833 ipsemet
1212 4764 1476 4819 Eusebius
1496 4766 1729 4820 declarat
1760 4765 1849 4833 (j).

259 4860 571 4933 Scythopoli
620 4868 803 4928 postea
838 4859 889 4912 in
931 4857 1334 4927 Cappadociam
1361 4899 1376 4923 ,
1418 4866 1581 4926 atque
1618 4857 1743 4912 inde
1792 4857 1846 4912 in

258 4950 548 5025 Egyptum
577 4950 927 5019 deportatus;
962 4949 1307 5018 premulgato
1332 4947 1550 5003 demum
1577 4965 1720 5003 anno
1742 4949 1849 5004 562

256 5044 450 5102 Juliani
478 5042 659 5099 edicto
686 5041 754 5096 de
781 5040 1165 5111 episc0porum
1194 5042 1442 5096 exsulum
1471 5041 1846 5111 restitutione,

349 5164 401 5233 a)
432 5161 652 5216 Hieron.
676 5159 743 5213 de
772 5156 885 5233 Vir.
919 5157 1269 5233 illttstr._cap.
1296 5158 1386 5215 96.

349 5165 401 5233 a)
432 5165 652 5216 Hieron.
676 5165 743 5213 de
772 5165 885 5212 Vir.
921 5165 1116 5213 illustr.
1147 5173 1269 5230 cap.
1296 5165 1386 5215 96.

325 5165 399 5307 ib)
431 5233 689 5308 Ambros;
708 5230 867 5308 epist:
909 5229 1010 5295 65,
1047 5229 1207 5301 §68,
1245 5247 1371 5303 opp.
1416 5239 1549 5289 tom.
1596 5233 1676 5301 ll,
1725 5249 1848 5308 pag.

258 5300 422 5369 1038,
450 5304 582 5361 edit.
608 5303 715 5357 BB.
742 5300 918 5356 Paris.

325 5380 392 5449 (ε)
425 5377 501 5432 Id.
532 5375 663 5449 ibid.
689 5414 702 5438 ,
788 5372 853 5449 ‘2‘,
886 5388 1007 5442 pag.
1039 5373 1197 5449 102};

324 5444 403 5515 (α’)
436 5448 515 5503 Id.
542 5446 702 5510 ibid.,
737 5444 888 5515 §66,
923 5462 1043 5510 pag.
1079 5445 1237 5501 1058.

323 5524 392 5593 (e)
427 5519 620 5593 Barca.
645 5516 710 5593 ad
745 5533 869 5593 :tnn.
902 5517 1039 5593 538,
1073 5515 1100 5586 §

324 5587 389 5666 (θ’)
413 5590 588 5666 Liber.
616 5589 776 5666 epist.
803 5588 1115 5666 adfirmet).
1145 5587 1399 5658 VcrcclL,
1427 5599 1559 5649 tom.
1611 5593 1723 5652 Vill
1754 5608 1842 5652 no.

252 5658 378 5724 striae
408 5662 605 5718 l’atrul.
627 5701 643 5726 ,
670 5660 775 5715 col.
808 5658 948 5716 1549
977 5672 1028 5713 et
1055 5674 1171 5731 seq.

322 5735 397 5812 (θ)
426 5735 506 5793 ιιι.
536 5732 666 5790 ibid.

772 5823 1048 5888 PATROL.
1078 5822 1228 5891 XII.

1952 4783 2102 4838 gram
2134 4768 2475 4824 valetudinem
2522 4773 2786 4836 restituit,
2818 4774 3167 4830 ecclesiastica
3205 4777 3442 4833 doctrina
3480 4799 3566 4838 eos

1951 4840 2224 4916 instituens
2264 4873 2415 4935 atque
2454 4866 2713 4921 erudiens.
2745 4864 2881 4921 Inde
2910 4879 3080 4922 autent
3110 4870 3374 4940 digressus
3405 4875 3457 4929 in
3487 4874 3568 4931 Il-

1958 4952 2179 5025 lyricum
2223 4959 2395 5026 venit;
2438 4963 2746 5029 tandemque
2782 4963 2837 5016 in
2882 4961 3095 5016 Italiam
3126 4964 3357 5033 delatus,
3390 4973 3565 5027 eadem

1956 5048 2161 5119 pietatis
2188 5066 2250 5103 ac
2273 5052 2537 5122 religionis
2563 5054 2739 5123 ofﬁcia
2768 5066 3016 5125 prtestare
3044 5058 3290 5121 perrexit.
3314 5060 3396 5115 Ad
3416 5066 3567 5135 cujus

1876 5167 1932 5228 Ι)
2030 5164 2107 5306 ἑή)
2144 5167 2335 5222 Athan.
2368 5169 2504 5223 Hist.
2534 5169 2719 5223 Arian.
2766 5169 2794 5242 §
2824 5172 2927 5239 54,
2962 5186 3084 5244 pag.
3117 5172 3241 5231 565.

2053 5235 2095 5306 ἱ)
2129 5236 2325 5304 Epiplt.
2359 5239 2499 5294 Hzcr.
2526 5241 2626 5304 50,
2659 5241 2761 5306 §5.

2129 5236 2325 5313 Epiplt.
2357 5239 2499 5313 liter.
2526 5241 2626 5304 50,
2659 5241 2761 5313 §5.

2130 5306 2316 5386 Euseb.
2355 5311 2497 5365 Vere.
2526 5306 2685 5386 epist:
2717 5314 2825 5369 vid.
2860 5328 3045 5386 supra.

2120 5379 2311 5464 έςξιαη.
2332 5393 2460 5464 toni.
2476 5383 2542 5437 ad
2562 5384 2817 5464 Antioch.
2836 5378 2963 5464 opp.
2979 5399 3016 5441 ι.
3042 5388 3081 5452 Ι,
3104 5398 3244 5464 part.
3266 5407 3325 5461 tt,
3342 5409 3395 5464 ῃ,
3422 5397 3553 5455 776,

2045 5450 2325 5529 l)"l‘_i_ll_em.
2351 5453 2667 5529 MCIIILCCCI.
2697 5468 2826 5511 tom.
2856 5450 2974 5524 νιι,
3008 5450 3126 5529 pag.
3150 5461 3275 5519 550.

2046 5520 2115 5605 tu)
2148 5521 2369 5605 Hierpn.
2394 5527 2462 5581 de
2483 5526 2597 5582 Vir.
2629 5528 2828 5585 illustr.
2854 5520 2975 5600 cap.
3003 5520 3104 5596 96;
3126 5535 3355 5605 etepist.
3383 5540 3444 5596 Gl
3480 5542 3548 5599 ad

1948 5592 2208 5668 Vigilant.
2227 5640 2241 5663 ,
2272 5595 2299 5668 §
2326 5598 2361 5651 2

2049 5639 2513 5743 ἧῇηξόέιῗιιῗιιίει.
2542 5671 2680 5726 eccl.
2709 5672 2804 5727 lib.
2833 5689 2889 5729 ut
2911 5716 2925 5735 .
2953 5688 3072 5743 cap.
3098 5676 3152 5733 9.

2049 5672 2107 5733 η)
2140 5672 2343 5724 Socrul.
2380 5672 2513 5724 llist.
2542 5672 2680 5726 eccl.
2709 5672 2804 5727 lib.
2833 5689 2889 5729 ut
2911 5716 2925 5735 .
2953 5688 3072 5743 cap.
3098 5676 3152 5733 9.

2023 5672 2101 5815 io)
2130 5738 2309 5812 Ruﬁn.
2333 5741 2473 5797 llist.
2496 5745 2633 5800 eccl.
2659 5743 2754 5802 lib.
2785 5761 2835 5815 ι,
2860 5761 2981 5819 cap.
3012 5748 3083 5804 50
3107 5790 3121 5817 ,
3153 5749 3245 5805 5f.

3142 5842 3212 5906 3|
