4024 6192
279 278 388 335 ωδ
1676 266 2215 327 PROLEGOMENA.
3487 274 3592 329 θη

270 393 462 463 largiri
512 392 829 463 placuisset.
862 389 980 448 Jam
1029 404 1159 447 vero
1200 405 1324 447 cum
1364 396 1647 446 senectute
1678 390 1768 445 vix
1807 390 1887 444 in-
1914 388 1963 447 Α
1992 384 2225 439 alterum
2276 382 2601 453 polemicum
2656 382 2920 438 adversus
2970 385 3251 439 numinum
3294 386 3532 452 cultum,
3565 406 3594 441 a

274 486 472 543 choata
522 502 552 542 θ
600 487 735 542 vivis
787 499 1008 557 ereptus
1046 488 1151 553 sit,
1197 502 1439 543 mearum
1487 501 1609 542 esse
1649 486 1884 557 partium
1992 475 2304 532 Christiano
2351 476 2643 547 scriptum.
2674 475 2971 546 Utriusque
2999 485 3187 533 auctor
3226 478 3280 533 ill
3314 478 3471 533 titulo
3499 494 3592 536 νο-

278 581 439 648 duxi,
472 590 523 634 ut
548 622 562 645 ,
592 596 714 652 quae
744 581 822 636 illi
850 582 1144 638 suasissem
1164 624 1179 650 ,
1208 584 1323 653 ipse
1352 596 1683 652 exsequerer
1704 623 1719 649 ,
1753 592 1805 637 et
1832 580 1886 636 in

281 674 430 731 hunc
457 677 781 746 scriptorem
819 676 910 732 diu
945 678 1249 748 neglectum
1292 677 1470 732 denuo
1514 674 1887 732 illustrandum

282 768 603 823 subsecivas
650 768 857 839 aliquot
915 768 1077 825 horas
1124 770 1524 839 impenderem.
1571 769 1890 840 Opportuna

287 876 509 931 quoque
554 860 687 915 tnilti
730 861 845 916 visa
893 872 1018 917 sunt
1064 871 1328 933 tempora.
1381 862 1497 917 Hoc
1545 862 1690 918 enim
1748 874 1894 916 anno

288 952 540 1008 Ecclesia
584 954 783 1008 Danica
830 956 1152 1010 memoriam
1181 955 1477 1010 celebravit
1518 954 1895 1010 conversionis

292 1048 562 1114 majorum
593 1054 902 1102 nostrorum
944 1062 972 1102 a
1014 1048 1256 1103 tenebris
1288 1048 1590 1119 Paganismi
1620 1048 1685 1102 ad
1717 1047 1893 1103 lucem

290 1139 660 1195 Christianam
711 1140 1099 1209 praedicatione
1144 1141 1424 1197 Anscharii
1470 1157 1614 1195 anno
1662 1140 1766 1195 826
1817 1141 1898 1195 iu-

292 1232 526 1288 choatm.
561 1233 737 1301 Quam
782 1233 852 1289 ob
882 1249 1032 1299 rem,
1060 1249 1187 1289 cum
1226 1240 1473 1289 sanctum
1505 1233 1665 1287 istum
1695 1246 1898 1303 pracsu-

294 1326 428 1392 lem,
458 1324 535 1380 uti
561 1341 779 1397 quoque
808 1325 1043 1397 collegas
1068 1335 1123 1382 et
1151 1338 1497 1381 successores
1529 1325 1675 1394 ejus,
1714 1334 1771 1379 et
1806 1338 1901 1395 ge-

295 1420 528 1477 neratim
560 1436 750 1476 omnes
779 1434 900 1487 eos,
925 1420 1016 1491 qui
1048 1419 1251 1477 Christi
1275 1418 1579 1475 doctrinam
1602 1417 1901 1488 gentilibus

296 1513 726 1582 annuntiarent,
762 1528 901 1582 una,
953 1512 1001 1569 si
1042 1514 1321 1585 sapienter
1363 1524 1619 1584 agerent,
1646 1511 1901 1568 incedere

296 1607 386 1662 via
413 1609 739 1678 oportuerit,
771 1617 829 1663 ut
854 1608 1107 1663 nimirum
1140 1608 1310 1663 avitas
1353 1607 1547 1663 horum
1573 1606 1898 1677 populorum

297 1700 647 1757 destrucrent
671 1702 1127 1771 superstitiones,
1159 1708 1449 1772 antequam
1492 1699 1769 1757 cmlestem
1809 1714 1901 1756 eo-

1993 579 2147 626 catur
2181 569 2245 625 γ.
2274 568 2336 625 C.
2367 585 2503 640 quas
2553 571 2762 625 litteras
2784 610 2797 633 ,
2829 569 2873 624 si
2905 570 2972 624 de
2999 571 3106 625 viro
3145 573 3411 625 consulari
3437 574 3597 629 intel-

1997 665 2163 734 ligas,
2195 663 2399 718 nullutn
2434 663 2659 717 habebis
2693 662 2894 718 Julium
2930 663 3224 720 Firmicum
3254 665 3555 721 Maternum
3579 707 3593 733 ,

1992 755 2444 811 Constantiniana
2473 766 2634 811 aetate
2679 756 2745 810 ad
2793 758 3111 812 consulatus
3154 758 3428 830 fastigium
3471 776 3599 816 eve—

1996 859 2167 915 ctum,
2195 861 2455 919 quantum
2490 849 2708 921 quidem
2764 848 2909 905 Fasti
2962 850 3183 905 docent.
3220 852 3326 907 Sed
3383 853 3603 922 provin-

1996 944 2134 999 ciam
2168 945 2402 1000 fortasse
2442 944 2855 1001 administrasse
2887 946 3094 1016 potuit,
3124 963 3294 1018 caque
3326 948 3394 1003 de
3436 964 3599 1004 causa

1999 1039 2289 1093 consularis
2312 1081 2324 1103 ,
2358 1048 2414 1092 nt
2446 1052 2562 1093 mos
2597 1037 2744 1093 illius
2776 1039 2877 1091 aevi
2916 1039 3148 1105 ierebat,
3184 1041 3481 1110 appellari;
3512 1042 3601 1097 vel

2000 1135 2163 1189 ctiam
2198 1133 2299 1188 hoc
2330 1133 2483 1187 titulo
2516 1148 2664 1187 mere
2694 1131 2997 1186 bonoritico
3030 1142 3253 1187 ornatus
3283 1134 3413 1199 luit,
3446 1135 3602 1204 cujus

1999 1228 2217 1297 quidem
2245 1227 2321 1281 rei
2354 1226 2601 1295 exempla
2640 1225 3014 1281 Gothofredus
3045 1242 3110 1281 ex
3144 1226 3362 1281 illorum
3394 1236 3603 1297 tempo-

2000 1334 2119 1375 rum
2153 1318 2382 1373 historia
2427 1317 2670 1387 collegit.
2708 1317 3011 1388 Utrumque
3064 1331 3195 1372 vero
3237 1317 3433 1373 librum
3482 1334 3611 1374 exa-

2002 1420 2176 1465 ratum
2225 1410 2393 1466 fuisse
2421 1409 2871 1466 Constantiniana
2922 1419 3118 1475 aetate,
3155 1426 3221 1465 ex
3254 1411 3393 1466 locis
3439 1411 3491 1465 in
3542 1413 3609 1467 iis

2001 1504 2177 1559 obviis
2222 1504 2523 1559 luculenter
2570 1512 2736 1573 patet.
2772 1503 2934 1559 Liber
2980 1504 3125 1559 enim
3173 1504 3606 1562 Mathematicabn

2002 1597 2040 1664 ι,
2072 1613 2120 1653 c.
2155 1597 2189 1651 2
2212 1638 2225 1663 ,
2257 1598 2483 1668 eclipsin
2518 1598 2650 1653 solis
2670 1637 2686 1665 ,
2716 1613 2837 1669 qua:
2876 1598 3092 1669 Optatio
3122 1608 3176 1653 et
3206 1600 3434 1655 Paulino
3463 1616 3609 1657 coss.

2002 1706 2149 1747 anno
2173 1690 2279 1746 554
2308 1692 2537 1761 contigit
2566 1690 2646 1764 (a)
2675 1708 2703 1745 a
2730 1692 3136 1747 mathematicis
3169 1693 3481 1762 praedictam
3522 1709 3609 1749 as-

296 1811 421 1852 rum
466 1796 665 1851 animis
693 1796 994 1851 doctrinam
1044 1795 1421 1861 insinuat-ent;
1451 1796 1593 1851 haud
1635 1796 1901 1865 ingratam
1933 1780 1981 1842 B
2008 1786 2162 1851 serit,
2193 1796 2354 1857 atque
2385 1788 2525 1841 inter
2554 1786 2861 1842 recentiora
2903 1786 3257 1857 phzenomcna
3290 1787 3478 1844 refert.
3512 1790 3617 1844 Ita-

298 1904 390 1945 me
416 1889 689 1945 facturum
730 1904 854 1944 esse
895 1903 1009 1945 rem
1042 1896 1193 1944 ratus
1236 1903 1352 1943 sum
1377 1929 1391 1955 ,
1423 1889 1499 1954 si,
1528 1888 1905 1943 deﬁcientibus

300 1981 521 2051 scriptis
571 1982 718 2037 illius
762 1998 867 2053 qua
895 1982 1229 2038 Anscharius
1258 1982 1445 2038 ﬂoruit
1471 1982 1647 2037 aetatis
1666 2023 1681 2049 ,
1711 1982 1907 2053 quibus

302 2072 696 2130 Germanorum
756 2086 809 2129 et
854 2076 1179 2145 populorum
1229 2075 1735 2145 septentrionalium
1782 2075 1911 2131 reli-

301 2170 493 2240 giones
517 2170 993 2239 impugnabantur,
1018 2178 1357 2239 argumenta,
1381 2171 1581 2242 quibus
1615 2169 1907 2226 Christiani

304 2261 745 2334 Polytheismum
766 2304 780 2328 ,
809 2264 900 2333 qui
934 2265 985 2318 in
1017 2262 1262 2320 Romano
1308 2264 1538 2333 imperio
1586 2264 1787 2335 viguit,
1818 2278 1910 2334 ag-

304 2356 475 2426 gressi
507 2366 664 2421 sunt,
695 2358 747 2411 in
778 2357 1097 2412 memoriam
1126 2373 1443 2413 revocarem
1480 2373 1495 2410 :
1531 2357 1761 2427 ideoque
1788 2372 1912 2426 spe-

306 2449 453 2514 ravi,
481 2448 715 2505 lectores
764 2460 817 2506 et
866 2451 1070 2507 hancce
1101 2451 1359 2519 Firmici,
1392 2452 1480 2521 qui
1535 2451 1588 2505 in
1624 2451 1726 2507 hoc
1754 2465 1913 2521 argu-

309 2551 496 2597 mento
527 2543 683 2599 unice
713 2555 981 2611 versatur,
1010 2559 1202 2601 novatn
1232 2544 1527 2601 editionem
1552 2558 1708 2614 atquo
1732 2542 1913 2597 animo

311 2645 631 2707 accepturos
656 2652 799 2695 esse.

1084 2732 1148 2788 ll.

393 2823 647 2879 Editores
674 2824 876 2880 veteris
899 2824 1193 2895 cujuslibet
1230 2825 1513 2894 scriptoris
1542 2824 1750 2880 initium
1780 2824 1916 2879 scri-

318 2918 483 2975 bendi
526 2919 704 2974 facere
734 2919 911 2974 solent
941 2918 1008 2973 de
1036 2919 1153 2988 ipso
1174 2960 1186 2983 ,
1215 2934 1376 2989 quem
1402 2918 1504 2973 sibi
1537 2916 1919 2972 illustrandum

319 3018 699 3083 sumpserunt,
732 3024 993 3067 auctore:
1029 3012 1170 3082 quod
1226 3012 1445 3083 quidem
1495 3014 1574 3067 rei
1640 3011 1780 3066 ratio
1824 3026 1921 3081 po-

317 3105 500 3161 stulat.
534 3103 615 3161 Me
634 3121 765 3161 vero
792 3122 981 3161 eorum
1009 3106 1249 3174 vestigiis
1268 3108 1353 3161 vix
1379 3115 1473 3161 aut
1502 3122 1568 3161 ne
1591 3108 1675 3161 vix
1700 3107 1916 3175 quidem

2008 1896 2113 1951 que
2145 1879 2297 1936 brevi
2322 1889 2441 1950 post
2468 1880 2706 1951 scriptus
2729 1890 2817 1935 aut
2840 1880 3034 1936 saltem
3067 1880 3231 1937 scribi
3262 1891 3474 1953 emptus
3504 1892 3608 1939 est.

2008 1974 2156 2030 ltlem
2207 1990 2419 2045 quoque
2478 1976 2638 2031 alteri
2692 1976 2835 2031 libro
2894 1976 2962 2031 de
3008 1974 3213 2031 Errare
3254 1975 3610 2034 Prolanarum

2010 2066 2350 2138 Religionum
2387 2078 2599 2137 tempus
2630 2069 2912 2137 competit.
2948 2066 3029 2121 Ad
3062 2066 3439 2124 Constantium
3458 2084 3614 2124 nam-

2011 2177 2117 2232 que
2144 2170 2198 2216 et
2229 2159 2612 2227 Constantem,
2642 2160 2990 2216 Constantini
3036 2159 3103 2215 M.
3139 2161 3311 2225 lilios,
3343 2161 3616 2233 Augustos

2011 2254 2200 2317 datus,
2242 2261 2504 2308 cxaratus
2551 2262 2637 2308 est
2682 2262 2805 2323 post
2852 2252 3167 2309 Constantis
3213 2255 3614 2324 expeditionem

2013 2347 2417 2413 Britannicam,
2469 2360 2631 2417 quam
2694 2354 3122 2411 commemorat,
3180 2344 3411 2403 lortasse
3456 2348 3618 2404 etiam

2016 2440 2170 2495 initio
2203 2438 2331 2494 belli
2362 2438 2568 2493 Persici
2618 2455 2649 2493 a
2677 2436 2998 2493 Constantio
3027 2437 3166 2508 gesti
3199 2449 3254 2494 et
3284 2450 3410 2496 ante
3439 2442 3624 2497 clades

2015 2532 2274 2598 iteratas,
2304 2533 2503 2601 quibus
2551 2532 2641 2587 hic
2688 2533 2985 2602 imperator
3017 2533 3165 2589 brevi
3204 2544 3327 2603 post
3358 2546 3385 2587 a
3418 2535 3626 2603 Sapore

2017 2625 2169 2681 fusus
2200 2634 2314 2691 est;
2344 2633 2493 2680 certe
2523 2632 2649 2680 ante
2695 2640 2884 2681 necem
2915 2625 3228 2681 Constantis
3258 2626 3474 2681 insidiis
3518 2627 3628 2681 Ma-

2018 2719 2227 2789 gnentii
2268 2734 2414 2775 anno
2462 2719 2569 2775 550
2614 2719 2813 2785 occisi;
2846 2735 2978 2790 ergo
3025 2719 3169 2775 inter
3216 2735 3389 2775 annos
3433 2720 3540 2775 545
3570 2731 3625 2778 et

2020 2813 2147 2869 530.
2178 2812 2338 2869 Unde
2389 2822 2578 2883 patet,
2614 2820 2909 2881 utrumque
2953 2811 3148 2866 librant
3182 2812 3378 2868 iisdem
3412 2814 3634 2869 circiter

2021 2905 2179 2959 annis
2210 2905 2414 2960 editum
2460 2918 2614 2970 esse;
2648 2904 2881 2974 primum
2934 2919 3066 2959 vero
3113 2905 3391 2976 aliquanto
3438 2908 3629 2977 prius,

2022 2998 2379 3053 Constantino
2406 2998 2478 3053 M.
2508 2998 2848 3067 imperante,
2885 3011 2986 3068 pro
3012 2997 3170 3069 cujus
3217 2998 3396 3056 salute
3441 3009 3634 3056 auctor

2024 3106 2215 3148 versus
2246 3092 2449 3148 exitum
2482 3092 2604 3148 libri
2634 3094 2793 3163 primi
2828 3092 2916 3163 pia
2946 3102 3069 3147 vota
3105 3092 3252 3149 facit.
3290 3094 3480 3166 Neque
3525 3096 3631 3151 im-

322 3200 580 3256 insistere
632 3217 791 3272 posse
829 3212 1033 3257 norunt
1077 3218 1267 3259 omnes
1312 3204 1693 3271 antivjuitatum
1745 3202 1920 3257 eccle-

2027 3186 2215 3258 pedire
2256 3185 2471 3243 videtur
2498 3187 2650 3243 locus
2693 3187 2835 3241 alter
2885 3187 3134 3256 procemii
3184 3187 3308 3242 libri
3352 3202 3402 3254 ι,
3429 3205 3495 3245 ex
3528 3205 3635 3259 quo

320 3292 668 3352 siasticarum
699 3297 878 3366 periti.
905 3298 998 3351 Illa
1029 3298 1172 3352 cnim
1207 3298 1386 3368 iniqua
1414 3312 1533 3352 sors
1567 3296 1761 3367 obtigit
1808 3295 1925 3351 Fir-

324 3390 469 3446 mico
501 3406 623 3445 meo
646 3433 659 3456 ,
684 3400 742 3445 ut
787 3408 855 3448 ne
878 3407 1021 3448 unus
1051 3393 1269 3463 quidem
1300 3393 1537 3462 scriptor
1560 3390 1719 3461 hujus
1750 3390 1928 3445 nomi-

325 3483 411 3537 nis
480 3482 786 3539 meminerit
833 3494 959 3540 ante
1024 3484 1321 3540 Honorium
1380 3483 1925 3555 Augustodunensem

326 3576 512 3632 saeculi
559 3593 653 3632 xm
679 3578 1037 3648 scriptorem,
1068 3579 1159 3648 qni
1210 3578 1348 3631 libro
1379 3591 1414 3630 ll
1464 3576 1532 3630 de
1579 3574 1927 3645 Philosophia

328 3670 515 3728 Mundi
568 3687 688 3743 cap.
730 3670 796 3739 5,
828 3672 1051 3727 Firmici
1097 3671 1519 3727 Astronomicon
1568 3668 1769 3723 laudat.
1815 3666 1930 3723 Hoc

327 3780 461 3820 vero
490 3780 601 3819 rem
630 3772 870 3820 nostram
904 3781 1089 3835 parum
1111 3764 1266 3834 juvat
1289 3804 1303 3829 ,
1335 3779 1456 3817 cum
1492 3762 1578 3816 hic
1609 3761 1746 3817 liber
1770 3760 1930 3832 plane

331 3859 583 3915 diversus
610 3859 678 3914 sit
705 3874 735 3913 a
767 3868 953 3913 nostro
982 3858 1050 3914 de
1082 3857 1283 3912 Errore
1325 3856 1672 3926 profanarum
1704 3853 1929 3923 religio-

332 3965 486 4017 num,
520 3964 641 4016 nec,
672 3964 792 4005 mea
822 3949 1088 4005 sententia
1108 3991 1121 4016 ,
1154 3949 1365 4003 idoneis
1396 3946 1732 4017 argumentis
1756 3944 1931 4000 evinci

332 4041 535 4112 possit,
564 4050 858 4113 utrumque
901 4040 1098 4097 librant
1127 4041 1194 4097 ab
1234 4042 1425 4097 eodem
1475 4050 1697 4095 auctore
1748 4038 1931 4109 prole-

337 4142 483 4188 ctttm
515 4150 658 4191 esse.

410 4204 589 4277 Ipsum
620 4203 969 4261 Firmicorum
996 4221 1191 4262 nomen
1220 4208 1511 4263 obscuraut
1542 4215 1644 4260 est.
1678 4203 1733 4258 ln
1766 4204 1935 4274 scrip-

338 4302 550 4357 toribus
580 4300 959 4367 desideratur,
994 4314 1169 4369 neque
1198 4299 1248 4353 in
1280 4298 1645 4352 monumentis
1687 4296 1939 4351 litteratis

340 4392 600 4448 oceurrit.
634 4390 894 4446 Maternos
926 4389 1297 4445 tantummodo
1345 4389 1571 4461 legimus
1616 4388 1756 4451 apud
1800 4388 1940 4444 Gru-

342 4495 518 4541 ternm
548 4501 665 4555 pag.
696 4483 803 4539 220
826 4526 841 4550 ,
873 4484 940 4550 9;
978 4484 1147 4549 l009,
1178 4484 1242 4549 “2;
1274 4480 1433 4550 1468,
1458 4482 1525 4548 8;
1556 4482 1690 4538 I482
1713 4524 1726 4550 ,
1762 4482 1857 4547 ll;
1887 4494 1941 4537 et

2028 3279 2381 3349 intelligitur,
2434 3287 2718 3334 auctorem
2767 3278 3193 3333 Mathematics‘m
3245 3279 3449 3345 libros,
3496 3295 3633 3349 quos

2029 3370 2299 3425 Mavortio
2346 3370 2593 3425 Lolliano
2639 3371 2692 3423 in
2743 3368 3049 3439 Campania:
3086 3370 3368 3438 provinciw
3408 3370 3634 3439 fascibus

2031 3463 2310 3517 constituto
2359 3461 2670 3527 dedicavit,
2706 3461 2884 3515 cidem
2933 3460 3183 3516 Lolliano
3231 3462 3544 3530 proconsuli
3582 3470 3642 3518 et

2031 3554 2313 3610 ordinario
2362 3554 2573 3610 consuli
2626 3552 2912 3623 designato
2961 3553 3269 3608 dedicasse.
3320 3553 3468 3609 Fasti
3517 3556 3637 3626 qui-

2032 3648 2155 3703 dem
2206 3646 2274 3702 ad
2340 3662 2541 3701 annum
2592 3646 2700 3704 555
2745 3646 3050 3702 Lollianum
3082 3648 3384 3717 quemdam
3439 3648 3642 3706 habent

2032 3740 2353 3807 consulem;
2406 3740 2727 3795 Mavortiam
2774 3748 2955 3795 autem
3014 3739 3332 3809 prmlectum
3381 3745 3642 3813 praztorio

2036 3833 2354 3889 Ammianus
2402 3834 2754 3889 Marcellinus
2821 3834 2890 3889 ob
2956 3835 3228 3890 sublimen:
3287 3840 3639 3894 constantiam

2036 3924 2219 3980 laudat
2265 3926 2363 3998 (ὑ).
2402 3926 2552 3981 llaud
2604 3940 2734 3981 vero
2782 3935 3027 3994 constat,
3058 3928 3167 3983 duo
3212 3928 3379 3987 hosce
3423 3934 3642 3988 nonnisi

2038 4036 2205 4075 unum
2238 4019 2404 4076 fuisse
2437 4020 2741 4087 hominem,
2775 4021 3138 4092 eumdemque
3169 4023 3493 4080 Mavortiam
3518 4026 3645 4081 Lol-

2039 4112 2267 4179 lianum,
2294 4112 2380 4167 cui
2418 4112 2688 4168 Firmicns
2720 4112 2918 4170 librttm
2948 4131 3105 4169 suum
3138 4116 3443 4188 inscripsit;
3475 4135 3645 4189 quan-

2044 4222 2205 4277 quam
2234 4224 2299 4263 ex
2326 4208 2497 4263 altera
2534 4218 2687 4277 parte
2732 4208 3142 4263 concedendum
3176 4217 3290 4276 est,
3321 4211 3645 4267 Mavortium

2042 4300 2344 4357 Lollianum
2378 4303 2657 4371 pluribus,
2691 4311 2981 4371 antequam
3028 4301 3235 4356 Consul
3281 4307 3645 4372 processerit,

2041 4398 2201 4452 annis
2248 4397 2528 4452 consulem
2585 4394 2858 4464 designari
2911 4394 3192 4462 potuisse;
3246 4394 3298 4450 id
3350 4396 3493 4467 quod
3544 4400 3649 4454 sub

2044 4489 2312 4558 proximis
2360 4486 2703 4541 Constantini
2749 4485 3135 4541 decessoribus
3183 4485 3326 4541 haud
3398 4489 3470 4543 ita
3521 4504 3646 4547 raro

345 4576 640 4632 Maternum
669 4590 790 4647 pag.
819 4575 978 4644 1223,
1011 4576 1075 4642 '5;
1102 4584 1157 4631 et
1186 4575 1276 4646 qui
1311 4574 1636 4641 Firmicum,
1668 4575 1781 4629 sire
1804 4589 1944 4629 unus
1968 4571 2023 4631 D
2050 4582 2263 4645 accidit,
2294 4580 2523 4650 ejusque
2554 4595 2888 4635 summorum
2925 4579 3195 4636 honorum
3224 4581 3489 4639 Mavortio
3520 4583 3649 4640 Lol-

343 4672 629 4742 utriuSque
656 4667 780 4725 libri
813 4679 1002 4726 auctor
1033 4669 1214 4735 fuerit,
1240 4671 1354 4725 sive
1381 4670 1489 4725 duo
1512 4668 1788 4725 statuendi
1812 4670 1941 4735 sint,

347 4766 565 4824 Siculos
596 4763 764 4821 fuisse
796 4772 1063 4834 statuunt,
1094 4766 1147 4819 ln
1177 4763 1539 4820 marmoribus
1560 4764 1760 4820 Siculis
1789 4779 1817 4817 a
1843 4762 1948 4817 Ca-

345 4859 522 4917 bricle
570 4858 890 4916 Lancelloto
938 4854 1129 4916 Turris
1174 4857 1354 4913 Mittite
1407 4858 1652 4927 principe
1699 4853 1950 4911 collectis

347 4951 423 5008 nil
474 4953 788 5017 invenient,
825 4950 966 5007 unde
1007 4954 1323 5023 argumenta
1377 4954 1479 5020 pro
1528 4964 1625 5003 sua
1678 4948 1949 5004 sententia

349 5052 559 5116 petant.
590 5044 724 5100 Nam
759 5042 969 5113 Firmii,
1001 5045 1091 5117 qui
1122 5046 1173 5099 in
1205 5042 1269 5099 iis
1295 5051 1797 5098 commemorantur
1826 5056 1948 5111 pag.

354 5122 479 5203 145,
525 5138 616 5204 50,
652 5148 707 5194 et
739 5138 864 5205 182,
893 5138 983 5205 55,
1009 5155 1131 5195 cum
1166 5134 1417 5194 Firmicis
1448 5136 1703 5193 confundi
1730 5137 1950 5191 minime

351 5232 579 5288 debent.
622 5233 803 5305 itaque
833 5233 931 5305 ipsi
961 5235 1281 5290 consulendi
1315 5242 1443 5288 sunt
1475 5232 1595 5287 libri
1629 5232 1951 5302 superstites

354 5323 653 5381 Firmieum
698 5335 978 5382 auctorem
1013 5326 1362 5397 prolitentes,
1393 5325 1437 5381 si
1473 5325 1612 5380 forte
1653 5341 1717 5381 ex
1753 5325 1817 5379 iis
1863 5326 1963 5379 ali-

354 5419 485 5491 quid
514 5421 696 5494 colllgi
752 5425 943 5493 possit.
983 5422 1050 5477 Et
1077 5420 1248 5489 duos,
1278 5423 1422 5492 quod
1464 5423 1573 5494 jam
1608 5422 1755 5489 dixi,
1801 5423 1964 5479 liabe-

358 5530 481 5572 mus
511 5515 639 5572 Julii
686 5517 910 5574 r‘irmici
938 5517 1169 5574 Materni
1204 5519 1425 5573 nomine
1472 5518 1795 5590 inscriptos;
1831 5518 1966 5575 alte-

360 5622 481 5663 rum
513 5610 930 5680 astrologicum,
963 5612 1032 5669 ab
1063 5611 1282 5667 homine
1311 5609 1684 5683 Pulytheismo
1709 5611 1928 5668 addicto
1948 5654 1963 5677 ,

2054 4675 2200 4729 liano
2251 4672 2645 4743 promissorum
2706 4673 3212 4743 procrastinationis
3259 4690 3426 4732 causa
3480 4681 3651 4748 qumri

2054 4766 2283 4821 fortasse
2313 4767 2509 4836 poterit
2542 4768 2593 4821 in
2645 4766 2949 4824 rebellione
2981 4769 3273 4840 Magnentii
3317 4780 3372 4826 et
3419 4774 3652 4829 tumultu

2053 4859 2197 4914 civili
2230 4859 2357 4915 inde
2387 4868 2508 4915 orto
2529 4902 2544 4928 ,
2576 4876 2677 4916 nec
2708 4872 2836 4917 ante
2883 4861 3160 4916 interitum
3202 4861 3366 4933 hujus
3393 4867 3607 4936 tyranni
3638 4907 3651 4933 ,

2055 4954 2213 5025 cujus
2259 4954 2486 5011 arbitrio
2537 4956 2650 5028 ipsa
2683 4956 2815 5011 urbs
2856 4954 3027 5009 Roma
3060 4956 3293 5010 obnoxia
3342 4966 3482 5024 erat,
3514 4974 3656 5014 anno

2055 5050 2161 5107 555
2187 5066 2524 5121 compresso.
2559 5050 2742 5119 Itaque
2769 5048 3036 5104 stabimus
3066 5047 3120 5101 in
3151 5063 3212 5103 ea
3258 5051 3524 5105 sententia
3546 5094 3560 5118 ,
3590 5053 3658 5107 li-

2058 5143 2188 5198 bros
2215 5143 2631 5198 Mathematicaw
2661 5141 2839 5196 editos
2867 5156 2989 5195 esse
3019 5142 3169 5195 brevi
3217 5151 3337 5211 post
3370 5143 3499 5198 illud
3524 5144 3661 5201 solis

2065 5236 2387 5305 deliquium,
2420 5232 2562 5305 quod
2598 5248 2743 5289 anno
2768 5233 2873 5289 3336
2902 5234 3132 5298 accidit,
3169 5244 3223 5289 et
3249 5248 3374 5291 ante
3404 5236 3667 5293 Constan-

2066 5329 2159 5384 tini
2194 5328 2264 5383 M.
2290 5329 2533 5395 obitum;
2565 5328 2760 5383 librum
2794 5344 2924 5383 vero
2954 5328 3021 5383 de
3056 5327 3261 5383 Errore
3307 5328 3665 5387 Prol‘anarum

2069 5422 2412 5494 Religionum
2441 5423 2810 5493 conscriptum
2835 5438 2957 5478 esse
2982 5422 3124 5477 inter
3144 5436 3315 5477 annos
3338 5423 3444 5479 545
3465 5435 3517 5481 et
3539 5428 3671 5494 550,

2072 5515 2153 5571 vel
2185 5516 2363 5587 potius
2394 5515 2519 5583 348,
2551 5531 2657 5589 quo
2703 5514 2937 5573 Romani
2984 5524 3014 5570 a
3040 5512 3248 5587 sapore
3285 5515 3353 5573 ad
3385 5508 3669 5592 Singaram

2073 5610 2176 5668 fusi
2207 5621 2353 5667 sunt.

440 5750 517 5825 (a)
548 5751 690 5825 Ann.
722 5751 1147 5825 Urbisconditze
1177 5752 1335 5809 1087.
1362 5753 1758 5811 Almeloveenii
1801 5750 1949 5809 Fasti
1973 5738 2323 5810 Consulares.
2355 5766 2475 5825 pag.
2510 5736 2633 5808 l6l.

441 5821 519 5894 (b)
548 5822 663 5879 Lib.
691 5836 802 5890 xvi,
831 5823 901 5895 8.!
