4024 6192
368 284 475 341 975

438 512 599 570 Prior
647 512 784 570 liber
833 519 1114 569 auctorem
1172 511 1335 568 habet
1358 511 1535 567 virum
1567 510 1974 581 superstitioni-

367 608 472 664 bus
521 607 870 663 Ethnicorum
919 606 1229 673 addictum,
1263 607 1402 661 alter
1449 605 1838 661 ChriSIianum.
1872 605 1972 660 Vix

363 714 497 758 vero
526 699 755 756 inducor
784 712 841 755 ut
867 701 997 755 mihi
1030 699 1407 771 persuadeam,
1437 698 1730 754 Firmicum
1764 698 1973 754 mathe-

367 797 650 863 maticum,
682 804 845 851 aetate
871 796 983 866 jam
1015 803 1366 865 provectum,
1399 793 1543 864 quod
1574 795 1689 865 ipse
1717 793 1769 847 in
1797 802 1974 847 astro-

368 888 601 944 nomicis
628 890 955 958 prolitetur,
1003 890 1325 944 sententiam
1374 895 1639 954 mutasse,
1688 886 1971 942 numinum

366 983 569 1049 cultui,
597 982 684 1037 cui
739 998 836 1053 per
865 998 1083 1037 omnem
1115 982 1400 1052 pristinam
1429 980 1591 1034 vitam
1625 979 1932 1034 adhaeserat
1954 1020 1970 1047 ,

367 1076 728 1141 valedixisse,
763 1084 817 1131 et
863 1075 1182 1130 Christiana
1233 1089 1387 1129 sacra
1439 1072 1752 1143 amplexum
1781 1071 1969 1127 fuisse.

370 1169 526 1238 Quod
554 1168 598 1222 si
634 1168 874 1231 fecisset,
906 1168 958 1221 in
988 1167 1130 1222 libro
1157 1167 1227 1223 de
1270 1167 1473 1222 Errore
1510 1164 1859 1236 profanarum
1890 1180 1975 1221 re-

362 1263 628 1331 ligionum
675 1271 827 1316 certe
870 1262 1247 1316 conversionis
1297 1275 1409 1316 sum
1459 1262 1524 1315 ad
1556 1258 1831 1316 Christum
1862 1274 1976 1315 me-

369 1354 641 1421 minisset,
671 1365 725 1409 et
751 1354 836 1410 vel
864 1355 1068 1409 inscius
1099 1355 1300 1411 veteris
1325 1354 1732 1423 superstitionis
1774 1353 1973 1409 indicia

368 1446 618 1518 quwdam
680 1446 1019 1517 reliquisset.
1072 1446 1179 1503 Sed
1242 1447 1568 1517 religionum
1622 1446 1972 1501 Ethnicarum

369 1541 618 1611 quamvis
647 1541 788 1596 bene
805 1542 875 1595 sit
891 1555 1118 1612 gnarus,
1137 1555 1231 1595 eas
1252 1551 1431 1596 tamen
1455 1556 1520 1595 ex
1540 1540 1772 1595 lectione
1795 1538 1976 1610 potius

363 1643 421 1690 et
446 1634 804 1690 relationibus
848 1634 1082 1689 aliorum
1117 1634 1398 1690 hominum
1424 1679 1439 1703 ,
1473 1650 1632 1704 quam
1665 1651 1731 1688 ex
1758 1635 1975 1702 propria

364 1727 739 1797 experientia,
792 1727 962 1781 novit.
1016 1727 1199 1782 Sacrae
1253 1727 1548 1795 Scriptura:
1589 1738 1672 1782 est
1720 1727 1971 1797 peritus,

1509 271 1749 336 IULIUS
1788 270 2111 336 FIRMICUS
2146 271 2547 334 MATERNUS.
3451 268 3469 298 ¹’

1999 408 2055 467 Α
2078 401 2372 463 perpetuus
2402 393 2519 449 fere
2540 388 2790 448 codicum
2822 402 2990 448 sacrm
3030 390 3330 463 Scriptura:
3378 391 3633 449 Afrorum
3660 434 3681 459 ,

3572 270 3684 332 976

2073 488 2163 558 qui
2189 486 2329 557 apud
2361 502 2485 543 eum
2527 486 2852 541 observatur
2872 528 2886 551 ,
2921 501 3053 541 usus
3084 487 3153 541 ad
3179 486 3321 542 hanc
3352 486 3681 556 Opinionem

2078 577 2420 632 astruendam
2452 577 2733 632 sufﬁceret
2756 618 2771 645 ,
2812 593 2933 633 cum
2969 578 3019 633 bi
3050 593 3121 634 ex
3162 578 3344 634 Africa
3368 578 3435 633 ad
3470 578 3687 633 Italiam

2074 669 2388 740 Hispaniam
2440 670 2782 742 Galliamque
2835 672 3031 728 devehi
3078 673 3335 729 facillime
3367 674 3691 744 potuerint:

2077 778 2177 819 nec
2205 764 2474 819 Africanae
2504 765 2811 831 latinitatis,
2845 781 2910 821 ex
2963 766 3218 837 Apuleio,
3250 767 3604 823 Tertulliano
3640 779 3697 823 et

2075 856 2349 929 Cypriano
2377 858 2512 914 satis
2544 868 2718 925 uotae,
2754 859 3028 916 luculenta
3063 861 3263 917 indicia
3305 862 3358 917 iu
3392 866 3519 933 ejus
3542 862 3699 920 libro

2078 950 2282 1006 inveni.

2150 1046 2477 1118 Episcopum
2504 1046 2968 1105 Mediolanensem
2998 1048 3220 1122 Synodo
3251 1049 3515 1105 Romanae
3538 1066 3567 1104 a
3592 1049 3705 1106 Ju-

2077 1138 2149 1194 lio
2175 1139 2218 1204 I,
2248 1140 2496 1195 Romano
2519 1143 2775 1214 episcopo
2803 1158 2947 1197 anno
2968 1142 3096 1207 557,
3116 1143 3701 1208 coactminterl‘uissc,

2074 1230 2250 1287 credit
2281 1232 2562 1288 Baronius.
2601 1234 2797 1289 Verum
2824 1236 3065 1308 synodus
3096 1237 3201 1290 ista
3222 1245 3307 1291 est
3343 1236 3707 1306 pseudo—Isi-

2077 1325 2197 1381 dori
2231 1324 2544 1397 ﬁgmentum
2595 1327 2700 1399 (d).
2744 1327 2969 1395 Julium,
3002 1328 3129 1384 Julii
3174 1330 3413 1398 episc0pi
3445 1329 3707 1386 Romani

2078 1425 2323 1487 tempore
2340 1419 2654 1488 episc0pum
2686 1420 3434 1492 Mediolanensem,ignorant
3464 1439 3707 1479 omnes.

2077 1510 2351 1568 Maternus
2377 1528 2507 1567 vero
2533 1513 2962 1570 Mediolanensis
2990 1516 3090 1570 sub
3121 1516 3456 1571 Diocletiano
3485 1525 3547 1573 et
3572 1517 3711 1573 Ma-

2076 1604 2315 1658 ximiano
2341 1603 2597 1675 Augustis
2620 1606 2781 1676 hujus
2812 1607 2963 1663 urbis
2993 1609 3163 1663 sacris
3192 1608 3525 1665 Christianis
3555 1627 3713 1681 prm-

2080 1698 2177 1754 fuit
2201 1714 2344 1754 anno
2373 1699 2477 1754 507
2509 1709 2602 1753 aut
2625 1700 2723 1755 511
2750 1742 2765 1768 ,
2798 1708 2853 1758 et
2884 1717 2983 1772 pro
3014 1701 3277 1772 religione
3306 1703 3569 1760 occubuit
3593 1704 3707 1775 (ε).

361 1833 537 1888 eaque
575 1833 671 1885 pro
703 1834 854 1874 more
881 1819 1093 1884 aetatis,
1123 1819 1210 1873 cui
1253 1819 1513 1873 diuturno
1557 1819 1718 1872 unice
1760 1835 1859 1875 usu
1886 1834 1970 1874 as-

2079 1794 2295 1850 Corruit
2324 1794 2488 1865 igitur
2534 1796 2674 1865 quod
2721 1795 3131 1852 babentBiuius
3153 1806 3209 1853 et
3232 1796 3528 1867 Cajetanus
3576 1798 3665 1870 (ι’)
3693 1841 3711 1867 ,

362 1926 623 1967 suescere
669 1912 883 1982 potuit,
913 1911 967 1965 in
1009 1911 1260 1966 docendo
1298 1920 1460 1981 atque
1502 1910 1829 1978 diSpntando
1873 1912 1977 1964 uti-

365 2016 477 2067 tur.
507 2007 582 2062 ita
606 2016 664 2061 ut
686 2006 775 2059 vix
822 2005 972 2061 cradi
1000 2006 1197 2076 possit,
1222 2021 1345 2060 eum
1374 2004 1513 2059 adeo
1540 2016 1795 2059 recenter
1817 2003 1976 2058 Chri-

367 2102 605 2157 stianum
636 2100 833 2155 factum
863 2114 1008 2162 esse,
1037 2098 1132 2153 sed
1159 2097 1512 2153 statuendum
1543 2098 1744 2166 potius,
1772 2113 1798 2148 a
1825 2104 1975 2150 nata-

362 2194 510 2251 libus
551 2194 676 2250 inde
717 2194 806 2250 vel
834 2195 1025 2249 saltem
1057 2208 1087 2247 a
1129 2193 1357 2264 juvenili
1403 2201 1565 2249 aetate
1602 2191 1972 2248 Christianum

363 2285 553 2345 fuisse.

440 2381 554 2436 Huc
593 2377 806 2436 accedit
848 2378 1123 2435 sermonis
1163 2378 1339 2435 Latini
1369 2376 1424 2433 in
1450 2387 1682 2450 utroque
1712 2377 1974 2449 opusculo

364 2473 678 2540 diversitas,
697 2489 859 2545 quam
881 2490 1012 2529 sane
1032 2490 1282 2546 magnam
1311 2488 1437 2529 esse
1468 2474 1609 2529 inter
1629 2489 1819 2528 omnes
1841 2487 1974 2528 con-

363 2576 493 2622 stat.
519 2566 577 2621 ln
609 2566 995 2622 Astrouomico
1017 2565 1162 2621 enim
1188 2567 1327 2621 libro
1352 2565 1663 2634 permodica
1690 2568 1973 2636 utriusque

364 2662 591 2734 linguae,
637 2661 840 2717 Crteca:
886 2671 939 2717 et
968 2660 1173 2715 Latina:
1195 2702 1210 2729 ,
1238 2660 1668 2730 deprehenditur
1711 2660 1968 2731 cognitio.

370 2753 560 2810 Verbis
616 2764 671 2811 et
723 2753 1013 2824 phrasibus
1058 2753 1291 2808 refertus
1332 2763 1416 2808 est
1455 2752 1738 2819 barbaris,
1790 2751 1972 2822 cujus-

364 2847 535 2914 lnodi,
564 2854 622 2901 ut
671 2846 932 2901 nonnulla
963 2845 1276 2908 all'eramus,
1301 2854 1429 2900 sunt
1456 2845 1738 2914 sequentia
1770 2862 1783 2897 :
1811 2847 1971 2898 liora-

363 2956 602 3011 acopare,
631 2942 862 3012 ferarum
895 2940 1256 3003 mansuetarii,
1280 2939 1637 3003 cardinaliter,
1662 2938 1971 3008 quiescentia

359 3047 461 3103 pro
483 3033 686 3105 quiete,
714 3033 959 3087 intimare
982 3033 1139 3086 alicui
1169 3046 1266 3102 pro
1295 3031 1621 3102 signiﬁcare,
1647 3031 1973 3085 concordiale

358 3140 462 3196 pro
494 3125 721 3190 sociale,
755 3126 1020 3197 partiliter
1047 3140 1143 3194 pro
1173 3140 1269 3194 per
1302 3133 1505 3194 partes,
1530 3122 1850 3178 caballarius
1875 3140 1971 3193 pro

2079 1902 2200 1943 eum
2227 1886 2369 1941 inter
2397 1897 2615 1941 sanctos
2648 1885 2906 1942 Ecclesire
2933 1886 3227 1943 Catholicae
3249 1891 3576 1945 referentes.

2150 1978 2336 2048 Itaque
2365 1977 2467 2033 hoc
2499 1980 2874 2034 tantummodo
2904 1981 3225 2043 tenendum.
3253 1980 3451 2037 Juliunt
3483 1982 3713 2037 Firmi—-

2079 2086 2199 2128 cum
2239 2073 2561 2139 Maternum,
2616 2084 2673 2127 ut
2704 2089 2769 2129 ex
2804 2074 2943 2130 libro
2981 2074 3100 2145 ejus
3141 2075 3211 2131 de
3253 2074 3451 2131 Errore
3499 2076 3711 2147 profa-

2078 2182 2267 2221 narum
2316 2167 2634 2237 religionum
2663 2176 2829 2238 patet,
2855 2168 3023 2223 fuisse
3051 2170 3223 2223 virum
3243 2169 3387 2240 pium
3416 2178 3471 2225 et
3499 2170 3716 2227 erudi-

2079 2269 2191 2315 tum
2213 2270 2374 2332 atque
2398 2261 2715 2332 religionum
2746 2262 3097 2318 Ethnicarum
3139 2264 3540 2320 adversarium.
3576 2265 3708 2323 llas

2076 2356 2276 2411 acriter
2307 2356 2610 2427 impugnat,
2639 2358 2806 2411 nimio
2834 2358 3107 2414 interdum
3154 2358 3391 2425 fervinre,
3419 2375 3546 2415 cum
3577 2360 3709 2416 Im-

2077 2459 2359 2519 peratores
2390 2451 2457 2505 ad
2488 2450 2749 2521 reliquias
2772 2467 2960 2507 earum
2992 2453 3266 2509 violenter
3293 2453 3560 2510 delendas
3585 2470 3709 2511 ex-

2076 2542 2244 2608 citet;
2301 2558 2422 2613 quae
2473 2558 2604 2598 vero
2642 2560 2765 2600 cum
2808 2546 3149 2615 temporibus
3177 2543 3230 2599 in
3273 2546 3468 2616 quibus
3494 2546 3643 2602 vixit
3677 2589 3701 2616 ,

2078 2644 2187 2691 tum
2213 2638 2475 2707 exemplis
2507 2653 2626 2708 qum
2665 2654 2775 2708 pra:
2802 2639 2979 2694 oculis
3024 2638 3221 2695 habuit
3248 2639 3424 2696 danda
3448 2641 3645 2711 potius
3680 2684 3701 2710 ,

2075 2743 2235 2797 quam
2266 2727 2345 2783 illi
2367 2730 2543 2800 culpze
2574 2731 2836 2786 vertenda
2860 2739 3008 2787 sunt.

2834 2847 2901 2903 V.

2148 2946 2203 3001 In
2222 2947 2472 3003 examine
2496 2947 2565 3004 de
2594 2948 2766 3004 veteri
2796 2950 3043 3020 quolibet
3079 2961 3302 3009 auctore
3335 2952 3694 3013 instituendo

2073 3037 2389 3109 primariam
2421 3038 2657 3111 aliquam
2704 3050 2913 3110 partem
2958 3042 3058 3097 sibi
3090 3044 3333 3100 vindicat
3365 3045 3692 3116 disquisitio

2079 3129 2146 3185 de
2174 3129 2420 3187 fontibus
2447 3132 2590 3188 unde
2615 3133 2879 3201 hauserit,
2914 3136 3181 3206 imprimis
3222 3138 3271 3192 si
3300 3139 3549 3195 historici
3594 3154 3691 3198 est

357 3219 575 3290 equite,
605 3230 876 3292 computus
909 3234 1007 3289 pro
1049 3218 1455 3288 computatione
1482 3216 1558 3289 (a)
1588 3232 1708 3287 qua:
1746 3216 1966 3283 quidem
1996 3217 2042 3281 C
2073 3224 2399 3292 argumenti.
2434 3224 2543 3279 Nec
2575 3226 2627 3279 in
2671 3227 2941 3295 scriptore
2980 3228 3355 3285 ecclesiaSIico
3386 3232 3681 3303 negligen-

358 3312 774 3382 Longobardica
821 3322 1066 3381 tempora
1109 3312 1288 3381 potius
1315 3326 1476 3382 quam
1510 3310 1965 3366 Constantiniana

356 3406 610 3474 sapiunt,
640 3416 732 3458 aut
775 3405 971 3459 saltem
1000 3405 1180 3470 illius,
1210 3421 1330 3475 qua:
1374 3406 1425 3459 in
1477 3402 1733 3460 versione
1773 3403 1964 3460 Irentei

358 3496 579 3567 legitur,
609 3497 890 3552 latinitatis
913 3498 1135 3553 Gallicae
1162 3514 1262 3553 nos
1290 3497 1607 3553 admouent.

435 3591 656 3647 Librum
705 3607 835 3646 vero
862 3591 930 3646 de
985 3593 1186 3647 Errore
1235 3590 1587 3663 profanarum
1638 3591 1965 3663 religionum

358 3685 507 3757 quod
536 3686 753 3749 attinet,
786 3687 1025 3756 scriptus
1071 3695 1157 3742 est
1202 3700 1457 3741 sermone
1506 3686 1763 3755 puriore,
1819 3684 1965 3755 quali

358 3787 610 3833 auctores
639 3777 738 3832 aevi
768 3776 1201 3833 Constantiniani
1227 3788 1454 3832 utuntur
1478 3794 1493 3842 ;
1524 3777 1626 3831 etsi
1649 3793 1755 3831 non
1784 3792 1967 3832 aurea:

362 3869 678 3935 Iatinitatis,
717 3869 983 3940 ejusmodi
1017 3879 1194 3925 tamen
1223 3886 1342 3941 qua:
1370 3870 1502 3924 l‘erri
1531 3870 1724 3940 possit,
1755 3881 1809 3924 et
1833 3870 1966 3925 satis

361 3964 591 4022 diserto.
626 3963 734 4021 Sed
783 3973 839 4018 et
884 3963 971 4017 hic
1002 3963 1141 4018 liber
1189 3963 1456 4018 modicam
1509 3962 1716 4018 Graecae
1767 3963 1966 4033 linguae

357 4058 723 4128 cognitionem
752 4055 966 4125 prodit;
999 4070 1065 4111 ex
1096 4071 1202 4126 qua
1227 4066 1405 4109 tamen
1440 4055 1666 4109 minime
1705 4054 1966 4124 colligere

357 4151 509 4218 licet,
559 4158 851 4220 utrumque
900 4147 1097 4201 librum
1142 4150 1211 4205 ab
1245 4162 1351 4202 uno
1395 4146 1699 4216 eodemque
1741 4158 1966 4202 auctore

358 4242 664 4315 profectum
680 4257 823 4298 esse.
857 4240 1007 4295 Hanc
1025 4240 1187 4311 igitur
1207 4240 1589 4305 amplectimur
1610 4240 1961 4307 sententiam,

360 4337 639 4394 diversum
687 4353 914 4410 prorsus
941 4352 1063 4393 esse
1094 4336 1389 4392 Firmicum
1422 4334 1758 4407 astrologum
1784 4351 1812 4389 a
1841 4335 1964 4390 Fir-

356 4434 504 4487 mico
534 4430 821 4502 theologo;
855 4445 1016 4498 quam
1038 4428 1259 4499 quidem
1282 4428 1396 4501 jam
1426 4427 1628 4483 dudum
1656 4428 1796 4484 inter
1828 4426 1965 4482 mul-

357 4533 447 4582 tos
468 4526 604 4580 alios
627 4567 642 4591 ,
672 4539 809 4596 quos
832 4523 1086 4580 Hertzius
1112 4531 1367 4579 recenset
1390 4563 1405 4587 ,
1460 4523 1577 4577 tuiti
1607 4531 1734 4577 sunt
1758 4519 1966 4577 leius

2071 3315 2193 3371 dam
2217 3332 2336 3370 eam
2363 3332 2507 3383 esse,
2536 3334 2632 3386 per
2658 3334 2720 3375 se
2748 3328 2917 3389 patet.
2948 3320 3065 3388 Qua
3104 3321 3173 3377 de
3203 3337 3388 3390 causa,
3413 3338 3538 3379 cum
3571 3342 3674 3379 an-

2070 3409 2382 3465 notationes
2412 3410 2463 3464 in
2506 3410 2804 3467 Firmicum
2841 3430 3021 3469 meum
3064 3415 3384 3486 colligerem
3410 3458 3425 3480 ,
3481 3419 3684 3475 sedulo

2067 3503 2432 3574 circumspexi
2485 3505 2784 3576 scriptores
2834 3510 3174 3579 antiquiores
3203 3524 3342 3580 quos
3372 3512 3674 3568 consulue-

2074 3596 2171 3665 rit,
2198 3598 2271 3651 ita
2305 3606 2512 3666 tamen,
2548 3607 2607 3653 ut
2628 3615 2920 3669 caverem,
2954 3617 3021 3657 ne
3051 3603 3259 3673 singula
3292 3604 3519 3675 qumvis,
3552 3622 3680 3677 qua

2069 3691 2376 3747 communia
2413 3692 2715 3749 habetcum
2735 3693 2857 3749 aliis
2884 3694 3165 3765 religionis
3190 3695 3514 3753 Christianae
3536 3715 3676 3768 apo-

2069 3784 2264 3855 logetis
2288 3827 2304 3852 ,
2338 3800 2556 3855 semper
2594 3801 2660 3840 ex
2689 3801 2879 3842 eorum
2932 3787 3088 3843 libris
3134 3788 3325 3844 hauSIa
3359 3806 3484 3846 esse
3521 3791 3675 3846 arbi-

2070 3884 2269 3942 trarer,
2300 3877 2567 3946 eumipsa
2590 3879 2896 3947 argumenti
2928 3880 3070 3933 ratio
3104 3878 3245 3936 haud
3280 3880 3447 3937 dubie
3486 3892 3670 3952 postu-

2069 3973 2227 4040 laret,
2256 3982 2315 4029 ut
2341 3991 2555 4042 omnes,
2585 3976 2675 4046 qui
2696 3975 3130 4046 Polythcismum
3162 3977 3526 4035 destruerent
3552 3995 3675 4036 eas-

2066 4065 2189 4121 dem
2220 4065 2332 4122 l'ere
2360 4065 2569 4122 fabulas
2594 4077 2649 4123 et
2680 4079 3031 4125 rccenscrent
3075 4078 3131 4126 et
3156 4073 3457 4126 refutarent
3483 4114 3499 4138 ,
3561 4088 3672 4128 ea:-

2069 4160 2302 4231 demque
2328 4160 2395 4215 iis
2423 4161 2503 4217 vel
2522 4176 2590 4217 ex
2618 4161 2847 4218 eruditis
2876 4163 3167 4235 colloquiis
3187 4173 3242 4220 et
3268 4180 3338 4221 ex
3363 4166 3665 4223 institutio-

2068 4268 2137 4309 ne
2163 4254 2697 4311 Catechumenorum
2720 4256 3027 4312 innotuisse
3058 4260 3365 4328 potuerint.
3399 4258 3509 4314 Sed
3540 4259 3667 4315 illos

2067 4346 2339 4419 imprimis
2357 4349 2506 4405 locos
2533 4350 2774 4419 respexi,
2807 4349 2863 4404 in
2890 4350 3088 4420 quibus
3109 4349 3379 4405 Firmicus
3408 4352 3633 4406 easdem
3654 4392 3670 4418 ,

2065 4456 2201 4512 quas
2242 4442 2428 4497 caeteri
2472 4442 2771 4510 scriptores
2797 4440 3123 4511 apologatici
3170 4440 3421 4508 habent,
3450 4440 3669 4498 fabulas

2070 4533 2260 4589 eadem
2310 4549 2450 4603 pene
2480 4534 2621 4589 serie
2651 4542 2709 4590 et
2753 4534 2885 4604 ipsis
2916 4532 3030 4589 fere
3076 4534 3449 4605 antiquiorum
3491 4535 3675 4591 verbis

358 4619 728 4691 Rhodiginus,
762 4618 1056 4681 Baronius,
1093 4618 1462 4689 Glaudorpius
1487 4627 1545 4674 et
1575 4618 1828 4689 Lipsius:
1863 4616 1957 4673 sed

2079 4635 2337 4683 recenset.
2396 4627 2721 4691 Huiusmodi
2773 4638 2953 4684 autem
3006 4643 3342 4695 consensus,
3389 4639 3445 4686 ut
3475 4646 3540 4685 ex
3568 4646 3669 4686 an—

357 4712 527 4767 misso
575 4708 893 4779 astrologo,
934 4708 1002 4765 de
1052 4708 1312 4781 theologo
1354 4710 1728 4767 tantummodo
1777 4709 1962 4767 videa-

359 4820 486 4861 mus
517 4804 613 4876 (ὑ).

1124 4915 1213 4972 IV.

441 5016 513 5070 At
542 5010 701 5069 valde
730 5012 1024 5070 dolendum
1045 5053 1060 5078 ,
1093 5010 1234 5067 adeo
1283 5009 1492 5066 incerta
1542 5018 1705 5082 atque
1733 5010 1962 5067 obscura

362 5123 487 5167 esse
515 5108 690 5164 omnia
715 5149 730 5175 ,
764 5117 823 5162 ut
851 5106 1080 5164 candide
1113 5107 1486 5163 confitendum
1534 5106 1625 5174 sit,
1655 5121 1754 5162 nos
1783 5116 1970 5161 aucto-

362 5218 484 5259 rem
516 5202 636 5256 libri
665 5200 732 5256 de
761 5199 963 5255 Errnre
998 5200 1350 5254 l’rol'anarum
1385 5199 1708 5271 religionum
1739 5214 1967 5271 prorsus

359 5294 641 5365 ignorare.
691 5291 909 5347 Natales
936 5298 983 5346 ei
1016 5292 1184 5347 fuisse
1218 5292 1433 5349 Siculos
1457 5303 1700 5348 stattumt
1729 5292 1803 5365 (c)
1834 5336 1849 5359 ,
1884 5310 1981 5350 ne-

360 5386 479 5444 scio
506 5402 609 5458 qua
633 5386 702 5441 de
730 5398 917 5441 causa.
946 5383 1135 5440 Afrum
1159 5384 1332 5442 fuisse
1357 5387 1708 5453 crediderim,
1735 5388 1781 5442 si
1811 5388 1974 5443 modo

434 5523 512 5594 (a)
541 5522 771 5578 Fabricii
793 5522 1122 5595 bibliotheca
1138 5522 1325 5577 Latina
1342 5523 1429 5578 ed.
1449 5524 1750 5591 Ernestan,
1769 5539 1823 5595 p.
1844 5525 1969 5581 115.

440 5596 515 5734 ﬁt!)
550 5595 625 5648 De
646 5595 760 5649 Jul.
792 5593 961 5649 Firtn.
986 5594 1227 5649 Materno
1256 5612 1310 5663 p.
1346 5596 1532 5656 ΝΛΞ.
1771 5593 1780 5595 ’

468 5667 515 5732 c)
554 5665 817 5734 illongitor
847 5666 1089 5720 Siculum
1120 5665 1254 5720 dicit
1282 5667 1508 5721 incertae
1553 5666 1768 5734 patrim,
1802 5666 1933 5720 nimi

468 5667 515 5732 c)
536 5665 817 5738 _lllo_ngit_or
847 5665 1254 5738 Siculumgdicit
1282 5667 1508 5738 incertae
1553 5666 1768 5738 patrue,
1802 5666 1967 5720 nimi-

363 5733 487 5790 rum
534 5733 823 5809 in‘Sj‘cilia.
868 5735 1058 5809 Reuda
1089 5736 1349 5793 Biblioth.
1400 5733 1582 5794 Sicula
1633 5736 1805 5793 Vetus
1832 5737 1965 5809 (Ro-

366 5816 495 5869 ωδε,
527 5799 712 5870 I700),
744 5816 868 5872 pag.
903 5804 1025 5858 167.

2070 4723 2451 4779 uotatiouibus
2483 4722 2711 4791 patebit,
2736 4723 2879 4778 haud
2912 4740 3037 4780 raro
3073 4726 3672 4784 animadvertiturcum

2070 4818 2374 4877 Clementis
2422 4817 2775 4874 Alexandrini
2814 4818 3179 4891 Protreptico,
3212 4820 3431 4877 Minucii
3474 4821 3676 4879 Felicis

2073 4915 2334 4981 Octavio,
2382 4923 2437 4970 et
2493 4914 2727 4969 maxime
2773 4928 2896 4969 cum
2946 4915 3176 4970 Arnobii
3209 4916 3365 4973 libris
3410 4918 3679 4975 adversus

2072 5008 2299 5066 Gentes.
2338 5007 2677 5064 Lactantium
2704 5023 2866 5078 porro
2900 5009 3041 5064 haud
3075 5025 3200 5066 raro
3222 5013 3569 5070 consuluisse
3593 5018 3679 5070 vi-

2072 5100 2233 5157 detur
2257 5143 2271 5161 .
2304 5110 2359 5157 et
2388 5111 2537 5156 certe
2565 5100 2822 5173 Cypriani
2855 5101 3316 5159 Tesdmoniorum
3362 5105 3533 5161 libros
3560 5116 3677 5164 tres

2074 5206 2334 5266 perpetua
2384 5210 2516 5251 cura
2568 5194 2840 5249 tractavit.
2895 5193 3142 5267 Namque
3199 5198 3429 5267 plurima
3497 5198 3565 5254 V.
3620 5209 3682 5256 et

2073 5288 2140 5346 Νι
2197 5290 2530 5345 Testamenti
2562 5289 2730 5356 dicta,
2766 5305 2887 5359 qua:
2928 5290 2979 5345 in
3011 5291 3246 5347 medium
3279 5292 3516 5363 profert,
3546 5308 3680 5351 cum

2078 5394 2225 5441 textu
2247 5384 2577 5456 Cyprianico
2599 5384 2941 5453 conspirant,
2958 5400 3065 5440 non
3085 5385 3139 5441 in
3168 5387 3479 5458 vulgaribus
3504 5389 3685 5445 tritis-

2074 5522 2512 5665 p.(1¢135.WaIChii
2559 5522 2798 5581 Historie
2825 5524 2924 5581 der
2977 5524 3636 5601 Kircbenversaiolungen
3659 5574 3677 5601 ,

2146 5670 2222 5735 (ε)
2265 5664 2479 5740 Ughelli
2547 5667 2697 5723 Italia
2723 5683 2879 5724 sacra
2928 5685 3003 5736 tv,
3037 5685 3094 5740 p.
3144 5671 3271 5728 307.
3306 5670 3571 5729 Bisoizius
3618 5672 3679 5729 in

2069 5735 2723 5810 Historria’epiiscOporum
2753 5735 3268 5805 Mediolanensium,
3298 5760 3351 5810 p.
3389 5744 3475 5799 15.

2142 5808 2213 5883 (Ῑ)
2254 5808 2377 5868 Idea
2414 5809 2472 5869 S.
2505 5811 2567 5870 S.
2599 5810 2935 5884 Siculorum,
2964 5828 3019 5885 p.
3062 5813 3131 5871 15
3157 5822 3215 5870 et
3243 5808 3365 5872 ηδ.
