4024 6192
336 304 444 364 977

333 512 537 570 habent
567 515 635 570 ab
662 515 727 571 iis
746 531 882 587 quas
907 516 1027 571 libri
1060 517 1414 587 manuscripti
1465 527 1519 573 et
1547 518 1837 573 citationcs
1880 518 1937 574 in

329 607 563 663 aliorum
599 609 815 664 Patrum
846 610 1102 679 cperibus
1129 611 1497 680 suppeditant,
1522 609 1788 665 diversas.

404 700 591 770 Neque
616 716 748 757 vero
775 702 1073 772 scriptores
1101 702 1369 758 Proranos
1393 718 1618 773 prorsus
1669 702 1931 771 neglexit.

331 793 413 849 Ex
440 793 581 848 haud
613 794 685 848 ita
719 795 905 864 paucis
938 795 1072 849 locis
1102 804 1267 862 patet,
1305 794 1603 849 Firmieum
1644 793 1936 849 Ciceronis

329 887 505 944 libros
536 888 603 943 de
633 887 833 942 Natura
862 888 1097 943 Deorum
1121 888 1314 943 sedulo
1348 896 1632 942 tractasse.
1665 886 1933 942 Nonnulla

330 979 519 1036 hausit
566 996 634 1035 ex
672 980 963 1051 Porphyrii
1013 981 1152 1035 libro
1181 981 1249 1035 de
1296 984 1467 1035 Antro
1522 980 1889 1052 Nympharum
1917 1020 1932 1046 ,

333 1073 562 1128 forsitan
593 1090 813 1145 quoque
861 1089 929 1128 ex
964 1072 1071 1128 alio
1100 1073 1218 1143 ejus
1269 1074 1452 1129 libello
1482 1072 1550 1128 de
1593 1072 1934 1127 Ahstineutia

332 1166 404 1221 ab
425 1182 522 1222 esu
551 1168 817 1221 carnium.
852 1166 1065 1237 Allegat
1098 1179 1361 1236 praeterea
1390 1184 1511 1236 cap.
1542 1169 1607 1223 M
1633 1168 1790 1238 hujus
1817 1168 1937 1236 phi-

332 1262 549 1331 Iosophi
582 1262 775 1317 librum
816 1268 938 1340 περί
963 1273 1053 1325 τῆς
1080 1265 1132 1318 ἐκ
1152 1265 1333 1338 λογίων
1363 1264 1680 1337 φιλοσοφίας,
1708 1264 1799 1330 qui
1819 1264 1931 1332 jam

332 1354 539 1410 dudum
595 1354 793 1424 injuria
843 1368 1144 1425 temporum
1175 1357 1358 1426 periit.
1416 1355 1612 1410 Verum
1658 1356 1823 1410 etiam
1880 1355 1935 1410 in

333 1446 571 1503 Firmieo
590 1448 845 1518 leguntur
874 1447 1070 1503 fabula:
1103 1448 1245 1518 apud
1269 1449 1473 1503 nullum
1501 1448 1664 1502 alium
1694 1450 1932 1519 scripto-

332 1555 452 1596 rem
480 1539 772 1596 Profanum
799 1539 1243 1596 Christianumve
1267 1541 1638 1611 reperiundae,
1669 1556 1772 1610 qua
1797 1556 1934 1610 quo-

332 1649 441 1705 que
462 1634 531 1689 de
548 1650 710 1690 causa
729 1636 1065 1691 recentiores
1090 1651 1273 1690 rerum
1297 1634 1778 1706 mythologicarum
1799 1635 1934 1690 scri-

332 1740 521 1801 ptores
550 1729 690 1785 haud
717 1731 787 1785 ita
821 1747 946 1786 raro
972 1730 1037 1785 ad
1062 1731 1179 1801 ejus
1214 1730 1582 1785 testimonium
1609 1739 1924 1800 provocant.

1705 302 2246 365 PROLEGOMENA.

330 434 442 491 que
467 420 1007 491 tantummodolocis,
1032 421 1125 478 sed
1151 422 1205 477 in
1230 422 1546 494 iisquoque,
1564 422 1653 479 ubi
1668 422 1934 480 lectiones
1959 428 2014 489 Α

3529 311 3637 369 978

2110 516 2429 583 Firmicum,
2459 517 2527 574 ad
2559 520 2806 575 seculum
2831 537 2919 576 xvr
2954 521 3194 577 medium
3223 536 3396 593 usque
3419 523 3643 594 penitus

2037 612 2307 683 ignotum,
2342 614 2483 687 typis
2514 617 2723 686 primus
2758 618 2997 687 vulgavit
3026 618 3285 674 Matthias
3318 618 3533 674 Flacius
3564 619 3639 675 ll-

2038 707 2242 779 lyricus
2292 708 2641 779 Argeutorati
2695 712 2835 767 1562
2879 729 2949 767 ex
2980 713 3173 769 codice
3203 713 3397 770 Mindze
3446 714 3641 772 West-

2040 800 2238 870 phaliae
2269 815 2511 872 reperto.
2551 803 2646 857 llic
2679 803 2874 858 unicus
2901 817 2983 859 est
3014 806 3185 860 codex
3222 807 3311 875 qui
3354 816 3640 862 auctorem

2041 905 2289 948 nostrum
2342 896 2577 964 posteris
2622 898 2885 952 servavit.
2920 899 3121 954 Eadem
3184 900 3399 955 fortuna
3445 900 3644 971 obtigit

2039 987 2269 1042 Phaedro
2292 1032 2305 1051 ,
2326 989 2540 1043 Velleio
2568 990 2859 1047 Palerculo
2881 1033 2895 1055 ,
2920 994 3157 1061 quinque
3180 994 3453 1063 prioribus
3471 1008 3640 1047 anna-

2038 1083 2169 1137 lium
2213 1084 2387 1138 Taciti
2420 1084 2597 1151 libris,
2634 1084 2927 1156 Hesycbio,
2960 1088 3148 1157 prima:
3199 1086 3499 1144 Clementis
3529 1088 3641 1143 Ro—

2037 1178 2183 1232 mani
2215 1178 2280 1231 ad
2309 1177 2626 1234 Corinthios
2658 1180 2937 1249 Epistolas,
2966 1182 3206 1237 Minucio
3232 1182 3399 1238 Felici
3445 1193 3501 1237 et
3530 1185 3633 1239 Ar-

2038 1272 2223 1326 nobio.
2260 1272 2361 1328 Ubi
2412 1288 2545 1328 vero
2580 1272 2801 1329 Firmici
2827 1277 3001 1331 nostri
3030 1277 3207 1332 codex
3257 1277 3528 1349 hodieque
3556 1279 3641 1333 la-

2038 1374 2148 1421 teat
2173 1366 2369 1433 (latere
2400 1369 2544 1421 enim
2590 1367 2746 1433 dico,
2780 1385 2944 1437 quum
2989 1384 3255 1439 nusquam
3300 1385 3641 1426 commemo-

2036 1457 2210 1528 retur)
2236 1458 2452 1513 uescius
2477 1474 2620 1513 sum.
2655 1459 2923 1515 Editionis
2948 1460 3219 1516 Flaviante
3239 1464 3493 1519 meminit
3524 1463 3644 1519 Rit—

2039 1562 2187 1607 tcrus
2220 1553 2274 1607 in
2298 1553 2623 1625 Biographia
2655 1553 2855 1627 Illyrici
2892 1554 3284 1626 (Francofurti,
3324 1556 3484 1630 1725)
3512 1572 3638 1629 pag.

2036 1647 2163 1709 555.
2188 1647 2326 1701 haud
2354 1656 2535 1702 tamen
2567 1648 2807 1703 indicato
2837 1649 2954 1705 loco
2983 1665 3194 1705 anuovc
3222 1649 3601 1715 impressiouis
3626 1669 3640 1705 :

2035 1741 2182 1795 aude
2229 1742 2449 1811 colligo,
2480 1741 2756 1796 Ritterum
2786 1757 2905 1797 eam
2936 1742 3110 1797 oculis
3143 1741 3285 1795 haud
3318 1757 3637 1812 usurpasse.

338 1822 495 1879 llnde
522 1839 653 1880 vero
694 1824 809 1879 haec
829 1824 951 1879 aliis
980 1825 1163 1894 ignma
1194 1824 1419 1877 hausit?
1444 1823 1621 1880 dicam
1650 1823 1774 1893 quid
1806 1838 1933 1878 sen-
1962 1837 2009 1896 Β
2038 1834 2108 1888 At
2139 1848 2257 1887 rara
2310 1843 2395 1887 est
2446 1834 2764 1888 admodum.
2809 1834 3165 1890 Desideratur
3198 1834 3250 1889 in
3280 1834 3638 1891 Bibliothecis

336 1919 462 1973 tiam
491 1920 504 1973 !
544 1920 615 1972 Ex
650 1918 943 1974 Eubemeri
967 1918 1100 1996 Ἱερᾷ
1127 1917 1435 1996 Ἄναγραφῇ.
1459 1918 1596 1973 Cum
1629 1919 1774 1972 enim
1802 1917 1933 1971 Elli-

333 2010 488 2065 nicas
520 2011 752 2077 fabulas,
786 2024 969 2081 spreta
999 2014 1190 2082 quavis
1222 2012 1440 2082 physica
1493 2011 1796 2081 mysticave
1852 2010 1932 2064 iu-

336 2106 751 2174 terpretatione,
774 2107 1039 2162 historice
1070 2106 1446 2161 tantummodo
1474 2105 1809 2161 intellexerit
1834 2121 1932 2160 cx-

331 2196 725 2268 plicaveritque
750 2241 763 2263 ,
797 2199 1044 2254 arridere
1072 2201 1119 2253 ci
1153 2214 1316 2268 quam
1345 2199 1579 2252 maxime
1608 2197 1796 2253 debuit
1829 2196 1933 2250 Eu-

334 2291 548 2346 hemeri
608 2292 697 2346 illa
749 2293 913 2347 totius
966 2293 1321 2364 mythologia:
1369 2292 1573 2348 Grzecm
1614 2292 1927 2362 expositio,

331 2401 496 2457 quam
526 2387 578 2440 in
606 2386 692 2454 iiii,
724 2402 844 2457 quae
872 2388 939 2442 de
966 2387 1098 2443 Jove
1128 2388 1311 2453 habet,
1346 2404 1469 2442 eum
1495 2399 1741 2443 secutum
1767 2401 1889 2441 esse
1913 2426 1929 2453 ,

334 2478 647 2536 luculenter
700 2491 868 2551 patet.
914 2480 1072 2537 Unde
1118 2498 1248 2537 vero
1280 2482 1661 2547 Euhemerus,
1709 2480 1933 2535 Grzecus

333 2573 593 2642 scriptor,
620 2573 697 2628 illi
729 2575 1021 2629 innotuerit
1049 2616 1064 2640 ,
1122 2575 1299 2641 palam
1326 2584 1413 2629 est
1439 2584 1567 2628 aute
1596 2574 1783 2629 oculos
1810 2589 1930 2627 om-

332 2669 508 2724 nium.
556 2669 767 2724 Ennius
806 2685 1037 2740 namque
1069 2669 1436 2724 Euhemerqu
1469 2669 1738 2723 latinitate
1760 2668 1935 2721 dona-

333 2771 525 2827 verat;
568 2761 723 2831 cujus
772 2763 1042 2817 versiouis
1073 2763 1357 2833 complura
1395 2763 1694 2832 fragmenta
1754 2776 1783 2815 a
1831 2761 1932 2815 La-

333 2855 543 2910 ctantio
575 2854 750 2910 lnstit.
784 2856 990 2911 Divina:
1045 2855 1241 2919 librat,
1267 2869 1317 2909 c.
1349 2855 1434 2923 Η,
1465 2855 1550 2921 15,
1576 2855 1666 2917 14,
1700 2855 1786 2916 17,
1817 2852 1889 2906 22
1913 2894 1928 2919 ,

334 2957 392 3007 et
423 2950 490 3005 de
513 2949 593 3005 lra
618 2950 713 3006 Dei
740 2951 1029 3006 laudantur
1059 2950 1145 3006 vel
1176 2950 1637 3005 exscribuntur.A
1666 2947 1932 3004 Cicerone

334 3042 405 3098 de
459 3042 663 3098 Natura
708 3044 1007 3108 Deorumt,
1065 3059 1115 3099 c.
1147 3044 1213 3098 42
1238 3084 1253 3109 ,
1287 3059 1316 3098 a
1346 3044 1648 3106 ,Clemcute
1698 3044 1926 3097 Alexan-

335 3135 495 3190 drino
523 3135 797 3207 Protrept.
829 3153 876 3192 c.
906 3136 943 3190 2
987 3153 1038 3206 p.
1091 3136 1162 3193 9.0
1192 3137 1279 3191 ed.
1335 3136 1538 3191 Potteri
1563 3179 1577 3203 ,
1638 3152 1667 3190 a
1700 3135 1933 3191 Minucio

2037 1926 2261 1991 nostris,
2288 1941 2410 1979 cmn
2445 1925 2616 1997 Regia
2641 1935 2752 1979 tum
2786 1925 3175 1981 Universitatis
3196 1969 3210 1991 ,
3243 1941 3422 1997 neque
3454 1927 3555 1982 fuit
3586 1927 3643 1982 in

2036 2018 2347 2072 Buuaviana
2374 2019 2485 2087 jam
2515 2034 2635 2072 cmn
2683 2018 2850 2090 Regia
2879 2020 3172 2073 Dresdeusi
3200 2020 3513 2089 conjuncta.
3553 2021 3643 2075 ln-

2035 2112 2159 2165 veni
2204 2126 2337 2165 vero
2387 2112 2438 2164 in
2483 2110 2839 2166 selectissima
2888 2127 3069 2166 rever.
3110 2111 3348 2166 Hausen.
3400 2113 3640 2182 pastoris

2034 2205 2507 2274 Slaugerupiensis
2537 2204 2837 2260 dimcescos
2866 2205 3161 2273 Selandim,
3211 2207 3303 2277 qui
3346 2206 3514 2263 hocce
3536 2230 3641 2266 xu-

2036 2300 2206 2370 μήλιον
2236 2298 2540 2352 liberaliter
2569 2299 2715 2352 douo
2771 2298 2905 2353 mihi
2937 2299 3106 2353 dedit.
3138 2298 3212 2354 Ita
3260 2316 3391 2355 vero
3417 2302 3637 2358 Flacius

2036 2390 2090 2445 in
2122 2391 2396 2446 Prooemio
2446 2392 2512 2446 ad
2542 2391 2818 2446 Andream
2850 2392 3265 2449 Meiendortium
3298 2394 3369 2452 de
3403 2395 3598 2452 codice
3624 2436 3640 2461 ,

2036 2499 2103 2538 ex
2129 2499 2237 2554 quo
2263 2498 2418 2538 suam
2451 2484 2749 2539 editionem
2785 2484 2987 2550 hausit,
3016 2487 3179 2541 verba
3205 2485 3357 2543 facit.

2116 2595 2134 2628 ι
2168 2575 2249 2630 Ad
2294 2579 2431 2629 hanc
2464 2592 2593 2630 vero
2637 2576 2777 2645 piam
2815 2577 3200 2647 gratitudiuem
3245 2578 3530 2649 zelumque
3575 2580 3631 2633 in

2036 2669 2232 2723 animis
2267 2672 2471 2726 nostris
2500 2670 2866 2737 excitandum,
2898 2687 3019 2726 cum
3054 2673 3232 2743 aliqua
3264 2673 3347 2742 pia
3377 2684 3425 2729 et
3460 2675 3640 2745 aliqua

2036 2762 2198 2816 etiam
2233 2763 2394 2832 impia
2422 2762 2623 2831 scripta
2655 2761 2979 2832 profuerint,
3007 2774 3118 2819 tum
3148 2775 3202 2820 et
3233 2765 3337 2819 hoc
3361 2765 3487 2821 Julii
3516 2765 3637 2821 Fir-

2037 2853 2165 2909 mici
2190 2863 2377 2908 contra
2404 2870 2622 2909 errores
2648 2855 3003 2923 profanarum
3042 2858 3386 2925 religionum,
3417 2857 3561 2927 quod
3607 2874 3639 2913 a

2038 2963 2126 3001 me
2178 2949 2228 3001 in
2261 2948 2431 3003 veteri
2484 2958 2539 3003 et
2583 2964 2691 3003 non
2740 2948 2960 3018 ignobili
3014 2950 3235 3005 civitate
3275 2950 3635 3019 Westpbalia:

2037 3040 2213 3095 Minda
2252 3052 2524 3111 repertum
2549 3057 2690 3095 nunc
2717 3041 2949 3111 primttm
2971 3044 3023 3096 in
3051 3042 3316 3111 publicam
3342 3042 3631 3097 utilitatem

2036 3133 2338 3203 evulgatur.
2379 3132 2475 3187 Est
2510 3148 2643 3187 sane
2672 3132 3023 3202 dignissimus
3066 3133 3281 3189 libellus
3308 3135 3399 3205 qui
3430 3142 3637 3199 exstet,

334 3225 521 3283 Felice
551 3227 762 3284 Octavii
786 3244 835 3284 c.
868 3229 961 3296 21,
1014 3228 1081 3283 ab
1110 3229 1352 3283 Arnobio
1381 3228 1505 3283 adv.
1557 3228 1758 3284 Gentes
1786 3243 1839 3282 tv
1882 3242 1931 3283 c.
1963 3238 2010 3303 ρ
2040 3241 2161 3281 cum
2198 3236 2416 3295 pr0pter
2448 3226 2715 3282 sermonis
2745 3227 3095 3297 elegantiam,
3129 3236 3239 3281 tum
3281 3237 3500 3296 pr0pter
3538 3240 3639 3280 ve-

334 3315 423 3384 29,
467 3318 719 3375 similiter
748 3320 1036 3390 allegatur.
1067 3320 1253 3390 Itaque
1284 3320 1358 3374 nil
1392 3322 1609 3388 mirum,
1635 3320 1779 3375 hunc
1801 3336 1929 3375 auc-

339 3417 535 3476 torem,
569 3412 885 3481 religionum
915 3410 1265 3467 Ethnicarum
1312 3412 1710 3466 destruetorem
1738 3452 1752 3477 ,
1809 3410 1930 3465 Firo

338 3506 483 3561 mico
515 3508 851 3573 innotuisse,
884 3507 1174 3577 placuisse,
1207 3519 1369 3578 atque
1395 3508 1464 3561 ab
1518 3522 1584 3563 eo
1622 3508 1932 3562 consultum

337 3598 526 3652 fuisse.
549 3598 730 3653 Mirari
747 3600 926 3669 potius
945 3599 1108 3663 subit,
1135 3598 1448 3668 apologetas
1478 3596 1557 3651 rei
1581 3596 1931 3663 Christianze,

337 3687 394 3743 in
427 3689 623 3745 eodem
646 3706 767 3744 cum
798 3687 1108 3744 Euhemero
1139 3700 1461 3758 argumento
1487 3688 1771 3741 tractando
1798 3687 1935 3743 adeo

339 3779 562 3835 sedulos
591 3822 605 3845 ,
646 3783 765 3849 ejus
809 3788 987 3835 tamen
1019 3796 1215 3835 nomen
1259 3789 1315 3835 et
1343 3780 1536 3833 librqu
1565 3779 1714 3848 justo
1760 3779 1934 3835 rarius

341 3870 592 3927 laudasse
617 3880 777 3942 atque
804 3871 953 3926 locos
984 3886 1049 3926 ex
1075 3871 1266 3925 eodem
1313 3870 1579 3924 attulisse.
1610 3869 1787 3924 Pauca
1821 3880 1938 3924 tau-

342 3963 623 4020 tttmmodo
653 3962 920 4019 hactenus
949 3979 1012 4017 ex
1034 3963 1345 4016 auctoribus
1369 3962 1642 4016 veteribus
1664 3961 1801 4030 ejus,
1830 3960 1938 4015 En-

338 4059 519 4115 niana:
547 4058 814 4129 imprimis
834 4058 1123 4117 versiouis.
1164 4068 1414 4127 excerpta
1443 4071 1564 4110 sunt
1597 4058 1893 4126 fragmenta
1921 4072 1936 4121 ;

341 4153 527 4209 nullus
560 4164 738 4208 tamen
777 4152 988 4217 dubito,
1022 4152 1176 4222 quin,
1210 4161 1267 4205 ut
1293 4168 1357 4206 ex
1406 4152 1641 4205 Firmico
1681 4150 1754 4205 ita
1799 4164 1936 4219 quo-

342 4264 449 4319 que
472 4264 537 4303 ex
557 4248 675 4302 aliis
699 4247 1055 4317 scriptoribus
1071 4247 1349 4315 complura
1374 4245 1681 4313 bujusmodi
1699 4245 1937 4316 λείψανα,

341 4343 535 4414 quibus
564 4342 813 4397 collectio
843 4340 1157 4395 Hesseliana
1210 4340 1263 4393 iu
1294 4338 1532 4393 editione
1567 4339 1720 4391 Ennii
1755 4336 1828 4409 (a)
1863 4340 1942 4392 lo-

343 4435 607 4505 cupletari
654 4444 837 4504 queat,
870 4434 1061 4503 majori
1092 4431 1339 4486 adhibita
1367 4431 1669 4501 diligentia,
1704 4445 1943 4499 satiaque

342 4528 399 4582 in
424 4527 764 4582 secernendo
793 4525 1256 4595 dijudicaudoque
1280 4524 1432 4590 crisi,
1460 4524 1576 4579 erui
1605 4524 1815 4594 possint
1840 4523 1938 4594 (b).

2040 3321 2253 3374 tustatis
2281 3319 2526 3374 Etliuicrc
2554 3329 2611 3375 et
2640 3319 2797 3373 simul
2824 3320 3167 3383 Christianae,
3197 3334 3317 3388 quae
3341 3322 3391 3373 in
3418 3334 3483 3373 eo
3510 3333 3647 3373 con-

2037 3413 2267 3477 tinetur,
2335 3410 2721 3481 cognitionem.
2786 3410 2903 3465 Non
2964 3426 3131 3480 pauca
3178 3412 3324 3465 enim
3386 3411 3513 3465 hiuc
3567 3410 3638 3465 de

2037 3504 2302 3558 doctrina:
2330 3505 2644 3557 sinceritate
2673 3513 2728 3557 et
2758 3504 2959 3557 rituum
3001 3502 3258 3558 Ecclesia:
3295 3503 3645 3573 simplicitate

2038 3609 2092 3653 et
2122 3598 2356 3668 puritate
2394 3612 2726 3667 cognoscere
2762 3597 2958 3666 possis,
2993 3598 3037 3651 si
3082 3596 3243 3651 modo
3274 3596 3435 3667 paulo
3462 3604 3641 3652 atten-

2039 3691 2169 3755 tius,
2193 3706 2313 3760 qua:
2335 3689 2403 3744 de
2432 3690 2671 3754 Christo,
2694 3688 2763 3743 de
2796 3689 3097 3756 sacriﬁciis,
3128 3689 3197 3744 de
3238 3705 3377 3760 pane
3407 3689 3642 3758 caelesti,

2039 3792 2096 3840 et
2127 3783 2193 3837 de
2222 3781 2549 3852 imaginibus
2574 3797 2637 3836 ac
2664 3781 2785 3835 aliis
2809 3781 3083 3847 dicuntur,
3110 3783 3406 3853 expendas.
3438 3802 3457 3836 ι

2113 3877 2242 3931 "mc
2269 3877 2378 3932 ille.
2413 3876 2681 3931 Caeterum
2716 3877 2801 3930 vix
2831 3877 2935 3931 ulla
2962 3887 3046 3931 est
3091 3891 3219 3946 spes
3248 3876 3364 3934 fore
3400 3884 3461 3932 ut
3502 3876 3643 3932 alius

2042 3968 2201 4037 hujus
2248 3968 2419 4022 nostri
2468 3968 2708 4022 auctoris
2735 3967 2908 4023 codex
2958 3978 3219 4039 emergat.
3260 3970 3313 4023 lu
3363 3968 3644 4024 ditissimis

2041 4062 2185 4118 enim
2217 4060 2555 4116 bibliothecis
2586 4063 2704 4130 ejus
2734 4061 3065 4130 exemplaria
3092 4060 3493 4116 desiderantur.
3540 4061 3649 4115 De-

2042 4166 2169 4213 suut
2210 4157 2461 4211 nimirum
2514 4157 2566 4210 in
2616 4155 3046 4221 Vindebonensi,
3104 4155 3436 4221 Monacensi,
3496 4154 3646 4208 Pari-

2043 4248 2230 4313 siensi,
2261 4246 2467 4303 Veneta
2494 4247 2612 4301 Divi
2642 4246 2832 4312 Marci,
2862 4256 2913 4298 et
2945 4248 2998 4299 in
3027 4246 3133 4300 Sau
3159 4244 3401 4300 Gallensi
3426 4260 3439 4303 ;
3465 4258 3647 4312 neque

2044 4339 2315 4396 habentur
2363 4341 2415 4394 in
2462 4338 2792 4393 Britannicis
2838 4336 3197 4405 Belgicisqtte,
3249 4351 3373 4388 cum
3411 4334 3651 4390 editores

2047 4433 2229 4487 Batavi
2257 4431 2326 4488 de
2358 4433 2459 4485 hac
2497 4446 2555 4483 re
2597 4426 2968 4497 investiganda
3005 4435 3155 4480 certo
3176 4427 3384 4481 certius
3431 4423 3651 4479 solliciti

2046 4525 2275 4590 fuerint;
2312 4539 2413 4578 nec
2444 4523 2496 4576 iu
2525 4521 2805 4585 Vaticana,
2838 4533 2962 4589 qua:
3011 4519 3163 4587 quasi
3207 4527 3292 4573 est
3324 4517 3651 4573 bibliotheca

343 4619 403 4675 id
433 4620 577 4691 quod
620 4629 768 4675 certe
800 4619 1145 4689 prmstitisset
1187 4618 1272 4672 vir
1318 4617 1582 4688 praeclare
1626 4618 1823 4672 doctus
1852 4615 1939 4672 Jo.
1971 4631 2025 4690 1)
2052 4614 2632 4677 bibliothecarum,cui
2657 4611 2914 4667 aduobus
2944 4610 3068 4665 inde
3094 4611 3312 4666 saeculis
3334 4611 3432 4665 viri
3455 4610 3656 4665 doctis-

345 4713 629 4769 Lundblad
660 4713 716 4768 S.
746 4714 911 4767 theol.
953 4712 1011 4765 D.
1044 4721 1098 4766 et
1130 4710 1460 4781 eloquentia!
1490 4724 1656 4781 atque
1710 4724 1943 4779 pocseos

347 4809 402 4863 in
436 4807 801 4863 Universitate
833 4806 1104 4862 Lundeusi
1130 4805 1412 4876 professor
1440 4805 1597 4860 Publ.
1630 4804 1823 4859 Ordiu.
1852 4804 1945 4873 qui

346 4899 559 4954 duabus
591 4899 1065 4955 dissertationibus
1082 4900 1152 4954 de
1187 4898 1498 4953 Euhemero
1520 4896 1777 4966 (Loudini
1807 4895 1943 4950 Got-

350 4994 499 5058 hor.,
536 4994 697 5067 i804)
749 4995 867 5064 ejus
915 4995 1215 5065 fragmenta
1250 4992 1417 5047 edere
1447 4999 1613 5060 atque
1667 4991 1948 5046 illustrare

350 5095 639 5158 coeperat,
697 5102 728 5143 e
772 5087 912 5141 vivis
968 5097 1151 5141 autem
1205 5094 1428 5153 ereptus
1477 5094 1557 5137 est
1590 5125 1605 5149 ,
1657 5093 1954 5153 antequam

349 5195 489 5251 opus
521 5181 833 5235 inchoatum
868 5180 1152 5236 absolvere
1185 5178 1445 5249 potuerit.
1476 5174 1645 5247 Cujus
1676 5176 1780 5231 viri
1811 5177 1953 5245 Opti-

353 5275 426 5329 mi
459 5274 705 5346 mihique
731 5273 1053 5328 amicissimi
1084 5272 1333 5343 vestigiis
1382 5274 1639 5326 insistens
1665 5314 1680 5337 ,
1730 5271 1778 5324 si
1809 5270 1957 5325 Deus

350 5366 529 5421 otium
559 5366 788 5431 fecerit,
822 5365 1121 5422 Euliemeri
1173 5372 1448 5435 quotquot
1493 5368 1738 5435 reperire
1764 5374 1960 5433 potero

353 5457 615 5528 reliquias
653 5459 912 5529 colligere
954 5468 1119 5527 atque
1148 5456 1429 5528 publicam
1479 5457 1537 5513 in
1562 5457 1742 5513 lucem
1789 5455 1955 5512 edere

354 5568 530 5624 penes
554 5568 643 5610 tne
670 5554 953 5610 constitui.

436 5710 518 5781 (a)
560 5709 992 5770 Amstelaadatni.
1031 5708 1194 5774 i707,
1221 5709 1272 5781 in
1304 5710 1381 5764 4⁸.

434 5780 511 5855 (b)
552 5782 726 5855 Locos
752 5782 839 5837 ubi
872 5781 1139 5852 allegatur
1180 5780 1373 5855 sedulo
1401 5781 1625 5855 collegit
1652 5782 1740 5855 βο.
1789 5781 1955 5855 Conr.

361 5850 639 5914 Orelliusé
660 5856 964 5931 μακαρίτης,
986 5850 1236 5911 aunotat.
1257 5850 1310 5909 in
1331 5852 1537 5911 Arnob.
1557 5850 1737 5920 iv,‘29t
1755 5853 1963 5921 tom.ll,

2049 4714 2192 4775 simi,
2234 4710 2566 4775 Holsteuius,
2618 4708 2731 4762 Leo
2771 4706 3021 4771 Allatius,
3076 4704 3444 4774 Zareagnius,
3494 4702 3656 4758 Mari-

2052 4810 2172 4865 nius
2200 4807 2399 4875 aliique
2446 4803 2800 4877 prrcfuerunt,
2854 4804 2944 4873 qui
2977 4801 3282 4872 bujusmodi
3322 4800 3522 4877 εὕρημα
3553 4798 3656 4853 mi-

2060 4902 2207 4956 nime
2238 4898 2626 4969 neglexissent.
2672 4896 2786 4951 Nisi
2826 4897 2972 4951 enim
3015 4895 3152 4948 forte
3196 4891 3413 4946 fortuna
3463 4891 3517 4945 in
3560 4905 3654 4960 pa-

2051 4994 2334 5061 limpsesto
2387 4992 2569 5061 aliquo
2615 4989 2806 5045 codice
2859 4988 3164 5056 delegatur,
3204 4995 3297 5039 aut
3343 5000 3408 5039 ex
3455 4983 3656 5054 angulo

2055 5084 2403 5141 bibliothectc
2449 5082 2677 5152 alicujus
2708 5081 3022 5134 monasticae
3068 5078 3310 5132 nondum
3354 5078 3488 5132 satis
3533 5076 3657 5130 dili-

2056 5189 2249 5250 genter
2280 5178 2621 5248 perlustratze
2646 5176 2699 5228 iu
2726 5175 2901 5228 lucem
2934 5172 3289 5243 producatur,
3319 5172 3483 5226 unico
3514 5186 3581 5225 eo
3603 5170 3656 5223 iu

2060 5283 2335 5343 posterum
2378 5284 2593 5340 quoque
2639 5268 2922 5323 fruendum
2963 5266 3121 5321 nobis
3163 5266 3290 5334 erit,
3337 5264 3483 5336 quod
3533 5275 3662 5321 ante

2059 5368 2159 5422 tria
2194 5365 2307 5422 fere
2338 5365 2455 5420 lucc
2477 5364 2672 5419 srecula
2701 5361 2948 5424 emersit.
2978 5361 3295 5430 exemplari.

2134 5459 2260 5530 Ejus
2282 5458 2499 5529 quidem
2543 5464 2758 5512 attatem
2793 5454 3013 5509 Flacius
3051 5452 3193 5507 baud
3241 5449 3520 5506 indicavit.
3581 5451 3660 5506 Ex

2063 5562 2177 5609 tota
2206 5566 2340 5608 vero
2362 5560 2539 5606 textus
2581 5548 2761 5605 indole
2802 5556 3049 5619 apparet,
3072 5545 3410 5615 descriptum
3449 5544 3503 5600 id
3538 5558 3661 5602 esse

2068 5709 2255 5838 ἕτῑὲῧὸ
2284 5727 2315 5838 ;ι
2345 5709 2451 5766 alia
2470 5709 2555 5767 Jo.
2588 5706 2768 5779 Lydus
2787 5714 2842 5762 et
2859 5704 3183 5765 Scholiasta:
3208 5706 3439 5766 fortasse
3466 5721 3665 5782 suppo-

2112 5801 2122 5837 |
2151 5798 2179 5838 (ι
2224 5799 2291 5838 un
2324 5824 2336 5835 .

2112 5798 2336 5838 ιηιυυηι.
