4024 6192
268 261 375 325 981

1652 264 2189 331 ΡΒΟΒΕΟΜΕΝΔ.

3472 278 3581 336 98!

274 385 423 456 plicit
451 382 565 439 Jul.
600 383 817 439 Firmici
842 383 1065 439 Materni
1105 382 1165 438 V.
1190 384 1250 441 C.
1287 387 1349 441 de
1393 384 1584 443 Errare
1612 385 1878 459 Profana-
1905 389 1950 449 Δ
1980 402 2102 451 cum
2128 388 2333 444 cultum
2362 387 2485 447 latae
2510 397 2690 456 erant,
2716 392 2810 462 qui
2840 391 2971 447 olim
2994 391 3282 449 dominans
3310 408 3455 450 nunc
3474 394 3589 453 fere

270 496 391 535 rum
423 478 768 551 Religionum,
802 479 1103 550 cuiusmodi
1135 480 1565 551 subscriptiones
1604 481 1657 535 in
1692 482 1877 537 multis

271 572 557 637 veteribus
600 572 752 627 libris
800 572 1073 645 leguntur,
1108 572 1324 633 Flacius
1362 584 1510 630 certe
1561 575 1874 631 indicasset.

274 665 446 722 Deest
477 664 639 734 igitur
665 664 845 719 brevis
868 665 934 718 ad
962 664 1323 735 Imperatores
1353 666 1615 721 allocutio
1644 678 1698 723 et
1724 682 1881 735 argu-

276 760 448 816 menti
493 758 785 828 expositio.
844 758 1150 815 Transiisse
1193 760 1408 823 videtur
1451 761 1519 816 ad
1569 759 1879 823 Christiana

277 852 530 924 quaedam
570 852 821 922 dogmata
854 852 923 907 de
968 853 1247 909 creatione
1288 853 1473 908 mundi
1504 853 1681 923 deque
1727 854 1879 923 lapsu

278 945 751 1016 Protoplastorum
784 944 997 1005 insidiis
1022 944 1223 1002 diaboli
1267 945 1646 1011 seductorum;
1687 945 1881 1015 quibus

276 1039 425 1095 viam
456 1037 558 1094 sibi
588 1037 819 1092 munivit
846 1036 911 1090 ad
943 1036 1205 1101 Ethnicos
1246 1036 1372 1107 (hos
1414 1038 1583 1101 enim,
1624 1036 1748 1091 licet
1778 1037 1880 1091 im-

280 1133 629 1205 peratoribus
662 1131 799 1187 liber
827 1130 898 1185 sit
927 1130 1241 1201 inscriptus,
1277 1146 1420 1200 smpe
1442 1131 1762 1200 alloquitur)
1790 1130 1884 1185 ad-

278 1226 605 1291 monendos,
636 1235 695 1281 ut
736 1240 765 1281 a
808 1226 970 1281 simili
1016 1225 1205 1281 fraude
1249 1226 1354 1282 sibi
1400 1234 1649 1281 caveant.
1686 1224 1885 1283 Facilis

280 1322 410 1378 hinc
426 1321 492 1377 ad
508 1320 774 1391 originem
796 1320 1140 1377 oraculorum
1161 1320 1663 1392 divinationumque
1688 1322 1887 1377 transi-

281 1425 394 1482 tus,
439 1430 505 1470 ex
537 1413 808 1469 sententia
844 1413 1044 1468 llertzii
1083 1412 1435 1480 editionibus,
1469 1430 1591 1484 quae
1634 1415 1884 1469 lacunam

282 1508 489 1565 habent
516 1522 639 1567 mos
670 1516 793 1577 post
821 1507 1057 1573 initium,
1090 1517 1517 1577 superstructus,
1547 1506 1733 1565 Codex
1753 1523 1886 1563 vero

280 1600 597 1664 blindensis.
626 1608 683 1654 ut
713 1599 882 1655 editio
906 1600 1159 1669 princeps
1183 1600 1433 1655 Flaciana
1463 1600 1647 1667 docet,
1682 1600 1886 1655 nullam

280 1697 465 1753 habet.
498 1693 684 1764 Neque
707 1692 869 1748 video
893 1709 993 1748 cur
1024 1708 1249 1749 necesse
1288 1694 1359 1747 sit
1383 1694 1541 1749 verba
1585 1694 1837 1763 prooemii
1868 1710 1883 1748 :

1980 480 2406 549 apprimebatur.
2440 481 2567 537 llam
2594 498 2729 539 sane
2757 485 3092 540 considerari
3120 497 3176 541 et
3196 487 3458 557 perpendi
3490 488 3588 545 de-

1980 574 2131 639 bent,
2188 574 2277 628 ubi
2336 574 2605 631 Firmicus
2650 592 2774 631 cum
2833 578 3229 648 antiquioribus
3288 580 3590 649 apologetis

1981 666 2357 735 componitur;
2390 666 2515 722 inde
2546 668 2866 737 explicanda
2896 678 2981 724 est
3010 670 3174 725 totius
3213 670 3478 725 orationis
3507 671 3592 726 di-

1983 758 2235 822 versitas,
2256 775 2378 829 quae
2401 762 2486 816 vel
2512 760 2580 815 ad
2602 763 2807 817 cultum
2840 762 3193 817 Ethnicorum
3220 764 3267 817 vi
3301 765 3594 820 destruen-

1987 849 2112 903 dum
2132 851 2489 919 imperatores
2507 853 2625 920 plus
2644 854 2817 925 semel
2838 854 3086 927 hortatur
3109 865 3272 923 atque
3294 857 3517 923 excitat,
3535 858 3589 913 id

1985 942 2128 1011 quod
2146 943 2547 1012 antiquioribus
2575 946 2897 1015 apologetis,
2923 947 3052 1002 licet
3080 959 3132 1002 et
3162 948 3213 1001 hi
3248 948 3499 1004 hostilem
3536 953 3587 1004 in

1986 1038 2305 1108 religionem
2330 1054 2489 1109 quam
2504 1041 2893 1111 aggrediuntur
2915 1044 3153 1097 animum
3182 1042 3361 1098 ubivis
3380 1044 3588 1099 ferelo-

1987 1145 2177 1191 eorum
2198 1132 2497 1198 declarent,
2522 1134 2577 1188 in
2596 1145 2834 1190 mentem
2861 1151 3155 1206 numquam
3183 1137 3367 1193 venire
3392 1142 3585 1207 potuit.

2742 1227 2836 1282 IX.

2062 1316 2339 1375 Editiones
2368 1318 2618 1385 Firmici,
2646 1335 2771 1390 qua:
2800 1320 2932 1376 mihi
2955 1321 3336 1389 innotuerunt,
3365 1330 3492 1377 sunt
3509 1337 3595 1377 sc-

1991 1422 2225 1481 quentes
2254 1431 2277 1495 ε⁸

2060 1506 2170 1561 Jul.
2197 1507 2417 1562 Firmici
2446 1508 2671 1564 Materni
2706 1508 2772 1564 V.
2799 1508 2861 1563 C.
2900 1509 2968 1565 de
3006 1510 3207 1565 Errare
3232 1511 3592 1566 Profanarum

1993 1600 2338 1669 Religionum
2369 1602 2432 1655 ad
2447 1602 2825 1658 Constantium
2856 1612 2910 1657 et
2937 1601 3287 1658 Constantem
3320 1604 3597 1676 Augustos

1994 1693 2153 1759 liber,
2189 1710 2480 1763 numquam
2511 1694 2741 1749 antehae
2791 1696 2841 1748 in
2894 1694 3071 1749 lucem
3119 1694 3318 1749 editus.
3350 1696 3597 1750 Exeusus

281 1788 579 1860 Manifestis
603 1786 890 1841 rationibus
917 1788 1368 1857 exemplorumque
1407 1788 1709 1841 testimoniis
1751 1788 1882 1840 divi-
1916 1789 1965 1853 B
1991 1786 2303 1858 Argentius:
2333 1787 2475 1857 apud
2505 1788 2728 1841 Paulum
2759 1787 3235 1858 Macbzeropmum,
3288 1789 3598 1858 sumptibus

283 1880 549 1939 nationem
580 1878 907 1949 probabimus
952 1895 1045 1950 per
1091 1879 1353 1933 diabolum
1396 1896 1504 1933 esse
1543 1880 1799 1934 inventam
1838 1890 1886 1934 et

287 1977 589 2046 perfectam,
619 1970 691 2027 ita
722 1972 994 2041 accipere,
1050 1980 1108 2026 ut
1149 1971 1326 2027 isthoc
1375 1973 1610 2043 scriptor
1652 1973 1886 2042 primum

286 2081 451 2137 agere
477 2064 808 2132 decreverit,
841 2079 964 2119 eum
1006 2065 1058 2118 in
1090 2064 1172 2119 eis
1199 2080 1321 2134 quae
1352 2073 1652 2134 sequuntur
1683 2065 1751 2119 ad
1788 2064 1890 2119 boc

284 2170 663 2232 argumentum
712 2160 909 2229 saepius
950 2158 1159 2214 redeat.
1193 2158 1299 2215 Sed
1346 2174 1468 2213 eum
1524 2160 1679 2214 initio
1722 2158 1888 2213 libelli

286 2253 541 2324 dogmata
612 2251 861 2323 quaedam
934 2250 1243 2309 Christiana
1307 2252 1569 2323 tetigisse,
1642 2252 1891 2307 Hertzius

284 2346 660 2417 compluribus
700 2346 1035 2417 argumentis
1088 2346 1366 2415 probavit,
1416 2346 1533 2400 veri
1580 2345 1777 2400 saltem
1817 2346 1890 2400 si-

287 2441 575 2498 millimum
628 2439 884 2495 reddidit.
950 2459 967 2490 ι
1003 2437 1062 2495 Si
1103 2438 1465 2508 fragmentum
1517 2438 1892 2492 tantummodo

290 2544 400 2603 est,
425 2533 617 2604 inquit,
652 2533 796 2603 quod
822 2542 1020 2599 exstat,
1054 2533 1097 2587 si
1127 2532 1252 2587 huic
1277 2532 1554 2601 praecessit
1580 2530 1891 2602 dogmatnm

288 2625 650 2699 quorumdam
709 2622 1146 2693 Chrisnanorum
1207 2610 1503 2694 expositio,
1549 2623 1815 2699 absonum
1863 2640 1894 2679 a

298 2734 428 2777 vero
461 2717 589 2781 mihi
618 2717 838 2797 quidem
870 2733 975 2775 non
1024 2717 1236 2774 videtur
1264 2700 1587 2774 Christiana:
1614 2719 1895 2791 religionis

292 2813 599 2885 apologiam
632 2827 732 2871 suo
763 2827 881 2867 aevo
922 2812 1387 2869 accommodatam
1426 2812 1719 2867 Firmicum
1766 2828 1895 2868 con-

293 2906 603 2977 scripsisse,
651 2906 980 2976 mutatisque
1019 2921 1137 2975 qua:
1184 2920 1282 2974 pro
1336 2905 1545 2960 ratione
1588 2913 1895 2974 temporum

296 3001 552 3069 mutanda
604 3002 937 3066 viderentur,
992 3000 1246 3057 eumdem
1300 3002 1352 3061 in
1404 3001 1504 3059 hac
1552 3001 1893 3069 adornanda,

1993 1879 2258 1933 Johannis
2297 1879 2563 1949 Oporini,
2611 1895 2755 1934 anno
2804 1880 2943 1936 1562
2976 1922 2991 1947 ,
3055 1881 3211 1937 in-8'.
3275 1880 3590 1937 Prtefation.

1994 1974 2318 2044 subscripsit
2349 1974 2500 2029 Matt.
2536 1973 2686 2031 Flac.
2712 1974 2971 2030 llliricus.
3004 1974 3181 2030 Editio
3208 1974 3485 2047 Princeps.

2064 2098 2126 2108 —
2161 2068 2359 2135 P.iris.,
2395 2069 2556 2124 1575.

2066 2190 2138 2201 —
2163 2158 2297 2214 Cum
2323 2159 2703 2231 Mythologicis
2721 2160 2926 2215 Latinis
2940 2176 3068 2216 cura
3096 2160 3413 2235 Hieronymi
3434 2158 3597 2215 Com-

1998 2255 2204 2310 melini.
2241 2254 2617 2326 Heidelberge,
2656 2256 2819 2321 l599,
2855 2257 3021 2313 iii-8°.

2068 2378 2137 2387 --
2162 2348 2363 2413 Paris.,
2396 2347 2556 2404 1610.

2066 2470 2139 2480 —-
2161 2440 2267 2495 Jul.
2296 2440 2566 2497 Firmicus
2594 2441 2661 2497 de
2690 2443 2895 2499 Errore
2948 2443 3231 2499 Prolanar.
3266 2444 3597 2515 religionum

1999 2533 2085 2589 Jo.
2120 2550 2148 2586 a
2180 2533 2401 2589 Wower
2433 2537 2709 2590 recensuit
2736 2537 3077 2611 (llanibnrgi)
3107 2539 3269 2607 l605,
3293 2539 3451 2595 in-8°.

2072 2658 2142 2668 —
2167 2628 2301 2685 Cum
2332 2628 2559 2687 Minutio
2584 2628 2788 2687 Felice.
2818 2629 3037 2695 Osonii,
3072 2631 3233 2688 1662.
3262 2633 3314 2691 in
3348 2632 3426 2688 8°.

2071 2751 2140 2760 —
2172 2720 2228 2775 In
2260 2718 2517 2792 Cypriani
2544 2722 2797 2791 operibus
2833 2724 2899 2778 ed
2926 2724 3159 2795 Philippi
3189 2727 3241 2781 le
3273 2726 3485 2801 Prieur.

2071 2842 2142 2853 -—
2168 2812 2367 2881 Paris.,
2406 2813 2563 2869 1666.
2600 2816 2651 2868 in
2676 2815 2826 2870 lolio.

2074 2939 2143 2947 -—
2167 2908 2302 2977 Cum
2334 2908 2476 2973 notis
2504 2908 2768 2976 Woweri,
2797 2907 2948 2973 Oxon
2983 2908 3144 2978 1678,
3174 2911 3344 2969 iri-8°.

2074 3031 2145 3039 —
2179 2998 2231 3054 In
2258 2999 2508 3057 Galland.
2533 3000 2672 3056 Bibl.
2705 3001 2923 3056 Patrum
2950 3010 3080 3056 tom.
3119 3018 3173 3069 ν,
3200 3002 3272 3057 65
3301 3018 3419 3073 seq.

293 3112 457 3168 quem
487 3097 699 3167 priores
742 3097 1053 3166 apologetas
1092 3109 1343 3155 servasse
1377 3095 1609 3162 videret,
1652 3096 1898 3152 ordinem
1929 3113 1975 3178 ρ
2077 3123 2148 3134 --
2179 3092 2232 3146 ln
2251 3093 2582 3147 Bibliotheca
2602 3093 2973 3148 P.P.Maxinta
2996 3093 3243 3163 tomJV,
3266 3094 3599 3164 plot-179.

296 3189 557 3245 tenuisse.
591 3209 609 3240 ι
657 3189 769 3244 Hoc
796 3187 1013 3259 quidem
1074 3188 1294 3243 Hertzio
1340 3189 1533 3253 lubens
1584 3189 1807 3259 largior,
1852 3190 1898 3244 si

298 3285 463 3339 modo
493 3284 813 3351 brevissime
841 3282 1076 3339 indicata
1108 3283 1289 3353 potius
1311 3300 1469 3352 quam
1500 3286 1744 3355 exposita
1782 3283 1899 3341 fue-

298 3381 430 3437 rint.
471 3377 574 3441 Dbi
623 3393 754 3443 vero
794 3376 944 3433 addit
983 3394 994 3429 :
1036 3396 1055 3438 ς
1108 3377 1308 3437 Divinas
1366 3394 1565 3449 nempe
1620 3380 1900 3450 religionis

297 3470 547 3541 dogmata
591 3480 753 3542 atque
792 3486 969 3537 sacra,
1013 3486 1111 3527 nec
1141 3487 1247 3526 non
1297 3472 1539 3543 integros
1561 3473 1902 3527 ChriStiano-

298 3581 421 3635 rum
470 3580 650 3620 mores
701 3567 751 3633 in
797 3566 962 3634 priori
994 3574 1259 3621 tractatus
1307 3575 1461 3636 parte
1500 3566 1763 3622 adversus
1806 3567 1903 3621 ob—

303 3658 655 3719 trectatioues
698 3656 996 3714 Gentilium
1047 3656 1313 3724 defendit,
1356 3657 1409 3710 in
1453 3656 1743 3727 posteriori
1774 3671 1903 3713 vero

302 3751 653 3820 profanarum
686 3750 891 3804 detexit
927 3748 1251 3819 religionum
1278 3764 1527 3819 errores;
1567 3769 1585 3802 ι
1633 3749 1899 3803 monebo:

305 3839 597 3896 Firmicnm
618 3841 797 3912 p0tius
816 3839 1111 3895 adversarii
1128 3841 1531 3911 superstitionis
1549 3840 1902 3896 Ethnicorum

305 3946 469 4003 quam
498 3931 799 4011 apologetae
840 3931 1109 4002 dogmatis
1136 3932 1423 4004 cultusque
1456 3931 1747 3989 Christiani
1791 3948 1905 4003 per-

305 4043 495 4091 sonam
529 4030 724 4101 egisse.
770 4028 958 4099 Neqne
1002 4030 1091 4089 illa
1132 4029 1363 4097 amplius
1402 4037 1562 4084 aetate
1605 4044 1742 4099 opus
1790 4038 1907 4084 erat

308 4124 554 4195 apologis
577 4140 641 4178 eo
667 4138 851 4188 sensu,
877 4138 985 4193 quo
1010 4122 1078 4177 ab
1106 4122 1473 4195 Athenagora,
1506 4122 1746 4191 Justino,
1772 4123 1903 4181 Ter-

311 4216 557 4281 tulliano,
586 4213 819 4269 Minucio
840 4213 1045 4279 Felice,
1078 4214 1331 4282 aliisque,
1362 4212 1593 4269 ﬂorente
1624 4215 1906 4269 numinum

308 4310 479 4373 cultu,
500 4308 823 4378 conscripta:
841 4316 1017 4363 erant.
1051 4304 1295 4375 Namque
1318 4306 1766 4361 CouStantiniano
1791 4322 1908 4362 aevo

308 4413 502 4454 omnes
528 4399 638 4467 jam
670 4400 1020 4454 Ethnicorum
1055 4412 1141 4451 res
1165 4396 1521 4463 vacillabaut;
1554 4397 1908 4468 imperatores

2076 3186 2218 3241 InN.
2247 3186 2466 3259 Rigaltii
2519 3184 2606 3255 ed.
2660 3184 2875 3240 Minucii
2923 3186 3123 3241 Felicis
3154 3195 3209 3242 et
3235 3186 3488 3258 Cypriani
3534 3186 3603 3257 de

2002 3279 2275 3337 [dolorum
2311 3279 2570 3346 vanitate,
2601 3294 2721 3333 cum
2756 3280 2901 3335 notis
2938 3278 2987 3332 J.
3012 3294 3041 3332 a
3074 3278 3315 3344 Wower,
3343 3294 3447 3333 una
3479 3294 3601 3341 cum

2004 3389 2149 3429 novo
2178 3372 2375 3427 indice.
2401 3371 2574 3442 Lugd.
2610 3372 2825 3437 Batav.,
2861 3369 3023 3435 1645,
3055 3369 3219 3423 iii—8°.

2076 3498 2146 3510 -—
2174 3468 2306 3522 Eud.
2333 3466 2499 3521 editio
2522 3468 2772 3539 repetita,
2801 3464 3094 3519 accedente
3117 3478 3247 3525 cura
3271 3463 3386 3523 Jac.
3414 3464 3604 3535 Oiselii

2004 3559 2177 3631 Lugd.
2211 3559 2355 3624 Bat.,
2390 3556 2550 3623 1652,
2581 3557 2747 3617 ἰπὶ-4⁸.

2078 3680 2148 3691 --
2179 3651 2235 3706 1η
2262 3650 2378 3705 Jac.
2403 3692 2417 3714 ,
2446 3648 2633 3704 Oiselii
2680 3649 2913 3704 Minucio
2955 3648 3158 3705 Felice.
3183 3648 3357 3720 Lugd.
3394 3648 3606 3716 Batav.,

2010 3745 2168 3809 1672,
2202 3745 2365 3799 in-8°.

2080 3866 2148 3874 —
2180 3836 2414 3891 Minucio
2444 3834 2611 3891 Felici
2636 3834 2725 3891 ed.
2761 3835 2810 3891 le
2841 3835 3005 3897 Maire
3053 3835 3345 3907 adjunctus
3372 3878 3385 3902 ,
3438 3835 3605 3908 Lugd.

2008 3929 2127 3984 Bat.
2164 3928 2321 3984 1652.
2346 3928 2449 3997 Qu.
3124 3987 3137 3996 ,

2082 4054 2151 4063 --
2181 4022 2235 4077 ln
2263 4023 2448 4078 Jacobi
2478 4022 2740 4079 Gronovii
2771 4022 3002 4077 Minucio
3042 4023 3223 4079 Felice
3254 4034 3309 4080 et
3337 4024 3613 4097 Cypriane

2009 4117 2362 4173 deldolorum
2382 4118 2654 4174 Vanitate.
2682 4118 2853 4189 Lugd.
2877 4119 3022 4187 Bat.,
3043 4119 3204 4176 1709.
3226 4120 3426 4175 Eadem
3446 4119 3605 4182 edit.,

2010 4228 2131 4267 cum
2161 4227 2302 4266 novo
2326 4212 2518 4266 saltem
2544 4212 2717 4277 titulo,
2740 4213 2941 4282 prodiit
2964 4212 3224 4267 Roterod.
3252 4213 3412 4276 1745,
3443 4212 3607 4265 iii—8’.

2082 4336 2154 4348 —
2202 4304 2337 4360 Cum
2390 4306 2638 4360 Arnobio
2713 4306 2765 4358 in
2819 4304 3063 4359 editione
3122 4302 3226 4357 PP.
3289 4303 3611 4361 Latinorum

2011 4400 2436 4457 Oberthuriana.
2484 4398 2831 4470 Wircebnrgi
2856 4440 2868 4463 ,
2906 4399 3048 4453 1783
3075 4442 3089 4464 ,
3118 4398 3230 4453 vol.
3267 4397 3330 4454 ν.
3380 4398 3456 4459 Es
3508 4414 3614 4469 qua

310 4506 433 4547 sese
472 4490 690 4561 Christo
730 4491 1087 4555 addixeram;
1121 4491 1381 4553 immensa
1417 4490 1693 4561 hominum
1726 4491 1908 4545 multi-
1940 4502 1987 4562 ῐ)
2018 4490 2234 4549 Firmici
2269 4500 2473 4546 textum
2500 4490 2551 4545 in
2583 4488 2794 4559 singula
2828 4489 3004 4558 capita
3036 4488 3221 4545 divisi.

314 4584 444 4647 tudo
472 4600 593 4645 aras
637 4584 860 4641 deorum
906 4584 1257 4649 deseruerat;
1302 4585 1447 4655 leges
1484 4583 1591 4654 jam
1625 4585 1677 4638 in
1712 4584 1905 4639 Ethni-

2091 4584 2307 4653 Belgiee
2322 4582 2485 4636 vertit
2501 4581 2749 4650 notisque
2770 4580 3061 4635 illustravit
3078 4580 3143 4635 G.
3164 4580 3423 4651 Kempl‘er
3454 4581 3613 4647 1718.

1020 4806 1324 4891 JULII
1402 4806 1867 4892 FIRMICI
1943 4806 2481 4891 MATERNI
2555 4809 2668 4893 V.
2746 4744 2855 4892 CV.
2950 4742 2955 4751 ’

737 4984 883 5145 DE
990 4978 1428 5137 Ellll0lll}
1539 4978 1894 5136 1³11011

2029 4980 2329 5135 1111111
2439 4979 3184 5134 RELIGIONUM.

1432 5214 2482 5248 a=a====a

921 5324 1298 5382 ΡΒίΕΜΙυΜ.

323 5443 1874 5481 ιοοοοοοοιοοοοοισσοιοοο⁹’⁸.

314 5518 459 5592 quod
486 5519 537 5573 in
569 5514 925 5583 fabricatione
957 5510 1196 5567 hominis
1220 5508 1419 5567 artifex
1443 5505 1571 5562 fecit
1590 5512 1639 5572 ο,
1663 5509 1722 5556 ut
1752 5508 1911 5553 antea

400 5652 528 5709 aDe
562 5652 755 5711 lacuna
794 5648 1033 5705 diximus
1085 5646 1136 5700 in
1187 5641 1503 5712 prmlatione
1556 5635 1690 5712 (Col.
1746 5646 1927 5712 prtem,

325 5743 382 5780 η.
410 5703 524 5789 Vill
552 5703 754 5793 inihi,”
781 5703 867 5779 ubi
915 5731 1135 5793 quoque
1168 5703 1368 5793 Hertzii
1399 5703 1720 5766 sententiam
1752 5703 1936 5793 attuli:

338 5772 867 5859 i.'.iis"iié"6ii’iissi§;
914 5772 1063 5846 llaud
1114 5772 1182 5843 ita
1235 5784 1401 5849 multa
1454 5797 1514 5838 ea
1568 5794 1709 5843 esse,
1770 5772 1932 5828 verba

2020 5310 2289 5380 diximus,
2346 5320 2541 5373 annuis
2590 5321 2929 5387 perditorum
2983 5323 3508 5380 commonitionibus
3564 5336 3629 5386 ac

2021 5406 2605 5471 COhimtmieationibus
2633 5415 2947 5483 specialiter
2972 5416 3268 5473 retexenda
3319 5423 3448 5469 sunt
3476 5414 3525 5467 ι).
3563 5414 3623 5469 In

2023 5497 2462 5561 testiﬁcationem
2494 5507 2739 5563 veritatis
2768 5508 3066 5565 manifestis
3107 5508 3415 5564 rationibus
3445 5520 3633 5562 exem-

2041 5629 2208 5698 Flacii
2242 5637 2481 5695 indicare
2508 5642 2779 5697 videntur.

2120 5711 2144 5753 b
2176 5706 2390 5768 Priures
2422 5710 2688 5771 editiones
2717 5716 3055 5789 conjungnnt
3081 5720 3244 5775 verba
3292 5719 3345 5771 in
3395 5716 3642 5793 testiﬁcuv
