4024 6192
417 213 523 275 991

421 435 595 481 ratur.
647 419 970 478 Erubescite
991 460 1007 485 ,
1056 433 1090 473 ο
1120 418 1304 474 miseri
1336 417 1350 472 l
1397 415 1748 487 supinitatem
1780 421 1828 478 ας
1863 411 2020 468 aliter

423 534 524 574 vos
548 517 692 574 Deus
723 515 870 570 fecit.
902 512 1037 569 Cum
1065 511 1264 567 cohors
1294 520 1476 567 vestra
1497 510 1562 565 ad
1596 507 1828 564 tribunal
1872 505 2019 576 judi-

422 612 597 668 cantis
626 610 724 666 Dei
752 608 1073 674 accesserit,
1102 605 1235 661 nihil
1264 605 1542 660 vobiscum
1569 601 1806 657 afferetis
1829 642 1843 665 ,
1875 599 2021 668 quod

427 703 572 760 Deus
599 745 613 769 ,
655 705 745 773 qui
773 717 870 756 vos
901 700 1030 756 fecit
1052 739 1067 765 ,
1098 706 1376 770 agnoscat.
1424 695 1653 766 Abjicite
1686 693 1828 748 hunc
1861 700 2024 747 tantae

422 797 750 854 calamitatis
790 809 1033 852 errorem
1064 834 1078 858 ,
1123 803 1176 848 et
1201 792 1376 847 studia
1422 790 1664 861 profante
1693 788 1890 844 mentis
1920 786 2023 841 ali-

421 890 640 961 quando
669 889 925 944 deserite.
953 887 1126 942 Nolite
1157 900 1376 956 corpus,
1403 884 1545 954 quod
1565 883 1706 938 Deus
1735 882 1882 947 fecit,
1907 895 2025 936 sce-

423 981 593 1038 lerata
624 981 834 1037 Diaboli
868 980 987 1050 lege
1029 979 1290 1034 damnare
1315 1020 1328 1043 ,
1358 975 1756 1032 calamitatibus
1787 974 1991 1029 vestris
2012 1013 2026 1037 ,

428 1074 556 1130 dttm
589 1073 766 1128 adhuc
793 1081 1008 1142 tempus
1038 1071 1264 1141 patitur,
1291 1069 1595 1124 subvenite.
1660 1065 2029 1122 Misericordia

430 1167 527 1224 Dei
555 1168 706 1222 dives
737 1175 821 1221 est
851 1165 878 1204 δ
899 1208 914 1232 ,
947 1165 1175 1221 libenter
1206 1165 1456 1233 ignoscit.
1483 1162 1709 1218 Relictis
1739 1163 2028 1229 nonaginta

430 1275 623 1314 novem
645 1258 839 1313 ovibus
860 1299 876 1326 ,
903 1259 1160 1313 amissam
1191 1258 1386 1329 quaerit
1418 1272 1575 1312 unam
1609 1257 1626 1326 (
1652 1254 1842 1310 Matth.
1875 1271 2028 1320 xviii,

424 1348 523 1415 12;
561 1350 688 1404 Luc.
723 1367 814 1417 xv,
846 1348 922 1422 4).
964 1350 1032 1405 Et
1061 1364 1280 1406 reverso
1311 1361 1464 1419 pater
1497 1347 1724 1420 prodigo
1768 1347 1878 1402 tilio
1937 1363 2032 1404 ve-

424 1451 567 1500 stem
599 1444 806 1510 reddit,
837 1454 890 1500 et
922 1454 1075 1514 parat
1099 1443 1468 1516 coenam(Luc.
1496 1459 1589 1508 xv,
1613 1444 1730 1514 2‘2).
1761 1443 1913 1499 Nulla
1935 1459 2034 1500 vos

428 1535 729 1606 desperare
760 1535 919 1592 faciat
944 1538 1230 1592 criminum
1261 1536 1590 1592 multitudo:
1620 1537 1760 1591 Deus
1788 1553 2032 1593 summus

432 1643 531 1700 per
561 1629 732 1685 illium
762 1645 918 1684 suum
949 1629 1134 1685 Jesum
1164 1629 1439 1685 Christum
1471 1630 1760 1684 Dominum
1787 1639 2031 1684 nostrum

431 1722 678 1776 volentes
706 1721 940 1790 liberat,
976 1730 1032 1778 et
1061 1722 1451 1792 paenitentibus
1501 1721 1739 1776 libenter
1764 1721 2028 1791 ignoscit,

422 1829 525 1870 nec
556 1815 722 1869 multa
747 1814 920 1886 exigit
949 1824 970 1852 ο
1009 1822 1068 1869 ιιι
1094 1814 1357 1884 ignoscat.
1385 1813 1521 1869 Fide
1545 1820 1750 1867 tantum
1782 1822 1837 1868 et
1867 1813 2032 1882 paeni-

428 1907 598 1961 tentia
626 1906 862 1977 potestis
894 1906 1195 1973 redimere,
1222 1905 1478 1978 quicquid
1508 1904 1798 1961 sceleratis
1826 1906 2033 1964 Diaboli

428 2001 875 2072 persuasionibus
902 2000 1239 2072 perdidistis.

501 2123 528 2152 ιι
559 2113 744 2169 Editio
787 2113 1070 2185 princeps,
1112 2113 1494 2177 summitatem;
1535 2111 1689 2178 aliae,
1730 2110 2025 2166 sublimita-

434 2196 554 2243 tem.
583 2185 868 2242 Wowerus
897 2187 1134 2240 restituit
1160 2186 1514 2254 supinitatem.

496 2256 524 2296 ι)
568 2258 808 2324 iteSpicit
835 2257 1025 2312 Matth.
1058 2273 1225 2323 xvnt,
1251 2257 1346 2311 27.

505 2340 526 2368 ο
567 2328 878 2391 Wowerus,
915 2328 1086 2384 forte:
1125 2346 1216 2382 nec
1250 2328 1499 2383 mulctam
1527 2328 1706 2400 exigit.
1755 2328 1906 2385 Haud
1935 2345 2027 2386 ne-

433 2401 672 2456 ces-Suria
705 2401 918 2455 videtur
949 2401 1241 2456 cor-reetio.

498 2469 524 2509 ἀ
565 2471 749 2543 Ignem
775 2472 1092 2540 procedenti
1117 2473 1259 2543 Cyro
1283 2472 1565 2540 prmlatum
1599 2471 1767 2527 fuisse
1797 2481 2028 2528 testatur

431 2541 739 2612 Xenophon
775 2543 1064 2615 Cyropmd.
1096 2541 1217 2598 libr.
1249 2560 1363 2610 ιἰιι,
1394 2560 1440 2598 c.
1468 2543 1646 2615 3,412.
1677 2545 1776 2609 Qui
1809 2545 2024 2614 quidem

433 2615 610 2684 ignem
648 2613 965 2682 prmfereudi
1008 2630 1125 2667 mos
1155 2631 1183 2667 a
1219 2615 1399 2669 Persis
1429 2614 1493 2668 ad
1526 2613 1799 2668 Romanos
1832 2613 2026 2684 postea

435 2686 1000 2756 migravit;Angustis
1028 2686 1202 2747 enim,
1227 2687 1270 2738 si
1309 2703 1413 2739 non
1449 2687 1600 2755 prius
1623 2726 1636 2749 ,
1662 2701 1690 2738 a
1725 2687 1788 2738 Μ.
1825 2686 2028 2742 Aurelii

431 2755 609 2811 tamen
633 2772 687 2810 et
709 2755 994 2811 Commodi
1020 2757 1143 2827 inde
1167 2767 1411 2825 tempore
1432 2759 1608 2823 ignem
1635 2768 1687 2808 ut
1721 2758 2028 2827 symbolum

432 2828 648 2897 imperii
671 2839 724 2880 et
752 2828 1062 2897 Augustalis
1089 2825 1309 2880 honoris
1337 2831 1618 2897 prmlatnm
1645 2825 1766 2880 esse
1797 2837 1943 2897 patet
1963 2845 2026 2881 ex

431 2896 725 2952 "erodiani
759 2896 850 2950 lib.
879 2913 916 2961 ι,
947 2913 997 2951 c.
1023 2897 1076 2963 8,
1106 2899 1194 2962 16,
1219 2913 1277 2959 ιι,
1303 2896 1356 2961 8,
1401 2899 1632 2966 aliisque
1665 2896 1824 2965 hujus
1861 2899 2032 2965 scrip-

433 2969 570 3023 toris
604 2970 755 3022 locis.
789 2967 864 3020 De
911 2967 1260 3022 Phoenicibus
1292 2969 1428 3036 ignis
1468 2968 1767 3021 cultoribus
1802 2970 2029 3024 consule

435 3039 612 3094 locum
647 3038 1144 3093 Sancliuniatbonis
1167 3040 1230 3092 ad
1255 3055 1301 3092 c.
1327 3038 1382 3104 4,
1411 3038 1796 3108 relatnmapud
1819 3039 2027 3096 Euzeb.

437 3110 614 3180 Prtep.
648 3109 908 3179 Evangel.
939 3125 977 3174 ι,
1010 3125 1058 3163 c.
1096 3112 1180 3164 10.

508 3179 839 3258 θ-Ειβιιιιξηι.
878 3179 1164 3237 Alexandr.
1202 3181 1372 3235 l‘rotr.
1407 3196 1457 3235 c.
1494 3182 1556 3245 5,
1605 3180 1791 3258 p._56_:
1823 3191 2029 3258 Περσῶν

436 3252 491 3310 δέ
517 3255 562 3309 oi
580 3255 823 3329 Mdv/atro
854 3261 959 3329 πῦρ
987 3258 1315 3329 τιτιλιιωήκᾳισιἶ
1329 3258 1413 3309 καὶ
1438 3261 1540 3309 τῶν
1561 3253 1844 3329 τήνίΑς-ἱαν
1870 3252 2032 3329 raro}-

436 3305 878 3383 xodvrwv'rronoi.
909 3305 1171 3380 hilaxim‘us
1193 3305 1388 3396 'I‘yrius
1409 3341 1571 3396 serui.
1604 3305 1702 3390 :58;
1725 3325 1935 3381 Socrat.
1964 3325 2027 3379 H.

439 3395 505 3451 E.
539 3413 630 3459 vn,
681 3413 731 3450 c.
765 3399 829 3460 8;
860 3397 1108 3451 Rttffittus
1152 3395 1288 3451 Hist.
1322 3413 1381 3462 ιι,
1413 3412 1462 3451 c.
1498 3395 1601 3462 26;
1635 3406 1690 3452 et
1734 3398 1885 3451 multi
1915 3397 2030 3450 alii.

440 3467 622 3522 Persa:
661 3469 841 3522 omnia
876 3472 1140 3524 elementa
1170 3469 1352 3523 colunt
1387 3476 1658 3538 tamquam
1701 3469 1900 3523 claram
1938 3468 2029 3522 Dei

440 3539 702 3613 sobolem,
722 3541 767 3594 oi
797 3542 861 3613 τὰ
885 3548 1128 3613 στοιχεῖα
1155 3543 1521 3613 θεοποιοῦντες,
1558 3541 1662 3610 igni
1692 3556 1830 3613 vero
1850 3548 1905 3594 et.
1929 3539 2032 3594 luci

447 3609 764 3678 primarium
817 3609 1413 3680 locumnassignabant.
1463 3609 1763 3666 l‘luc’enim
1803 3612 2036 3680 denique

445 3689 696 3747 sliectant
745 3694 907 3746 atque
939 3681 1252 3737 referuntur
1278 3697 1470 3736 omnes
1500 3684 1748 3736 notiones
1779 3683 2038 3736 sublimes

444 3762 776 3821 sanctasque.
811 3753 1143 3808 Theodoreti
1193 3754 1329 3808 HiSI.
1381 3753 1585 3807 Eccles.
1633 3769 1688 3817 v,
1729 3768 1776 3806 c.
1808 3755 1908 3813 58,
1947 3754 2032 3808 ed.

446 3819 684 3875 Scbulzf
725 3839 805 3887 ιιι,
863 3841 913 3891 p.
961 3825 1120 3878 1082.
1172 3824 1248 3877 De
1293 3824 1605 3894 Babyloniis
1654 3825 1828 3886 ignem
1879 3833 2040 3891 atque

447 3906 643 3960 aquam
675 3894 978 3947 colentibus
1008 3894 1079 3963 cf.
1120 3895 1377 3948 Berosum
1414 3911 1501 3963 ap.
1537 3896 1873 3950 Clementem
1904 3895 2039 3950 Pro-

448 3971 614 4030 trept.
648 3977 768 4025 can,
797 3965 850 4022 5,
884 3979 1002 4032 pag.
1035 3962 1122 4030 57,
1149 3964 1352 4019 Polter.

525 4034 542 4070 τ
579 4034 731 4102 Apud
763 4033 1086 4116 Xenophon.
1113 4038 1236 4116 Zeti;
1259 4039 1496 4108 μέγιστος
1510 4037 1884 4116 καὶμβασιλεύς.
1913 4037 2042 4106 Ejus

448 4118 722 4179 summum
749 4121 946 4160 numen
972 4108 1377 4162 universitatem
1400 4123 1584 4162 rerum
1609 4108 1733 4179 igne
1756 4121 2044 4178 penetrans

446 4175 686 4232 viviticat
713 4187 1019 4246 movetque.

524 4256 549 4294 ε
567 4245 698 4304 Sunt
721 4248 802 4303 ba:
825 4245 1021 4304 divina:
1045 4259 1342 4320 potestates
1368 4250 1664 4305 secundum
1685 4251 1901 4306 decreta
1923 4249 2046 4305 Phi.

449 4317 714 4386 Iosephia}
736 4321 977 4376 omnium
1001 4317 1114 4377 fere
1132 4336 1374 4378 veterum
1401 4323 1749 4393 populorum,
1783 4323 2044 4388 mascula,

455 4396 813 4463 procreatrix,
842 4405 897 4447 et
924 4393 1146 4456 femina,
1181 4397 1504 4463 parturiens.

522 4458 551 4498 ιι
591 4462 738 4517 Haud
767 4463 930 4519 dubie
959 4458 1258 4532 respiciunt.
1283 4467 1532 4521 Mithram
1567 4465 1728 4522 deum
1756 4476 1806 4519 ct
1833 4465 2040 4520 Mitram

1671 200 1840 260 JULII
1878 198 2134 260 FIRMICI
2169 200 2478 259 MATERNI

420 327 698 393 membris,
727 324 871 400 quod
903 323 1105 398 polluta
1137 321 1388 394 corporis
1415 319 1884 378 contaminatione
1910 318 2024 388 pla-
2049 330 2102 390 Α

3653 198 3763 257 993

2748 317 2976 376 CAPUT
3015 317 3083 375 ν.

2130 455 2265 512 Item
2287 455 2435 529 Ignis
2465 456 2607 526 apud
2634 455 2845 512 Persas.
2881 454 3083 510 Horum
3127 455 3377 527 mysteria
3433 455 3761 526 fabulaeque

2201 552 2416 622 detegit,
2442 552 2662 606 lascivos
2693 552 2964 621 tristesque
2985 552 3117 605 ritus
3141 552 3460 615 detestatur,
3503 550 3759 603 admixtis

2202 658 2337 714 stupe
2357 659 2384 697 e
2419 643 2584 696 sacris
2614 641 3032 697 Christianorum
3068 643 3541 697 vaticinationibus
3565 685 3582 707 ,
3617 654 3666 696 et
3695 643 3757 694 ad

2206 737 2362 802 ﬁnem
2386 735 2599 805 capitis,
2620 735 2707 790 ubi
2740 746 2852 808 post
2878 736 3156 790 secundam
3182 737 3428 790 lacunam
3459 737 3540 789 de
3584 737 3760 788 anima

2200 827 2424 882 humana
2465 828 2714 897 loquitur,
2753 829 3119 899 pltilosOpIiico
3165 829 3324 884 etiam
3356 831 3427 884 de
3455 829 3760 883 indissolu-

2202 919 2295 974 bili
2325 921 2480 974 animi
2508 921 2683 974 anima
2739 921 3088 976 ratiocinatio.

2207 1057 2387 1113 Persa:
2432 1066 2485 1112 cl
2517 1058 2653 1128 Magi
2684 1073 2901 1124 omnes,
2935 1058 3027 1129 qui
3067 1059 3269 1114 Persia:
3298 1057 3564 1129 regionis
3609 1058 3757 1114 inco-

2133 1149 2252 1204 lunt
2286 1149 2453 1215 lines,
2485 1150 2659 1222 ignem
2694 1152 2988 1220 pratici-unt
3013 1147 3040 1186 ἀ
3064 1161 3119 1206 et
3149 1149 3409 1204 omnibus
3458 1149 3760 1205 elementis

2134 1241 2551 1312 putantdebere
2585 1243 2826 1312 praeponi
2855 1252 2901 1296 ε.
2937 1242 3001 1297 ΗῙ
3036 1243 3216 1313 itaque
3245 1242 3441 1298 Jovem
3479 1240 3501 1279 τ
3536 1242 3601 1296 in
3631 1241 3757 1296 duas

2135 1335 2390 1390 dividunt
2445 1344 2741 1406 potestates
2794 1346 2818 1384 Β
2865 1344 3114 1390 naturam
3168 1336 3285 1405 ejus
3337 1335 3407 1390 ad
3467 1335 3760 1405 utriusque

2131 1440 2293 1482 sexus
2341 1426 2732 1483 transferentes
2772 1425 2799 1464 ⁸³
2827 1437 2882 1483 et
2911 1428 3012 1482 viri
3050 1436 3106 1483 et
3151 1426 3388 1484 fmminte
3447 1427 3753 1482 simulacra

2136 1519 2275 1589 ignis
2304 1519 2662 1574 substantiam
2691 1520 3012 1590 deputantes
3049 1519 3064 1557 ί
3091 1562 3104 1587 ,
3130 1529 3186 1576 et
3218 1519 3508 1574 mulierem
3530 1518 3756 1588 quidem

2141 1613 2371 1668 triformi
2398 1615 2546 1668 vultu
2595 1615 2608 1664 i
2652 1615 3027 1680 constituunt,
3080 1614 3407 1669 monstrosis
3464 1628 3595 1669 eam
3643 1628 3755 1668 ser-

2140 1706 2394 1776 pentibus
2441 1707 2711 1776 illigantes
2741 1704 2790 1760 ¹ί.
2827 1705 2980 1776 Quod
3008 1707 3132 1761 ideo
3163 1706 3405 1772 faciunt,
3451 1721 3520 1762 ne
3548 1707 3626 1760 ab
3665 1721 3756 1759 au-

2135 1807 2289 1853 ctore
2315 1812 2413 1852 suo
2443 1797 2660 1853 diabolo
2689 1798 2866 1870 aliqua
2895 1801 3104 1854 ratione
3135 1796 3502 1854 dissentiant1
3527 1817 3541 1852 :
3570 1796 3676 1853 sed
3700 1807 3754 1851 t

2135 1890 2234 1961 dea
2267 1906 2360 1945 sua
2404 1893 2753 1961 serpentibus
2785 1893 3028 1964 polluta,
3080 1892 3371 1947 maculosis
3413 1891 3632 1947 diaboli
3675 1892 3755 1946 in-

2136 1981 2385 2053 signibus
2413 1983 2732 2039 adornetur.
2767 1983 2954 2039 Virum
3004 1998 3133 2039 vero
3159 1983 3478 2038 abactorem
3513 1982 3685 2037 boum
3711 1989 3750 2017 ει

2135 2115 2338 2170 Beroso
2384 2125 2607 2172 auctore
2625 2115 2751 2242 élib.
2777 2132 2856 2181 ut,
2893 2133 2945 2185 p.
2979 2116 3047 2171 ’ῖΟ
3072 2117 3160 2171 ed.
3187 2115 3458 2186 Richteri)
3487 2113 3741 2187 perhibet

2138 2187 2396 2242 Clemens
2434 2190 2592 2242 Alex.
2647 2193 2897 2242 ’rotrent.
2930 2204 2979 2242 c.
3014 2189 3069 2242 5.
3105 2203 3155 2242 ι).
3189 2188 3260 2242 57
3294 2189 3437 2242 Pott.

2138 2187 2396 2242 Clemens
2434 2190 2592 2243 Alex.
2625 2187 2897 2257 Protrept.
2930 2204 2979 2242 c.
3014 2189 3069 2253 5,
3105 2203 3155 2254 p.
3189 2188 3260 2242 57
3294 2189 3437 2242 Pott.

2213 2261 2225 2309 i
2257 2259 2534 2327 Quatenus
2566 2261 2616 2314 in
2650 2275 2766 2314 eam
2795 2275 2864 2313 ex
2897 2271 3077 2314 mente
3096 2258 3410 2314 Griecorum
3432 2259 3748 2314 coaluerant

2135 2329 2372 2402 Mylitta,
2418 2333 2656 2386 Artemis
2695 2340 2750 2402 ct
2794 2330 3146 2402 Persephone
3187 2329 3448 2401 (Creuzer
3493 2347 3548 2396 ι,
3595 2329 3742 2397 73.5).

2136 2401 2266 2456 Nam
2298 2403 2366 2457 de
2393 2403 2536 2457 idolo
2569 2401 2787 2470 tricipiti
2833 2401 2897 2456 ad
2940 2401 3164 2455 formam
3209 2402 3438 2457 llecales
3471 2403 3600 2456 ficto
3642 2416 3744 2455 non

2137 2486 2216 2528 εει
2249 2474 2390 2543 quod
2437 2475 2757 2542 Cogitemus.
2793 2473 2858 2526 Et
2890 2473 3015 2525 licet
3043 2472 3274 2526 Mithras
3305 2475 3439 2527 artis
3490 2473 3745 2542 operibus

2116 2558 2263 2612 smne
2293 2547 2450 2599 fuerit
2478 2559 2796 2614 expressus,
2823 2543 2893 2596 dc
2922 2544 3082 2598 Mitra
3113 2555 3290 2597 tanien
3320 2545 3514 2598 iisdem
3539 2558 3745 2609 reprae-

2118 2625 2324 2671 scntata
2361 2632 2658 2686 numquam
2707 2631 2791 2669 tne
2829 2615 3012 2686 legere
3046 2614 3272 2670 memini
3295 2656 3310 2682 ,
3340 2616 3446 2669 nisi
3495 2630 3621 2670 mox
3665 2629 3747 2669 se-

2136 2691 2355 2757 quentia
2387 2690 2487 2741 buc
2522 2687 2849 2757 pertineant.

2209 2757 2234 2795 ¹ί
2259 2759 2454 2814 Nescio
2483 2775 2549 2812 an
2575 2759 2678 2813 huc
2703 2756 3134 2827 rcferrifpossint
3152 2797 3167 2823 ,
3199 2757 3282 2811 vel
3301 2771 3424 2811 cum
3451 2756 3604 2812 hisce
3631 2755 3743 2811 Fir-

2146 2831 2275 2884 mit-i
2305 2832 2543 2899 aliquam
2575 2829 2982 2882 similitudinem
3017 2828 3278 2899 habeant,
3312 2844 3438 2899 qua:
3469 2828 3741 2882 Diodorus

2135 2899 2353 2955 Siculus
2402 2898 2495 2955 lib.
2527 2916 2586 2961 ιι,
2618 2917 2666 2954 c.
2703 2900 2758 2962 9,
2815 2916 2867 2970 p.
2909 2899 3010 2954 l25
3039 2898 3371 2966 Wesseling.
3398 2941 3414 2964 ,
3446 2911 3630 2954 narrat
3673 2902 3738 2954 de

2136 2981 2311 3025 statua
2359 2970 2488 3040 Opis
2544 2970 2784 3027 sedentis
2833 2972 2884 3024 in
2937 2970 3216 3024 cacumine
3272 2971 3582 3041 Pyramidis
3629 2985 3740 3041 quae

2137 3041 2268 3096 Belo
2298 3044 2569 3113 Babylone
2603 3052 2877 3096 exstructa
2918 3051 3056 3096 erat.
3117 3042 3264 3095 lianc
3311 3043 3456 3094 enim
3486 3042 3594 3096 duo
3634 3058 3737 3096 ser-

2141 3125 2330 3182 pentes
2381 3113 2814 3180 comitabantur,
2849 3129 2992 3182 quos
3020 3113 3238 3183 quidem
3278 3114 3519 3166 nmninis
3549 3121 3739 3166 natura:

2139 3186 2405 3239 satellites
2437 3188 2551 3239 sive
2583 3185 2766 3238 Socios
2811 3185 2980 3239 fuisse
3019 3200 3125 3238 non
3165 3193 3250 3237 est
3295 3185 3439 3252 quod
3465 3183 3731 3238 miremur.

2138 3254 2430 3318 Ctl'let‘lllll,
2463 3272 2559 3310 cur
2588 3255 2729 3309 Solis
2755 3265 2945 3310 statum
2974 3256 3225 3309 draconis
3255 3254 3466 3325 efﬁgies
3494 3254 3732 3324 subiungi

2135 3328 2294 3380 solita
2327 3327 2520 3393 fuerit,
2555 3327 2712 3380 docet
2734 3327 3038 3381 Macrobius
3069 3327 3183 3381 Sat.
3215 3341 3254 3390 1,
3285 3342 3337 3378 ιε.
3383 3327 3452 3381 19
3480 3337 3535 3380 et
3558 3330 3644 3380 ‘20.

2215 3397 2500 3468 llteSpicit
2563 3397 2844 3454 historiam
2900 3399 3081 3468 lapsus
3132 3397 3598 3468 Protoplastorum
3637 3395 3731 3453 Ge-

2139 3483 2258 3525 IICS.
2290 3486 2368 3524 111.

2210 3552 2250 3578 ω
2274 3542 2547 3596 Mithram.
2582 3539 2630 3595 ls
2654 3541 2797 3594 enim
2828 3540 3122 3596 vocabatur
3170 3541 3467 3602 Bourlc’moc.
3498 3539 3730 3609 Porphy-

2141 3612 2252 3667 rius
2282 3616 2348 3668 de
2382 3617 2550 3666 Antro
2583 3612 2812 3683 Nytnph.
2847 3626 2896 3666 c.
2942 3615 3006 3666 18
3042 3628 3056 3666 :
3088 3615 3176 3668 καὶ
3211 3610 3496 3673 Βουκλόπος
3517 3613 3627 3674 θεὸς
3649 3619 3728 3683 nia

2140 3686 2332 3758 γένεσιν
2358 3681 2868 3758 λεληθὸτωςῖςκούῳν.
2908 3683 3060 3758 [inde
3091 3686 3312 3738 abactor
3358 3685 3519 3758 inium
3546 3725 3561 3751 ,
3604 3681 3729 3753 quod

2143 3754 2348 3812 diserte
2379 3757 2648 3824 expressit
2673 3755 2876 3810 Statius
2907 3755 3082 3810 Theb.
3113 3771 3153 3820 ι,
3194 3771 3341 3810 vers.
3378 3754 3506 3809 720.
3631 3780 3660 3824 ε

2271 3871 2523 3933 Indignata
2542 3871 2682 3933 sequi
2704 3875 3017 3933 torquentem
3038 3882 3222 3920 cornua
3243 3867 3494 3920 Mithram.

2146 3980 2278 4049 Ejus
2305 3981 2480 4040 τελετή
2513 3979 2716 4033 idcirco
2739 3987 2962 4033 vocatur
2990 3979 3267 4051 βουγλοπὶη
3292 3994 3305 4043 ;
3341 3986 3420 4040 et,
3443 3977 3566 4046 quia
3595 3985 3730 4045 quot-

2146 4052 2301 4106 annis
2348 4053 2397 4104 in
2437 4051 2623 4105 orbem
2657 4051 2866 4104 redibat
2895 4091 2909 4114 ,
2941 4061 3224 4119 propterea
3262 4051 3418 4104 κύκλα
3441 4051 3730 4109 Bouiania;

2148 4122 2284 4177 dixit
2307 4123 2497 4184 Poeta,
2535 4123 2590 4176 h.
2634 4139 2685 4175 e.
2717 4122 2963 4176 solemne
3012 4124 3149 4176 etin
3199 4122 3388 4175 orbem
3430 4125 3647 4176 rediens
3673 4125 3734 4173 le-

2147 4206 2319 4249 smm.
2335 4193 2447 4249 Jos.
2472 4197 2740 4249 Scsucen
2763 4193 2902 4262 :Iptld
2916 4191 3512 4249 Wowerum—Furem
3537 4206 3732 4264 quoque

2149 4266 2427 4337 appellata
2454 4266 2880 4320 Comtnodianus
2917 4267 3169 4320 lnstruct.
3199 4280 3319 4333 xui,

2277 4381 2484 4444 Insuper
2510 4391 2560 4431 et
2576 4379 2736 4430 furem
2759 4380 2918 4430 adhuc
2942 4381 3212 4444 depingitis
3236 4393 3430 4432 esse....

2276 4443 2617 4506 Vertebatque
2638 4453 2792 4493 boves
2816 4444 3004 4492 alienos
3019 4443 3226 4506 Semper
3245 4444 3295 4492 in
3316 4445 3489 4504 antris,

453 4532 609 4607 deam
664 4535 988 4607 Persarum,
1041 4525 1108 4592 de
1135 4540 1330 4607 quibus
1377 4537 1692 4593 consulatur
1741 4533 2294 4607 CreiizerusDthrn_
2329 4526 2730 4607 Herculgcitgi
2793 4527 2957 4582 boves
3007 4527 3255 4607 abierant};
3287 4525 3672 4607 .qmdundeng.

453 4602 772 4680 ngb.nnd
805 4605 1026 4677 illythol.
1055 4602 1263 4680 1,773.28,
1296 4626 1413 4680 seq.
1448 4610 1684 4680 Uterque
1710 4621 1864 4664 erant
1907 4607 2044 4677 ignis

455 4679 727 4730 masculus
757 4688 811 4732 et
852 4680 1072 4732 femina.
1106 4679 1294 4734 Jovem
1342 4679 1578 4749 quaque,
1601 4679 1880 4749 quatenus
1921 4697 2042 4733 cum

453 4760 582 4823 aere
603 4750 1052 4823 componebaan
1084 4749 1232 4823 διφυῇ
1257 4752 1356 4804 sibi
1385 4752 1894 4823 iignrabantGraei,
1912 4763 2048 4807 teste

455 4818 798 4895 Athenagora
823 4835 872 4875 c.
903 4821 992 4876 18.
1024 4818 1171 4895 Pana
1198 4820 1347 4895 διφυῆ
1372 4818 1528 4877 vocat
1553 4823 1705 4895 Plato
1747 4824 1798 4875 in
1825 4821 2045 4892 Cratle

451 4886 594 4942 haud
648 4886 865 4960 qudem
908 4886 1266 4952 crediderim;
1307 4903 1364 4945 ut
1407 4909 1511 4948 non
1555 4893 1688 4946 nulli
1735 4886 2044 4959 autumant,

455 4966 676 5034 propter
705 4963 1016 5019 inferiorem
1039 4980 1268 5034 eamque
1297 4964 1522 5019 ferinam
1547 4965 1794 5032 corporis
1819 4974 2049 5029 partem,

450 5032 548 5085 sed
577 5033 702 5101 quia
733 5049 831 5107 pro
863 5048 1090 5100 naturae,
1121 5032 1338 5107 gemina
1383 5038 1477 5092 ista
1507 5052 1665 5106 quam
1700 5035 2055 5089 indicavimus

456 5113 726 5172 poteSIatc
750 5105 1054 5170 instructae,
1088 5105 1306 5162 numine
1340 5105 1658 5163 habebatur.

531 5172 723 5250 {Adde
752 5174 818 5250 ad
853 5187 979 5250 ante
1009 5179 1137 5243 viri,
1172 5181 1255 5234 vel
1281 5191 1408 5234 ante
1452 5181 1621 5250 ignis,
1655 5177 1798 5249 quod
1845 5177 2052 5232 malim.

456 5244 668 5301 Habent
695 5247 836 5300 enim
865 5247 1001 5302 duas
1023 5258 1258 5313 statuas,
1286 5244 1514 5305 alteram
1548 5244 1842 5306 masculam
1868 5291 1881 5314 ,
1917 5250 2056 5304 alte-

455 5331 570 5392 ram
601 5317 950 5392 muliebrem,
985 5336 1105 5388 qua:
1135 5321 1264 5389 ipsis
1288 5331 1413 5392 sunt
1441 5323 1737 5390 imagines,
1788 5336 1884 5376 seu
1911 5337 2058 5392 sym-

454 5386 577 5443 bola
600 5387 832 5462 duplicis
852 5386 1166 5446 substantite
1197 5393 1356 5462 ignis.
1378 5386 1574 5448 Facem
1595 5394 1813 5462 prtefert
1835 5386 2052 5462 Strabo,

454 5463 547 5528 qui
579 5475 654 5531 xi,
687 5475 737 5514 c.
770 5461 825 5522 8,
861 5478 912 5530 p.
946 5462 1052 5518 478
1082 5461 1170 5517 ed.
1196 5461 1530 5529 'l‘zschucke,
1555 5461 1625 5518 de
1655 5465 1848 5518 statuis
1875 5461 2058 5531 loqui-

455 5529 869 5602 t_ur.AAnaitidis
891 5544 938 5586 et
984 5533 1174 5588 Omani
1221 5541 1381 5602 atque
1421 5534 1686 5588 Anandali
1714 5529 2058 5589 Persicorum

455 5597 793 5678 Geniorum,_
812 5616 843 5654 a
872 5603 1026 5658 Sacis
1054 5617 1109 5659 et
1134 5597 1452 5678 Massagetis
1494 5604 1640 5658 Zela:
1669 5605 1721 5659 in
1750 5605 1941 5678 eadem
1969 5618 2064 5658 ara

458 5668 672 5744 positis.
698 5668 1140 5744 Cultum___autem
1176 5668 1646 5744 hunc'imaginum
1679 5674 1822 5742 apud
1864 5673 2062 5730 Persas

455 5735 528 5790 ab
569 5734 874 5792 Artaxerxe
920 5739 1063 5796 Darii
1105 5743 1240 5799 Ochi
1292 5744 1402 5802 lilio
1449 5734 1818 5803 introductum
1859 5745 2060 5813 fuisse,

2147 4598 2228 4655 Cf.
2261 4599 2450 4668 Zoegm
2480 4598 2865 4667 Abbandlugen
2894 4640 2908 4662 ,
2955 4596 3158 4652 edente
3184 4596 3496 4662 Welckcro,
3533 4613 3582 4666 p.
3613 4598 3722 4653 151.

2149 4672 2226 4727 De
2284 4672 2386 4724 hoc
2415 4669 2606 4742 Mithra
2638 4671 2906 4742 Βουκλόπῳ
2954 4671 3077 4726 vide
3105 4669 3434 4724 Crenzerum
3466 4670 3649 4740 Syinb.
3681 4684 3729 4733 ι,

2152 4760 2205 4807 p.
2239 4742 2344 4798 785
2372 4756 2485 4811 seq.
2518 4740 2789 4796 chukero
2821 4740 3007 4795 taurus
3036 4750 3122 4796 est
3163 4743 3470 4812 symbolum
3514 4741 3731 4812 feminae.

2150 4815 2345 4871 Nescio
2370 4828 2434 4865 an
2455 4810 2646 4868 recte:
2673 4828 2794 4868 nam
2827 4828 3119 4881 numquam
3150 4810 3352 4879 vacem,
3377 4828 3598 4880 semper
3620 4810 3739 4866 tauri

2162 4887 2324 4942 habet
2373 4887 2624 4939 formam.
2653 4890 2903 4939 Attamen
2955 4885 3233 4939 Luctatius
3273 4884 3338 4938 ad
3385 4884 3544 4938 Statii
3617 4883 3739 4938 Tlte-

2163 4958 2350 5013 baidos
2379 4973 2416 5018 l,
2468 4971 2612 5010 vers.
2647 4957 2773 5017 719.
2803 4954 2928 5018 720,
2984 4971 3078 5019 per
3099 4964 3311 5009 taurum
3357 4955 3563 5010 Lunam
3599 4971 3626 5008 a
3656 4953 3737 5009 Mi-

2164 5029 2281 5084 thra
2318 5031 2596 5082 subactam
2629 5027 2904 5094 intelligit.
2934 5027 3050 5081 Erit
3073 5042 3204 5082 vero
3231 5027 3406 5094 potius
3452 5026 3736 5097 symbolum

2164 5101 2303 5155 tauri
2329 5101 2634 5170 primigenii
2668 5115 2697 5154 a
2727 5097 3339 5170 venenatisAhrimanis
3367 5099 3635 5151 Creatoris
3653 5112 3738 5170 ne-

2163 5173 2293 5233 cati,
2344 5169 2507 5239 cujus
2528 5185 2715 5225 semen
2739 5186 2767 5223 a
2811 5171 2967 5224 bonis
3010 5169 3199 5224 Geniis
3228 5169 3395 5223 Luna:
3431 5169 3739 5223 servandum

2164 5244 2508 5298 credebatur.
2537 5242 2649 5306 Qua
2681 5241 2819 5296 forte
2849 5240 2914 5294 de
2942 5255 3103 5294 causa
3137 5241 3365 5295 Mitliras
3384 5281 3399 5306 ,
3435 5239 3738 5308 principium

2167 5323 2375 5368 natura:
2405 5315 2662 5375 activum,
2697 5315 2748 5366 in
2778 5313 3144 5366 momnnentis
3176 5321 3388 5366 taurum
3415 5326 3482 5365 eo
3530 5311 3738 5367 consilio

2166 5387 2397 5456 pugione
2429 5384 2766 5456 interficiens
2787 5395 3234 5456 repraesentatur,
3260 5393 3534 5456 utomnes
3564 5385 3740 5454 planae

2162 5472 2226 5513 ex
2248 5455 2526 5511 cadavere
2547 5455 2686 5521 ejus,
2718 5461 2898 5508 omnia
2924 5465 3103 5508 autem
3147 5455 3402 5508 animalia
3430 5469 3496 5508 ex
3529 5459 3646 5523 ejus
3671 5468 3741 5506 sc-

2163 5529 2313 5584 mine
2343 5533 2716 5581 nascerentur.
2755 5525 2903 5580 Hanc
2946 5526 3374 5595 explicationem
3411 5525 3591 5596 Zoega
3619 5526 3740 5596 inter

2163 5601 2300 5656 alias
2332 5599 2609 5668 proponit,
2642 5597 2770 5651 licet
2797 5613 2915 5651 eam
2942 5593 3176 5666 probare
3190 5596 3331 5652 haud
3356 5593 3625 5651 videatur.
3643 5593 3739 5650 Cte-

2166 5681 2340 5726 ternm
2373 5668 2639 5724 sunthaec
2668 5668 3255 5740 mysteriaMitbriaca,
3291 5669 3360 5723 de
3408 5670 3608 5740 quibus
3632 5681 3738 5740 cop-

2166 5741 2249 5798 l‘er
2275 5739 2555 5801 Sainte-Ct
2569 5740 2682 5806 οἰκ,
2704 5738 3018 5796 Recherches
3032 5740 3341 5809 Itistoriqnes
3355 5749 3402 5796 et
3415 5739 3654 5810 critiqaci
3665 5738 3737 5792 utr
